4034 6312
223 371 289 420 73
1439 361 1908 420 DECRETALIUM
1951 357 2331 416 COLLECTIO.

3461 363 3560 416 R72

185 474 240 528 in
266 475 381 528 tide
407 473 786 539 credentium,
819 477 875 529 et
896 473 952 528 in
982 473 1191 528 virtute
1221 487 1465 546 operum
1490 472 1713 527 nullam
1741 472 1828 526 in-
1849 482 1907 556 Α
1927 485 2058 524 rens
2084 469 2400 524 remedium
2428 468 2785 536 renascendi,
2807 469 2886 523 sic
2907 469 3080 523 voluit
3106 468 3402 540 baptizari,
3420 471 3562 526 sicut

184 572 271 620 ter
293 584 356 622 se
385 571 442 621 et
491 566 764 638 Spiritum
816 571 1074 622 sanctum
1102 567 1281 622 voluit
1313 582 1432 622 esse
1477 566 1824 635 distantiam,

184 661 319 732 quia
345 662 507 716 nulla
529 665 615 715 est
640 661 936 715 diversitas
963 661 1022 716 in
1046 667 1268 728 natura,
1287 661 1480 716 dicens
1504 678 1518 714 :
1552 681 1579 708 ‹‹
1607 661 1724 731 Ego
1743 676 1829 714 ro-

185 755 326 826 gabo
355 756 585 810 Patrem
607 758 664 808 et
687 755 863 808 alium
891 755 1250 809 Paracletum
1277 754 1436 809 dabit
1455 754 1632 820 vobis,
1655 759 1719 808 ut
1735 769 1829 807 vo-

181 849 403 903 biscum
454 848 526 902 sit
571 848 628 902 in
679 852 977 914 aeternum,
1025 848 1300 920 Spiritum
1357 847 1609 902 veritatis
1651 848 1824 916 (Joan.

184 959 294 1009 xiv,
329 945 417 1010 16,
465 942 582 1012 17);
617 964 643 989 ››
676 946 734 997 et
767 942 977 996 iterum
1009 958 1022 996 :
1059 960 1085 992 «
1113 942 1434 997 Paracletus
1473 944 1663 996 autem
1703 941 1821 1012 Spi-

181 1037 322 1090 ritus
348 1052 526 1108 quem
548 1036 740 1090 mittet
764 1037 927 1089 Pater
954 1035 1013 1089 in
1045 1035 1281 1090 nomine
1300 1051 1450 1104 meo,
1478 1034 1569 1089 ille
1593 1051 1694 1088 vos
1723 1035 1823 1089 do-

181 1130 329 1184 cebit
361 1129 578 1196 omnia,
612 1134 670 1184 et
694 1134 964 1200 suggeret
1005 1129 1270 1184 universa
1311 1144 1671 1200 quaecunque
1712 1128 1826 1183 dixi

180 1223 340 1278 vobis
368 1223 554 1293 (Ibid.)
571 1241 587 1292 ;
619 1244 647 1273 »
678 1226 736 1277 et
777 1223 986 1277 iterum
1017 1239 1028 1277 :
1065 1243 1091 1274 «
1124 1223 1266 1278 Cum
1306 1222 1529 1276 venerit
1565 1222 1660 1277 ille
1701 1222 1820 1293 Spi-

183 1317 322 1371 ritus
373 1317 649 1386 veritatis,
678 1317 770 1371 ille
801 1316 1008 1388 diriget
1035 1333 1132 1371 vos
1163 1317 1222 1370 in
1253 1332 1481 1371 omnem
1525 1316 1824 1370 veritatem

181 1411 353 1474 (Joan.
385 1427 500 1477 XVI,
535 1409 642 1480 I3).
681 1432 707 1460 »
745 1411 886 1466 Cum
915 1411 1104 1482 itaque
1131 1411 1336 1465 veritas
1363 1409 1618 1463 Christus
1646 1413 1748 1478 est,
1770 1415 1824 1464 et

181 1504 414 1575 spiritus
439 1503 696 1558 veritatis
733 1503 972 1575 Spiritus
1018 1510 1264 1573 sanctus,
1295 1520 1619 1574 nomenque
1656 1505 1819 1558 Para-

179 1599 305 1652 cleti
340 1599 572 1671 utrique
595 1598 932 1671 proprium,|
944 1615 1059 1653 non
1086 1598 1362 1654 dissimile
1390 1599 1475 1651 est
1501 1597 1706 1652 festum
1723 1598 1821 1652 ubi

183 1645 305 1652 ""'
344 1645 567 1671 “""l‘"
595 1645 916 1669 Γ⁴““ἰ”’⁸““’⁴’7
944 1645 1059 1653 ⁸⁵·ν-
1090 1645 1360 1654 “’””¹¹“”““⁴“”“
1393 1645 1474 1651 """
1501 1645 1706 1652 """""‘
1729 1645 1821 1652 ““’””

181 1708 358 1746 unum
381 1697 468 1746 est
487 1696 907 1747 sacramentum
919 1645 1060 1762 {Hoc
1076 1696 1268 1747 autem
1288 1708 1395 1747 nos
1413 1707 1528 1746 non
1550 1708 1613 1747 ex
1631 1697 1822 1746 nostra

179 1784 546 1855 persuasione
572 1785 898 1850 defendere,
923 1785 1020 1840 sed
1047 1802 1111 1839 ex
1140 1784 1447 1856 apostolica
1474 1785 1816 1839 auctoritate

1927 563 2106 617 voluit
2152 563 2500 630 circumcidi,
2527 563 2885 635 hostiamque
2929 579 3032 634 pro
3069 579 3126 618 se
3173 564 3564 620 mundationis

1929 656 2141 726 offerri,
2165 661 2227 711 ut
2249 677 2276 705 «
2301 657 2396 728 qui
2425 657 2603 712 factus
2625 662 2746 712 erat
2772 674 2839 712 ex
2866 657 3106 712 muliere
3137 657 3300 726 (sicut
3321 661 3564 730 Aposto-

1926 751 2013 804 lus
2060 751 2156 820 ait)
2192 750 2356 804 ﬁeret
2397 751 2500 805 sub
2542 751 2669 822 lege
2703 751 2842 818 (Gal.
2873 768 2945 819 1v,
2979 753 3061 821 4);
3105 773 3132 800 »
3167 770 3193 802 «
3229 769 3402 823 quam
3443 770 3558 808 non

1928 852 2156 902 venerat
2196 849 2435 915 solvere,
2480 849 2578 904 sed
2625 849 2940 920 adimplere
2971 849 3188 918 (Matth.
3215 866 3268 918 v,
3306 851 3412 920 I7),
3443 871 3471 899 »
3503 855 3561 906 et

1927 942 2216 1013 implendo
2243 941 2430 1008 finire,
2459 942 2604 996 sicut
2626 943 2824 997 beatus
2849 942 3145 1014 Apostolus
3168 943 3457 1014 praedicat,
3479 945 3561 998 di-

1927 1052 2061 1090 cens
2087 1053 2100 1090 :
2126 1058 2152 1086 ‹‹
2178 1035 2326 1090 Finis
2352 1039 2541 1091 autem
2568 1036 2709 1106 legis
2731 1037 2988 1091 Christus
3011 1037 3082 1091 ad
3101 1037 3376 1108 justitiam
3399 1040 3558 1093 omni

1927 1129 2178 1184 credenti
2211 1129 2378 1199 (Rom.
2425 1146 2481 1197 x,
2514 1129 2589 1201 4).
2636 1151 2662 1178 ››
2712 1130 2980 1202 Baptismi
3018 1137 3208 1186 autem
3255 1132 3342 1185 sui
3391 1132 3449 1186 in
3496 1150 3554 1186 se

1925 1223 2180 1277 condidit
2209 1227 2650 1292 sacramentum,
2680 1224 2815 1295 quia
2840 1225 2901 1279 in
2943 1225 3206 1295 omnibus
3249 1226 3557 1297 primatum

1923 1321 2123 1371 tenens
2154 1333 2212 1370 se
2245 1317 2438 1371 docuit
2472 1333 2591 1371 esse
2634 1317 2999 1389 principium.
3023 1301 3110 1387 ξΕὶ
3141 1335 3290 1374 nunc
3317 1336 3552 1390 regene-

1925 1409 2117 1483 216
2145 1410 2381 1465 rationis
2414 1410 2732 1481 potentiam
2764 1411 2966 1478 sanxit,
2999 1413 3225 1483 quando
3269 1413 3337 1468 de
3380 1414 3554 1468 latere

1924 1504 2099 1575 ipsius
2127 1504 2414 1559 fluxerunt
2451 1505 2683 1576 sanguis
2708 1505 3136 1577 redemptionis,
3168 1512 3223 1562 et
3265 1523 3410 1578 aqua
3452 1507 3552 1561 ba-

1922 1598 2221 1669 ptismatis.
2264 1600 2416 1654 Sicut
2461 1615 2601 1669 ergo
2631 1601 2799 1654 Vetus
2829 1584 3254 1655 Testamentum
3295 1601 3554 1656 testifica-

1920 1691 1999 1746 tio
2031 1691 2140 1746 fuit
2170 1693 2328 1759 Novi,
2358 1697 2415 1747 et
2449 1693 2536 1748 lex
2567 1709 2672 1764 per
2696 1694 2922 1765 Moysen
2948 1695 3077 1748 data
3104 1698 3208 1761 est,
3243 1694 3422 1765 gratia
3451 1711 3553 1750 au-

1920 1788 2036 1839 tem
2067 1789 2124 1840 et
2149 1786 2357 1840 veritas
2384 1803 2488 1858 per
2523 1788 2717 1843 Jesum
2743 1787 3030 1842 Christum
3058 1788 3204 1842 facta
3231 1791 3336 1856 est,
3362 1788 3441 1843 sic
3467 1788 3553 1842 di-

177 1895 420 1946 servare,
450 1878 584 1932 satis
614 1877 816 1933 idoneo
859 1879 1171 1950 probamus
1215 1879 1471 1950 exemplo
1516 1882 1815 1950 sequentes
1836 1860 1892 1931 Β
1919 1896 2077 1934 versa
2103 1880 2377 1934 sacrificia
2403 1897 2582 1935 unam
2603 1881 2846 1936 hostiam
2873 1883 3238 1952 praeformare
3269 1889 3324 1936 et
3352 1883 3557 1937 multo-

177 1973 410 2027 beatum
436 1972 759 2043 apostolum
783 1974 1015 2027 Petrum
1041 1973 1140 2043 qui
1162 1972 1220 2026 in
1245 1989 1310 2027 eo
1337 1973 1426 2027 die
1452 1989 1565 2044 quo
1587 1989 1814 2027 omnem

176 2065 537 2119 credentium
569 2081 882 2120 numerum
909 2066 1222 2137 promissus
1259 2066 1496 2137 Spiritus
1522 2067 1697 2121 sancti
1723 2083 1813 2120 re-

176 2158 351 2229 plevit
376 2159 654 2213 adventus
680 2159 856 2214 trium
885 2159 1131 2214 millium
1157 2161 1436 2231 populum
1471 2177 1572 2214 sua
1602 2160 1811 2232 praedi-

175 2252 394 2306 catione
422 2267 776 2320 conversum,
807 2253 1027 2308 lavacro
1057 2252 1411 2324 baptismatis
1440 2254 1810 2321 consecravit,

175 2346 327 2418 quod
355 2351 550 2401 sancta
575 2347 867 2418 Scriptura
894 2363 1023 2419 quas
1051 2348 1443 2418 apostolorum
1462 2351 1620 2402 actus
1641 2345 1814 2402 conti-

176 2446 286 2507 net,
314 2440 473 2496 ﬁdeli
502 2440 738 2496 historia
763 2441 948 2510 docet,
978 2441 1170 2495 dicens
1195 2458 1208 2495 :
1246 2464 1274 2491 ‹‹
1307 2442 1400 2495 His
1427 2441 1634 2497 auditis
1655 2458 1807 2496 com-

174 2534 369 2604 puncti
398 2539 531 2589 sunt
579 2535 769 2601 corde,
799 2538 857 2590 et
883 2534 1080 2589 dixere
1109 2535 1180 2589 ad
1211 2536 1457 2602 Petrum,
1491 2539 1548 2589 et
1574 2535 1648 2604 ad
1676 2535 1808 2589 reli-

172 2593 308 2700 quos
337 2629 642 2700 apostolos,
675 2593 813 2699 quid
852 2629 1125 2683 faciemus
1167 2627 1272 2683 viri
1318 2593 1520 2683 fratres
1542 2593 1592 2688 '?l
1611 2630 1809 2683 Petrus

173 2739 296 2778 vero
330 2723 411 2777 ait
435 2723 508 2776 ad
549 2722 697 2789 illos,
726 2721 1143 2795 paenitentiam,
1175 2722 1378 2794 inquit,
1419 2723 1590 2793 agite,
1627 2728 1684 2777 et
1707 2723 1804 2777 ba-

172 2815 416 2886 ptizetur
441 2817 834 2888 unusquisque
866 2817 925 2870 in
954 2817 1190 2872 nomine
1224 2818 1356 2871 Jesu
1390 2816 1596 2871 Christi
1623 2816 1682 2870 in
1713 2833 1803 2871 re-

172 2910 429 2964 medium
478 2915 863 2981 peccatorum,
895 2913 951 2964 et
982 2910 1269 2981 accipietis
1307 2910 1524 2965 donum
1565 2910 1807 2981 Spiritus

171 3004 379 3069 sancti;
411 3003 572 3058 vobis
612 3003 766 3058 enim
808 3003 1176 3074 repromissio
1213 3008 1318 3070 est,
1350 3009 1407 3058 et
1428 3003 1557 3058 ﬁliis
1586 3004 1802 3073 vestris,

171 3102 221 3150 et
251 3097 519 3151 omnibus
551 3097 650 3168 qui
686 3098 856 3168 longe
883 3103 1017 3152 sunt
1045 3114 1419 3169 quoscunque
1453 3098 1807 3153 advocaverit

1881 1969 1887 1974 ’
1919 1990 2046 2028 rum
2074 1990 2361 2046 agnorum
2408 1973 2614 2029 occisio
2647 1974 2798 2028 illius
2844 1975 3238 2030 immolatione
3267 1975 3425 2029 finita
3450 1981 3553 2041 est,

1917 2067 1985 2122 de
2032 2084 2146 2139 quo
2196 2067 2438 2122 dicitur:
2473 2089 2500 2117 «
2529 2069 2667 2122 Ecce
2711 2085 2894 2139 agnus
2937 2069 3058 2138 Dei,
3093 2085 3222 2123 ecce
3272 2069 3372 2140 qui
3411 2070 3554 2124 tollit

1915 2166 2142 2232 peccata
2183 2161 2383 2216 mundi
2419 2163 2589 2229 (Joan.
2623 2178 2660 2230 ῐ,
2707 2165 2814 2231 29).
2845 2183 2872 2210 »
2916 2162 3004 2217 Sic
3047 2166 3103 2216 et
3142 2164 3404 2232 Joannes,
3433 2179 3549 2218 non

1913 2254 2188 2322 Christus,
2240 2255 2336 2309 sed
2388 2255 2595 2310 Christi
2653 2255 2932 2326 praevius;
2984 2272 3098 2310 non
3138 2272 3399 2327 sponsus,
3455 2258 3551 2312 sed

1915 2348 2105 2419 sponsi
2125 2349 2367 2417 amicus,
2390 2349 2497 2404 fuit
2524 2349 2666 2404 adeo
2693 2349 2898 2418 ﬁdelis,
2919 2352 2976 2404 et
2997 2366 3113 2404 non
3143 2365 3244 2404 sua
3266 2366 3548 2420 quaerens,

1911 2442 2009 2496 sed
2038 2459 2167 2513 quae
2193 2445 2324 2497 .Iesu
2350 2442 2575 2511 Christi,
2599 2447 2663 2497 ut
2689 2459 2748 2497 se
2788 2443 3152 2514 profiteretur
3183 2443 3253 2497 ad
3280 2443 3549 2498 solvenda

1910 2535 2293 2590 calceamenta
2331 2537 2544 2607 pedum
2591 2536 2713 2606 ejus
2759 2536 3085 2607 indignum,
3117 2537 3384 2607 quoniam
3425 2537 3546 2608 ipse

1909 2629 2140 2701 quidem
2165 2630 2483 2700 baptizaret
2496 2629 2553 2683 in
2570 2646 2717 2701 aqua
2735 2629 2794 2684 in
2815 2629 3232 2701 paenitentiam,
3248 2630 3343 2684 ille
3364 2630 3547 2701 bapti-

1909 2692 2132 2778 z.aturus
2157 2692 2304 2778 esset
2319 2723 2376 2778 in
2399 2692 2833 2794 Spiritusancto
2855 2725 2912 2777 et
2934 2692 3198 2795 igni,hui
3221 2692 3546 2795 duplicipo-

1907 2820 2107 2871 testate
2149 2821 2205 2871 et
2243 2816 2416 2871 vitam
2461 2817 2746 2883 redderet,
2780 2819 2839 2871 et
2878 2821 3113 2887 peccata
3153 2820 3542 2872 consumeret.

1909 2909 2000 2963 His
2050 2910 2263 2982 itaque,
2309 2910 2532 2977 fratres,
2578 2913 2662 2964 tot
2705 2910 2988 2982 tantisque
3028 2910 3399 2965 existentibus
3440 2911 3542 2965 do-

1906 3005 2202 3073 cumentis,
2228 3004 2435 3075 quibus
2457 3004 2614 3058 omni
2639 3004 3014 3076 ambiguitate
3034 3004 3300 3058 submota
3323 3003 3545 3060 eviden-

1907 3099 1992 3151 ter
2018 3097 2341 3168 agnoscitis,
2371 3098 2430 3152 in
2461 3097 2817 3169 baptizandis
2863 3097 3052 3152 electis
3096 3097 3194 3168 qui
3228 3097 3541 3152 secundum

171 3190 441 3245 Dominus
474 3191 621 3245 Deus
659 3195 868 3245 noster.
899 3190 1035 3244 Aliis
1061 3190 1234 3244 etiam
1263 3189 1444 3244 verbis
1471 3191 1802 3246 testiﬁcatus
1822 3231 1876 3304 Ο
1903 3192 2264 3262 apostolicam
2302 3192 2557 3263 regulam
2589 3195 2645 3246 et
2670 3189 2994 3246 exorcismis
3037 3191 3347 3260 scrutandi,
3378 3192 3536 3263 etje-

171 3283 575 3304 Δ-1-....ι.⁴1..ι..,.
623 3301 707 3304 ___
768 3283 949 3304 jl_____
981 3301 992 3304 _
1028 3283 1334 3304 DA1__-_‘2_1
1379 3300 1398 3304 -
1442 3284 1791 3304 ..--,..-ιέ--,-
1905 3284 2065 3304 Ξκμμξξκ
2108 3286 2375 3304 -__,_1,'(!_,
2410 3285 2486 3304 ,jf
2537 3284 3497 3304 -1l‘,-_m__nrxnfl____-i__1--m-_.11__13-

167 3283 577 3338 exhortabatur
615 3301 730 3351 eos,
760 3283 952 3338 dicens
980 3301 992 3337 :
1028 3283 1339 3338 Salvamini
1374 3300 1406 3337 a
1436 3284 1800 3355 generatione

166 3377 264 3431 ista
288 3394 485 3448 prava.
512 3379 617 3442 Qui
644 3394 783 3448 ergo
815 3382 1155 3448 receperunt
1184 3394 1511 3432 sermonem
1550 3378 1673 3448 ejus
1697 3378 1799 3433 ba-

162 3470 354 3540 ptizati
392 3477 545 3539 sunt,
577 3477 633 3527 et
657 3471 929 3542 appositae
958 3474 1091 3525 sunt
1115 3471 1175 3524 in
1203 3471 1302 3542 illa
1337 3471 1428 3526 die
1454 3471 1662 3526 animm
1687 3473 1798 3526 cir-

164 3531 301 3619 citer
327 3565 441 3620 tria
476 3531 654 3620 millia
683 3531 822 3633 (ἰάσι.
852 3581 910 3632 11,
942 3564 1145 3633 37-41).
1179 3531 1237 3636 Μ
1240 3565 1397 3619 Unde
1441 3565 1576 3636 quia
1609 3566 1795 3620 mani-

164 3658 469 3713 festissime
500 3662 656 3730 patet
681 3658 1032 3730 baptizandis
1069 3659 1127 3711 in
1171 3658 1416 3712 Ecclesia
1455 3657 1644 3713 electis
1677 3659 1800 3714 haec

164 3752 273 3807 duo
302 3757 584 3823 tempora,
606 3753 676 3806 de
704 3752 910 3824 quibus
935 3752 1110 3806 locuti
1131 3769 1346 3821 sumus,
1371 3769 1492 3807 esse
1516 3752 1796 3824 legitima,

164 3845 530 3901 dilectionem
573 3849 816 3901 vestram
856 3862 1178 3915 monemus,
1209 3848 1271 3900 ut
1294 3847 1480 3900 nullos
1512 3846 1650 3901 alios
1679 3847 1799 3901 dies

165 3940 288 3994 huic
313 3940 686 3995 observantiae
710 3939 1010 3994 misceatis.
1029 3906 1192 4003 lQuia
1218 3945 1274 3994 et
1301 3941 1346 3994 si
1375 3945 1506 3995 sunt
1531 3940 1640 3995 alia
1659 3957 1798 4012 quo-

163 4051 267 4105 que
309 4035 460 4089 festa
487 4033 694 4106 quibus
719 4034 898 4088 multa
921 4034 981 4087 in
1008 4033 1286 4088 honorem
1328 4035 1430 4089 Dei
1477 4034 1796 4090 reverentia

163 4128 446 4194 debeatur,
475 4127 809 4198 principalis
852 4132 1046 4182 tamen
1077 4131 1134 4182 et
1172 4128 1411 4182 maximi
1453 4129 1797 4183 sacramenti

161 4221 529 4277 custodienda
582 4221 744 4275 nobis
791 4222 1046 4293 mystica
1092 4221 1328 4276 rationis
1368 4223 1639 4292 exceptio,
1678 4239 1794 4276 non

159 4315 459 4370 interdicta
478 4314 710 4370 licentia
736 4331 848 4386 qua
876 4316 935 4370 in
967 4316 1248 4387 baptismo
1274 4316 1579 4370 tribuendo
1607 4316 1793 4386 quoli-

158 4409 248 4462 bet
287 4415 548 4479 tempore
586 4408 1034 4479 periclitantibus
1061 4409 1408 4464 subvenitur.
1435 4411 1516 4464 Ita
1543 4409 1697 4464 enim
1723 4411 1794 4465 ad

159 4504 255 4556 has
273 4502 415 4557 duas
436 4502 771 4556 festivitates
785 4519 1064 4558 connexas
1093 4503 1321 4558 sibimet
1334 4507 1504 4574 atque
1523 4509 1793 4574 cognatas

1895 3284 2074 3355 juniis
2103 3285 2510 3351 sanctificandi,
2528 3289 2585 3339 et
2607 3285 3005 3355 frequentibus
3025 3287 3158 3338 sunt
3180 3284 3538 3355 praedicatio-

1900 3379 2067 3432 nibus
2093 3378 2410 3446 imbuendi,
2439 3379 2550 3432 duo
2581 3381 2805 3432 tantum
2830 3381 3111 3449 tempora,
3132 3377 3188 3431 id
3217 3381 3299 3430 est
3323 3378 3534 3432 Pascha

1902 3477 1956 3526 et
1977 3473 2360 3538 Pentecosten,
2390 3488 2510 3526 esse
2538 3471 2833 3525 servanda.
2866 3473 2979 3525 Hoc
2999 3476 3202 3525 vestrae
3230 3470 3534 3525 indicimus

1901 3565 2182 3631 charitati,
2204 3569 2265 3618 ut
2288 3565 2603 3636 apostolicis
2631 3564 2903 3618 institutis
2933 3565 3089 3619 nullo
3122 3564 3361 3618 ulterius
3380 3581 3535 3618 rece-

1899 3659 2045 3714 datis
2071 3675 2321 3714 excessu.
2350 3659 2491 3723 Quia
2515 3658 2764 3712 multum
2791 3663 2915 3729 post
2934 3658 3057 3712 haec
3085 3674 3205 3713 esse
3237 3675 3350 3712 non
3376 3661 3534 3728 pote-

1899 3753 1992 3819 rit,
2021 3752 2064 3806 si
2093 3752 2389 3824 quisquam
2424 3752 2761 3824 apostolicas
2793 3753 3022 3823 regulas
3050 3752 3109 3806 in
3137 3751 3324 3823 aliquo
3350 3752 3527 3807 credi-

1899 3847 2046 3901 derit
2070 3845 2663 3918 negligendaleuare
2695 3846 2830 3900 illud
2858 3845 3122 3918 primitus
3152 3863 3254 3917 pro
3280 3845 3528 3900 custodia

1897 3941 2351 3996 concordissimze
2369 3941 2601 3995 unitatis
2614 3941 2916 4012 exigimus,
2930 3945 2994 3995 ut
3009 3939 3143 4011 quia
3155 3939 3530 3995 saluberrime

1896 4053 1926 4088 a
1953 4035 2160 4090 sanctis
2180 4035 2439 4090 Patribus
2468 4035 2839 4089 constitutum
2861 4038 2945 4089 est
2963 4035 3126 4089 binos
3146 4035 3205 4089 in
3225 4034 3392 4089 annis
3417 4035 3531 4105 epi-

1897 4146 2193 4200 scoporum
2207 4129 2414 4184 debere
2427 4145 2543 4184 esse
2557 4145 2768 4183 conven
2778 4129 3039 4196 tus,terni
3052 4145 3280 4199 semper
3296 4145 3364 4183 ex
3376 4128 3530 4183 vobis

1897 4224 1968 4277 ad
1986 4223 2136 4277 diem
2157 4223 2389 4276 tertium
2413 4223 2797 4276 Kalendarum
2816 4223 3141 4276 Octobrium
3165 4223 3402 4276 Romam
3425 4225 3531 4276 fra-

1897 4319 2057 4371 terno
2084 4315 2318 4370 concilio
2345 4314 2596 4368 sociandi
2621 4319 2944 4382 occurrant,
2971 4320 3027 4368 et
3046 4314 3528 4370 indissimulanter

1895 4428 1928 4464 a
1946 4409 2104 4464 vobis
2123 4410 2242 4462 haec
2262 4409 2614 4462 consuetudo
2634 4411 2905 4462 servetur.
2928 4407 3202 4472 Quoniam
3227 4409 3526 4478 adjuvante

1895 4503 2077 4573 gratia
2115 4502 2210 4556 Dei
2250 4501 2469 4555 facilius
2513 4501 2722 4571 poterit
2766 4501 3068 4572 provideri,
3097 4505 3162 4555 ut
3187 4501 3244 4555 in
3278 4502 3526 4555 ecclesiis

163 4596 553 4664 incolumium,
578 4598 635 4650 et
663 4595 722 4650 in
749 4596 900 4666 pacis
926 4597 1228 4652 securitate
1255 4597 1588 4669 degentium
1616 4598 1790 4653 libera
1810 4604 1868 4676 D
1891 4595 2095 4652 Christi
2123 4595 2278 4649 nulla
2305 4594 2592 4662 scandala,
2627 4594 2770 4648 nulli
2797 4597 3101 4648 nascantur
3129 4610 3372 4662 errores,
3394 4611 3521 4648 cum

159 4695 281 4744 vota
307 4689 649 4757 differimus,
680 4694 742 4744 ut
767 4690 826 4744 in
859 4691 1057 4745 mortis
1086 4691 1361 4763 periculo,
1393 4692 1452 4745 in
1486 4691 1794 4746 obsidionis

163 4783 504 4851 discrimine,
523 4781 584 4836 in
605 4784 1023 4854 persecutionis
1050 4784 1344 4855 angustiis,
1359 4785 1418 4839 in
1432 4785 1637 4839 timore
1655 4802 1796 4839 nau-

160 4876 518 4948 fragii,nullo
540 4879 799 4948 tempore
821 4879 928 4932 hoc
947 4895 1095 4933 verae
1120 4878 1314 4932 salutis
1342 4879 1665 4933 remedium
1683 4880 1793 4934 cui-

159 4987 324 5041 quam
346 4971 724 5042 denegemus.
743 4971 800 5027 Si
819 4972 946 5042 quis
965 4978 1156 5027 autem
1177 4972 1511 5043 Epiphaniae
1532 4971 1795 5027 festivita-

163 5067 269 5119 tem
295 5081 425 5136 quze
445 5065 508 5118 in
538 5081 641 5120 suo
669 5065 870 5120 ordine
905 5066 1095 5121 debito
1123 5067 1340 5121 honore
1362 5067 1686 5122 veneranda
1713 5073 1794 5122 est

161 5157 226 5212 ob
242 5159 349 5214 hoc
367 5158 615 5213 aestimat
641 5158 1005 5230 privilegium
1026 5160 1235 5216 habere
1262 5160 1641 5231 baptismatis,
1661 5161 1794 5232 quia

162 5252 261 5306 hoc
274 5252 514 5324 quidam
541 5251 740 5307 dicunt
765 5254 920 5324 quod
937 5254 997 5308 in
1022 5255 1225 5309 eadem
1247 5254 1338 5309 die
1361 5255 1430 5309 ad
1446 5255 1792 5326 baptismum

163 5345 426 5401 Dominus
452 5346 632 5401 sancti
657 5347 889 5402 Joannis
918 5348 1238 5416 accesserit,
1270 5349 1406 5403 sciat
1431 5348 1578 5402 illius
1601 5348 1789 5420 bapti-

159 5439 256 5493 smi
268 5440 438 5495 aliam
455 5440 725 5510 gratiam,
742 5441 912 5496 aliam
928 5442 1099 5498 fuisse
1117 5442 1424 5510 rationem,
1440 5458 1541 5497 nec
1553 5441 1626 5496 ad
1643 5459 1794 5498 eam-

160 5533 279 5587 dem
300 5533 644 5606 pertinuisse
672 5535 960 5602 virtutem,
979 5553 1094 5607 qua
1118 5553 1222 5606 per
1240 5536 1512 5607 Spiritum
1534 5542 1792 5592 sanctum

163 5632 550 5695 renascuntur,
569 5629 637 5682 de
657 5629 868 5699 quibus
888 5629 1099 5684 dicitur
1119 5647 1132 5683 :
1158 5648 1184 5681 «
1207 5629 1315 5693 Qui
1341 5647 1459 5685 non
1482 5646 1550 5685 ex
1569 5630 1795 5702 sangui-

167 5720 343 5788 uibus,
371 5737 558 5792 neque
580 5738 646 5777 ex
671 5724 958 5777 voluntate
989 5723 1193 5791 carnis,
1212 5740 1395 5795 neque
1422 5741 1486 5779 ex
1507 5725 1791 5780 voluntate

160 5814 278 5881 viri,
308 5813 413 5869 sed
452 5831 516 5869 ex
554 5817 666 5872 Deo
712 5817 828 5872 nati
879 5822 1012 5872 sunt
1040 5817 1217 5889 (Joan.
1250 5833 1286 5883 ι,
1322 5821 1424 5888 I3).
1456 5841 1483 5869 »
1517 5818 1793 5874 Dominus

160 5910 303 5964 enim
340 5909 549 5966 nullius
586 5911 855 5984 indigens
881 5911 1214 5967 remissione
1242 5912 1479 5983 peccati,
1510 5929 1614 5968 nec
1642 5929 1790 5986 (μιξε-

1895 4707 2083 4744 coram
2114 4687 2440 4743 beatissimo
2471 4689 2722 4759 apostolo
2748 4690 2912 4742 Petro
2938 4704 3162 4758 semper
3184 4687 3240 4742 in
3267 4704 3522 4742 commu-

1893 4784 2063 4838 nione
2093 4785 2392 4837 tractatum
2421 4781 2610 4849 fuerit,
2633 4783 2693 4836 ut
2715 4781 2906 4836 omnia
2932 4780 3190 4835 instituta
3217 4797 3526 4836 canonum-

1895 4895 2004 4950 que
2021 4878 2242 4932 decreta
2263 4876 2418 4948 apud
2439 4893 2642 4930 omnes
2670 4875 2892 4929 Domini
2909 4874 3234 4929 sacerdotes
3256 4875 3525 4930 inviolata

1895 4977 2290 5044 permaneant.
2318 4973 2446 5025 Haec
2491 4973 2684 5025 autem
2714 4987 2842 5041 quae
2868 4969 3025 5023 vobis
3063 4969 3373 5040 inspirante
3414 4970 3522 5024 Do-

1893 5065 2051 5120 mino
2076 5066 2420 5120 insinuanda
2449 5064 2808 5130 credidimus,
2834 5079 2937 5134 per
2950 5063 3155 5118 fratres
3169 5068 3226 5118 et
3244 5062 3527 5134 coepisco-

1893 5177 1998 5230 pos
2023 5166 2239 5214 nostros
2265 5159 2578 5214 Bachillum
2610 5161 2781 5228 atque
2815 5156 3176 5212 Paschasium
3197 5157 3266 5212 ad
3282 5161 3526 5213 vestram

1893 5255 2155 5308 volumus
2198 5253 2465 5308 notitiam
2522 5252 2840 5323 pervenire.
2893 5250 3110 5315 Quibus
3148 5251 3527 5308 referentibus

1892 5363 2266 5418 agnoscamus
2313 5363 2487 5417 quam
2535 5350 2860 5401 reverenter
2906 5361 2939 5399 a
2983 5345 3145 5400 vobis
3199 5347 3527 5418 apostolicae

1894 5441 2044 5495 sedis
2070 5440 2331 5496 instituta
2356 5443 2672 5494 serventur.

1893 5559 2067 5614 LXIII.
2099 5589 2164 5596 —
2192 5557 2280 5614 Ad
2323 5559 2590 5628 episcopos
2629 5571 2729 5627 per
2770 5557 2945 5614 Italia:
2981 5560 3293 5627 provincias
3327 5559 3521 5612 consti-

2625 5632 2788 5684 tutos.

1965 5725 2075 5780 LEO
2113 5721 2390 5778 universis
2417 5721 2691 5794 episcopis
2717 5738 2822 5794 per
2848 5723 3018 5777 Italim
3045 5720 3360 5794 provincias
3389 5737 3522 5776 con-

1893 5819 2100 5875 stitutis
2130 5818 2190 5872 in
2221 5817 2456 5873 Domino
2483 5818 2744 5873 salutem.

1965 5915 2023 5969 In
2068 5911 2415 5968 consortium
2452 5927 2552 5966 vos
2598 5915 2802 5966 nostra).
2846 5909 3255 5965 sollicitudinis.
3288 5909 3528 5964 dilectis-
