4034 6324
473 342 575 394 873

1368 342 1647 395 APPEND.
1691 339 1776 394 AD
1814 339 1972 393 SA'ZC.
2015 337 2104 391 ΙΧ.
2129 364 2197 375 --
2238 337 2477 391 ISIDURI
2521 335 2945 391 MERCATORIS

3742 342 3856 394 876

480 451 607 506 simi
637 452 861 516 fratres,
892 450 1247 515 advocamus,
1277 455 1340 503 ut
1382 447 1675 519 vigilantia
1716 446 2000 517 pastorali,
2029 445 2452 530 11οΑ511011οω
2502 444 2808 499 titubantia
2845 444 3089 500 fratrum
3135 445 3306 499 corda
3355 444 3557 516 spiritu
3601 447 3705 501 Dei
3755 447 3854 500 in-

474 544 611 615 quid
639 543 921 599 diabolica:
951 544 1119 598 licere
1164 542 1337 615 possit
1374 541 1616 610 astutiae,
1646 540 1961 595 commissis
2004 556 2101 593 vo-

474 640 561 694 bis
590 638 860 711 gregibus
887 637 1213 709 diligentius
1239 635 1560 702 consulatis,
1587 650 1660 690 ne
1680 635 1727 688 is
1755 634 1853 705 qui
1880 632 2101 687 Domini

474 732 864 788 misericordia
890 732 1175 787 revelante
1199 746 1302 802 per
1326 734 1581 784 nostram
1608 743 1807 783 curam
1833 744 1865 780 a
1898 727 2105 782 nostris

476 827 673 880 ovibus
699 825 938 881 morbus
972 824 1254 895 abjicitur,
1291 822 1536 877 necdum
1565 820 1720 875 vobis
1753 819 2105 891 prmmonitis

475 925 530 976 et
554 920 739 975 adhuc
765 920 902 991 quid
928 921 1129 991 agatur
1163 916 1397 989 ignaris,
1423 932 1527 987 per
1552 920 1767 969 vestras
1797 931 1856 967 se
1888 914 2100 985 disper-

477 1018 572 1083 gat
609 1013 892 1080 ecclesias,
926 1016 983 1068 et
1009 1028 1243 1067 suarum
1274 1011 1471 1066 furtim
1522 1009 1813 1063 cuniculos
1852 1006 2105 1063 inveniat

476 1108 846 1174 latebrarum,
873 1111 938 1162 ut
963 1107 1118 1179 quod
1154 1123 1188 1161 a
1227 1104 1475 1160 nobisin
1518 1104 1660 1157 urbe
1702 1101 2101 1173 exstinguitur,

478 1202 794 1257 tenebrosis
834 1202 987 1273 apud
1019 1217 1115 1254 vos
1144 1198 1427 1254 radicibus
1459 1196 1792 1252 seminetur.
1829 1195 2106 1249 Plurimos

478 1295 782 1367 impietatis
810 1295 1136 1351 Manichzea:
1179 1308 1448 1364 sequaces
1477 1291 1736 1346 doctores
1761 1289 1820 1343 in
1848 1288 1989 1342 urbe
2015 1288 2100 1341 in-

476 1390 774 1463 vestigatio
806 1392 1001 1445 nostra
1046 1388 1277 1460 reperit,
1312 1385 1603 1458 vigilantia
1648 1382 1975 1454 divulgavit,
2005 1398 2103 1435 au-

475 1484 702 1539 ctoritas
742 1488 801 1539 et
829 1499 1069 1539 censura
1113 1481 1379 1549 coercuit,
1410 1497 1549 1551 quos
1577 1477 1870 1550 potuimus
1906 1492 2103 1530 emen-

473 1578 631 1645 dare,
659 1577 1024 1643 correximus,
1047 1580 1191 1631 etut
1215 1575 1557 1630 damnarent
1580 1572 1952 1627 Manichaaum
1979 1586 2108 1623 cum

476 1670 983 1742 praedicationibus
1010 1673 1068 1724 et
1087 1667 1378 1739 discipulis
1394 1667 1529 1733 suis,
1553 1666 1778 1737 publica
1797 1664 1857 1718 in
1877 1662 2109 1717 ecclesia

478 1764 836 1819 confessione
864 1769 921 1819 et
964 1779 1170 1817 manus
1215 1778 1330 1816 sua:
1374 1760 1784 1832 subscriptione
1829 1756 2105 1827 compuli-

478 1875 627 1927 mus,
669 1861 726 1912 et
768 1858 849 1913 ita
896 1858 967 1911 de
1004 1856 1277 1927 voragine
1321 1854 1629 1926 impietatis
1673 1870 1789 1907 sua:
1824 1830 2186 1906 confessosB

481 1950 866 2022 paenitentiam
912 1950 1279 2005 concedendo
1309 1950 1639 2004 levavimus.
1668 1945 1951 2018 Aliquanti
1975 1961 2109 1999 vero

478 2047 576 2118 qui
615 2046 690 2101 ita
729 2062 787 2100 se
831 2045 1245 2114 demerserant,
1275 2046 1342 2098 ut
1384 2043 1605 2097 nullum
1653 2041 1743 2095 his
1786 2039 2110 2095 auxiliantis

478 2144 669 2210 posset
690 2138 965 2194 auxilium
986 2138 1288 2193 subvenire
1316 2136 1530 2192 subditi
1551 2134 1774 2207 legibus
1800 2134 2112 2189 secundum

478 2233 935 2289 Christianorum
980 2232 1309 2303 principum
1358 2230 1686 2297 constituta,
1734 2244 1806 2282 ne
1852 2230 2108 2281 sanctum

479 2344 716 2399 gregem
776 2344 876 2382 sua
935 2325 1276 2397 contagione
1336 2324 1651 2395 polluerent
1704 2339 1804 2393 per
1858 2321 2110 2392 publicos

473 2423 695 2491 judices
714 2424 993 2494 perpetuo
1023 2428 1156 2475 sunt
1180 2418 1377 2473 exsilio
1398 2417 1657 2489 relegati.
1681 2418 1749 2471 Et
1768 2416 1964 2471 omnia
1983 2431 2109 2486 quae

478 2523 598 2571 tam
643 2516 699 2571 in
745 2515 1046 2587 Scripturis
1095 2530 1272 2585 quam
1314 2512 1375 2567 in
1427 2511 1659 2567 occultis
1719 2508 2113 2565 traditionibus

480 2610 595 2664 suis
636 2610 849 2665 habent
894 2609 1134 2681 profana
1168 2608 1253 2661 vel
1294 2606 1503 2677 turpia,
1533 2610 1596 2660 ut
1636 2609 1828 2659 nosset
1869 2604 2113 2674 populus

479 2704 621 2774 quid
651 2704 936 2774 refugeret
970 2705 1069 2757 aut
1095 2701 1314 2767 vitaret,
1344 2700 1520 2754 oculis
1556 2698 1888 2754 Christianae
1928 2696 2113 2768 plebis

430 2834 437 2839 μ
483 2800 639 2853 certa
673 2797 1127 2852 manifestatione
1172 2793 1557 2867 probavimus,
1590 2793 1730 2847 adeo
1772 2794 1837 2845 ut
1865 2790 1985 2861 ipse
2015 2789 2112 2861 qui

485 2908 686 2945 eorum
718 2890 1013 2945 dicebatur
1040 2890 1340 2961 episcOpus
1368 2904 1402 2942 a
1433 2886 1593 2941 nobis
1621 2888 1812 2941 tentus
1850 2885 2113 2956 proderet

487 2984 766 3057 ﬂagitiosa
790 2984 846 3037 in
869 2983 984 3038 suis
1008 2982 1293 3054 mysteriis
1323 2998 1451 3052 qua:
1475 2984 1716 3048 teneret,
1745 2979 1891 3034 sicut
1922 2981 2109 3050 gesto-

490 3096 617 3133 rum
664 3094 757 3131 vos
798 3076 973 3130 series
1019 3079 1206 3148 potest
1253 3074 1508 3141 edocere,
1554 3073 1628 3128 ad
1674 3072 2109 3127 instructionem

487 3172 641 3227 enim
674 3173 919 3225 vestram
960 3169 1134 3224 etiam
1175 3169 1284 3223 ista
1317 3167 1651 3234 direximus,
1684 3166 1890 3238 quibus
1930 3166 2111 3232 lectis,

488 3264 686 3321 omnia
721 3281 846 3337 qua:
874 3282 907 3318 a
934 3264 1096 3319 nobis
1129 3262 1484 3334 deprehensa
1519 3266 1671 3331 sunt,
1709 3276 1873 3315 nosse
1913 3258 2120 3331 poteri-

491 3361 579 3413 lis.
610 3360 675 3414 Et
717 3358 851 3431 quia
877 3357 1198 3430 aliquantos
1234 3357 1305 3411 de
1343 3356 1430 3410 his
1471 3372 1615 3427 quos
1652 3371 1724 3410 ne
1762 3354 2118 3409 absolveren-

487 3459 595 3524 tur,
618 3454 826 3509 arctior
846 3455 1033 3507 reatus
1054 3451 1388 3519 involverat,
1412 3448 1783 3521 cognovimus
1805 3448 2116 3519 aufugisse,

492 3551 634 3603 hanc
676 3548 751 3602 ad
795 3546 1161 3602 dilectionem
1216 3548 1458 3599 vestram
1512 3543 1810 3615 epistolam
1855 3543 2118 3597 misimus

490 3659 591 3713 per
615 3642 945 3713 acolythum
984 3643 1264 3706 nostrum,
1292 3643 1357 3693 ut
1382 3638 1583 3693 effecta
1612 3637 1821 3693 certior
1855 3636 2120 3691 sanctitas

489 3740 671 3791 vestra
707 3736 997 3791 sollicitius
1031 3752 1204 3805 agere
1235 3732 1506 3804 dignetur
1531 3736 1587 3787 et
1625 3732 1863 3800 cautius,
1895 3748 1998 3785 nec
2022 3730 2119 3784 ubi

488 3829 811 3884 Manichaeae
850 3828 1234 3900 perversitatis
1264 3826 1526 3881 homines
1561 3826 1757 3898 plebes
1787 3830 1998 3880 vestras
2031 3824 2117 3878 fa-

491 3924 757 3978 cultatem
781 3922 1024 3978 laedendi
1046 3926 1103 3976 et
1126 3920 1296 3991 hujus
1317 3919 1595 3990 sacrilegii
1625 3919 1842 3990 possint
1866 3917 2120 3973 invenire

490 4018 766 4071 doctores.
803 4016 979 4070 Aliter
1017 4015 1173 4068 enim
1212 4012 1375 4067 nobis
1407 4012 1739 4067 commissos
1774 4028 1972 4083 regere
2005 4028 2119 4065 non

495 4126 812 4180 possumus,
840 4108 947 4163 nisi
990 4109 1092 4162 hos
1138 4109 1236 4178 qui
1277 4110 1411 4160 sunt
1452 4106 1771 4177 perditores
1816 4108 1872 4158 et
1912 4104 2119 4176 perditi

492 4205 611 4259 zelo
642 4203 773 4258 ﬁdei
798 4201 1112 4257 Dominicaz
1140 4216 1569 4273 persequamur,
1598 4204 1657 4254 et
1680 4217 1713 4254 a
1740 4199 1889 4254 sanis
1920 4199 2119 4254 menti-

494 4300 619 4368 bus,
650 4314 721 4352 ne
748 4296 919 4369 pestis
941 4297 1106 4351 latius
1145 4295 1469 4366 divulgetur
1511 4295 1804 4349 severitate
1844 4310 1958 4365 qua
1984 4310 2116 4365 pos-

494 4408 689 4447 sumus
722 4378 1161 4465 abscindamusft
1183 4388 1344 4445 Unde
1393 4388 1596 4443 hortor
1639 4387 1995 4443 dilectionem
2025 4403 2118 4440 ve-

495 4493 687 4555 stram,
710 4485 965 4540 obtestor
977 4487 1034 4538 et
1055 4500 1278 4550 moneo,
1296 4485 1545 4553 utquam
1571 4481 1790 4536 debetis
1811 4485 1867 4537 et
1886 4480 2122 4553 potestis

2203 539 2474 594 stituente
2515 539 2902 605 solidavimus,
2943 539 3326 610 responsionis
3371 539 3615 595 formam
3650 542 3741 595 vel
3782 558 3857 595 ex

2206 637 2533 687 sanctarum
2595 633 3022 705 Scripturarum
3084 633 3419 705 disciplinis,
3465 635 3552 689 vel
3620 652 3687 689 ex
3739 636 3854 689 Pa-

2206 734 2359 785 trum
2418 727 2631 800 regulis
2688 727 3036 798 colligentes.
3097 727 3208 782 Sed
3256 744 3440 799 nuper
3492 729 3555 782 in
3621 728 3857 800 synodo

2204 840 2414 880 novum
2471 828 2526 877 et
2576 819 2898 893 inauditum
2956 825 3126 876 antea
3172 838 3354 893 genus
3403 822 3857 877 consultationis

2206 923 2472 974 exortum
2500 919 2603 971 est.
2623 915 2771 988 Nam
2799 915 3177 987 quorumdam
3200 916 3441 971 fratrum
3478 916 3859 988 suggestione

2206 1012 2588 1083 comperimus
2632 1010 2850 1080 aliquos
2894 1010 3253 1080 captivorum
3280 1010 3351 1065 ad
3396 1010 3561 1065 sedes
3597 1027 3732 1065 suas
3781 1010 3854 1064 li-

2204 1107 2599 1175 bertatemque
2629 1103 2953 1171 redeuntes,
2988 1104 3088 1174 qui
3126 1104 3337 1159 scilicet
3372 1104 3429 1158 in
3457 1104 3853 1175 captivitatem

2206 1200 2297 1255 illa
2329 1204 2496 1253 101010
2539 1197 2903 1269 pervenerint
2939 1213 3066 1268 qua:
3108 1198 3321 1251 nullius
3347 1198 3427 1253 rei
3472 1199 3697 1253 ﬁrmam
3738 1215 3850 1270 po-

2206 1292 2379 1348 tuerit
2394 1292 2605 1347 habere
2627 1291 2909 1357 notitiam,
2937 1292 3255 1345 remedium
3277 1291 3513 1362 quidem
3532 1292 3852 1363 implorare

2205 1385 2495 1457 baptismi.
2542 1385 2648 1440 Sed
2698 1389 2890 1440 utrum
2935 1384 3190 1455 ejusdem
3222 1385 3464 1438 remedii
3493 1390 3625 1439 ante
3656 1402 3852 1440 sacra-

2209 1484 2401 1535 menta
2444 1478 2822 1551 perceperint,
2866 1478 3128 1533 infantize
3178 1478 3480 1534 inscientia
3520 1496 3633 1534 non
3681 1496 3854 1550 posse

2206 1573 2516 1641 reminisci,
2562 1578 2620 1627 et
2665 1572 2792 1627 ideo
2840 1572 2942 1626 sub
2990 1573 3099 1627 hoc
3154 1572 3380 1627 latentis
3438 1573 3855 1629 recordationis

2207 1668 2427 1723 incerto
2454 1668 2674 1722 animas
2708 1683 2835 1721 suas
2867 1666 2926 1720 in
2970 1665 3280 1721 discrimen
3329 1666 3533 1722 adduci
3577 1667 3715 1722 dum
3744 1668 3855 1722 sub

2210 1762 2397 1833 specie
2437 1761 2716 1816 cautionis
2748 1764 2993 1831 negatur
3031 1759 3121 1815 his
3153 1760 3354 1832 gratia,
3385 1778 3514 1831 quas
3558 1761 3685 1816 ideo
3732 1779 3852 1815 non

2210 1855 2582 1927 impenditur,
2612 1854 2744 1925 quia
2774 1858 3006 1925 putatur
3042 1854 3321 1926 impensa.
3351 1856 3489 1910 Cum
3528 1855 3718 1925 itaque
3748 1856 3850 1910 tri-

2210 1949 2388 2004 buere
2434 1948 2639 2003 talibus
2685 1947 2961 2003 Dominici
3023 1952 3377 2004 sacramenta
3423 1949 3679 2020 mysterii
3732 1967 3855 2004 non

2212 2042 2502 2098 immerito
2523 2042 2899 2114 quorumdam
2924 2043 3168 2097 fratrum
3191 2042 3438 2097 formido
3458 2042 3763 2109 dubitaret,
3790 2044 3853 2098 in

2213 2135 2488 2207 synodali,
2533 2140 2597 2189 ut
2643 2135 2908 2201 diximus,
2956 2138 3104 2190 ccetu
3152 2135 3398 2190 formam
3452 2136 3853 2207 hujuscemodi

2213 2229 2637 2285 consultationis
2672 2228 3013 2299 accepimus.
3045 2229 3231 2293 Quam
3258 2229 3585 2301 diligentius
3620 2229 3850 2299 discuti,

2214 2329 2271 2378 et
2304 2339 2405 2395 pro
2450 2322 2895 2394 uniuscujusque
2945 2339 3113 2377 sensu
3156 2323 3398 2379 sollicita
3438 2323 3715 2378 voluimus
3761 2341 3850 2377 ra-

2212 2418 2364 2473 tione
2407 2415 2652 2484 tractari,
2693 2416 2845 2488 quod
2884 2416 2956 2470 ad
3000 2416 3299 2473 veritatem
3342 2417 3601 2472 adhibita
3631 2418 3850 2488 cogita-

2212 2513 2366 2567 tione
2399 2512 2715 2567 multorum
2742 2510 2953 2565 certius
2977 2511 3274 2580 pervenire
3304 2528 3615 2582 possemus.
3641 2511 3855 2566 Eadem

2215 2622 2353 2675 ergo
2395 2622 2522 2677 quae
2557 2604 2617 2658 in
2660 2620 2889 2658 sensum
2933 2609 3198 2659 nostrum
3237 2604 3427 2660 divina
3471 2605 3855 2677 inspiratione

2214 2715 2441 2766 venere,
2481 2699 2753 2769 frequens
2785 2697 2955 2752 etiam
2998 2698 3240 2753 fratrum
3286 2698 3531 2753 firmavit
3570 2698 3847 2753 assensio.

2218 2791 2477 2863 inprimis
2518 2791 2713 2862 itaque
2752 2791 3055 2862 providere
3103 2791 3399 2861 debemus,
3429 2808 3501 2846 ne
3543 2792 3682 2846 dum
3721 2809 3850 2863 spe-

2214 2885 2358 2941 ciem
2395 2885 2705 2956 quamdam
2736 2885 3012 2939 cautionis
3053 2889 3334 2952 tenemus,
3365 2886 3638 2940 damnum
3683 2903 3852 2956 rege-

2213 2979 2602 3035 nerandarum
2651 2978 2969 3033 incidamus
3011 2979 3359 3034 animarum.
3403 2980 3537 3044 Quis
3580 2980 3735 3035 enim
3780 2981 3857 3034 ita

2215 3074 2287 3128 sit
2313 3074 2787 3146 suspicationibus
2827 3074 2942 3128 suis
2986 3073 3232 3142 deditus,
3268 3077 3329 3128 ut
3357 3090 3552 3128 verum
3596 3090 3718 3129 esse
3752 3075 3855 3129 de-

2217 3168 2393 3235 11111111,
2426 3168 2577 3239 quod
2621 3167 2776 3222 omni
2818 3168 3287 3223 manifestatione
3332 3171 3587 3223 cessante
3629 3185 3696 3222 ex
3725 3169 3856 3239 opi-

2220 3260 2387 3316 nione
2414 3261 2686 3332 ambigua
2711 3262 3069 3333 suspicatur?
3098 3262 3243 3317 Cum
3270 3262 3462 3333 itaque
3499 3262 3856 3333 baptizatum

2219 3372 2297 3421 se,
2314 3371 2415 3410 nec
2431 3355 2527 3409 ille
2542 3356 2874 3410 recordetur
2887 3355 2986 3426 qui
3008 3355 3461 3425 regenerationis
3482 3361 3569 3410 est
3587 3356 3855 3427 cupidus,

2218 3467 2322 3506 nec
2347 3450 2489 3504 alter
2514 3450 2771 3504 attestari
2813 3449 2884 3503 de
2923 3466 2991 3503 eo
3019 3450 3215 3520 possit,
3248 3449 3398 3522 quod
3445 3450 3683 3515 nesciat,
3711 3467 3855 3504 con-

2220 3547 2505 3598 secratum
2531 3543 2673 3597 nihil
2694 3546 2778 3598 est
2804 3543 2863 3597 in
2890 3559 3005 3614 quo
3034 3548 3326 3614 peccatum
3352 3543 3529 3615 possit
3553 3543 3855 3614 obrepere,

2220 3655 2349 3693 cum
2377 3638 2433 3692 in
2462 3638 2566 3691 hac
2606 3640 2764 3708 parte
2806 3637 3165 3692 conscientia:
3206 3654 3320 3692 sum
3358 3654 3458 3692 nec
3498 3638 3593 3692 ille
3625 3654 3755 3693 reus
3783 3638 3857 3692 sit

2220 3732 2318 3803 qui
2355 3736 2729 3799 consecratur,
2758 3747 2865 3785 nec
2889 3730 2980 3785 ille
3014 3731 3111 3801 qui
3137 3736 3443 3787 consecrat.
3479 3731 3696 3786 Scimus
3724 3732 3855 3803 qui-

2222 3826 2351 3881 dem
2380 3825 2727 3897 inexpiabile
2756 3842 2878 3879 esse
2916 3825 3159 3893 facinus,
3188 3826 3411 3897 quoties
3431 3826 3593 3896 juxta
3624 3826 3855 3881 haereti-

2220 3937 2415 3977 corum
2441 3920 2706 3974 damnata
2734 3936 2768 3973 a
2807 3918 3013 3973 sanctis
3040 3919 3299 3974 Patribus
3344 3919 3604 3974 instituta
3629 3921 3858 3991 cogitur

2220 4014 2423 4085 aliquis
2450 4014 2735 4067 lavacrum
2760 4013 2910 4084 quod
2941 4013 3349 4084 regenerandis
3376 4014 3548 4069 semel
3572 4014 3854 4069 tributum

2221 4113 2323 4177 est,
2352 4107 2438 4161 bis
2464 4106 2653 4161 subire
2684 4107 2993 4177 apostolica
3040 4108 3386 4161 reclamante
3419 4107 3696 4177 doctrina,
3727 4125 3856 4179 quae

2220 4202 2382 4259 nobis
2409 4217 2582 4255 unam
2611 4201 2887 4272 praedicat
2914 4200 2970 4255 in
3000 4200 3252 4255 trinitate
3279 4201 3569 4270 deitatem,
3591 4219 3772 4257 unam
3799 4202 3857 4257 in

2222 4295 2806 4365 ﬁdc,confessionem,
2833 4311 3014 4349 unum
3046 4295 3104 4349 in
3144 4295 3482 4365 baptismate
3532 4313 3859 4351 sacramen-

2221 4358 2373 4472 tum\
2398 4390 2500 4444 Sed
2533 4389 2591 4443 in
2626 4390 2732 4443 hoc
2775 4358 2917 4442 nihil
2956 4389 3141 4443 simile
3184 4358 3546 4457 formidatur,
3580 4391 3857 4461 quoniam

2222 4500 2336 4538 non
2389 4488 2573 4554 potest
2618 4484 2677 4536 in
2732 4482 3046 4537 iterationis
3093 4482 3313 4538 crimen
3374 4484 3663 4551 devenire,
3707 4484 3859 4555 quod

492 4579 870 4635 sollicitudine
901 4576 1144 4649 vigiletis
1177 4577 1248 4631 ad
1288 4575 1712 4647 investigandos
1749 4592 1864 4641 eos,
1896 4592 1999 4629 nec
2022 4574 2201 4649 ubiD
2225 4578 2438 4632 factum
2482 4594 2603 4632 esse
2645 4577 2881 4632 omnino
2925 4577 3193 4632 nescitur.
3233 4582 3415 4649 Atque
3459 4578 3587 4632 ideo
3634 4578 3861 4648 quoties

492 4673 811 4730 occultandi
831 4690 889 4728 se
918 4672 1207 4744 reperiant
1228 4671 1583 4726 facultatem.
1614 4671 1684 4725 Ut
1710 4668 1866 4723 enim
1892 4668 2126 4724 habebit

494 4770 634 4824 adeo
654 4768 854 4838 ingens
868 4764 1343 4821 remunerationis
1362 4763 1665 4835 praamium
1683 4763 1779 4834 qui
1796 4762 2125 4833 diligentius

496 4863 648 4934 quod
692 4862 761 4917 ad
812 4862 1049 4916 salutem
1109 4858 1424 4914 commissae
1474 4857 1581 4911 sibi
1631 4857 1813 4927 plebis
1862 4856 2126 4929 proﬁciat

498 4957 668 5012 fuerit
702 4960 1020 5021 exsecutus,
1048 4955 1125 5008 ita
1161 4958 1293 5007 ante
1336 4952 1584 5007 tribunal
1617 4950 1840 5005 Domini
1868 4951 1937 5005 de
1966 4955 2123 5005 reatu

496 5050 860 5121 negligentia:
886 5066 944 5103 se
972 5065 1089 5104 non
1118 5047 1327 5119 poterit
1352 5062 1621 5101 excusare
1649 5045 1972 5116 quicunque
2004 5045 2122 5115 ple-

496 5146 625 5197 bem
668 5128 836 5197 suam
878 5146 1073 5197 contra
1111 5142 1399 5213 sacrilega:
1443 5138 1822 5212 persuasionis
1864 5142 2123 5192 auctores

496 5235 742 5291 uoluerit.
769 5236 1074 5291 custodire.
1102 5238 1241 5291 Data
1265 5235 1435 5291 tertio
1482 5234 1766 5289 Kalendas
1809 5232 2119 5299 Februarii,

493 5330 811 5386 Theodosio
855 5331 1007 5386 XVII]
1050 5334 1107 5385 et
1143 5331 1347 5386 Aluino
1380 5329 1512 5383 viris
1555 5326 1880 5383 clarissimis
1919 5343 2119 5380 consu-

491 5426 660 5481 libus.

564 5521 738 5575 LXIV.
775 5550 842 5560 --
884 5521 974 5576 Ad
1010 5522 1272 5578 Ncom'am
1318 5519 1624 5587 episcopum
1662 5520 2046 5574 Ravennatem.

562 5617 671 5671 Leo
702 5616 925 5671 Neon”:
965 5613 1226 5685 episcopo
1271 5610 1579 5665 Ravennati
1613 5612 1682 5665 de
1728 5611 1814 5663 bis
1855 5610 1950 5682 qui
1991 5611 2117 5664 red-

492 5716 690 5767 euntes
758 5709 828 5765 de
891 5706 1227 5778 captivitate,
1293 5705 1571 5759 incertum
1648 5704 1862 5759 habent
1931 5710 2119 5759 utrum

489 5807 620 5856 ante
648 5802 1029 5872 captivitatem
1056 5799 1337 5869 baptisma
1367 5798 1654 5851 consecuti
1690 5804 1841 5851 sunt.

563 5895 909 5963 Frequenter
934 5892 1164 5963 quidem
1192 5893 1249 5947 in
1276 5892 1624 5946 diversarum
1667 5890 1935 5960 ambiguo
1964 5909 2114 5961 quae-

2223 4688 2464 4743 persona
2506 4671 2628 4725 talis
2670 4671 2953 4737 inciderit,
2997 4671 3234 4726 sollicita
3269 4672 3523 4743 primum
3558 4672 3857 4727 examina-

2223 4766 2378 4821 tione
2408 4765 2685 4834 discutite,
2718 4770 2775 4820 et
2816 4766 2988 4837 longo
3034 4771 3313 4837 tempore,
3343 4766 3451 4820 nisi
3478 4768 3625 4821 forte
3654 4784 3859 4838 supre-

2224 4878 2352 4915 mus
2413 4860 2540 4915 finis
2600 4859 2922 4929 immineat,
2970 4860 3261 4931 indagate,
3308 4866 3496 4915 utrum
3552 4877 3725 4915 nemo
3792 4862 3863 4915 sit

2224 4954 2449 5026 penitus
2509 4955 2645 5025 quid
2711 4953 3039 5009 testimonio
3085 4972 3186 5009 suo
3226 4955 3419 5025 jurare
3465 4955 3644 5026 possit
3684 4955 3859 5025 igno-

2225 5047 2465 5101 rantiam
2522 5048 2849 5102 nescientis.
2901 5049 2969 5101 Et
3009 5065 3139 5102 cum
3204 5049 3523 5103 constiterit
3563 5048 3718 5102 hunc
3761 5050 3860 5119 qui

2223 5141 2575 5212 baptismatis
2621 5142 2843 5212 indiget
2889 5149 3266 5209 sacramento,
3300 5143 3417 5196 sola
3457 5142 3703 5197 inaniter
3737 5160 3861 5196 sus-

2226 5235 2447 5305 picione
2506 5235 2794 5306 prohiberi
2859 5236 3088 5291 accedat
3148 5236 3464 5307 intrepidus
3524 5236 3597 5290 ad
3655 5253 3863 5290 conse-

2225 5330 2510 5400 quendam
2574 5330 2840 5401 gratiam,
2894 5330 3052 5401 cujus
3099 5333 3159 5385 in
3223 5349 3280 5385 se
3329 5330 3550 5385 nullum
3594 5331 3700 5385 scit
3741 5348 3865 5385 esse

2222 5424 2546 5495 vestigium.
2612 5425 2721 5485 Nec
2785 5441 3125 5479 veneramur
3182 5426 3311 5479 huic
3377 5425 3570 5479 salutis
3616 5425 3864 5495 januam

2221 5518 2459 5589 aperire,
2506 5535 2681 5590 quam
2732 5535 3027 5589 nunquam
3071 5520 3308 5573 docetur
3350 5519 3661 5590 ingressus,
3659 5487 3865 5604 ﬁuod

2223 5612 2267 5665 si
2309 5613 2379 5666 ab
2417 5611 2700 5666 litereticis
2737 5612 3086 5683 baptizatum
3129 5613 3465 5684 quempiam
3510 5612 3682 5669 fuisse
3720 5630 3862 5668 con-

2220 5706 2441 5773 stiterit,
2482 5722 2620 5776 erga
2661 5706 2810 5760 hunc
2850 5708 3173 5761 nullatenus
3218 5702 3661 5762 sacramentum‘
3690 5724 3861 5779 rege-

2222 5799 2526 5854 nerationis
2553 5799 2812 5868 iteretur,
2844 5800 2941 5854 sed
2969 5800 3079 5855 hoc
3106 5804 3330 5856 tantum
3371 5802 3521 5873 quod
3549 5801 3627 5855 ibi
3653 5801 3859 5869 defuit,

2220 5894 2559 5953 conferatur,
2583 5897 2645 5945 ut
2666 5909 2768 5963 per
2789 5892 3161 5965 episcopalem
3198 5913 3400 5951 manus
3419 5895 3852 5967 impositioneni
