4034 6332
205 361 314 412 877

1455 353 1924 410 DECRETALIUM
1964 353 2352 411 CULLECTIO.

3479 365 3578 414 378

201 467 480 520 virtutem
523 464 701 519 sancti
751 463 994 535 Spiritus
1043 467 1442 536 consequatur.
1477 465 1658 529 Quam
1696 483 1841 536 rem,
1867 462 2006 548 Ain
2026 464 2288 535 eligendo
2310 463 3016 534 sacerdotejudieium,ita
3034 463 3580 538 gravisemetipsum

201 563 389 616 frater
443 558 798 626 charissime,
855 557 986 613 ideo
1045 559 1392 630 generaliter
1445 559 1515 614 ad
1585 561 1846 616 omnium

203 657 462 708 vestrum
493 654 754 708 volumus
795 652 1099 724 pervenire
1141 653 1423 722 notitiam,
1457 670 1528 708 ne
1559 655 1696 710 dum
1723 656 1849 726 plus

197 749 356 819 justo
390 747 669 802 metuitur
695 745 1085 802 misericordia
1127 747 1222 802 Dei
1260 748 1460 802 salvari
1491 748 1850 820 cupientibus

205 843 550 912 denegatur.
585 843 723 896 Data
751 857 907 896 nono
951 840 1227 895 Kalendas
1263 842 1613 913 Novembris,
1645 859 1844 898 consu-

202 937 318 992 latu
349 935 612 991 Martiani
634 934 894 1006 Augusti.

577 1027 724 1081 LXV.
748 1055 818 1066 -ο
842 1025 938 1081 Ad
959 1027 1232 1096 episcopos
1257 1027 1480 1094 Africa.

276 1123 392 1176 Leo
418 1120 700 1176 universis
725 1120 1008 1192 episcopis
1039 1136 1142 1191 per
1169 1119 1416 1175 Africam
1443 1121 1760 1176 constitutis
1791 1122 1848 1176 in

205 1215 458 1272 Domino
487 1215 748 1270 salutem.

277 1313 426 1367 Cum
455 1309 517 1364 in
543 1308 992 1365 ordinationibus
1019 1308 1376 1364 sacerdotum
1402 1309 1668 1380 quaedam
1698 1310 1848 1380 apud

207 1421 304 1460 vos
349 1403 548 1458 illicita
591 1406 864 1475 usurpata
908 1403 1161 1457 crebrior
1203 1402 1354 1457 fama
1399 1405 1678 1470 narraret,
1711 1403 1850 1458 ratio

207 1498 438 1569 pietatis
483 1498 697 1569 exegit,
729 1501 789 1552 ut
821 1513 924 1568 pro
952 1496 1328 1552 sollicitudine
1364 1513 1534 1566 quam
1575 1498 1850 1552 universae

205 1592 476 1647 Ecclesiae
503 1607 572 1646 ex
604 1591 796 1646 divina
833 1591 1187 1646 institutione
1231 1590 1625 1660 dependimus,
1658 1608 1850 1646 rerum

209 1687 382 1742 tidem
430 1687 790 1742 studeremus
834 1701 1166 1756 agnoscere,
1209 1684 1392 1738 vicem
1436 1701 1585 1738 curae
1639 1688 1850 1739 nostrae

209 1780 592 1851 proficiscenti
637 1797 670 1834 a
711 1779 871 1833 nobis
915 1778 1078 1833 fratri
1123 1781 1182 1832 et
1224 1778 1614 1833 consacerdoti
1659 1784 1850 1834 nostro

1948 557 2122 612 afﬁcit
2153 557 2388 625 damno,
2407 557 2506 628 qui
2527 557 2596 612 ad
2623 575 2742 612 sua:
2767 557 3058 629 dignitatis
3088 560 3394 631 collegium
3418 562 3583 616 subli-

1947 657 2070 706 mat
2081 651 2198 706 indi
2206 651 2529 723 gnum.21
2546 651 2601 722 7
2613 654 2732 706 Non
2747 652 2900 706 enim
2915 653 2972 706 in
2987 653 3322 725 cujusquam
3337 672 3582 726 persona

1949 745 2500 818 praetermittendum
2518 750 2602 800 est
2621 747 2770 817 quod
2787 746 3059 801 institutis
3075 748 3437 818 generalibus
3457 767 3584 804 con-

1947 841 2182 909 tinetur,
2197 857 2302 896 nec
2315 839 2604 912 putandus
2625 843 2710 894 est
2729 840 3016 895 honorille
3037 841 3328 912 legitimus
3344 843 3441 914 qui
3455 845 3579 898 fue-

1950 934 2104 1014 ritde
2122 934 2580 1005 prazvaricatione
2598 933 2852 1003 collatus,
2869 934 3094 988 dicente
3111 935 3262 990 enim
3275 937 3546 1006 Apostolo
3565 955 3576 991 :

1951 1029 2022 1082 Ut
2061 1028 2217 1082 inter
2243 1027 2530 1083 electionis
2571 1027 2815 1098 regulas,
2845 1027 2892 1082 is
2925 1029 3224 1100 episcopus
3263 1030 3576 1099 ordinetur,

1949 1139 2120 1194 quem
2149 1141 2176 1173 «
2223 1123 2388 1176 unius
2433 1119 2626 1176 uxoris
2669 1121 2854 1176 virum
2883 1121 2926 1192 (1
2967 1124 3100 1178 Tim.
3133 1139 3214 1190 III,
3241 1125 3289 1190 2)
3325 1145 3352 1172 ››
3383 1125 3576 1191 fuisse,

1951 1221 2050 1272 aut
2079 1233 2201 1271 esse
2239 1216 2578 1272 constiterit.
2617 1217 2755 1270 Tam
2803 1233 2958 1270 sacra
3005 1233 3230 1288 semper
3267 1218 3461 1272 habita
3497 1224 3582 1274 est

1951 1311 2056 1365 ista
2087 1311 2412 1381 praeceptio,
2445 1312 2507 1364 ut
2537 1309 2711 1364 etiam
2751 1309 2822 1364 de
2853 1309 3091 1364 muliere
3133 1311 3441 1366 sacerdotis
3480 1313 3578 1366 eli-

1954 1403 2126 1476 gendi
2147 1404 2348 1459 eadem
2375 1403 2726 1474 intelligatur
2745 1404 3014 1457 servanda
3043 1403 3315 1473 conditio,
3341 1421 3412 1460 ne
3433 1407 3579 1460 forte

1955 1499 2048 1552 illa
2091 1497 2426 1569 priusquam
2479 1497 2534 1551 in
2579 1497 3008 1552 matrimonium
3054 1498 3176 1569 ejus
3222 1499 3436 1554 veniret
3484 1500 3578 1570 qui

1949 1592 2116 1646 aliam
2167 1608 2286 1646 non
2355 1591 2648 1660 habuisset
2708 1607 2964 1660 uxorem,
3018 1592 3247 1647 alterius
3290 1592 3394 1647 viri
3435 1598 3582 1648 esset

1952 1691 2188 1758 experta
2231 1685 2609 1758 conjugium/
2633 1685 2766 1749 Quis
2800 1701 2938 1756 ergo
2975 1685 3328 1740 dissimulare
3375 1688 3580 1742 audeat

1952 1781 2102 1853 quod
2145 1781 2202 1834 in
2249 1779 2391 1834 tanti
2451 1779 2786 1832 sacramenti
2853 1782 3216 1850 perpetratur
3273 1780 3582 1853 injuriam?

211 1874 470 1930 Potentio
519 1874 906 1945 injungentes,
956 1873 1056 1943 qui
1107 1873 1424 1928 secundum
1467 1872 1674 1943 scripta
1720 1849 1926 1945 quaaB
1949 1876 2091 1930 Cum
2123 1874 2255 1928 huic
2293 1889 2507 1943 magno
2543 1873 2988 1944 venerandoque
3027 1874 3303 1944 mysterio
3341 1891 3412 1930 ne
3441 1875 3584 1946 legis

213 1986 316 2039 per
347 1968 537 2038 ipsum
581 1967 652 2022 ad
689 1984 786 2021 vos
827 1966 1140 2020 direximus
1175 1967 1242 2020 de
1275 1966 1570 2037 episcopis,
1603 1983 1848 2038 quorum

211 2061 512 2134 culpabilis
559 2061 849 2116 ferebatur
891 2059 1110 2126 electio,
1161 2060 1310 2131 quod
1360 2059 1567 2115 veritas
1617 2060 1852 2116 haberet

212 2155 550 2227 inquireret,
573 2154 847 2225 nobisque
876 2154 1066 2209 omnia
1091 2153 1338 2208 ﬁdeliter
1367 2153 1662 2210 indicaret.
1687 2155 1850 2209 Unde

213 2250 346 2322 quia
392 2250 550 2305 idem
595 2248 920 2320 plenissime
975 2247 1193 2302 notitiae
1249 2251 1458 2302 nostrae
1507 2253 1709 2303 cuncta
1757 2265 1846 2303 re-

212 2344 441 2412 seravit,
468 2349 526 2399 et
554 2343 658 2398 sub
686 2342 891 2414 quibus
925 2342 1298 2414 qualibusque
1343 2341 1660 2396 rectoribus
1689 2359 1847 2414 quae-

215 2438 348 2494 dam
374 2437 582 2493 Christi
607 2437 806 2508 plebes
831 2436 892 2490 in
922 2436 1180 2507 partibus
1203 2435 1507 2508 provinciae
1538 2436 1848 2492 Caesarien-

215 2533 288 2586 sis
350 2532 648 2598 habeatur,
711 2531 934 2584 sincera
998 2530 1158 2585 nobis
1223 2530 1500 2585 relatione
1566 2532 1847 2602 patefecit,

213 2626 600 2683 necessarium
639 2625 749 2680 fuit
773 2629 838 2680 ut
865 2625 1120 2679 dolorem
1164 2624 1350 2678 cordis
1382 2625 1558 2679 nostri
1601 2642 1713 2696 quo
1748 2643 1850 2696 pro

217 2721 642 2776 Dominicorum
668 2735 910 2790 gregum
952 2719 1218 2792 periculis
1251 2722 1573 2787 aestuamus,
1605 2719 1749 2774 datis
1777 2721 1851 2774 ad

213 2831 310 2871 vos
340 2814 546 2868 litteris
573 2829 985 2884 promeremus.
1017 2813 1297 2885 llilirantes
1323 2817 1554 2868 tantdm
1579 2814 1728 2885 apud
1756 2831 1851 2870 vos

217 2926 316 2980 per
339 2908 694 2963 occasionem
725 2907 1000 2979 temporis
1018 2906 1028 2916 '
1047 2906 1316 2977 impacati
1349 2911 1446 2961 aut
1475 2908 1851 2963 ambientium

217 3001 750 3075 praesumptionem,
767 3006 864 3056 aut
884 3003 1198 3055 tumultum
1223 3000 1463 3055 valuisse
1485 3002 1847 3073 popularem,

219 3101 277 3152 ut
313 3097 572 3167 indignis
613 3095 951 3166 quibusque,
985 3099 1044 3150 et
1085 3096 1259 3166 longe
1303 3101 1461 3150 extra
1505 3097 1850 3152 sacerdotale

219 3191 489 3246 meritum
527 3189 844 3244 constitutis
881 3191 1164 3260 pastorale
1211 3189 1524 3260 fastigium,
1554 3195 1610 3245 et
1640 3191 1848 3261 guber-
1872 3222 1926 3295 Ο

219 3283 372 3339 natio
416 3283 672 3338 Ecclesia!
719 3283 1066 3338 crederetur.
1111 3285 1232 3336 Non
1280 3288 1364 3337 est
1407 3285 1511 3338 hoc
1555 3285 1849 3340 consulere

219 3378 466 3449 populis,
493 3377 592 3432 sed
617 3393 845 3447 nocere,
875 3393 978 3431 nec
1005 3381 1271 3448 praestare
1303 3377 1584 3448 regimen,
1615 3379 1714 3434 sed
1747 3396 1844 3432 au-

219 3489 352 3544 gere
379 3471 708 3528 discrimen.
733 3471 1036 3542 lntegritas
1064 3472 1220 3526 enim
1249 3472 1682 3542 praesidentium
1700 3475 1850 3527 salus

219 3571 300 3622 est
343 3565 698 3621 subditorum
738 3569 792 3620 et
825 3565 918 3620 ubi
962 3569 1046 3620 est
1089 3565 1451 3620 incolumitas
1491 3566 1845 3634 obedientize,

219 3659 294 3714 ibi
340 3675 478 3714 sana
523 3665 609 3714 est
653 3659 839 3713 forma
897 3659 1189 3713 doctrinae.
1241 3658 1595 3730 Principatus
1656 3666 1848 3716 autem

221 3771 390 3826 quem
437 3757 538 3808 aut
577 3753 780 3808 seditio
823 3753 1078 3820 extorsit,
1107 3757 1204 3808 aut
1253 3753 1498 3808 ambitus
1532 3755 1845 3825 occupavit,

221 3849 390 3903 etiam
415 3847 462 3902 si
495 3849 754 3903 moribus
784 3850 957 3918 atque
989 3847 1206 3902 actibus
1233 3863 1348 3902 non
1385 3847 1642 3916 offendit,
1672 3849 1849 3919 ipsius

219 3947 412 3997 tamen
449 3942 600 3998 initii
637 3943 726 3996 sui
769 3945 855 3997 est
902 3941 1248 4012 perniciosus
1299 3943 1581 4013 exemplo,
1615 3947 1670 3998 et
1697 3943 1848 3997 difﬁ-

221 4036 318 4092 cile
343 4041 446 4104 est,
478 4041 542 4091 ut
571 4037 718 4090 bono
761 4039 1118 4106 peragantur
1150 4036 1327 4106 exitu,
1363 4053 1492 4106 quae
1531 4037 1680 4092 malo
1722 4045 1854 4094 sunt

223 4131 476 4186 inchoata
519 4113 1024 4201 principio./Quod
1057 4129 1102 4182 si
1133 4130 1192 4183 in
1221 4130 1564 4201 quibuslibet
1593 4133 1852 4188 Ecclesiae

225 4225 492 4296 gradibus
518 4223 890 4295 providenter
917 4223 1272 4295 scienterque
1310 4225 1630 4279 curandum
1659 4229 1761 4295 est,
1789 4233 1853 4282 ut

225 4319 278 4373 in
329 4317 554 4372 Domini
610 4317 779 4372 domo
825 4317 966 4372 nihil
1012 4317 1082 4372 sit
1137 4317 1547 4386 inordinatum,
1595 4319 1851 4391 nihilque

223 4415 650 4484 praeposterum,
671 4413 886 4482 quanto
913 4411 1100 4482 magis
1130 4411 1535 4466 elaborandum
1564 4415 1666 4480 est,
1703 4418 1764 4469 ut
1796 4414 1854 4469 in

225 4505 489 4561 electione
519 4505 640 4575 ejus
667 4506 764 4577 qui
791 4522 962 4576 super
991 4521 1188 4559 omnes
1217 4505 1430 4574 gradus
1468 4506 1850 4578 constituitur,

1950 1968 2184 2041 quidem
2230 1972 2438 2023 statuta
2486 1967 2788 2034 defuerint,
2821 1967 3025 2037 quibus
3057 1967 3349 2023 evidenter
3375 1973 3457 2024 est
3484 1969 3578 2023 dc-

1950 2063 2194 2132 finitum,
2241 2066 2302 2116 ut
2345 2061 2624 2133 virginem
2667 2059 2926 2114 sacerdos
2965 2061 3204 2132 accipiat
3248 2065 3304 2116 et
3349 2063 3582 2118 alterius

1951 2163 2136 2212 torum
2162 2155 2380 2210 nesciat
2408 2154 2666 2225 conjugis
2693 2169 2821 2226 qute
2853 2171 2994 2209 uxor
3021 2159 3100 2209 est
3129 2155 3320 2209 futura
3345 2157 3579 2226 pontiﬁ-

1952 2251 2071 2305 cis?
2121 2253 2246 2306 Jam
2295 2253 2430 2304 tunc
2477 2249 2631 2303 enim
2680 2249 2740 2303 in
2787 2248 3173 2304 sacerdotibus
3229 2250 3582 2320 figurabatur

1953 2345 2158 2398 Christi
2179 2349 2234 2400 et
2259 2343 2518 2400 Ecclesiae
2535 2343 2826 2414 spirituale
2847 2343 3202 2414 conjugium,
3225 2347 3290 2398 ut
3306 2344 3580 2414 quoniam

1949 2439 2035 2493 vir
2077 2442 2250 2509 caput
2303 2443 2386 2492 est
2449 2437 2724 2504 mulieris,
2775 2437 2949 2492 discat
3007 2455 3206 2508 sponsa
3257 2439 3421 2492 Verbi
3469 2455 3582 2494 non

1953 2533 2130 2588 alium
2159 2533 2340 2587 virum
2382 2549 2548 2586 nosse
2590 2531 2894 2596 Christum,
2928 2532 3022 2602 qui
3053 2548 3176 2585 eam
3211 2548 3378 2586 unam
3411 2549 3582 2603 quam

1951 2628 2108 2697 legit,
2141 2643 2316 2697 unam
2347 2625 2551 2697 diligit,
2583 2629 2640 2680 et
2662 2625 2832 2679 aliam
2865 2627 3076 2695 praeter
3101 2625 3282 2696 ipsam
3315 2642 3416 2680 suo
3447 2643 3579 2680 con-

1951 2721 2122 2777 sortio
2157 2737 2270 2775 non
2321 2719 2603 2790 adjuugit.
2637 2720 2696 2774 Si
2732 2733 2868 2790 ergo
2896 2719 3068 2772 etiam
3095 2719 3154 2772 in
3180 2719 3362 2774 Veteri
3391 2722 3578 2775 Testa-

1953 2820 2146 2870 mento
2173 2815 2296 2869 hzec
2333 2814 2770 2868 sacerdotalium
2816 2812 3218 2883 conjugiorum
3247 2814 3431 2868 forma
3461 2831 3580 2869 ser-

1953 2913 2082 2964 vata
2113 2913 2217 2978 est,
2247 2911 2460 2980 quanto
2489 2907 2674 2976 magis
2699 2906 2802 2960 sub
2833 2906 3078 2961 revelata
3098 2907 3220 2978 jam
3252 2907 3435 2978 gratia
3453 2924 3584 2962 con-

1955 3004 2130 3058 stituti
2183 3001 2502 3074 apostolicis
2559 3001 2833 3056 debemus
2889 3000 3096 3056 servire
3157 3003 3473 3073 praeceptis,
3524 3005 3585 3057 ut.

1953 3097 2380 3169 quomodolibet
2396 3095 2521 3167 quis
2535 3095 2701 3150 bonis
2719 3094 2973 3150 moribus
2993 3095 3287 3167 praeditus,
3307 3099 3364 3150 et
3383 3097 3584 3151 sanctis

1953 3192 2218 3263 operibus
2245 3190 2566 3245 inveniatur
2594 3195 2844 3257 ornatus,
2879 3205 3236 3260 nequaquam
3269 3193 3462 3244 tamen
3499 3192 3582 3245 vel

1952 3287 2022 3341 ad
2066 3286 2312 3340 diaconii
2359 3285 2618 3354 gradum,
2647 3285 2733 3337 vel
2777 3283 2849 3336 ad
2901 3283 3238 3354 presbyterii
3279 3284 3580 3351 honorem,

1949 3381 2030 3434 vel
2055 3381 2124 3434 ad
2157 3380 2511 3450 episcopatus
2558 3377 2787 3431 culmen
2834 3377 3124 3444 ascendat,
3159 3377 3204 3431 si
3251 3382 3350 3432 aut
3395 3379 3582 3450 ipsum

1951 3491 2066 3528 non
2096 3473 2262 3527 unius
2293 3471 2480 3526 uxoris
2501 3471 2706 3540 virum,
2729 3475 2826 3524 aut
2857 3486 3092 3524 uxorem
3122 3470 3244 3540 ejus
3273 3488 3388 3526 non
3417 3472 3582 3526 unius

1947 3568 2052 3622 viri
2079 3567 2246 3621 fuisse
2290 3565 2576 3632 claruerit,
2613 3569 2882 3618 monente
2926 3579 3059 3617 vero
3099 3566 3366 3634 Apostolo
3410 3571 3580 3637 atque

1951 3662 2172 3716 dicente
2195 3678 2207 3714 :
2237 3681 2264 3709 ‹‹
2287 3662 2353 3716 Et
2378 3659 2440 3713 hi
2466 3663 2565 3713 aut
2589 3658 2908 3728 probentur
2937 3657 3210 3728 primum,
3235 3661 3293 3712 et
3320 3659 3399 3713 sic
3419 3659 3583 3715 mini-

1951 3757 2132 3810 strent
2161 3754 2209 3824 (I
2243 3757 2380 3809 Tim.
2409 3770 2490 3822 III,
2523 3753 2633 3823 l0);
2659 3774 2686 3800 n

1959 3841 2012 3953 ί
2020 3849 2160 3918 Quid
2189 3848 2344 3904 aliud
2374 3846 2814 3918 intelligendum
2859 3851 3145 3918 putemus,
3173 3847 3284 3902 nisi
3317 3853 3376 3902 ut
3404 3847 3463 3902 in
3497 3847 3582 3902 his

1951 3939 2409 4016 provectionibus
2424 3958 2538 3996 non
2551 3939 2734 3996 solum
2753 3941 3248 3997 matrimoniorum
3263 3941 3580 4014 privilegia,

1953 4040 2052 4094 sed
2089 4039 2265 4094 etiam
2322 4037 2584 4092 laborum
2639 4035 2841 4091 merita
2897 4036 3231 4107 cogitemus,
3273 4053 3345 4092 ne
3400 4041 3498 4091 aut
3553 4055 3585 4090 a

1952 4133 2236 4205 baptismo
2267 4131 2521 4198 rudibus,
2551 4134 2650 4186 aut
2673 4148 2706 4184 a
2733 4131 2986 4185 saeculari
3030 4135 3157 4186 actu
3190 4135 3422 4203 repente
3447 4149 3584 4186 cou—

1951 4227 2126 4282 versis
2155 4226 2408 4281 ofﬁcium
2447 4227 2725 4296 pastorale
2769 4225 3051 4290 credatur,
3081 4241 3211 4278 cum
3239 4225 3424 4279 omnis
3455 4243 3582 4296 gra-

1953 4323 2057 4375 dus
2091 4319 2308 4374 militiae
2338 4318 2666 4372 Christianae
2703 4318 2770 4372 de
2810 4317 3173 4372 incrementis
3221 4319 3580 4389 profectuum

1953 4414 2156 4468 debeat
2195 4411 2479 4480 aestimari,
2514 4429 2586 4464 an
2615 4410 2832 4480 possint
2865 4411 3132 4480 cuiquam
3179 4411 3392 4480 majora
3430 4428 3580 4465 eom-

1957 4506 2102 4560 mitti
2121 4507 2148 4560 ‘?
2177 4505 2374 4560 Merito
2412 4508 2740 4559 sanctorum
2783 4505 3012 4558 Patrum
3055 4504 3406 4558 venerabiles
3455 4523 3580 4559 san-

223 4616 330 4654 non
357 4599 624 4654 erretur?
656 4602 798 4655 Nam
843 4599 1016 4654 totius
1059 4598 1288 4653 familire
1339 4599 1558 4654 Domini
1586 4603 1761 4655 status
1792 4596 1925 4666 etl)
1950 4600 2161 4655 ctiones
2198 4616 2328 4653 cum
2369 4599 2438 4652 de
2485 4597 2848 4652 sacerdotum
2896 4598 3170 4652 electione
3212 4599 3587 4669 loquerentur

224 4695 352 4748 ordo
381 4692 622 4761 nutabit,
658 4693 703 4746 si
732 4693 886 4765 quod
913 4693 1170 4764 sequitur
1199 4693 1257 4747 in
1290 4710 1526 4764 corpore
1553 4711 1667 4748 non
1692 4695 1846 4749 inve-

225 4787 410 4842 niatur
438 4788 500 4842 in
544 4787 749 4859 capite.
795 4787 898 4844 Ubi
946 4791 1030 4842 est
1071 4787 1223 4841 beati
1270 4788 1424 4841 Pauli
1469 4788 1706 4858 apostoli
1749 4806 1852 4859 per

225 4881 480 4952 spiritum
527 4881 622 4934 Dei
671 4881 874 4935 emissa
939 4881 1258 4952 praeceptio,
1311 4881 1446 4951 quia
1499 4881 1555 4935 in
1608 4899 1852 4953 persona

224 4975 500 5030 Timothei
565 4975 822 5029 omnium
886 4976 1245 5030 sacerdotum
1313 4975 1518 5029 Christi
1582 4993 1852 5030 numerus

229 5069 496 5135 eruditur,
549 5073 606 5124 et
651 5069 890 5140 perinde
939 5069 1245 5140 unicuique
1292 5074 1552 5124 nostrum
1597 5070 1847 5124 dicitur:

231 5187 252 5206 α
281 5164 470 5218 Manus
500 5163 610 5217 cito
637 5163 852 5217 nemini
873 5163 1234 5234 imposueris,
1259 5179 1444 5234 neque
1469 5163 1854 5219 communica-

229 5257 366 5311 veris
412 5256 660 5327 peccatis
712 5256 1010 5312 alienis?»
1059 5257 1104 5326 (Ι
1148 5260 1290 5312 Tim.
1337 5275 1387 5324 ν,
1432 5259 1540 5328 ‘22.)
1579 5257 1722 5321 Quid
1771 5263 1855 5313 est

229 5351 332 5405 cito
359 5367 566 5404 manus
589 5350 905 5422 imponere,
933 5351 1046 5406 nisi
1075 5354 1210 5406 ante
1238 5355 1460 5406 aetatem
1491 5352 1851 5419 maturitatis,

229 5449 349 5499 ante
379 5447 606 5514 tempus
649 5444 951 5514 examinis,
985 5448 1115 5499 ante
1154 5446 1424 5500 meritum
1469 5445 1692 5515 laboris,
1721 5450 1854 5501 ante

230 5537 632 5608 experientiam
659 5538 996 5609 disciplinae,
1025 5539 1438 5594 sacerdotalem
1460 5541 1740 5594 honorem
1759 5541 1856 5595 tri-

229 5631 396 5687 buere
421 5648 540 5686 non
571 5632 857 5703 probatis?
883 5635 942 5687 et
970 5633 1109 5703 quid
1152 5635 1236 5687 est
1279 5634 1698 5688 communicare
1727 5651 1854 5705 pec-

231 5725 356 5780 catis
409 5724 632 5792 alienis,
677 5725 786 5780 nisi
835 5725 1012 5781 talem
1063 5725 1208 5780 eflici
1267 5727 1625 5782 ordinantem
1674 5729 1858 5798 qualis

233 5818 318 5873 ille
347 5823 434 5874 est
461 5819 558 5890 qui
588 5835 708 5875 non
751 5819 962 5874 meruit
1005 5819 1302 5874 ordinari“?
1343 5819 1500 5875 Sicut
1540 5821 1694 5875 enim
1723 5821 1858 5875 boni

235 5913 410 5986 operis
441 5911 544 5968 sibi
586 5915 882 5988 comparat
911 5913 1180 5978 fructum,
1213 5913 1308 5988 qui
1353 5919 1572 5969 rectum
1617 5917 1860 5970 sectatur

1953 4711 2046 4749 eos
2081 4693 2312 4748 demum
2343 4693 2580 4747 idoneos
2615 4691 2788 4745 sacris
2829 4691 3420 4746 administrationibus
3450 4709 3584 4746 cen-

1952 4805 2135 4856 suere,
2183 4803 2430 4858 quorum
2480 4785 2668 4840 omnis
2718 4789 2852 4840 tetas
2895 4803 2926 4839 a
2973 4785 3286 4856 puerilibus
3339 4785 3586 4840 exordiis

1953 4899 2131 4953 usque
2159 4882 2230 4936 ad
2251 4879 2632 4952 provectiores
2659 4896 2835 4934 annos
2865 4896 2966 4951 per
2990 4879 3300 4949 disciplina:
3323 4879 3582 4934 ecclesia-

1953 4977 2106 5031 stica:
2157 4975 2437 5047 stipendia
2485 4975 2843 5043 cucurrisset,
2877 4977 2940 5027 ut
2980 4972 3288 5044 unicuique
3331 4973 3586 5028 testimo-

1955 5071 2113 5126 nium
2158 5070 2315 5142 prior
2343 5069 2456 5124 vita
2499 5069 2797 5140 prmberet,
2833 5083 2934 5122 nec
2963 5071 3150 5138 posset
3189 5066 3261 5121 de
3292 5067 3413 5138 ejus
3451 5085 3584 5139 pro-

1953 5165 2209 5218 vectione
2266 5162 2534 5230 dubitari,
2577 5162 2664 5215 cui
2723 5178 2825 5232 pro
2883 5160 3174 5215 laboribus
3227 5161 3440 5230 multis,
3480 5179 3584 5235 pro

1955 5257 2211 5312 moribus
2255 5257 2439 5324 castis,
2483 5273 2584 5327 pro
2629 5255 2847 5309 actibus
2901 5255 3148 5310 strenuis
3193 5255 3436 5311 celsioris
3481 5257 3588 5312 loci

1955 5351 2263 5422 praemium
2309 5329 2724 5440 debereturJSi
2763 5347 2918 5404 enim
2963 5350 3035 5404 ad
3077 5350 3357 5406 honorem
3389 5351 3588 5406 mundi

1955 5444 2075 5499 sine
2092 5443 2362 5514 suffragio
2381 5443 2678 5515 temporis,
2701 5443 2824 5498 sine
2838 5443 3042 5498 merito
3061 5444 3271 5499 laboris
3291 5445 3588 5516 indignum

1957 5543 2040 5594 est
2067 5538 2386 5610 pervenire,
2420 5541 2477 5592 et
2503 5537 2692 5592 notari
2719 5537 2974 5592 ambitus
3001 5539 3204 5606 solent,
3234 5555 3374 5609 quos
3401 5537 3590 5607 probi-

1963 5633 2090 5687 tatis
2133 5633 2474 5688 documenta
2521 5649 2636 5686 non
2691 5631 2981 5703 adjuvant,
3025 5649 3198 5705 quam
3241 5631 3502 5702 diligens,
3532 5635 3591 5685 et

1962 5745 2132 5798 quam
2169 5727 2416 5798 prudens
2459 5726 2722 5782 habenda
2766 5730 2852 5781 est
2897 5726 3236 5797 dispensatio
3269 5724 3586 5780 divinorum

1960 5838 2290 5886 munerum,
2327 5825 2382 5875 et
2426 5821 2732 5875 ccelestium
2780 5820 3140 5891 dignitatum,
3182 5835 3256 5873 ne
3299 5818 3356 5872 in
3400 5818 3588 5890 aliquo

1965 5916 2299 5991 apostolica,
2348 5919 2402 5971 et
2447 5915 2722 5972 canonica
2774 5915 2994 5970 decreta
3045 5913 3342 5983 violentur,
3395 5917 3450 5968 et
3505 5913 3588 5972 his
