4034 6356
418 357 520 416 879

1311 359 1595 414 APPEND.
1639 361 1725 413 AD
1762 359 1922 413 SJEC.
1968 358 2053 412 IX.
2084 387 2150 396 -—
2193 357 2437 412 lSlDORl
2476 356 2900 413 MERCATORIS

3687 359 3801 414 880

414 468 664 527 Ecclesia
690 467 917 523 Domini
942 468 1193 538 regenda
1236 468 1497 522 credatur
1524 466 1623 539 qui
1652 466 2045 538 legitimarum
2067 476 2124 550 Α
2148 465 2363 520 ratione
2391 464 2646 533 concedi,
2680 465 2767 519 fas
2796 464 2904 519 erit
2932 462 3177 536 amplius
3204 463 3443 534 impune
3475 464 3793 520 committi.

418 563 843 619 institutionum
910 560 1102 630 nescii,
1147 563 1205 615 et
1254 561 1428 616 totius
1479 560 1818 616 humilitatis
1866 562 2051 631 ignari

416 674 537 713 non
568 657 637 711 ab
662 656 873 711 inﬁmis
902 671 1127 710 sumere
1155 655 1597 722 incrementum,
1624 655 1723 709 sed
1751 672 1781 708 a
1814 657 2052 711 summis

417 752 618 806 volunt
649 750 858 804 habere
895 748 1285 820 principium?
1323 765 1451 802 cum
1481 748 1643 803 valde
1688 748 1945 821 iniquum
1982 750 2053 804 sit

419 849 476 899 et
513 843 824 898 absurdum
864 848 927 897 ut
968 842 1222 914 immriti
1264 841 1574 913 magistris,
1604 843 1736 896 novi
1780 843 2048 914 antiquis,

419 942 475 993 et
519 937 691 993 rudes
734 937 1120 1008 praeferantur
1147 936 1418 990 emeritis.
1450 955 1477 988 ί(
1509 938 1570 990 ln
1606 936 1778 991 domo
1821 937 2051 1007 quidem

415 1048 624 1103 magna
655 1047 885 1086 necesse
912 1035 1015 1096 est,
1049 1030 1193 1084 sicut
1217 1029 1521 1101 Apostolus
1547 1030 1648 1098 ait,
1672 1047 1806 1085 vasa
1831 1030 2051 1085 diversa

413 1126 545 1192 sint,
574 1125 839 1196 quaedam
871 1140 1062 1191 aurea,
1087 1129 1385 1194 argentea,
1412 1124 1671 1195 quadam
1697 1140 1829 1178 vero
1859 1124 2051 1195 lignea

416 1223 473 1275 et
497 1218 687 1273 ﬁctilia
720 1218 795 1288 (ΙΙ
818 1220 952 1273 Tim.
985 1234 1043 1284 ιι,
1070 1220 1182 1284 20),
1214 1238 1241 1266 »
1272 1218 1369 1271 sed
1409 1218 1615 1271 horum
1667 1217 2047 1272 ministerium

416 1330 521 1384 pro
552 1311 808 1367 materia:
832 1311 1115 1383 qualitate
1157 1309 1519 1378 discernitur,
1546 1327 1649 1365 nec
1676 1311 1773 1383 qui
1804 1315 1890 1366 est
1914 1329 2045 1382 pre-

413 1407 714 1473 tiosorum,
759 1405 914 1460 idem
965 1422 1097 1460 usus
1143 1409 1229 1459 est
1272 1403 1487 1459 vilium.
1536 1406 1674 1459 Nam
1729 1405 2047 1461 inordinata

412 1504 545 1555 sunt
575 1500 772 1570 omnia
803 1499 849 1554 si
876 1498 1074 1554 ﬁctilia
1113 1498 1322 1565 aureis,
1354 1502 1412 1553 et
1443 1499 1634 1570 lignea
1672 1500 2049 1570 praeferantur

411 1560 755 1666 argenteis]
774 1593 931 1649 Sicut
960 1596 1156 1649 autem
1195 1560 1404 1663 ligneis
1435 1560 1516 1647 etv
1534 1560 1803 1647 ﬁctilibus
1847 1610 2048 1649 eorum

412 1688 672 1743 omnium
699 1687 913 1758 species
957 1687 1257 1759 ﬁguratur,
1287 1686 1386 1758 qui
1415 1686 1585 1741 nullis
1610 1686 1797 1741 adhuc
1822 1687 2045 1742 virtuti-

409 1782 518 1837 bus
544 1780 751 1849 nitent,
783 1780 862 1835 ita
888 1780 948 1835 in
980 1780 1167 1836 aureis
1205 1782 1263 1835 et
1298 1780 1607 1851 argenteis,
1635 1780 1698 1835 hi
1724 1780 1846 1835 sine
1874 1781 2044 1836 dubio

2153 560 2433 613 Donatum
2462 565 2655 614 autem
2685 558 3088 614 Salicinensem
3108 574 3173 612 ex
3194 559 3508 613 Novatiano
3529 575 3666 613 cum
3686 576 3799 614 sua

2154 654 2239 723 (ut
2289 652 2697 724 comperimus)
2734 652 2898 723 plebe
2964 667 3321 721 conversum,
3371 652 3451 706 ita
3489 652 3796 709 Dominico

2152 748 2414 801 volumus
2458 746 2622 819 gregi
2662 746 2995 817 praesidere,
3026 748 3090 800 ut
3129 746 3386 800 libellum
3411 746 3541 801 ﬁdei
3570 763 3690 801 suae
3719 746 3797 801 ad

2152 858 2256 896 nos
2320 840 2650 895 meminerit
2712 840 3109 911 dirigendum,
3161 840 3317 910 quod
3382 846 3439 895 et
3490 840 3792 895 Novatiani

2152 934 2434 1006 dogmatis
2464 934 2695 989 damnet
2722 950 2983 988 errorem
3010 940 3066 989 et
3090 933 3419 1005 plenissime
3451 934 3796 989 conﬁteatur

2151 1029 2487 1083 catholicam
2533 1028 2847 1083 veritatem.
2896 1027 3200 1082 Maximum
3254 1044 3482 1100 quoque
3527 1045 3595 1082 ex
3639 1028 3793 1082 laico

2150 1122 2282 1177 licet
2303 1122 2821 1193 reprehensibiliter
2846 1122 3195 1190 ordinatum,
3212 1125 3406 1178 tamen
3428 1122 3473 1176 si
3493 1123 3793 1178 Donatista

2143 1216 2263 1287 jam
2290 1233 2405 1271 non
2432 1221 2535 1283 est,
2570 1220 2627 1270 et
2654 1232 2688 1270 a
2713 1216 2914 1287 spiritu
2942 1215 3315 1270 schismaticaa
3340 1217 3634 1287 pravitatis
3651 1217 3794 1271 alie-

2151 1326 2277 1377 nus,
2308 1310 2378 1364 ab
2423 1309 2728 1381 episcopali
2772 1325 2944 1380 quam
2978 1309 3380 1381 quoquomodo
3420 1310 3658 1380 adeptus
3702 1316 3790 1366 est

2150 1419 2267 1457 non
2292 1403 2567 1475 repellam
2577 1420 2639 1457 us
2659 1403 2956 1473 dignitate,
2972 1403 3051 1458 ita
3069 1406 3136 1458 ut
3151 1408 3209 1457 et
3233 1404 3353 1474 ipse
3372 1403 3564 1458 libello
3589 1404 3657 1458 ad
3678 1420 3790 1459 nos

2149 1497 2298 1552 edito
2336 1496 2679 1551 catholicum
2710 1513 2767 1552 se
2801 1513 2923 1551 esse
2953 1497 3299 1552 manifestet.
3350 1499 3429 1552 De
3472 1500 3699 1570 Aggaro
3729 1503 3791 1553 et

2147 1590 2485 1662 Tyberiano,
2518 1607 2765 1661 quorum
2800 1608 2834 1645 a
2858 1592 3076 1646 caeteris
3106 1591 3204 1663 qui
3231 1608 3301 1646 ex
3341 1590 3494 1646 laicis
3534 1592 3791 1646 ordinati

2148 1688 2281 1740 sunt
2303 1685 2362 1740 in
2386 1686 2497 1740 hoc
2524 1702 2697 1740 causa
2734 1685 2957 1741 diversa
2981 1688 3087 1755 est,
3120 1686 3273 1757 quod
3304 1701 3507 1741 eorum
3549 1686 3788 1741 ordina-

2146 1778 2285 1834 tioni
2316 1781 2537 1833 atroces
2573 1779 2873 1845 tumultus,
2907 1782 2964 1833 et
3006 1795 3167 1833 saevae
3207 1779 3511 1834 seditiones
3552 1795 3785 1834 memo-

411 1875 793 1942 declarantur,
823 1873 923 1946 qui
951 1890 1056 1945 per
1088 1873 1329 1945 longum
1365 1873 1704 1929 eruditionis
1734 1874 1953 1946 ignem,
1989 1857 2122 1929 etB
2145 1878 2349 1927 rantur
2390 1888 2510 1927 esse
2554 1872 2861 1938 famulataa,
2892 1876 3077 1926 vestro
3115 1871 3332 1943 judicio
3372 1875 3575 1927 cuncta
3618 1889 3783 1927 com-

410 1985 514 2040 per
534 1969 827 2023 fornacem
856 1966 1113 2023 diuturni
1153 1967 1362 2022 laboris
1404 1967 1642 2037 excocti,
1676 1984 1881 2022 aurum
1907 1985 2039 2040 pro-

407 2062 608 2116 batum
635 2065 692 2117 et
717 2064 1021 2132 argentum
1048 2076 1257 2132 purum
1288 2076 1408 2115 esse
1440 2076 1723 2116 meruere.
1755 2061 1969 2125 Quibus
1997 2062 2040 2116 si

410 2171 630 2211 merces
652 2171 755 2226 pro
789 2154 1093 2210 devotione
1122 2171 1237 2208 non
1267 2154 1549 2221 redditur,
1573 2154 1761 2209 omnis
1788 2155 2043 2210 ecclesia-

406 2251 542 2304 stica
562 2248 860 2320 disciplina
887 2248 1205 2317 resolvitur,
1226 2249 1414 2303 omnis
1434 2248 1574 2303 ordo
1600 2249 1880 2316 turbatur,
1905 2250 2041 2304 dum

407 2344 464 2397 in
489 2342 748 2409 Ecclesia,
765 2342 864 2414 qui
887 2342 1106 2396 nullum
1124 2341 1348 2396 subiere
1370 2341 1753 2396 ministerium
1777 2358 2040 2413 perverso

407 2436 749 2509 eligentium
787 2435 1001 2507 judicio
1049 2434 1308 2490 debitum
1341 2435 1604 2490 obtinent
1629 2434 2038 2508 principatum.

404 2532 545 2585 Cum
594 2546 732 2601 ergo
777 2529 929 2584 inter
966 2546 1067 2585 vos
1114 2533 1338 2584 tantum
1380 2529 1680 2597 valuerint,
1711 2533 1809 2584 aut
1854 2530 2041 2585 studia

401 2623 790 2696 popularium,
814 2627 914 2679 aut
942 2623 1193 2678 ambitus
1217 2622 1616 2694 superborum,
1637 2626 1700 2677 ut
1720 2640 1835 2678 non
1855 2624 2042 2678 solum

401 2718 589 2785 laicos,
635 2718 732 2773 sed
774 2717 949 2772 etiam
994 2717 1376 2772 secundarum
1424 2734 1672 2772 uxorum
1718 2717 1888 2785 viros,
1941 2722 2040 2773 aut

402 2811 703 2867 viduarum
744 2811 979 2867 maritos
1003 2812 1075 2866 ad
1104 2810 1357 2866 ofﬁcium
1402 2827 1805 2882 cognoscamus
1847 2816 2039 2883 pasto-

404 2906 519 2961 rate
549 2908 861 2976 provectos,
892 2922 1084 2960 nonne
1126 2904 1420 2976 aptissime
1468 2900 1702 2974 exigunt
1740 2922 1945 2974 causae,
1978 2910 2043 2960 ut

409 2998 665 3053 ecclesiae
690 2998 748 3052 in
777 2997 983 3069 quibus
1009 2999 1114 3053 ista
1139 2999 1444 3053 commissa
1469 3002 1619 3065 sunt,
1642 2998 1857 3069 judicio
1884 3016 2036 3055 seve-

408 3094 556 3149 riore
581 3098 923 3164 purgentur,
941 3097 998 3146 et
1026 3109 1142 3147 non
1182 3093 1365 3147 solum
1383 3091 1442 3147 in
1473 3092 1611 3147 tales
1635 3094 1923 3163 praesules,
1943 3094 2041 3149 sed

407 3187 585 3241 etiam
610 3186 670 3258 in
698 3184 1057 3240 ordinatores
1082 3201 1280 3240 eorum
1306 3185 1448 3241 ultio
1493 3191 1820 3258 competens
1844 3188 2036 3258 profe-

404 3249 632 3347 ratur?!
636 3280 744 3335 Sed
788 3279 1156 3334 circumstant
1198 3296 1302 3334 nos
1336 3279 1472 3335 hinc
1509 3249 1892 3336 mansuetudo
1922 3282 2036 3335 cle-

403 3373 658 3444 mentiae,
690 3373 829 3428 hinc
862 3389 1103 3429 censura
1135 3373 1411 3444 justitiaa?
1435 3375 1503 3429 Et
1540 3374 1675 3446 quia
1707 3395 1734 3424 ‹‹
1762 3374 2039 3430 universae

400 3468 507 3523 viae
552 3467 779 3524 Domini
844 3468 1239 3523 misericordia
1303 3472 1362 3523 et
1413 3468 1620 3523 veritas
1674 3467 1842 3540 (Psal.
1884 3486 2034 3537 xxxv,

408 3564 510 3633 10),
544 3584 571 3611 ››
604 3562 865 3633 cogimur
889 3562 1206 3617 secundum
1232 3561 1381 3617 sedis
1403 3563 1720 3633 apostolica
1749 3563 2038 3634 pietatem,

402 3658 480 3712 ita
530 3660 780 3712 nostram
842 3659 1166 3728 temperare
1225 3657 1582 3725 sententiam,
1640 3662 1701 3712 ut
1759 3657 2036 3712 trutinato

402 3751 656 3821 pondere
705 3750 1064 3817 delictorum,
1107 3766 1236 3822 quae
1280 3756 1504 3806 constat
1547 3767 1661 3805 non
1706 3751 1874 3805 unius
1916 3768 2036 3807 esse

402 3860 691 3899 mensurae
717 3844 978 3914 quaedam
1022 3843 1363 3899 deﬁniamus
1392 3850 1682 3916 utcunque
1718 3844 2033 3913 toleranda,

403 3938 671 4007 quaedam
700 3953 835 3991 vero
859 3937 1088 4007 penitus
1116 3938 1488 4009 amputanda.
1519 3940 1624 3992 Eos
1651 3939 1806 3993 enim
1834 3939 1932 4010 qui
1951 3939 2038 3993 vel

403 4029 680 4085 secundas
706 4029 940 4101 nuptias
962 4030 1235 4099 inierunt,
1251 4030 1338 4085 vel
1356 4031 1656 4086 viduarum
1686 4049 1746 4086 se
1773 4032 2037 4103 conjugio

404 4124 709 4190 sociarunt,
738 4138 843 4177 nec
875 4124 1181 4193 apostolica
1223 4140 1326 4178 nec
1366 4124 1569 4195 legalis
1609 4126 1913 4181 auctoritas
1943 4143 2033 4181 sa-

2059 3226 2113 3300 C

2142 1966 2421 2035 misimus,
2464 1970 2526 2020 ut
2566 1966 2747 2020 relata
2794 1965 2974 2020 habiti
3017 1967 3169 2038 apud
3204 1982 3300 2021 vos
3347 1965 3627 2021 examinis
3665 1966 3786 2021 ﬁde

2143 2060 2281 2132 quid
2312 2060 2380 2114 de
2416 2058 2750 2130 supradictis
2789 2060 3153 2115 statuendum
3183 2059 3275 2127 sit,
3306 2060 3447 2115 scire
3474 2060 3782 2131 possimus.

2143 2154 2256 2209 Illae
2288 2158 2477 2207 autem
2521 2153 2749 2207 famulae
2794 2153 2891 2207 Dei
2932 2170 3059 2225 qua
3103 2153 3493 2225 integritatem
3537 2154 3786 2225 pudoris

2143 2246 2509 2319 oppressione
2528 2245 2825 2301 barbarica
2841 2246 3168 2318 perdidere,
3188 2246 3588 2303 laudabiliores
3605 2253 3785 2303 erunt

2144 2340 2202 2395 in
2231 2340 2550 2395 humilitate
2578 2357 2643 2394 ac
2664 2340 3007 2395 verecundia
3031 2340 3078 2394 si
3099 2357 3156 2396 se
3185 2340 3643 2397 incontaminatis
3661 2358 3785 2397 non

2143 2435 2393 2490 audeant
2417 2449 2751 2505 comparare
2776 2435 3109 2505 virginibus.
3135 2435 3406 2499 Quamvis
3426 2435 3581 2490 enim
3602 2452 3782 2492 omne

2142 2532 2439 2600 peccatum
2469 2545 2533 2583 ex
2560 2529 2850 2583 voluntate
2895 2533 3178 2596 nascatur,
3209 2532 3267 2583 et
3295 2530 3544 2601 potuerit
3575 2546 3779 2585 corru-

2141 2622 2333 2694 ptione
2361 2622 2548 2677 carnis
2576 2638 2739 2677 mens
2772 2622 2944 2677 invita
2970 2639 3090 2677 non
3116 2622 3312 2694 pollui,
3344 2623 3535 2678 minus
3580 2627 3782 2679 tamen

2143 2716 2358 2772 eisdem
2392 2716 2596 2786 oberit,
2613 2717 2659 2770 si
2680 2716 2834 2788 quod
2852 2717 3148 2788 potuerint
3165 2716 3355 2797 animo
3377 2734 3490 2772 non
3511 2719 3778 2773 amittere

2143 2811 2373 2866 doleant
2414 2827 2472 2865 se
2508 2811 2598 2864 vel
2637 2826 2872 2882 corpore
2916 2810 3245 2881 perdidisse.
3258 2798 3430 2899 [Cum
3470 2812 3663 2883 itaque
3706 2813 3780 2868 de

2143 2904 2407 2960 omnibus
2436 2904 2553 2959 fere
2581 2920 2709 2975 quae
2737 2904 2925 2959 fratris
2952 2904 3133 2959 nostri
3158 2905 3400 2960 Potentii
3423 2906 3621 2961 relatio
3643 2923 3785 2961 con-

2143 2998 2361 3053 tinebat
2401 2997 2730 3069 plenissime
2773 2998 3135 3054 dilectionem
3175 3005 3417 3054 vestram
3458 3016 3558 3070 per
3598 3000 3779 3057 David

2139 3094 2376 3147 fratrem
2420 3095 2477 3146 et
2506 3093 2906 3165 coepiscopum
2947 3099 3230 3163 nostrum,
3259 3094 3357 3165 qui
3391 3099 3449 3149 et
3475 3094 3778 3150 sacerdotii

2139 3187 2343 3242 merito
2379 3185 2545 3240 nobis
2583 3192 2665 3241 est
2708 3187 3001 3258 probatus,
3035 3191 3093 3242 et
3130 3187 3382 3243 moribus
3409 3188 3643 3243 videatis
3680 3189 3775 3243 in-

2139 3282 2428 3335 structam.
2463 3282 2753 3351 Superest,
2783 3281 3006 3348 fratres,
3035 3285 3099 3336 ut
3136 3281 3409 3336 concordi
3449 3281 3777 3337 obedientia

2138 3374 2390 3428 salubres
2415 3374 2734 3445 suscipiatis
2761 3375 3035 3441 hortatus,
3066 3380 3123 3430 et
3150 3375 3291 3429 nihil
3322 3392 3424 3446 per
3449 3376 3772 3431 contentio—

2140 3484 2275 3522 nem
2303 3473 2557 3540 agentes,
2581 3468 2678 3523 sed
2705 3468 2779 3522 ad
2810 3485 2979 3523 omne
3007 3468 3264 3523 studium
3292 3469 3607 3524 devotionis
3635 3486 3777 3525 una-

2136 3562 2319 3616 nimes
2341 3562 2545 3616 divinis
2563 3566 2621 3617 et
2636 3562 2963 3633 apostolicis
2984 3562 3484 3618 constitutionibus
3504 3564 3773 3635 parcatis,

2138 3661 2195 3711 et
2219 3656 2280 3711 in
2304 3656 2460 3711 nullo
2490 3656 2787 3728 patiamini
2829 3657 2923 3727 pia
2963 3673 3246 3712 canonum
3284 3657 3514 3712 decreta
3550 3658 3769 3713 violari.

2140 3750 2277 3814 Quae
2305 3750 2637 3824 enim_nunc
2666 3755 2952 3805 certarum
2972 3751 3295 3807 remisimus
3320 3751 3773 3807 consideratione

2138 3860 2459 3912 causarum,
2479 3844 2731 3916 antiquis
2759 3844 3030 3917 deinceps
3058 3845 3429 3901 custodienda
3456 3849 3590 3900 sunt
3606 3862 3773 3918 regu-

2137 3937 2224 4007 lis,
2254 3955 2327 3992 ne
2376 3938 2529 4010 quod
2572 3938 2646 3992 ad
2690 3941 2918 4010 tempus
2960 3938 3055 4010 pia
3094 3939 3326 3994 lenitate
3373 3940 3769 4007 concessimus,

2130 4031 2288 4104 justa
2315 4035 2442 4104 post
2466 4032 2587 4087 haec
2613 4032 2825 4087 ultione
2861 4033 3194 4105 plectamus.

2136 4148 2304 4223 LXVI.
2334 4149 2435 4202 Leo
2461 4164 2610 4218 papa
2645 4149 2713 4223 de
2746 4150 3034 4218 privilegio
3077 4153 3445 4221 episcoporum
3486 4154 3597 4206 sive
3636 4170 3769 4223 pre-

404 4217 701 4273 cerdotum
727 4216 983 4272 obtinere
1010 4216 1309 4289 permittit,
1338 4221 1396 4274 et
1423 4220 1603 4274 multo
1642 4219 1824 4291 magis
1846 4209 2151 4295 illum)
2206 4209 2553 4295 sbyteroritm.
2583 4221 2664 4295 ad,
2695 4209 2974 4276 universos
3022 4209 3325 4279 Germania
3364 4229 3526 4293 atque
3575 4209 3771 4281 Géllia:

402 4312 447 4366 si
471 4310 645 4366 fuerit
668 4316 853 4367 vestro
889 4310 1108 4382 judicio
1140 4311 1482 4381 confutatus,
1515 4313 1633 4385 qui,
1661 4314 1804 4368 sicut
1828 4314 1900 4367 ad
1931 4331 2036 4369 nos

403 4407 649 4460 relatum
677 4408 780 4473 est,
813 4405 1060 4459 duarum
1090 4404 1261 4460 simul
1283 4409 1370 4461 est
1394 4407 1633 4461 maritus
1660 4424 1928 4475 uxorum,
1947 4408 2035 4463 vel

401 4499 564 4553 illum
595 4499 692 4570 qui
723 4516 756 4553 a
782 4498 970 4570 prima
1010 4516 1183 4554 uxore
1230 4500 1515 4569 dimissus,
1543 4502 1779 4555 alteram
1809 4502 2035 4556 duxisse

2209 4293 2551 4346 ecclesiarum
2577 4294 2864 4363 episcopos.

2209 4410 2351 4463 Cum
2373 4408 2434 4462 in
2464 4407 2559 4464 Dei
2588 4409 2822 4464 nomine
2843 4410 2903 4464 in
2925 4410 3183 4466 Romana
3212 4412 3460 4467 Ecclesia
3486 4414 3768 4485 synodum

2137 4502 2530 4574 episcOporum
2548 4502 2661 4557 sive
2692 4508 3026 4559 caeterorum
3057 4507 3521 4561 consacerdotum
3542 4507 3772 4564 Christi-

402 4580 1064 4699 perhibetur.\Ca:teros
1112 4610 1244 4649 vero
1289 4610 1534 4665 quorum
1591 4595 1881 4667 provectio
1930 4596 2038 4651 hoc
2058 4603 2116 4675 D
2141 4612 2253 4667 que
2283 4595 2541 4651 ﬁdelium
2565 4597 2946 4652 coadunatum
2983 4598 3398 4670 habuissemus,
3431 4605 3486 4656 et
3511 4600 3581 4656 de
3614 4603 3775 4658 ordi-

402 4692 629 4742 tautum
677 4687 1142 4759 reprehensionis
1185 4687 1445 4757 incurrit,
1475 4689 1629 4760 quod
1666 4705 1731 4743 ex
1776 4688 1933 4744 laicis
1971 4690 2043 4745 ad

408 4780 658 4836 ofﬁcium
680 4781 1002 4853 episcOpale
1029 4781 1232 4836 delecti
1258 4787 1408 4851 sunt,
1440 4799 1624 4854 neque
1647 4800 1716 4837 ex
1749 4784 1855 4838 hoc
1886 4783 2039 4855 quod

408 4891 607 4930 uxores
644 4874 915 4945 habeant,
947 4878 1185 4945 possunt
1210 4891 1327 4930 esse
1354 4875 1682 4947 culpabiles,
1717 4881 2043 4949 susceptum

406 4967 787 5023 sacerdotium
808 4974 1006 5023 tenere
1034 4968 1441 5039 permittimus,
1461 4987 1578 5025 non
1600 4970 2041 5042 praejudicantes

406 5061 730 5131 apostolicae
776 5062 923 5117 sedis
967 5062 1209 5130 statutis,
1240 5079 1346 5118 nec
1376 5079 1788 5135 przecessorum
1818 5068 2038 5119 nostro-

406 5171 534 5208 rum
566 5155 891 5227 nostrisque
929 5157 1167 5211 decretis
1197 5157 1401 5229 quibus
1442 5159 1739 5214 salubriter
1763 5161 2038 5213 statutum

406 5251 509 5314 est,
538 5263 611 5302 ne
638 5248 888 5318 primum
914 5250 1003 5303 vel
1035 5251 1365 5322 secundum,
1395 5256 1495 5306 aut
1526 5252 1756 5306 tertium
1786 5251 1846 5305 in
1867 5252 2043 5306 eccle-

405 5341 485 5396 sia
507 5340 750 5411 gradum
778 5342 1075 5414 quisquam
1096 5345 1373 5400 laicorum
1400 5345 1740 5417 quibuslibet
1760 5344 2039 5415 suffragiis

401 5434 579 5490 fultus
609 5435 896 5505 ascendat,
926 5436 1263 5510 priusquam
1293 5440 1364 5494 ad
1391 5440 1500 5493 hoc
1529 5438 1797 5494 meritum
1828 5455 1930 5510 per
1953 5439 2033 5495 le-

402 5529 610 5597 gitima
638 5535 949 5601 augmenta
992 5533 1303 5603 perveniat,
1338 5532 1490 5603 quod
1529 5533 1685 5587 enim
1725 5535 2035 5607 utrumque

400 5623 660 5691 patimur
684 5639 806 5679 esse
837 5626 1060 5681 veniale
1099 5626 1348 5681 multum
1379 5626 1746 5696 postmodum
1774 5645 1893 5683 esse
1921 5646 2033 5683 non

397 5717 625 5784 poterit,
653 5718 699 5772 si
730 5718 1038 5789 quisquam
1084 5720 1321 5774 omnino
1365 5719 1425 5773 id
1454 5721 1609 5791 quod
1648 5720 2035 5777 interdicimus

402 5824 675 5878 usurpare
719 5811 1170 5881 praesumpserit,
1195 5812 1329 5882 quia
1372 5814 1629 5868 remissio
1670 5816 1882 5885 peccati
1919 5832 2031 5869 non

394 5899 483 5952 dat
532 5900 821 5956 licentiam
876 5903 1266 5973 delinquendi.
1305 5921 1405 5958 nec
1448 5908 1596 5976 quod
1642 5908 1824 5977 potuit
1854 5908 2042 5977 aliqua

2146 4689 2469 4745 nationibus
2517 4690 2744 4758 illicitis,
2776 4708 2949 4763 super
2999 4693 3204 4765 quibus
3247 4694 3502 4751 crebrior
3552 4695 3625 4750 ad
3672 4714 3781 4753 nos

2145 4784 2369 4838 illarum
2409 4783 2663 4854 partium
2701 4786 3147 4841 commeantium
3191 4805 3378 4844 sermo
3417 4798 3783 4861 pervenerat,

2144 4884 2314 4949 atque
2354 4878 2423 4933 de
2466 4877 2590 4931 aliis
2631 4880 3062 4935 necessitatibus
3107 4882 3498 4938 ecclesiasticis
3536 4887 3788 4957 negotiis

2142 4975 2466 5040 tractantes,
2519 4988 2826 5044 sacrosque
2880 4990 3129 5028 canones
3175 4978 3499 5048 relegentes
3541 4978 3788 5035 solerter

2146 5065 2481 5136 egissemus,
2518 5082 2551 5120 a
2590 5066 2786 5121 multis
2832 5067 3182 5138 lacrymabili
3207 5071 3367 5125 vultu
3400 5072 3650 5127 relatum
3699 5079 3785 5129 est

2143 5158 2323 5226 nobis,
2371 5159 2525 5230 quod
2578 5160 2813 5232 quidam
2865 5162 3299 5218 Germaniarum
3347 5182 3411 5219 ac
3473 5166 3781 5222 Galliarum

2145 5252 2373 5307 urbium
2414 5254 2663 5326 episcopi
2708 5255 3037 5327 frequenter
3073 5258 3456 5330 coepiscopos,
3486 5260 3584 5331 qui
3611 5261 3781 5331 juxta

2145 5363 2388 5402 canones
2449 5349 2952 5417 Neoczesarienses,
2996 5351 3111 5405 sive
3168 5353 3483 5408 secundum
3537 5354 3780 5410 aliorum

2144 5442 2368 5497 decreta
2411 5443 2640 5497 Patrum
2698 5442 2869 5499 iidem
2919 5449 3050 5499 sunt
3095 5446 3194 5517 qui
3235 5450 3291 5501 et
3335 5448 3652 5519 presbyteri
3692 5452 3781 5504 vel

2144 5535 2503 5606 presbyteros
2525 5537 2895 5607 destinarent,
2913 5539 3010 5611 qui
3032 5539 3265 5596 absente
3291 5542 3558 5613 pontiﬁce
3578 5543 3781 5599 altaria

2145 5630 2453 5699 erigerent,
2482 5630 2853 5702 basilicasque
2904 5640 3318 5689 consecrarent.
3354 5635 3517 5699 Quod
3544 5636 3780 5708 quidem

2144 5739 2259 5777 non
2313 5726 2397 5777 est
2440 5724 2652 5778 mirum
2698 5726 2753 5780 id
2800 5728 3139 5799 praecepisse
3181 5729 3329 5784 viros
3386 5730 3777 5786 ecclesiasticae

2143 5815 2457 5887 disciplinae
2496 5816 2722 5888 ignaros
2746 5821 2901 5889 quod
2943 5825 3029 5875 est
3066 5823 3353 5878 canonicae
3399 5823 3612 5894 regulae
3641 5840 3775 5879 con-

2151 5910 2407 5975 lrarium,
2437 5914 2489 5965 et
2530 5911 2720 5967 statim
2748 5930 2778 5966 a
2808 5914 3059 5969 saeculari
3102 5916 3302 5972 militia
3337 5917 3393 5971 in
3434 5918 3778 5975 sacerdotale
