4034 6322
177 397 260 450 RRI
1389 395 1858 451 DECRETALIUM
1896 395 2284 451 COLLECTIO.
3429 407 3528 459 882

174 503 553 558 ministerium
575 503 860 574 delegatos
877 511 1050 575 atque
1068 509 1374 575 promotos.
1389 505 1538 575 Ergo
1561 521 1634 558 ne
1655 505 1804 558 ultra
1827 517 1884 589 Α
1907 503 2117 558 debent
2143 502 2540 558 excellentiora
2561 504 2863 572 committi,
2885 505 3002 576 ipse
3024 507 3110 562 sui
3128 511 3530 566 numerositate

167 599 286 652 talis
315 615 346 651 a
377 597 539 652 vobis
574 597 800 652 licentia
837 599 1140 670 usurpetur
1165 598 1460 652 communi
1491 597 1793 662 sententia,
1903 595 2144 652 vilescat.
2191 597 2354 662 Quod
2399 613 2550 652 nunc
2581 597 2640 652 in
2668 615 2769 652 sua
2797 599 3020 655 dioecesi
3069 602 3364 658 restitutus
3407 606 3530 676 epi-

167 692 528 746 statuendum
561 693 816 762 oportuit
841 691 1080 746 scientes
1113 692 1264 762 quia,
1300 691 1443 745 sicut
1463 691 1794 762 coepiscopo
1903 707 2106 762 secpus
2149 691 2362 745 factum
2404 707 2526 745 esse
2571 697 2832 748 causatus
2875 697 2977 764 est,
3023 699 3080 750 et
3117 695 3536 754 rationabiliter

165 786 243 838 vel
287 785 628 856 presbytero
657 785 852 840 illicita
893 786 1245 840 consecratio
1281 788 1366 840 est
1399 785 1610 852 altaris,
1637 785 1716 838 ita
1742 789 1796 839 et
1901 783 2222 855 postulavit,
2269 787 2330 838 ut
2374 785 2620 856 episcopi
2666 803 2865 841 eorum
2907 789 3182 856 locorum,
3221 789 3281 843 in
3326 791 3532 862 quibus

163 879 510 934 constitutio.
541 881 602 932 In
636 879 837 934 divinis
866 879 1038 934 enim.
1058 879 1258 934 litteris
1297 879 1658 950 praecipiente
1690 879 1792 931 Do-
1899 893 2015 932 non
2045 877 2358 933 debuerant
2387 878 2634 933 ordinari
2660 880 2915 935 humana
2933 881 3258 938 conditione
3274 883 3529 940 decesse-

163 973 338 1040 mino,
363 974 519 1028 solus
545 973 757 1043 Moyses
787 973 844 1027 in
864 973 1230 1028 tabernaculo
1263 973 1360 1026 Dei
1387 972 1568 1026 erexit
1591 972 1790 1036 altare,
1901 971 2036 1037 rint,
2055 970 2180 1026 loca
2203 970 2322 1042 ipsa
2345 971 2418 1025 ad
2433 972 2526 1042 jus
2549 972 2669 1042 ejus
2695 973 2960 1048 antistitis
2988 975 3342 1048 redigantur.
3359 977 3530 1048 Cujus

165 990 338 1040 mmo,
363 990 519 1028 souis
545 990 757 1043 moyses
787 990 844 1027 1n
864 990 1230 1028 tabernaculo
1263 990 1360 1026 U81
1387 990 1568 1026 erexn
1591 990 1790 1036 artare,
1901 990 2180 1037 rmt,10ca
2203 990 2322 1042 ipsa
2345 990 2418 1025 au
2433 990 2526 1042 jus
2549 990 2669 1042 ejus
2773 990 2960 1029 usuus
2988 990 3342 1048 redigantur.
3359 990 3525 1048 Cujus

165 1068 306 1121 solus
351 1067 476 1138 ipse
523 1067 708 1136 unxit,
741 1067 836 1137 qui
862 1067 1058 1138 utique
1104 1083 1362 1120 summus
1406 1065 1664 1120 sacerdos
1693 1065 1792 1119 Dei
1903 1069 2034 1119 ante
2067 1065 2296 1119 fuerant
2321 1068 2454 1119 ante
2482 990 2793 1136 priorajlgt
2825 1067 3025 1123 inutile
3059 1075 3144 1124 est
3177 1073 3239 1124 ut
3264 1071 3525 1126 sacerdo-

163 1167 298 1226 erat,
335 1161 482 1215 sicut
531 1161 804 1232 scriptum
843 1161 1021 1216 estde
1050 1177 1116 1214 eo
1153 1179 1164 1214 :
1197 1181 1224 1208 ‹‹
1256 1162 1472 1231 Moyses
1515 1164 1571 1214 et
1607 1163 1792 1214 Aaron
1897 1158 2026 1213 talis
2055 1157 2300 1229 dignitas
2343 1159 2764 1214 inconsiderata
2807 1161 3124 1216 ordinantis
3169 1163 3436 1219 facilitate
3471 1171 3527 1220 et

161 1256 214 1309 in
254 1255 650 1310 sacerdotibus
693 1255 812 1325 ejus
839 1255 1007 1326 (Psal.
1056 1271 1244 1324 xcvm,
1277 1253 1404 1326 6).»
1451 1253 1691 1325 Ideoque
1735 1253 1792 1308 id
1897 1255 2184 1324 superﬂua
2231 1254 2710 1325 multiplicatione
2754 1257 3068 1312 minuatur.
3096 1261 3173 1314 De
3211 1259 3300 1314 his
3335 1263 3525 1315 autem

160 1349 304 1420 quod
331 1351 560 1403 tantum
587 1350 770 1403 facere
809 1348 1162 1420 principibus
1195 1347 1546 1403 sacerdotum
1568 1348 1789 1418 jussum
1892 1365 2018 1419 quas
2055 1349 2113 1402 in
2143 1365 2300 1402 sacro
2327 1349 2666 1420 virginitatis
2697 1351 2990 1422 proposito
3033 1353 3352 1409 constitutae
3385 1355 3518 1409 bar-

161 1447 254 1508 est,
303 1459 558 1514 quorum
605 1447 806 1514 typum
857 1444 1068 1514 Moyses
1119 1447 1176 1495 et
1217 1443 1406 1496 Aaron
1465 1445 1787 1510 tenuerunt,
1891 1442 2142 1496 baricam
2172 1443 2458 1514 pertulere
2483 1443 2832 1512 violentiam,
2855 1449 2914 1499 et
2937 1446 3323 1517 integritatem
3350 1448 3522 1519 pudo-

159 1538 390 1591 omnino
445 1537 742 1592 decretum
781 1540 866 1590 est
908 1541 971 1591 ut
999 1535 1314 1606 coepiscopi
1349 1536 1434 1589 vel
1477 1535 1788 1606 presbyteri
1889 1535 1986 1603 ris,
2016 1552 2130 1590 non
2161 1535 2371 1603 animo,
2401 1536 2496 1590 sed
2517 1553 2754 1608 corpore
2785 1538 3106 1608 perdidere,
3137 1557 3200 1594 ea
3226 1541 3389 1595 nobis
3411 1559 3524 1596 ser-

161 1631 248 1702 qui
297 1631 555 1685 ﬁliorum
603 1634 788 1684 Aaron
839 1633 1066 1701 gestant
1099 1631 1345 1700 figuram
1379 1630 1632 1700 arripere
1673 1646 1788 1683 non
1889 1630 2073 1683 vanda
2123 1630 2349 1684 videtur
2397 1631 2740 1700 moderatio,
2772 1635 2838 1686 ut
2885 1649 3070 1704 neque
3120 1634 3180 1688 in
3217 1635 3518 1690 viduarum

159 1728 526 1794 praesumant.
561 1726 706 1778 Nam
744 1725 1004 1796 quamvis
1043 1740 1174 1778 cum
1222 1723 1497 1794 episcopis
1541 1723 1788 1793 plurima
1889 1723 2230 1794 dejiciantur
2275 1724 2538 1796 gradum,
2577 1741 2684 1779 nec
2723 1724 2782 1778 in
2828 1742 3112 1781 sacrarum
3157 1730 3216 1782 et
3257 1745 3519 1798 perseve-

157 1819 262 1873 illis
293 1818 752 1873 ministeriorum
794 1817 1112 1872 communis
1149 1817 1218 1870 sit
1249 1817 1612 1887 dispensatio,
1646 1833 1784 1886 qua-
1889 1817 2137 1870 rantium
2167 1817 2456 1888 virginum
2485 1835 2726 1872 numero
2763 1825 3120 1875 censeantur.
3151 1821 3364 1885 Quibus
3387 1823 3430 1876 si
3457 1823 3518 1876 in

159 1913 286 1966 dam
315 1915 510 1966 tamen
541 1911 875 1966 auctoritate
903 1911 1110 1965 veteris
1147 1910 1308 1980 legis,
1337 1909 1600 1981 quaedam
1627 1926 1786 1963 novae
1811 1887 1864 1958 Β
1889 1910 2154 1964 omnibus
2179 1910 2554 1981 virginalibus
2587 1917 2954 1982 perseverant
2979 1916 3036 1967 et
3065 1915 3414 1970 castimonia:
3442 1933 3524 1970 so-

158 2006 320 2060 etiam
351 2005 743 2060 ecclesiasticis
781 2005 996 2076 regulis
1037 2003 1144 2058 sibi
1170 2003 1456 2075 prohibita
1499 2003 1782 2070 noverint,
1888 2004 2166 2059 liditatem
2199 2009 2394 2059 mente
2423 2006 2750 2061 custodiunt
2775 2013 3264 2062 sacramentorum
3293 2025 3406 2063 non
3437 2014 3522 2064 est

159 2100 294 2154 sicut
339 2099 806 2170 presbyterorum
853 2104 906 2152 et
945 2098 1337 2162 diaconorum,
1371 2100 1466 2150 aut.
1497 2097 1784 2166 virginum
1889 2098 2154 2168 neganda
2198 2097 2549 2166 communio,
2595 2099 2729 2170 quia
2775 2100 3049 2169 injustum
3093 2106 3176 2155 est
3219 2117 3312 2156 eas
3349 2103 3408 2156 in
3452 2120 3520 2156 eo

155 2192 517 2258 consecratio,
560 2193 704 2247 sicut
743 2192 1066 2246 constitutio
1117 2192 1306 2246 altaris
1350 2207 1413 2245 ac
1463 2191 1783 2246 benedictio
1887 2191 2072 2262 argui,
2101 2193 2188 2245 vel
2225 2192 2429 2259 notari,
2461 2192 2616 2264 quod
2659 2209 2776 2246 non
2825 2193 3088 2248 voluntas
3132 2195 3379 2264 admisit,
3415 2197 3516 2251 sed

155 2287 232 2341 vel
279 2271 834 2357 unctio.iSiq11idem
879 2303 980 2339 nec
1028 2286 1248 2356 erigere
1299 2284 1378 2337 eis
1433 2285 1650 2353 altaria,
1679 2301 1784 2338 nec
1885 2284 1966 2338 vis
2001 2285 2220 2339 hostilis
2265 2285 2489 2356 eripuit.
2542 2288 2776 2342 Causam
2827 2303 3051 2358 quoque
3097 2288 3354 2359 Lupicini
3392 2289 3512 2360 epi-

156 2381 410 2436 ecclesias
438 2379 526 2434 vel
555 2379 759 2434 altaria
789 2395 1118 2459 consecrare
1155 2379 1302 2445 licet,
1331 2394 1436 2432 nec
1468 2393 1571 2448 per
1597 2377 1781 2448 impo-
1886 2379 2038 2449 scopi
2081 2379 2194 2433 illic
2233 2379 2504 2449 jubemus
2539 2379 2744 2434 audiri.
2795 2381 2896 2436 Cui
2939 2381 3184 2435 multum
3227 2387 3284 2436 et
3315 2383 3518 2453 saepius

155 2475 382 2530 sitiones
405 2491 682 2528 manuum
703 2473 966 2527 fidelibus
993 2471 1350 2543 baptizandis
1367 2471 1452 2526 vel
1477 2472 1779 2540 conversis,
1885 2473 2192 2542 postulanti
2238 2473 2700 2528 communionem
2735 2474 2842 2528 hac
2876 2474 3096 2529 ratione
3134 2475 3508 2544 reddidimus,

156 2569 228 2623 vel
250 2585 312 2623 ex
337 2567 546 2622 haeresi
577 2567 928 2638 paracletum
959 2566 1228 2636 Spiritum
1257 2569 1516 2620 sanctum
1537 2565 1780 2632 tradere,
1884 2566 2152 2637 quoniam
2168 2567 2236 2621 ad
2253 2571 2516 2621 nostrum
2537 2567 2822 2638 judicium
2845 2573 3208 2640 provocasset
3228 2567 3516 2624 immerito

153 2679 246 2716 nec
275 2661 532 2716 chrisma
563 2661 858 2728 conficere,
893 2677 996 2714 nec
1026 2659 1330 2713 chrismate
1373 2659 1780 2730 baptizatorum
1885 2676 2018 2713 eum
2061 2660 2348 2730 pendente
2389 2661 2621 2732 negotio
2662 2678 2695 2714 a
2736 2661 3138 2716 communione
3190 2661 3524 2718 videbamus

155 2756 358 2809 frontes
387 2754 640 2824 signare,
661 2769 766 2808 nec
788 2753 1012 2824 publice
1041 2752 1270 2824 quidem
1303 2751 1362 2804 in
1393 2751 1560 2806 missa
1590 2769 1784 2822 quem—
1883 2752 2052 2808 fuisse
2096 2770 2454 2824 suspensum.
2501 2754 2800 2825 Adjectum
2845 2755 3019 2810 etiam
3063 2755 3204 2810 illud
3239 2760 3324 2811 est
3359 2757 3513 2828 quod

152 2865 318 2920 quam
349 2848 724 2919 poenitentem
769 2847 1156 2914 reconciliare,
1189 2862 1289 2900 nec
1319 2845 1592 2899 formatas
1621 2846 1780 2899 cuili-
1885 2845 2016 2900 huic
2061 2847 2790 2918 temere'superordinatus
2837 2864 2958 2903 esse
2995 2849 3378 2919 cognoscitur,
3419 2837 3522 2922 qui

152 2943 238 2996 bet
263 2941 532 3012 epistolas
571 2940 817 2995 mittere.
852 2941 982 2993 Haec
1011 2940 1168 2994 enim
1203 2939 1400 2994 omnia
1431 2938 1622 2993 illicita
1655 2943 1784 2993 sunt
1885 2956 2000 2994 non
2044 2939 2240 2994 debuit
2281 2940 2531 2995 ordinari
2573 2945 2883 3013 antequam
2927 2941 3232 3014 Lupicinus
3269 2943 3328 2996 in
3367 2959 3516 3014 prte-

153 3036 514 3108 coepiscopis,
545 3034 646 3106 qui
676 3034 748 3088 ad
800 3035 1128 3105 exemplum
1176 3037 1230 3087 et
1265 3033 1514 3088 formam
1557 3037 1778 3103 septua-
1884 3033 2030 3088 senti
2071 3033 2306 3104 positus,
2337 3039 2436 3089 aut
2479 3035 2825 3105 confutatus,
2867 3040 2968 3090 aut
3011 3040 3163 3090 certe
3208 3037 3514 3106 confessus,

156 3131 304 3200 ginta
331 3129 748 3200 discipulorum
782 3145 904 3182 esse
945 3131 1281 3194 noscuntur,
1311 3127 1397 3181 vel
1439 3126 1784 3198 presbyteris
1875 3127 2046 3197 justas
2064 3133 2252 3198 posset
2265 3128 2560 3199 subjacere
2577 3129 2972 3198 sententiae,ut
2987 3132 3284 3184 vacantem
3305 3131 3515 3196 locum,

151 3224 238 3295 qui
277 3223 542 3278 eamdem
577 3227 796 3293 gestant
829 3221 1094 3293 ﬁguram.
1131 3221 1410 3285 Quoniam
1447 3237 1780 3292 quanquam
1803 3259 1856 3333 Ο
1886 3222 2371 3291 quemadmodum
2400 3222 2700 3292 disciplina
2727 3222 3100 3277 ecclesiastica
3131 3223 3327 3294 exigit,
3349 3224 3394 3278 is
3419 3224 3512 3294 qui

152 3317 632 3372 consecrationem
657 3315 930 3384 habeant,
955 3315 1320 3386 pontiﬁcatus
1347 3318 1537 3368 tamen
1560 3314 1780 3385 apicem
1807 3314 1856 3333 υ
1881 3315 2344 3384 consecrabatur,
2368 3314 2672 3385 exciperet.
2703 3314 2825 3369 Sive
2855 3332 2990 3370 vero
3021 3315 3148 3369 alias
3176 3315 3516 3370 emerserint

153 3429 258 3467 non
287 3411 520 3465 habent.
551 3409 690 3474 Quae
717 3409 910 3464 omnia
940 3408 1069 3462 solis
1098 3409 1303 3463 debere
1331 3408 1564 3462 summis
1590 3407 1774 3478 ponti-
1880 3423 2063 3462 causas
2081 3424 2208 3478 quae
2234 3408 2308 3462 ad
2335 3411 2542 3462 statum
2563 3408 2955 3476 ecclesiarum,
2979 3413 3035 3462 et
3057 3409 3128 3462 ad
3149 3408 3512 3463 concordiam

153 3506 340 3560 ﬁcibus
366 3505 706 3559 auctoritate
748 3520 1028 3558 canonum
1073 3502 1422 3574 praecipitur,
1454 3508 1515 3556 ut
1543 3518 1642 3572 per
1671 3502 1778 3556 hoc
1881 3499 2207 3570 pertineant
2237 3501 2616 3568 sacerdotum,
2648 3500 2764 3554 illic
2789 3501 2892 3554 sub
2923 3500 3131 3555 timore
3157 3499 3382 3555 Domini
3414 3518 3508 3554 vo-

151 3607 200 3654 rt
227 3599 494 3654 discretio
523 3597 828 3670 graduum,
857 3602 913 3652 et
943 3596 1234 3668 dignitatis
1258 3595 1550 3666 fastigium
1570 3596 1778 3649 summi
1879 3595 2068 3648 lumus
2097 3595 2476 3662 ventulentur,
2506 3597 2562 3648 et
2601 3594 2670 3648 de
2701 3594 3111 3666 componendis
3142 3599 3314 3665 atque
3357 3611 3508 3649 com-

149 3693 430 3764 pontiﬁcis
457 3693 899 3746 demonstretur.
937 3691 1050 3746 Sed
1079 3707 1266 3761 neque
1298 3707 1488 3744 coram
1517 3689 1777 3759 episcopo
1878 3687 2072 3759 positis
2099 3687 2364 3742 omnibus
2387 3687 2458 3741 ad
2487 3704 2588 3741 nos
2615 3688 2817 3742 relatio
2845 3688 3013 3758 plena
3045 3687 3323 3757 mittatur,
3355 3691 3420 3743 ut
3439 3705 3505 3743 ea

151 3788 272 3842 licet
297 3786 650 3858 presbyteris
681 3786 738 3840 in
777 3784 1176 3856 baptisterium
1207 3784 1459 3852 introire,
1491 3800 1596 3836 nec
1626 3799 1774 3854 prae-
1877 3797 2004 3853 quae
2027 3782 2195 3852 juxta
2227 3781 2666 3836 ecclesiasticum
2693 3797 2913 3836 morem
2941 3782 3096 3854 juste
3113 3787 3171 3837 et
3197 3781 3514 3838 rationabi-

149 3885 296 3936 sente
342 3880 598 3938 antistite
643 3879 918 3933 infantem
961 3879 1207 3948 tingere,
1254 3881 1354 3932 aut
1396 3877 1642 3948 signare,
1672 3893 1776 3931 nec
1875 3875 2005 3929 liter
2029 3875 2240 3930 fuerint
2265 3875 2519 3942 deﬁnita,
2539 3891 2670 3928 mea
2691 3891 2918 3947 quoque
2939 3876 3222 3931 sententia
3243 3875 3524 3930 roboren'

151 3977 518 4046 poenitentem
551 3973 670 4027 sine
715 3973 1101 4043 praeceptione
1138 3971 1384 4042 episcopi
1411 3971 1500 4024 sui
1527 3971 1775 4026 reconci-
1878 3973 1988 4023 tur.
2019 3970 2157 4024 Data
2189 3971 2391 4040 quarto
2419 3969 2546 4024 Idus
2574 3969 2833 4041 Augusti.

151 4070 294 4137 tiare,
312 4085 424 4123 nec
443 4085 508 4123 eo
529 4071 834 4138 praesente,
855 4065 967 4120 nisi
987 4066 1083 4120 illo
1097 4065 1336 4135 jubente
1355 4069 1776 4119 sacramentum
1879 4086 2068 4141 [Δίνη¹
2098 4117 2165 4127 _
2195 4087 2288 4142 Ad
2331 4090 2600 4158 episcopos
2639 4103 2739 4157 per
2771 4088 3126 4144 Viennensem
3169 4088 3506 4157 provinciam

151 4163 396 4236 corporis
415 4167 470 4217 et
495 4161 792 4231 sanguinis
815 4160 1019 4215 Christi
1050 4159 1343 4226 conﬁcere,
1361 4176 1468 4213 nec
1493 4175 1559 4213 eo
1585 4176 1776 4214 coram
2531 4161 2866 4213 constitutos.

149 4260 322 4328 posito
345 4257 624 4328 populum
658 4255 879 4321 docere,
908 4255 998 4308 vel
1022 4254 1360 4308 benedicere
1393 4257 1491 4306 aut
1512 4253 1772 4314 salutare,
1949 4252 2057 4305 Leo
2085 4249 2458 4305 dilectissimis
2497 4251 2770 4305 fratribus
2801 4249 3075 4306 universis
3102 4249 3383 4322 episcopis
3410 4268 3513 4322 per

149 4369 244 4405 nec
286 4350 512 4422 plebem
559 4348 754 4418 utique
801 4347 1115 4414 exhortari,
1149 4347 1208 4401 in
1250 4363 1346 4400 eos
1391 4345 1681 4416 specialius
1723 4351 1779 4399 et

149 4443 480 4518 propensius
511 4441 902 4497 commovendi
927 4441 1023 4511 qui
1061 4440 1116 4494 in
1144 4439 1422 4511 episcopis
1444 4438 1775 4494 ordinandis

149 4543 468 4593 sanctorum
513 4539 746 4591 Patrum
787 4537 996 4589 statuta
1029 4533 1404 4605 neglexerint,
1435 4535 1490 4587 et
1517 4549 1658 4602 quos
1685 4549 1774 4586 re-

1881 4345 2258 4398 Viennensem
2284 4343 2633 4413 provinciam
2670 4343 3012 4399 constitutis.

1947 4437 2160 4492 Divinas
2181 4438 2398 4492 cultum
2427 4436 2738 4508 religionis,
2767 4453 2944 4508 quem
2967 4436 3026 4490 in
3052 4452 3252 4491 omnes
3279 4440 3501 4507 gentes,

1878 4547 2189 4602 omnesque
2253 4530 2509 4585 nationes
2559 4531 2658 4586 Dei
2709 4531 2888 4585 voluit
2953 4530 3136 4601 gratia
3192 4546 3502 4598 coruscare,

159 4634 180 4682 ἴ
183 4639 340 4687 utare
364 4631 705 4696 debuerant,
735 4628 1134 4684 consecrarint.
1159 4628 1317 4682 Unde
1346 4627 1392 4680 si
1417 4627 1514 4698 qui
1537 4626 1862 4704 episcopiD
1887 4625 1966 4680 ita
2005 4625 2278 4679 Dominus
2313 4629 2506 4678 noster
2533 4625 2690 4678 Jesus
2725 4623 2978 4678 Christus
3017 4623 3255 4678 humani
3296 4623 3522 4695 generis

161 4726 322 4780 talem
345 4723 804 4780 consecraverint
825 4722 1193 4790 sacerdotem,
1214 4721 1440 4792 qualem
1462 4736 1577 4774 non
1599 4719 1788 4786 liceat,

160 4819 375 4874 etiamsi
405 4818 597 4888 aliquo
635 4817 806 4870 modo
843 4817 1118 4871 damnum
1149 4814 1368 4886 proprii
1395 4813 1633 4868 honoris
1660 4830 1786 4867 eva-

159 4913 347 4980 serint,
371 4910 742 4966 ordinationis
763 4913 956 4964 tamen
977 4909 1073 4980 jus
1087 4907 1325 4963 ulterius
1343 4925 1456 4960 non
1477 4907 1788 4976 habebunt,

159 5024 251 5062 nec
285 5007 337 5060 ei
373 5009 736 5060 sacramento
781 5003 1070 5069 interesse,
1100 5001 1254 5073 quod
1299 5003 1557 5072 neglecto
1599 5001 1791 5055 divino

150 5100 358 5166 judicio
385 5098 686 5153 immerito
713 5098 1050 5169 praestitere.
1085 5096 1229 5151 lllud
1257 5111 1390 5150 sane
1420 5095 1574 5166 quod
1602 5095 1675 5150 ad
1703 5112 1788 5148 sa-

159 5195 498 5250 cerdotalem
543 5193 790 5264 pertinet
832 5191 1191 5262 dignitatem,
1221 5189 1370 5244 inter
1407 5188 1602 5243 omnia
1631 5189 1788 5243 volu-

163 5305 282 5344 mus
301 5305 590 5344 canonum
621 5291 832 5342 statuta
855 5285 1086 5340 servari.
1111 5285 1252 5339 Cum
1276 5283 1370 5338 ubi
1396 5283 1644 5336 minores
1661 5286 1794 5336 sunt

161 5383 366 5451 plebes,
401 5381 770 5452 minoresque
798 5383 1134 5445 conventus,
1165 5377 1630 5448 presbyterorum
1657 5393 1794 5430 cura

161 5477 422 5532 sufﬁciat.
464 5475 820 5547 Episcopalia
864 5479 1058 5528 autem
1104 5471 1494 5542 gubernacula
1533 5486 1648 5524 non
1689 5469 1794 5523 nisi

164 5571 472 5641 majoribus
529 5569 772 5641 populis,
819 5571 876 5622 et
938 5565 1421 5636 frequentioribus
1479 5562 1794 5618 civitatibus

162 5667 418 5734 oporteat
469 5663 799 5735 praesidere,
851 5679 924 5716 ne
989 5659 1142 5730 quod
1189 5663 1516 5714 sanctorum
1562 5659 1794 5712 Patrum

165 5755 429 5812 divinitus
461 5757 736 5829 inspirata
776 5757 1002 5812 decreta
1030 5757 1260 5808 vetuere
1288 5752 1543 5820 vinculis,
1578 5756 1634 5806 et
1663 5767 1792 5822 pos-

166 5850 504 5906 sessionibus
533 5852 620 5906 vel
663 5851 915 5905 obscuris
953 5852 1010 5903 et
1047 5846 1306 5902 solitariis
1341 5844 1667 5916 municipiis
1693 5845 1793 5898 tri-

171 5943 370 5999 buatur
410 5945 756 6000 sacerdotale
797 5943 1110 6014 fastigium,
1154 5947 1208 5996 et
1485 5940 1668 5992 honor
1707 5938 1792 5992 cui

1892 4719 2144 4773 Salvator
2191 4717 2456 4787 instituit,
2509 4721 2572 4772 ut
2630 4717 2836 4772 veritas
2873 4733 2999 4788 quae
3061 4719 3231 4771 antea
3291 4717 3432 4787 legis
3469 4721 3524 4770 et

1893 4813 2308 4883 prophetarum
2349 4811 2632 4882 praeconio
2682 4811 3096 4877 continebatur,
3124 4827 3228 4882 per
3251 4811 3522 4880 apostoli-

1893 4923 2016 4959 cam
2071 4905 2267 4959 tubam
2307 4905 2365 4958 in
2419 4905 2656 4960 salutem
2709 4904 3086 4959 universitatis
3135 4903 3332 4972 exiret,
3381 4902 3526 4957 sicut

1893 5000 2146 5070 scripum
2187 5003 2272 5053 est
2318 5015 2332 5052 :
2386 5017 2412 5050 α
2459 5000 2522 5053 In
2573 5015 2808 5052 omnem
2865 5003 3078 5052 terram
3138 4996 3307 5051 exivit
3354 5013 3526 5050 sonus

1895 5110 2118 5160 eorum,
2149 5095 2205 5147 et
2249 5092 2308 5146 in
2347 5093 2485 5146 ﬁnes
2525 5091 2677 5145 orbis
2719 5096 2890 5146 terrae
2917 5090 3088 5145 verba
3132 5106 3328 5145 eorum
3357 5089 3524 5162 (Psal.

1894 5203 2050 5254 xvm,
2095 5189 2166 5256 3).
2217 5207 2244 5234 ››
2295 5185 2400 5240 Sed
2445 5185 2616 5256 hujus
2663 5184 2917 5239 muneris
2981 5188 3404 5240 sacramentum
3447 5184 3526 5239 ita

1895 5281 2172 5334 Dominus
2187 5280 2260 5333 ad
2281 5278 2542 5334 omnium
2563 5280 2952 5349 apostolorum
2971 5277 3218 5334 ofﬁcium
3241 5278 3527 5350 pertinere

1895 5374 2088 5440 voluit,
2121 5377 2184 5427 ut
2210 5373 2268 5426 in
2296 5371 2622 5427 beatissimo
2649 5375 2814 5427 Petro
2841 5373 3232 5443 apostolorum
3269 5373 3526 5428 omnium

1897 5483 2125 5521 summo
2175 5465 2566 5537 principaliter
2610 5465 2934 5536 collocaret,
2983 5471 3046 5522 ut
3085 5467 3156 5522 ab
3198 5467 3322 5538 ipso
3368 5465 3524 5537 quasi

1895 5561 2147 5632 quodam
2199 5559 2380 5629 capite
2435 5559 2586 5614 dona
2643 5576 2746 5614 sua
2795 5560 2948 5615 velut
2999 5561 3058 5615 in
3107 5575 3308 5631 corpus
3357 5573 3527 5613 omne

1897 5653 2262 5720 diffunderet,
2315 5655 2380 5707 ut
2431 5655 2714 5708 exsortem
2767 5669 2826 5708 se
2877 5653 3137 5726 mysterii
3183 5651 3530 5721 intelligeret

1898 5765 2016 5804 esse
2045 5746 2241 5814 divini,
2271 5747 2368 5819 qui
2395 5763 2564 5802 ausus
2595 5746 2794 5803 fuisset
2821 5765 2856 5802 a
2881 5747 3032 5803 Petri
3063 5745 3339 5800 soliditate
3369 5759 3524 5799 rece-

1900 5844 2054 5899 dere.
2089 5843 2248 5897 Hunc
2279 5841 2430 5896 enim
2460 5841 2520 5895 in
2549 5841 2902 5897 consortium
2945 5838 3254 5893 individua:
3297 5837 3532 5892 unitatis

1899 5940 2252 6008 assumptum
2281 5935 2336 5990 id
2369 5935 2522 6008 quod
2567 5936 2686 6008 ipse
2727 5939 2864 5990 erat.
2899 5931 3072 5987 voluit
3103 5929 3404 6000 dominari,
3439 5931 3526 5986 di—
