4034 6332
307 11 316 18 ρ
359 9 826 21 αηωωΜ--ν
843 16 936 21 ...νςη
957 18 984 20 -.ν
1015 20 1024 22 _

453 389 552 444 883

1355 385 1633 438 APPEND.
1675 384 1761 437 AD
1798 384 1959 438 SACC.
2002 384 2088 437 l.\'.
2114 413 2179 420 ——
2220 383 2460 438 lSlDOltl
2498 381 2925 436 MEHCATOHIS

3715 381 3825 434 884

451 507 629 562 cendo
660 522 670 560 :
711 527 738 555 «
770 507 846 560 Tu
875 521 932 560 es
959 507 1152 558 Petrus
1183 505 1240 556 et
1266 517 1435 573 super
1458 501 1607 556 hanc
1637 502 1862 572 petram
1897 500 2076 555 aedifi-
2103 513 2162 585 Α
2182 500 2372 555 nullus
2399 498 2756 554 sacerdotum
2799 500 2991 570 posset
3015 497 3234 554 audire.
3268 498 3583 565 Doluimus,
3614 497 3824 562 fateor,

454 602 596 656 cabo
633 599 937 656 Ecclesiam
979 611 1167 652 meam
1197 595 1412 663 (Matth.
1441 611 1552 664 xv1,
1589 597 1694 663 18),
1729 616 1757 643 »
1786 597 1850 650 ut
1881 594 2082 649 interni

455 694 751 751 aediﬁcatio
769 692 970 763 templi
990 689 1241 746 mirabili
1257 705 1498 744 munere
1520 689 1718 759 gratiae
1740 689 1838 744 Dei
1858 689 1916 742 in
1938 689 2085 744 Petri

455 789 736 844 soliditate
775 787 1129 842 consisteret.
1160 785 1271 840 Hac
1302 783 1603 840 Ecclesiam
1633 799 1793 838 suam
1819 782 2086 839 ﬁrmitate

455 884 824 939 corroborans
849 887 914 936 ut
948 881 1126 948 illam,
1151 896 1257 936 nec
1283 880 1542 936 humana
1566 878 1859 935 temeritas
1899 881 2089 949 posset

455 981 743 1048 appetere,
761 992 865 1031 nec
889 979 1068 1048 portae
1100 977 1296 1029 contra
1322 974 1478 1028 illam
1497 973 1666 1028 inferi
1693 973 2084 1044 praevalerent.

451 1071 664 1124 Verum
692 1071 834 1124 hanc
862 1071 1042 1140 petrae
1073 1068 1232 1122 istius
1263 1066 1697 1122 sacratissimam
1734 1065 2086 1132 ﬁrmitatem,

454 1166 587 1232 Deo,
620 1168 681 1218 ut
708 1163 970 1230 diximus,
999 1162 1339 1229 aedificante,
1366 1163 1752 1216 constructam
1782 1159 1957 1214 nimis
1985 1159 2090 1214 im-

455 1259 544 1329 pia
574 1260 694 1312 vult
721 1257 1174 1328 praesumptione
1211 1255 1426 1309 violare
1472 1255 1729 1326 quisquis
1766 1254 1888 1324 ejus
1927 1259 2086 1325 pote-

455 1355 665 1406 statem
685 1355 864 1406 tentat
895 1350 1229 1421 infringere,
1258 1349 1498 1404 favendo
1527 1347 1926 1419 cupiditatibus
1955 1347 2087 1414 suis,

455 1450 513 1501 et
542 1446 600 1500 id
637 1445 791 1517 quod
834 1443 1052 1515 accepit
1077 1461 1108 1497 a
1135 1443 1418 1498 veteribus
1461 1459 1575 1496 non
1616 1442 1925 1514 sequendo,
1957 1457 2090 1496 cum

458 1539 600 1594 nulli
623 1556 684 1593 se
711 1538 1003 1594 subditum
1028 1537 1162 1608 legi,
1189 1537 1360 1591 nullis
1385 1535 1757 1591 institutionis
1783 1535 2091 1590 Dominicze

457 1634 634 1688 credit
660 1632 870 1704 regulis
895 1631 1197 1697 contineri,
1217 1647 1250 1684 a
1268 1637 1452 1686 vestro
1473 1633 1782 1702 nostroque
1805 1646 1910 1700 per
1931 1646 2091 1684 novas

458 1725 844 1798 usurpationis
862 1725 1140 1780 ambitum
1158 1741 1318 1779 more
1341 1724 1676 1793 desciscens,
1691 1724 2091 1794 praesumendo

460 1819 676 1885 illicita,
709 1822 766 1874 et
795 1835 922 1890 quae
948 1818 1232 1873 custodire
1264 1817 1459 1873 debuit
1485 1817 1855 1889 negligendo.
1880 1818 2088 1872 Verum

2184 595 2410 660 fratres,
2444 599 2502 649 et
2529 595 2684 650 hunc
2728 593 2851 664 ejus
2882 592 3103 647 meritis
3145 592 3411 648 timorem
3457 591 3694 648 medelis
3724 609 3830 662 pa-

2185 688 2399 745 tientiae
2424 691 2633 742 nostrae
2663 703 2862 742 curare
2901 686 3264 743 tentavimus.
3293 687 3634 744 Nolebamus
3662 686 3824 742 enim

2189 799 2255 837 ea
2283 781 2366 837 illi
2392 781 2731 837 exacerbare
2761 781 2992 836 vulnera
3024 798 3152 852 quae
3176 797 3293 836 suae
3322 781 3529 836 anima:
3564 780 3823 836 insolen-

2187 877 2337 932 tibus
2367 875 2606 932 subinde
2636 875 2999 932 sermonibus
3044 874 3358 946 inﬂigebat,
3393 878 3450 930 et
3486 891 3660 947 quem
3696 892 3826 930 sus-

2188 990 2517 1046 ceperamus
2541 975 2603 1028 ut
2628 974 2888 1042 fratrem,
2911 971 3150 1028 delinire
3177 971 3360 1042 magis
3388 971 3598 1043 ipsum,
3621 988 3828 1044 quam-

2187 1068 2270 1122 vis
2299 1068 2419 1139 ipse
2444 1068 2558 1122 suis
2587 1066 3048 1137 responsionibus
3089 1066 3376 1136 invitaret,
3405 1083 3578 1137 quam
3601 1066 3824 1121 contri-

2191 1165 2338 1217 stare
2389 1160 2925 1216 interlocutionibus
2991 1161 3332 1215 nitebamur.
3380 1161 3682 1215 Absolutus
3735 1163 3829 1215 est

2189 1255 2525 1310 Celedonius
2555 1254 2872 1327 episcopus,
2897 1254 3167 1325 quoniam
3195 1269 3252 1308 se
3274 1253 3480 1324 injuste
3505 1253 3826 1309 sacerdotio

2190 1349 2360 1404 fuisse
2389 1349 2671 1419 dejectum
2712 1347 3014 1403 manifeste
3041 1347 3274 1402 testium
3305 1348 3672 1420 responsione
3697 1348 3827 1419 ipso

2192 1444 2367 1498 etiam
2407 1447 2689 1514 praesente
2730 1445 3167 1508 monstraverat,
3193 1442 3275 1496 ita
3301 1445 3364 1494 ut
3388 1441 3541 1512 quod
3576 1441 3828 1496 Hilarius

2191 1537 2484 1592 nobiscum
2503 1535 2758 1591 residens
2784 1539 2973 1607 posset
2996 1551 3287 1606 opponere
3306 1551 3423 1589 non
3437 1534 3693 1590 haberet.
3719 1535 3830 1588 Re-

2192 1635 2415 1686 motum
2440 1634 2526 1684 est
2542 1646 2680 1701 ergo
2699 1629 2982 1700 judicium
3009 1628 3162 1700 quod
3182 1628 3466 1700 prolatum
3489 1628 3548 1682 in
3569 1629 3678 1682 hac
3700 1643 3831 1682 sen-

2193 1724 2369 1779 tentia
2398 1724 2712 1794 legebatur,
2746 1740 2859 1795 quo
2882 1726 3153 1794 tanquam
3180 1722 3362 1777 viduae
3387 1721 3623 1776 maritus
3642 1738 3830 1777 sacer~

2192 1817 2411 1872 dotium
2423 1821 2616 1872 tenere
2638 1834 2750 1871 non
2763 1820 2969 1888 posset.
2988 1816 3151 1880 Quod
3166 1833 3271 1871 nos
3289 1815 3524 1886 quidem
3536 1819 3830 1870 servantes

459 1915 582 1968 haec
623 1930 724 1968 nos
763 1915 896 1982 Deo,
932 1917 993 1966 ut
1021 1912 1324 1977 credimus,
1355 1911 1643 1982 aspirante
1687 1915 1905 1965 servata
1947 1891 2168 1965 circaB
2191 1911 2400 1982 legalia
2433 1911 2737 1966 constituta
2780 1909 3068 1965 sollicitius
3095 1910 3372 1964 voluimus
3411 1909 3683 1964 custodiri
3707 1926 3830 1963 non

462 2025 559 2060 vos
591 2011 796 2062 nostra;
824 2005 1120 2060 charitatis
1165 2005 1347 2077 gratia
1391 2021 1564 2076 quam
1593 2005 1871 2060 sanctitati
1895 2008 2092 2059 vestrae

461 2099 770 2172 apostolica
813 2116 1040 2171 semper
1077 2099 1262 2168 sedes,
1298 2102 1358 2153 ut
1402 2098 1747 2154 meministis
1789 2098 2090 2170 impendit,

413 2177 430 2276 δ
459 2195 695 2249 nitimur
721 2194 955 2248 consilio
999 2192 1307 2248 maturiore
1355 2193 1661 2263 corrigere,
1692 2197 1748 2247 et
1777 2195 2094 2247 vestrarum

459 2287 838 2342 Ecclesiarum
905 2290 1113 2342 statum
1177 2287 1603 2340 communicato
1661 2285 1948 2340 vobiscum
2012 2287 2090 2340 la-

458 2382 593 2436 bore
630 2397 998 2452 componere,
1034 2397 1145 2436 non
1187 2397 1334 2434 nova
1375 2379 1756 2449 instituentes,
1788 2379 1887 2434 sed
1910 2385 2095 2435 vetera

460 2479 810 2544 renovantes,
839 2478 903 2529 ut
932 2475 991 2529 in
1037 2477 1217 2529 status
1246 2473 1654 2528 consuetudine
1696 2490 1823 2544 quae
1860 2474 2026 2528 nobis
2063 2492 2095 2528 a

461 2570 664 2625 nostris
708 2569 973 2624 Patribus
1007 2571 1092 2623 est
1132 2568 1340 2622 tradita
1380 2567 1780 2638 perduremus,
1812 2570 1869 2621 et
1893 2568 1962 2622 de
1988 2584 2090 2622 no-

2194 2005 2374 2060 solum
2395 2004 2544 2059 circa
2573 2004 2917 2072 sacerdotes,
2935 2005 3028 2059 sed
3059 2003 3203 2058 circa
3225 2003 3457 2058 clericos
3477 2018 3701 2074 quoque
3723 2002 3832 2057 mi-

2193 2099 2348 2155 noris
2373 2098 2562 2165 officii,
2589 2115 2660 2152 ne
2691 2099 2763 2152 ad
2795 2114 3012 2153 sacram
3041 2097 3303 2152 militiam
3331 2097 3392 2151 hi
3418 2098 3833 2169 permittantur

2193 2193 2484 2260 accedere,
2535 2192 2741 2264 quibus
2797 2192 2868 2246 sit
2925 2193 3036 2246 tale
3087 2191 3437 2262 conjugium,
3482 2191 3572 2245 vel
3627 2197 3832 2246 contra

2195 2288 2563 2359 apostolicam
2613 2286 2969 2357 disciplinam
3011 2301 3124 2340 non
3166 2286 3334 2340 unius
3367 2290 3588 2340 tantum
3628 2285 3833 2340 uxoris

2194 2380 2300 2436 viri
2329 2380 2501 2435 fuisse
2537 2383 2951 2435 monstrentur.
2981 2379 3090 2434 Sed
3121 2380 3264 2433 sicut
3295 2395 3390 2432 eos
3427 2378 3582 2450 quod
3613 2379 3832 2433 factum

2197 2491 2363 2530 suum
2391 2491 2505 2528 non
2526 2477 2711 2545 potest
2730 2489 3020 2542 excusare,
3047 2477 3146 2528 aut
3173 2489 3289 2527 non
3309 2473 3714 2539 admittendos,
3731 2477 3834 2526 aut

2144 2591 2149 2638 ἰ
2197 2569 2242 2623 si
2285 2569 2497 2623 fuerint
2526 2567 2885 2623 decernimus
2930 2567 3324 2634 removendos,
3357 2567 3440 2620 ita
3477 2565 3683 2638 quibus
3717 2567 3833 2621 hoc

459 2668 575 2718 stre
600 2679 703 2734 per
727 2663 862 2717 boni
891 2661 1078 2733 operis
1105 2660 1508 2728 ministerium,
1537 2661 1772 2714 remotis
1795 2661 2092 2734 perturba-
2116 2660 2152 2734 -|
2195 2663 2398 2717 falsum
2423 2661 2634 2733 objicit,
2659 2661 2727 2716 ab
2754 2678 2824 2716 ea
2854 2676 3082 2715 necesse
3111 2665 3194 2715 est
3224 2660 3646 2715 examinatione
3685 2678 3830 2732 pur-

462 2757 682 2811 tionum
723 2756 1022 2822 scandalis,
1052 2756 1394 2826 placeamus.
1429 2754 1730 2809 Nobiscum
1775 2754 1968 2826 itaque
1996 2771 2090 2809 ve-

463 2856 579 2904 stra
606 2850 929 2904 fraternitas
955 2851 1325 2919 recognoscat
1361 2848 1725 2918 apostolicam
1763 2849 1957 2902 sedem
1990 2865 2093 2919 pro

463 2943 546 2997 sui
569 2942 884 2997 reverentia
901 2960 934 2996 a
957 2945 1158 2996 vestrm
1189 2942 1361 2996 etiam
1388 2941 1692 3012 provinciae
1712 2942 2096 2997 sacerdotibus

467 3036 785 3092 innumeris
833 3036 1201 3090 relationibus
1250 3051 1370 3089 esse
1419 3037 1752 3104 consultam,
1783 3039 1841 3090 et
1870 3053 1971 3106 pro
2009 3037 2092 3092 di-

467 3146 780 3197 versarum,
809 3129 1300 3200 quemadmodum
1325 3131 1485 3183 vetus
1522 3130 1870 3184 consuetudo
1900 3147 2090 3200 posce-

462 3225 577 3290 bat,
608 3223 990 3295 appellatione
1021 3239 1337 3289 causarum,
1369 3226 1469 3277 aut
1496 3225 1796 3278 retractata
1832 3228 1932 3278 aut
1959 3241 2093 3279 con-

463 3319 686 3372 firmata
713 3318 882 3372 fuisse
902 3316 1137 3388 judicia,
1171 3317 1311 3371 adeo
1343 3319 1406 3370 ut
1430 3320 1649 3372 servata
1677 3318 1892 3373 unitate
1926 3318 2088 3389 spiri-

465 3415 553 3466 tus
578 3410 636 3466 in
658 3411 882 3466 vinculo
925 3411 1075 3482 pacis
1103 3411 1570 3481 commeantibus,
1599 3411 1732 3465 hinc
1772 3411 1904 3466 inde
1943 3412 2088 3466 litte-

461 3505 538 3559 ris
565 3522 675 3576 quo
706 3509 914 3560 sanctae
943 3505 1223 3576 agebatur
1252 3508 1546 3577 perpetuae
1577 3505 1880 3577 proliceret
1907 3506 2090 3560 chari-

461 3599 580 3654 tati.
613 3600 793 3663 Quam
832 3598 1149 3653 sollicitudo
1177 3602 1368 3653 nostra
1401 3616 1514 3653 non
1543 3615 1642 3653 sua
1677 3615 1959 3670 quaerens,
1994 3599 2092 3654 sed

463 3709 590 3762 quas
631 3696 764 3747 sunt
799 3692 1028 3760 Christi,
1057 3693 1393 3764 dignitatem
1437 3693 1706 3747 divinitus
1749 3693 1962 3760 datam,
1990 3710 2093 3748 nec

462 3785 708 3841 ecclesiis
760 3802 864 3840 nec
914 3786 1280 3840 ecclesiarum
1337 3786 1721 3842 sacerdotibus
1765 3786 2089 3858 arrogabat.

463 3880 572 3934 Sed
606 3880 758 3933 hunc
808 3879 1096 3933 tramitem
1143 3896 1372 3950 semper
1397 3879 1545 3935 inter
1580 3880 1828 3950 majores
1872 3883 2093 3935 nostros

463 3976 520 4026 et
535 3973 679 4026 bene
700 3976 924 4026 tentum
948 3975 1004 4026 et
1022 3973 1320 4027 salubriter
1341 3973 1734 4040 constitutum,
1751 3974 1991 4028 Hilarius
2009 3992 2094 4029 ec-

462 4065 760 4119 clesiarum
801 4068 1008 4120 statum
1048 4070 1105 4120 et
1135 4066 1496 4121 concordiam
1538 4067 1895 4122 sacerdotum
1935 4068 2093 4123 novis

463 4159 1005 4230 praesumptionibus
1055 4160 1379 4214 turbaturus
1422 4161 1674 4229 excessit,
1722 4161 1929 4216 iterum
1979 4179 2094 4218 suae

463 4270 556 4308 vos
597 4252 894 4323 cupientes
939 4253 1181 4307 subdere
1228 4254 1510 4324 potestati,
1545 4258 1605 4309 ut
1643 4271 1702 4309 se
1745 4254 1909 4310 beato
1957 4274 2091 4328 apo-

460 4347 601 4402 stolo
633 4348 794 4401 Petro
837 4363 952 4401 non
986 4346 1233 4418 patiatur
1264 4364 1385 4402 esse
1415 4348 1755 4419 subjectum,
1785 4350 2090 4405 ordinatio-

460 4459 560 4496 nes
589 4441 693 4496 sibi.
720 4441 984 4496 omnium
1013 4457 1116 4512 per
1143 4441 1348 4496 Gallias
1377 4442 1747 4497 ecclesiarum
1776 4444 2090 4510 vindicans,

2197 2772 2415 2828 gemus,
2468 2760 2525 2810 et
2571 2772 2738 2810 suum
2788 2754 3044 2810 officium
3089 2754 3329 2825 perdere
3378 2771 3495 2810 non
3543 2754 3831 2810 sinamus.

2195 2850 2488 2904 Mansisset
2518 2866 2766 2921 namque
2797 2849 2858 2903 in
2887 2849 3051 2903 illum
3078 2848 3296 2920 prolata
3329 2848 3629 2916 sententia,
3658 2848 3704 2902 si
3735 2849 3836 2903 ob-

2188 2944 2476 3014 jectorum
2533 2943 2739 2997 veritas
2793 2942 3116 2996 exstitisset.
3175 2941 3450 2997 Redditus
3496 2943 3689 3014 itaque
3746 2949 3837 2997 est

2196 3037 2444 3092 ecclesiae
2489 3053 2627 3105 suae,
2673 3041 2730 3092 et
2769 3037 2899 3090 huic
2949 3053 3120 3108 quam
3165 3036 3430 3091 amittere
3473 3053 3591 3091 non
3631 3036 3838 3091 debuit

2196 3131 2463 3203 dignitati
2489 3130 2855 3202 coepiscopus
2880 3134 3074 3185 noster
3097 3130 3452 3197 Celedonius,
3481 3130 3626 3185 sicut
3645 3135 3840 3202 gesto-

2115 3265 2169 3339 Ο
2195 3241 2324 3280 rum
2356 3225 2524 3280 series
2555 3229 2612 3280 et
2635 3229 2762 3297 post
2788 3225 3081 3280 decursam
3123 3224 3510 3296 cognitionem
3548 3225 3838 3280 sententia

2205 3336 2316 3339 μη---
2359 3337 2376 3339 _
2414 3337 2441 3339 μ
2463 3319 2574 3339 ,1.2-
2626 3323 2701 3339 --ι
2747 3319 2962 3339 -..-1-ι-
3013 3321 3250 3339 A--1-L----
3317 3318 3448 3339 Plui-
3495 3319 3714 3339 ___._-1:_
3758 3319 3831 3339 _Z_

2195 3336 2324 3391 quae
2354 3337 2387 3374 a
2413 3319 2577 3374 nobis
2617 3323 2704 3374 est
2746 3319 2970 3390 prolata
3012 3321 3269 3374 testatur.
3317 3318 3453 3372 Huic
3494 3319 3722 3390 negotio
3752 3319 3839 3373 sic

2193 3412 2351 3466 ﬁnito
2392 3413 2580 3467 fratris
2618 3415 2675 3467 et
2721 3413 3038 3484 coepiscopi
3085 3412 3268 3467 nostri
3313 3411 3550 3482 projecti
3594 3413 3837 3483 querela

2193 3507 2476 3561 successit.
2504 3506 2673 3577 Cujus
2700 3501 2774 3561 ad
2818 3523 2918 3560 nos
2960 3506 3169 3560 litterae
3213 3505 3605 3577 lacrymabiles
3640 3509 3699 3560 et
3725 3506 3835 3560 do-

2193 3600 2375 3654 lendae
2429 3600 2676 3671 desuper
2720 3600 2978 3654 ordinato
3028 3599 3134 3654 sibi
3183 3599 3448 3670 episcopo
3490 3604 3623 3653 sunt
3674 3599 3834 3655 dire-

2193 3699 2315 3749 ctae.
2349 3694 2593 3765 Epistola
2637 3711 2868 3764 quoque
2915 3693 3134 3764 ingesta
3181 3699 3267 3748 est
3306 3693 3514 3747 civium
3556 3692 3734 3764 ipsius
3775 3699 3839 3748 et

2194 3805 2498 3842 numerosa
2541 3787 2956 3858 subscriptione
3007 3787 3368 3857 singulorum
3417 3786 3638 3840 firmata
3681 3787 3834 3840 invi-

2193 3882 2524 3937 diosissimis
2550 3884 2749 3936 contra
2781 3880 3055 3935 Hilarium
3084 3881 3251 3951 plena
3282 3879 3679 3950 querimoniis,
3715 3897 3833 3951 quo

2193 3975 2442 4047 projecto
2469 3974 2734 4045 episcopo
2759 3990 2862 4029 suo
2892 3977 3175 4045 aegrotare
3203 3973 3449 4028 liberum
3470 3989 3587 4028 non
3609 3973 3832 4040 fuisset,

2194 4070 2429 4140 ejusque
2459 4068 2838 4122 sacerdotium
2863 4068 2922 4122 in
2945 4067 3120 4122 alium
3143 4072 3357 4138 praeter
3378 4084 3540 4122 suam
3562 4067 3833 4122 notitiam

2195 4179 2314 4218 esse
2359 4163 2719 4230 translatum,
2751 4167 2808 4217 et
2842 4167 2960 4217 tam
3001 4162 3097 4234 qui
3137 4161 3197 4216 in
3237 4178 3471 4216 vacuam
3516 4162 3832 4233 possessio-

2197 4274 2325 4312 nem
2354 4257 2424 4311 ab
2455 4256 2661 4310 Hilario
2700 4273 3031 4328 perversore
3076 4256 3366 4311 haeredem
3390 4256 3628 4311 viventis
3657 4257 3832 4312 indu-

2193 4355 2368 4406 ctum.
2399 4350 2547 4414 Quid
2578 4350 2668 4404 hic
2699 4350 3025 4405 fraternitas
3049 4355 3232 4404 vestra
3261 4350 3466 4404 sentiat
3493 4366 3833 4422 cuperemus

2192 4445 2408 4512 audire,
2460 4460 2791 4515 quanquam
2846 4444 2916 4498 de
2963 4444 3160 4498 vestris
3212 4444 3421 4498 animis
3472 4447 3664 4498 nostra
3713 4462 3832 4500 non

464 4539 518 4590 et
544 4515 796 4589 debitam
826 4535 1282 4606 metropolitanis
1311 4536 1695 4592 sacerdotibus
1724 4537 1782 4591 in
1814 4555 1982 4593 suum
1999 4539 2093 4609 jus
2170 4530 2392 4618 {debeat
2435 4538 2721 4592 sententia
2757 4538 3042 4603 dubitare,
3070 4553 3201 4591 cum
3243 4538 3479 4592 fratrem
3518 4538 3576 4592 in
3616 4539 3832 4594 lectulo

466 4629 806 4684 transferens
855 4628 1217 4699 dignitatem,
1268 4629 1446 4700 ipsius
1506 4647 1730 4702 quoque
1787 4631 2725 4706 beatissimiDconstitutum,non
2749 4635 2863 4686 tam
2886 4619 3216 4686 inﬁrmitate
3237 4632 3487 4704 corporis
3506 4633 3831 4703 aggravari,

463 4723 610 4776 Petri
639 4723 1022 4777 reverentiam
1041 4723 1229 4777 verbis
1249 4724 1732 4793 arrogantioribus
1757 4725 2088 4793 minuendo,

462 4816 552 4869 cui
577 4832 706 4870 cum
748 4832 867 4887 prie
898 4815 1116 4871 caeteris
1146 4817 1417 4883 solvendi,
1450 4820 1507 4870 et
1535 4817 1750 4889 ligandi
1785 4818 1996 4873 tradita
2024 4819 2095 4873 sit

467 4913 730 4979 potestas,
760 4910 1177 4981 pascendarum
1215 4914 1406 4964 tamen
1443 4911 1631 4965 ovium
1677 4928 1813 4966 cura
1840 4911 2093 4982 specialis

460 5003 726 5056 mandata
753 5007 854 5057 est.
889 5003 988 5057 Cui
1016 5003 1272 5074 quisquis
1307 5004 1687 5075 principatum
1717 5004 1962 5059 aestimat
1990 5005 2089 5061 de-

461 5095 978 5165 negaudum,illius
995 5097 1226 5167 quidem
1255 5097 1409 5152 nullo
1426 5099 1599 5153 modo
1625 5101 1812 5169 potest
1833 5099 2091 5154 minuere

463 5188 822 5258 dignitatem,
847 5189 943 5243 sed
973 5189 1201 5244 inﬂatus
1225 5191 1424 5262 spiritu
1456 5191 1735 5262 superbiae
1757 5208 1872 5245 sua:
1892 5197 2094 5246 semet-

464 5282 651 5353 ipsum
692 5281 754 5335 in
799 5282 1021 5337 inferna
1067 5283 1372 5356 demergit.
1415 5287 1548 5348 Quae
1587 5284 1763 5356 igitur
1799 5286 1951 5356 apud
1992 5304 2093 5340 nos

462 5376 519 5429 in
549 5391 720 5429 causa
766 5375 1052 5431 Celedonii
1101 5378 1346 5449 episcopi
1394 5381 1554 5449 gesta
1602 5379 1854 5433 confecta
1894 5379 2006 5434 sint
2039 5384 2096 5434 et

461 5485 590 5540 quae
635 5468 874 5524 Hilarius
919 5471 1125 5526 dixerit
1181 5473 1319 5526 dum
1377 5488 1505 5526 cum
1559 5471 1760 5526 eodem
1816 5479 2094 5544 praesente

459 5562 780 5634 supradicto
823 5564 1089 5635 episcopo
1136 5566 1454 5634 audiretur,
1487 5566 1698 5621 inditus
1744 5567 1956 5623 chartis
2003 5585 2090 5622 re-

461 5674 589 5711 rum
627 5657 766 5712 ordo
810 5657 1188 5713 demonstrat.
1222 5659 1325 5714 Ubi
1371 5663 1676 5731 postquam
1718 5661 1962 5716 Hilarius
1999 5678 2092 5716 ra-

461 5749 729 5804 tionabile
779 5750 933 5821 quod
978 5751 1034 5804 in
1081 5755 1408 5806 sanctorum
1455 5754 1691 5808 concilio
1737 5755 2095 5810 sacerdotum

466 5845 656 5909 posset
684 5843 1028 5912 respondere
1056 5859 1174 5896 non
1203 5843 1418 5912 habuit,
1453 5847 1522 5899 ad
1549 5862 1616 5899 ea
1642 5862 1701 5900 se
1731 5847 1946 5900 occulta
1973 5863 2092 5900 cor-

467 5931 551 5984 dis
570 5932 746 6002 ipsius
773 5934 1208 6000 transtulerunt,
1234 5950 1359 6004 qute
1386 5936 1573 5990 nullus
1591 5937 1865 5991 laicorum
1887 5938 2093 6004 dicere,

2191 4743 2361 4798 quam
2380 4726 2490 4781 alio
2506 4725 2745 4781 videatis
2763 4726 2956 4780 dolore
2975 4726 3384 4797 torqueri,quae
3401 4743 3526 4796 spes
3539 4726 3621 4780 illi
3637 4726 3705 4782 de
3721 4727 3834 4781 vita

2194 4819 2557 4891 relinquitur,
2575 4819 2663 4874 cui
2686 4819 2755 4875 de
2772 4819 3092 4876 sacerdotio
3111 4836 3231 4886 suo,
3253 4820 3391 4875 dum
3412 4819 3494 4873 illi
3520 4819 3689 4874 aliter
3707 4821 3836 4876 sub-

2198 4913 2473 4978 stituitur,
2504 4914 2794 4984 irrogatur
2820 4913 3139 4984 desperatio
3156 4914 3183 4967 τ
3211 4916 3455 4984 Apparet
3492 4929 3632 4984 ergo
3660 4930 3833 4986 quam

2195 5006 2346 5061 mitis
2389 5007 2460 5060 sit
2508 5007 2678 5062 corde
2723 5006 2983 5076 Hilarius,
3017 5007 3115 5078 qui
3162 5007 3354 5061 obesse
3400 5009 3833 5078 praesumptioni

2195 5118 2309 5154 suae
2355 5101 2618 5154 fraternae
2651 5100 2850 5155 mortis
2893 5100 3134 5155 credidit
3163 5101 3506 5156 tarditatem.
3543 5101 3833 5166 Quantum

2194 5194 2352 5247 enim
2381 5194 2440 5248 in
2466 5211 2523 5248 se
2560 5194 2686 5263 fuit,
2715 5193 2794 5248 illi
2825 5194 3107 5250 subtraxit
3135 5196 3341 5261 lucem,
3376 5194 3610 5250 abstulit
3638 5196 3831 5264 vitam,

2193 5305 2321 5360 qua}
2354 5288 2507 5342 hunc
2549 5289 2799 5342 dolorem
2848 5288 2907 5342 in
2951 5289 3140 5342 locum
3186 5289 3328 5358 ejus,
3360 5289 3600 5343 alterum
3635 5289 3831 5344 subro-

2195 5382 2406 5453 gando,
2438 5399 2512 5436 ne
2559 5382 2634 5436 ad
2687 5382 2928 5436 salutem
2975 5382 3055 5436 illi
3103 5398 3366 5437 recursus
3409 5387 3575 5449 esset,
3615 5382 3831 5453 injecit.

2194 5477 2325 5529 Esto
2366 5479 2428 5529 ut
2457 5475 2641 5530 brevis
2682 5475 2845 5530 fratri
2889 5475 3140 5531 evenerit
3181 5476 3450 5530 humanae
3488 5475 3834 5530 conditionis

2195 5573 2468 5624 consueta
2527 5569 2815 5640 migratio,
2862 5569 2998 5640 quid
3052 5569 3158 5623 sibi
3221 5569 3462 5623 Hilarius
3520 5570 3727 5640 quaerit
3774 5570 3833 5624 in

2195 5662 2379 5716 aliena
2404 5661 2716 5732 provincia,
2750 5668 2808 5717 et
2831 5662 2890 5717 id
2918 5663 3072 5733 quod
3109 5663 3302 5717 nullus
3345 5662 3712 5718 decessorum
3742 5663 3828 5734 ip-

2196 5755 2312 5809 sius
2355 5759 2452 5808 aut
2500 5756 2786 5810 Patroclus
2844 5755 3108 5812 habuerit
3149 5773 3251 5811 cur
3298 5759 3558 5828 usurpat,
3600 5773 3732 5810 cum
3778 5760 3836 5810 et

2196 5848 2385 5918 ipsum
2415 5849 2569 5918 quod
2598 5850 2851 5903 Patroclo
2879 5867 2912 5904 a
2939 5849 3074 5905 sede
3102 5851 3408 5921 apostolica
3440 5849 3835 5920 temporaliter

2201 5940 2497 5995 videbatur
2538 5957 2660 5995 esse
2708 5959 3060 6011 concessum,
3093 5945 3446 6015 postmodum
3490 5944 3561 5998 sit
3602 5948 3828 5999 senten-
