4034 6306
200 368 301 420 885

1445 365 1915 422 DEURETALIUM
1952 367 2336 423 CULLEUTIO.

3453 372 3556 426 886

192 475 275 528 'tia
303 474 543 529 meliore
579 474 863 530 sublatum
880 446 1363 625 ?§Exspectaretur
1392 480 1546 531 certe
1581 479 1709 531 vota
1745 475 1824 531 ci-
1848 486 1907 561 Α
1926 475 2031 531 sibi
2055 476 2187 547 jure
2225 476 2557 533 defendant.
2584 478 2854 533 Alienum
2882 478 2975 548 jus
3001 478 3149 534 alter
3177 478 3284 534 sibi
3313 495 3428 534 non
3457 496 3558 535 au-

200 568 374 625 vium.
403 568 737 624 testimonia
762 585 910 625 oonu
935 586 1123 625 orum.
1147 572 1504 625 auareretur
1521 569 1829 625 honorato-
1930 572 2062 625 deat
2115 571 2424 625 vindicare.
2492 571 2620 625 Suis
2662 571 2957 625 limitibus.
3006 572 3123 625 suis
3168 572 3444 625 terminis.
3492 573 3558 625 sit

200 568 374 636 vium,
403 568 737 624 testimonia
762 568 1123 641 populorum,
1147 572 1504 642 quareretur
1521 569 1829 625 honorato-

201 677 328 716 rum
358 661 683 731 arbitrium,
713 662 913 718 electio
938 663 1302 733 clericorum,
1335 664 1434 735 qui
1468 662 1530 718 in
1573 664 1828 719 sacerdo-

199 760 316 811 tum
355 756 540 811 solent
582 756 1039 813 ordinationibus
1076 758 1153 812 ab‘
1178 757 1266 812 his
1307 773 1437 828 qua
1478 760 1689 813 norunt
1725 758 1830 812 Pa-

199 854 347 904 trum
392 851 625 922 regulas
670 850 962 919 custodiri,
997 854 1061 905 ut
1103 850 1433 923 apostolica
1485 850 1832 907 auctoritatis

196 960 405 998 norma
434 944 498 998 in
527 943 792 999 omnibus
832 948 1172 1011 servaretur,
1199 960 1326 1016 qua
1360 944 1620 1015 pracipit
1650 948 1713 999 ut
1740 961 1828 999 sa-

198 1038 397 1093 cerdos
422 1038 671 1093 ecclesia
706 1038 1054 1109 praefuturus
1083 1054 1202 1094 non
1246 1040 1429 1093 solum
1471 1039 1832 1094 attestatione

196 1131 474 1198 ﬁdelium,
498 1132 598 1188 sed
622 1131 798 1187 etiam
825 1148 1028 1187 eorum
1048 1132 1144 1203 qui
1174 1131 1311 1187 foris
1331 1135 1463 1186 sunt
1486 1132 1829 1199 testimonio,

200 1225 498 1280 muniatur
525 1241 713 1297 neque
750 1225 917 1280 ullius
941 1225 1192 1281 scandali
1217 1224 1575 1297 relinquatur
1593 1226 1829 1293 occasio,

198 1336 327 1374 cum
353 1336 460 1390 per
482 1336 685 1391 pacem
713 1324 769 1375 et
795 1321 909 1375 Deo
941 1319 1207 1391 placitam
1235 1319 1596 1375 concordiam
1632 1336 1830 1375 conso-

200 1413 282 1467 nis
325 1414 592 1469 omnium
638 1414 861 1481 studiis,
890 1414 989 1486 qui
1020 1414 1219 1470 doctor
1257 1415 1414 1485 pacis
1459 1414 1683 1469 futurus
1726 1419 1830 1481 est,

198 1507 517 1562 ordinatur.
560 1507 673 1562 Sed
714 1508 1036 1579 insperatus
1080 1507 1463 1563 nescientibus
1511 1507 1835 1579 supervenit

198 1605 251 1655 et
277 1600 621 1672 improvisus
650 1601 937 1670 abscessit,
970 1618 1163 1671 cursu,
1198 1605 1260 1656 ut
1285 1601 1610 1671 didicimus,
1643 1601 1831 1668 celeri,

199 1695 406 1749 itinera
426 1696 608 1750 multa
628 1694 955 1765 conﬁciens,
973 1698 1030 1750 et
1045 1695 1499 1767 perlonginquas
1518 1694 1834 1766 provincias

196 1793 355 1843 tanta
393 1788 810 1844 immaturitate
852 1789 1174 1845 discurrens
1211 1792 1276 1843 ut
1299 1789 1559 1843 videatur
1589 1788 1831 1860 gloriam

1930 572 2062 626 deat
2115 571 2424 627 vindicare.
2492 571 2620 627 Suis
2662 571 2957 639 limitibus,
3006 572 3123 626 suis
3168 572 3444 641 terminis,
3492 573 3563 628 sit

1932 666 2322 737 unusquisque
2351 668 2670 720 contentus.
2694 667 2760 721 Et
2777 664 3143 738 privilegium
3173 666 3279 721 sibi
3308 666 3562 723 debitum

1931 759 1991 815 in
2038 759 2214 814 alium
2265 759 2571 814 transférre
2619 776 2678 815 se
2724 775 2885 815 nosse
2944 759 3171 814 noverit
3212 777 3327 815 non
3370 761 3558 818 licere.

1933 853 2096 919 Quod
2123 853 2168 907 si
2194 853 2322 925 quis
2358 852 2657 924 negligens
2698 853 3035 924 apostolicas
3068 854 3401 922 sanctiones,
3434 857 3562 926 plus

1933 947 2136 1019 gratia
2158 947 2416 1003 tribuens
2448 947 2757 1018 personali,
2785 948 2872 1003 sui
2898 948 3135 1004 honoris
3164 948 3420 1004 desertor
3439 965 3560 1005 esse

1932 1041 2191 1108 voluerit,
2242 1040 2609 1113 privilegium
2665 1057 2833 1096 suum
2894 1042 2955 1097 in
3013 1041 3190 1097 alium
3255 1042 3560 1098 transferre

1932 1151 2097 1206 posse
2139 1152 2198 1189 se
2242 1134 2498 1204 credens,
2542 1150 2661 1189 non
2707 1135 2754 1189 is
2794 1134 2885 1189 cui
2932 1135 3181 1206 cesserit,
3226 1134 3322 1191 sed
3366 1137 3413 1190 is
3462 1137 3560 1208 qui

1931 1231 2083 1285 intra
2146 1228 2494 1300 provinciam
2560 1228 2897 1300 antiquitate
2965 1230 3268 1301 episcopali
3327 1233 3561 1285 cateros

1933 1322 2126 1397 219
2152 1322 2425 1394 pravenit
2463 1323 2780 1378 sacerdotes
2825 1323 3123 1379 ordinandi
3171 1324 3278 1379 sibi
3311 1324 3563 1380 vindicet

1931 1422 2297 1489 potestatem,
2330 1434 2447 1472 non
2475 1433 2603 1489 qua
2629 1416 2858 1489 passim,
2890 1416 2984 1473 sed
3011 1418 3103 1473 die
3131 1418 3387 1490 legitimo
3413 1420 3559 1474 cele-

1932 1512 2147 1567 bretur.
2178 1513 2292 1566 Nec
2317 1510 2423 1566 sibi
2452 1514 2717 1565 constare
2754 1514 2930 1566 status
2960 1511 3046 1566 sui
3072 1512 3291 1567 noverit
3325 1512 3563 1568 firmita-

1932 1611 2069 1674 tem,
2101 1605 2199 1677 qui
2230 1622 2344 1660 non
2387 1605 2478 1660 die
2520 1604 2741 1660 sabbati
2774 1621 3024 1676 vespere,
3054 1606 3208 1677 quod
3248 1606 3477 1662 lucescit
3506 1606 3565 1661 in

1935 1700 2177 1771 primam
2202 1698 2425 1754 sabbati
2448 1698 2538 1753 vel
2563 1699 2688 1770 ipso
2718 1698 3010 1756 Dominico
3039 1698 3132 1754 die
3156 1699 3327 1755 fuerit
3345 1699 3567 1755 ordina-

1933 1799 2042 1848 tus.
2073 1793 2268 1849 Solum
2299 1792 2455 1848 enim
2482 1793 2732 1864 majores
2776 1793 2953 1849 nostri
2996 1793 3428 1849 resurrectionis
3454 1794 3563 1849 Do-

201 1883 267 1937 de
305 1883 530 1937 scurrili
564 1882 856 1940 velocitate
885 1883 1072 1954 potius
1116 1900 1285 1954 quam
1331 1883 1665 1938 sacerdotali
1708 1900 1831 1938 mo-
1852 1863 1910 1935 B
1936 1887 2158 1942 minica
2179 1887 2331 1942 diem
2350 1886 2575 1941 honore
2599 1886 2844 1958 dignum
2864 1886 3211 1958 judicavere,
3234 1889 3300 1941 ut
3318 1886 3570 1942 sacerdo—

200 1976 497 2031 deratione
539 1982 813 2049 captasse.
865 1979 995 2032 Hac
1042 1976 1200 2031 enim
1246 1976 1586 2031 directarum
1629 1977 1698 2031 ad
1734 1994 1834 2031 nos

200 2070 406 2126 civium
439 2071 613 2126 verba
640 2075 775 2125 sunt
801 2070 1145 2127 litterarum.
1178 2074 1317 2127 Ante
1358 2070 1624 2125 abscessit
1661 2087 1834 2143 quam

198 2181 328 2219 eum
373 2164 621 2221 venisse.
654 2181 972 2220 nossemus.
1023 2165 1148 2219 Non
1197 2167 1285 2218 est
1326 2164 1433 2217 hoc
1483 2164 1693 2233 redire,
1734 2165 1833 2219 sed

200 2259 419 2329 fugere,
451 2274 557 2313 nec
594 2258 987 2313 salubritatem
1028 2258 1364 2328 impendere
1393 2257 1702 2329 diligentia
1730 2275 1831 2329 pa-

198 2353 443 2419 storalis,
477 2352 581 2407 sed
618 2352 733 2406 vim
783 2351 996 2406 inferre
1037 2351 1268 2406 latronis
1310 2354 1369 2406 et
1413 2350 1574 2420 furis,
1613 2351 1835 2407 dicente

202 2446 443 2501 Domino
475 2463 489 2500 :
527 2469 554 2495 ‹‹
583 2445 689 2510 Qui
728 2462 845 2501 non
881 2445 1061 2500 intrat
1099 2462 1207 2517 per
1230 2445 1470 2516 januam
1509 2445 1569 2499 in
1613 2450 1834 2501 curtem

204 2541 417 2609 ovium,
465 2541 564 2596 sed
617 2540 871 2595 ascendit
913 2539 1160 2607 aliunde,
1203 2539 1296 2593 hic
1334 2540 1427 2594 fur
1470 2543 1527 2594 et
1566 2540 1707 2594 latro
1753 2544 1838 2594 est

204 2638 374 2690 lJoan.
410 2651 468 2702 Χ,
498 2632 569 2703 l).
600 2656 626 2683 ››
660 2635 781 2688 Non
825 2650 964 2705 ergo
1005 2632 1246 2687 Hilarius
1294 2637 1410 2687 tam
1455 2632 1674 2688 studuit
1711 2632 1831 2703 epi-

202 2744 438 2799 scopum
469 2744 818 2793 consecrare,
847 2743 1019 2798 quam
1066 2743 1199 2781 eum
1234 2726 1424 2797 potius
1453 2725 1550 2797 qui
1590 2732 1832 2797 agrota-

202 2822 299 2876 bat
324 2821 611 2890 occidere,
635 2825 692 2875 et
718 2820 907 2893 ipsum
935 2835 1112 2891 quem
1139 2820 1501 2890 superposuit
1521 2820 1668 2874 male
1691 2819 1838 2874 ordi-

204 2915 394 2971 nando
428 2914 712 2987 decipere.
761 2916 880 2968 Non
924 2917 1117 2968 tamen
1160 2913 1310 2984 quod
1350 2913 1505 2967 vobis
1552 2913 1837 2968 credimus

204 3012 315 3065 Deo
331 3009 528 3080 judice
550 3007 913 3079 placiturum,
932 3006 991 3062 in
1006 3007 1408 3062 communione
1422 3007 1638 3062 cunctis
1656 3007 1839 3062 fratri-

204 3105 306 3158 bus
342 3102 724 3169 consulentes,
759 3105 817 3156 et
853 3102 1003 3156 male
1050 3101 1376 3156 ordinatum
1419 3100 1741 3156 submoveri
1782 3106 1839 3155 et

205 3197 534 3268 episcopum
565 3200 624 3249 et
662 3194 983 3267 projectum
1023 3195 1083 3249 in
1116 3211 1215 3249 suo
1257 3195 1570 3250 sacerdotio
1610 3211 1833 3266 perma-
1857 3233 1912 3309 Ο

319 3306 331 3309 -
382 3290 469 3309 ῃΑι
493 3306 574 3309 Ad-
622 3289 963 3309 J-_..-_1_____
1026 3288 1085 3309 IJ
1134 3292 1444 3309 -L-1_--_-l__
1500 3292 1562 3309 --Δ
1596 3290 1632 3309 -1
1686 3288 1802 3309 ..___2_

205 3306 340 3346 nere
371 3290 580 3346 debere
613 3289 984 3344 decrevimus.
1026 3288 1090 3343 Id
1131 3292 1468 3357 statuentes,
1500 3292 1565 3342 ut
1592 3290 1637 3343 si
1678 3288 1833 3359 quis-

204 3401 373 3457 quam
406 3384 648 3439 fratrum
688 3386 1014 3437 nostrorum
1049 3382 1109 3437 in
1165 3398 1508 3454 quacunque
1549 3382 1838 3453 provincia

204 3478 523 3545 decesserit,
570 3477 615 3532 is
662 3476 767 3532 sibi
814 3475 1174 3532 ordinatione
1218 3476 1465 3530 vindicet
1511 3476 1834 3544 sacerdotis,

205 3588 377 3644 quem
405 3572 556 3627 illius
587 3571 891 3643 provincia
935 3571 1441 3642 metropolitanum
1479 3587 1600 3625 esse
1628 3570 1834 3624 consti-

203 3667 354 3734 terit,
394 3666 551 3739 quia,
589 3668 656 3720 ut
699 3664 975 3734 videmus,
1021 3681 1201 3719 causa
1246 3668 1540 3719 transacta
1590 3669 1740 3731 sunt,
1779 3664 1838 3719 in

203 3761 411 3832 quibus
440 3760 595 3815 enim
632 3760 810 3813 multa
836 3764 987 3827 sunt,
1015 3775 1146 3830 qua
1188 3761 1400 3829 prater
1436 3758 1713 3813 rationem
1746 3775 1835 3812 ec-

205 3854 573 3910 clesiasticam
604 3852 906 3908 videantur
928 3869 1048 3907 esse
1075 3853 1395 3919 commissa,
1423 3855 1479 3906 et
1508 3852 1647 3923 justi
1679 3852 1833 3922 judi-

206 3949 275 4003 oii
302 3948 554 4004 debeant
590 3951 917 4018 exspectare
962 3962 1281 4001 censuram.
1330 3947 1439 4002 Sed
1483 3963 1584 4001 nos
1628 3946 1839 4001 diutius

209 4043 295 4097 hic
315 4059 437 4097 non
462 4057 768 4114 possumus
793 4041 1115 4107 immorari,
1135 4057 1265 4095 cum
1284 4040 1351 4095 ad
1377 4040 1484 4095 alia
1504 4058 1633 4112 qua
1654 4040 1840 4095 nobis-

208 4154 335 4193 cum
382 4142 583 4191 vestra
618 4134 915 4191 sanctitate
964 4135 1307 4189 conferenda
1371 4139 1521 4202 sunt,
1568 4151 1838 4206 provoce-

208 4249 352 4287 mur.
391 4229 652 4285 Militaris
695 4246 920 4297 manus,
948 4231 1011 4283 ut
1039 4228 1363 4297 didicimus,
1394 4245 1497 4298 per
1526 4228 1840 4299 provincias

209 4326 466 4398 sequitur
490 4324 864 4390 sacerdotem,
896 4325 954 4377 et
979 4322 1214 4378 armatis
1255 4322 1697 4393 prasumptione
1725 4322 1839 4376 suf-

207 4420 414 4474 fultum
444 4418 522 4473 ad
552 4418 895 4472 invadendas
918 4417 1228 4471 famulatus
1254 4408 1513 4470 ecclesias
1546 4431 1675 4486 qua
1705 4432 1838 4486 pro-

210 4515 363 4585 prios
389 4511 710 4568 amiserint.
733 4512 1063 4566 Trahuntur
1090 4510 1396 4565 ordinandi
1422 4516 1555 4565 ante
1582 4509 1686 4565 hoc
1713 4510 1839 4564 ofﬁ-

1933 1986 2020 2036 tes
2055 1981 2153 2053 qui
2200 1984 2507 2035 sumuntur
2544 1980 2649 2034 hoc
2695 1980 2786 2034 die
2825 1979 3186 2051 potissimum
3220 1980 3563 2035 tribuantur.

1934 2075 2059 2131 Suis
2095 2090 2224 2143 una,
2259 2089 2502 2145 quaque
2543 2072 2839 2145 provincia
2878 2073 2950 2127 sit
2984 2078 3255 2129 contenta
3291 2073 3563 2143 consiliis,

1934 2185 2039 2224 nec
2070 2170 2221 2224 ultra
2250 2167 2493 2223 Hilarius
2523 2168 2731 2223 audeat
2765 2171 3074 2223 conventus
3116 2167 3368 2223 indicere
3397 2185 3562 2240 syno-

1936 2264 2111 2333 dales,
2130 2267 2187 2318 et
2216 2262 2573 2317 sacerdotum
2596 2261 2825 2317 Domini
2842 2260 3058 2333 judicia
3088 2277 3145 2317 se
3172 2261 3566 2317 interserendo

1932 2357 2183 2428 turbare,
2213 2356 2310 2427 qui
2343 2372 2461 2411 non
2504 2358 2727 2411 tantum
2768 2355 2994 2411 noverit
3034 2371 3093 2411 se
3121 2355 3192 2409 ab
3220 2354 3405 2410 alieno
3437 2356 3567 2427 jure

1934 2451 2257 2522 depulsum,
2299 2451 2398 2505 sed
2441 2449 2616 2505 etiam
2660 2449 2991 2505 Viennensis
3032 2449 3341 2520 provincia
3390 2466 3567 2521 quam

1935 2546 2081 2600 male
2125 2547 2496 2615 usurpaverat
2538 2546 2818 2614 potestate
2864 2543 3169 2614 privatum.
3196 2543 3444 2615 Dignum
3483 2545 3569 2597 est

1936 2640 2108 2706 enim,
2144 2638 2366 2706 fratres,
2404 2636 2759 2707 antiquitatis
2800 2638 3012 2692 statuta
3054 2636 3328 2708 reparari,
3358 2652 3489 2692 cum
3522 2637 3569 2691 is

1936 2733 2035 2805 qui
2075 2733 2181 2787 sibi
2208 2730 2630 2787 ordinationem
2657 2730 2968 2802 provincia
3006 2730 3280 2785 indebita
3317 2730 3563 2786 vindica-

1936 2828 2052 2895 bat,
2084 2825 2209 2881 talis
2237 2825 2299 2880 in
2324 2824 2596 2896 praesenti
2627 2824 2803 2879 etiam
2840 2823 3112 2896 probatus
3135 2824 3329 2894 fuerit,
3349 2829 3416 2879 ut
3437 2840 3567 2878 cum

1938 2922 2057 2992 ipse
2105 2919 2462 2992 frequentius
2509 2917 2827 2973 temerariis
2871 2922 2929 2973 et
2968 2917 3344 2974 insolentibus
3383 2917 3571 2973 verbis

1938 3014 2283 3071 sententiam
2315 3011 2698 3069 damnationis
2738 3014 3050 3084 expeteret,
3083 3028 3202 3067 sua
3234 3014 3462 3066 tantum
3487 3012 3568 3066 ci-

1939 3109 2129 3165 vitatis
2155 3107 2235 3163 illi
2266 3106 2648 3163 sacerdotium
2673 3123 2777 3178 pro
2809 3106 2954 3162 sedis
2997 3105 3318 3177 apostolica
3362 3105 3569 3177 pietate

1938 3202 2242 3275 praceptio
2273 3204 2466 3256 nostra
2491 3201 2818 3256 servaverit.
2850 3202 2973 3255 Non
2996 3215 3134 3271 ergo
3160 3199 3233 3254 sit
3250 3198 3329 3254 illi
3351 3198 3573 3253 ordina-

1937 3297 2076 3353 tioni
2096 3312 2212 3351 non
2230 3294 2440 3362 ordini,
2462 3295 2560 3365 qui
2594 3293 2785 3347 meriti
2814 3293 2902 3348 sui
2929 3292 3190 3347 conscius
3209 3309 3338 3347 cum
3358 3308 3572 3365 quare-

1937 3394 2096 3445 retur
2125 3389 2196 3444 ad
2236 3387 2639 3455 accusandum,
2671 3385 2825 3457 turpi
2872 3386 3008 3457 fuga
3049 3401 3108 3439 se
3154 3385 3394 3441 credidit
3433 3385 3568 3440 sub-

1937 3482 2276 3539 trahendum
2309 3497 2375 3537 ex
2403 3481 2517 3536 oris
2561 3479 2888 3552 apostolica.
2933 3478 3374 3546 communionis,
3407 3478 3570 3549 cujus

1937 3577 2220 3649 particeps
2264 3591 2387 3630 esse
2430 3590 2547 3629 non
2591 3574 2821 3643 meruit,
2852 3574 2983 3641 Deo,
3021 3575 3089 3627 ut
3123 3571 3428 3638 credimus,
3461 3572 3571 3626 hoc

1936 3674 2161 3743 agente,
2192 3669 2291 3740 qui
2335 3669 2499 3724 illum
2545 3667 2911 3740 opinantibus
2952 3664 3115 3722 nobis
3154 3668 3211 3720 et
3250 3666 3322 3721 ad
3353 3665 3572 3737 judicia

1939 3769 2128 3820 nostra
2155 3762 2449 3835 pertraxit,
2478 3765 2535 3817 et
2558 3760 2708 3817 inter
2733 3759 3184 3816 examinationes
3224 3758 3463 3826 habitas,
3496 3776 3570 3813 ne

1938 3857 2357 3913 communionis
2398 3859 2613 3912 nostra
2653 3871 2885 3911 consors
2926 3853 3110 3922 ﬁeret,
3141 3858 3204 3909 ut
3246 3852 3571 3908 abscederet

1939 3956 2182 4009 latenter
2198 3951 2403 4021 effecit,
2417 3949 2559 4005 nulli
2573 3949 3021 4006 Christianorum
3053 3947 3215 4005 facile
3248 3945 3574 4003 communio

1942 4048 2278 4118 denegatur,
2301 4061 2407 4100 nec
2433 4044 2505 4100 ad
2535 4043 2892 4116 indignantis
2916 4043 3014 4098 ﬁat
3036 4043 3143 4098 hoc
3171 4040 3469 4098 arbitrium
3490 4057 3574 4096 sa-

1940 4141 2187 4196 cerdotis
2206 4139 2343 4212 quid
2359 4138 2418 4193 in
2436 4138 2636 4210 magni
2652 4141 2843 4193 reatus
2870 4138 3146 4193 ultionem
3172 4136 3380 4212 invitup
3405 4140 3463 4191 et
3480 4135 3577 4190 ἀο-

1940 4153 2187 4196 cerdotis
2206 4153 2343 4212 quia
2359 4156 2418 4193 1n
2436 4155 2636 4210 magni
2652 4153 2843 4193 reatus
2870 4153 3146 4193 ultionem
3172 4153 3352 4192 mvuu
3405 4153 3463 4191 et
3480 4153 3577 4190 uo-

1940 4236 2062 4290 lens
2088 4232 2514 4304 quodammodo
2541 4231 2711 4285 debet
2736 4230 2966 4285 animus
2987 4153 3578 4329 vindicantisﬁlogno—

1943 4328 2123 4381 vimus
2142 4326 2298 4380 enim
2319 4341 2423 4396 pro
2438 4324 2750 4378 commissis
2775 4326 2831 4379 et
2851 4323 3070 4378 levibus
3089 4322 3273 4377 verbis
3295 4321 3574 4393 quosdam

1943 4438 1976 4474 a
2008 4419 2197 4490 gratia
2222 4416 2648 4472 communionis
2674 4416 2953 4483 exclusos,
2983 4419 3040 4469 et
3063 4414 3311 4470 animam
3337 4431 3440 4485 pro
3460 4430 3575 4485 qua

1941 4513 2146 4568 Christi
2199 4511 2431 4582 sanguis
2478 4510 2690 4565 effusus
2735 4512 2839 4579 est,
2879 4508 3229 4581 irrogatione
3280 4511 3400 4562 tam
3442 4507 3576 4563 savi

209 4609 361 4663 cium
382 4606 474 4662 his
488 4606 696 4677 quibus
722 4605 1007 4676 praﬁcien
1017 4605 1073 4659 di
1096 4608 1227 4659 sunt
1245 4594 1560 4659 civitatibus
1580 4604 1839 4675 ignorati.
1863 4610 1921 4681 D
1946 4607 2204 4679 supplicii
2235 4605 2566 4671 sauciatam,
2589 4608 2643 4658 et
2668 4603 2948 4657 inermem
2976 4600 3419 4674 quodammodo,
3442 4616 3578 4655 exu-

212 4703 275 4756 L’t
302 4701 460 4756 enim
490 4702 660 4754 notus
689 4699 790 4769 qui
832 4698 1003 4753 fuerit
1046 4698 1315 4769 probatus
1344 4715 1449 4770 per
1474 4715 1670 4769 pacem
1698 4698 1841 4769 peti-

212 4801 317 4861 tur,
350 4795 430 4849 ita
464 4809 568 4865 per
589 4793 707 4847 vim
742 4809 968 4848 necesse
1006 4796 1092 4847 est
1120 4792 1219 4863 qui
1258 4792 1488 4863 ignotus
1523 4792 1842 4859 adducitur,

214 4888 563 4961 imponatur.
605 4887 871 4943 Obtestor
899 4890 957 4942 et
994 4886 1248 4953 obsecro,
1278 4890 1336 4941 et
1364 4886 1466 4940 sub
1509 4885 1599 4940 Dei
1634 4902 1729 4940 vos
1756 4886 1843 4941 in-

213 4982 504 5038 vocatione
557 4980 855 5051 convenio,
918 4980 1243 5052 prohibere,
1298 4980 1518 5048 fratres,
1575 4979 1731 5049 talia,
1791 4985 1849 5035 et

216 5092 447 5131 omnem
490 5074 858 5131 dissensionis
902 5073 1208 5129 materiam
1252 5073 1326 5128 de
1367 5073 1567 5128 vestris
1614 5074 1844 5145 provin-

215 5170 311 5225 ciis
353 5185 669 5226 removere.
716 5171 877 5226 Certe
922 5184 1027 5224 nos
1071 5172 1202 5223 ante
1249 5168 1432 5222 Deum
1484 5167 1845 5235 absolvimus,

217 5265 311 5335 qui
339 5281 441 5320 vos
467 5280 540 5319 ne
570 5262 920 5334 permittatis
955 5262 1108 5317 ultra
1145 5262 1267 5317 hac
1307 5262 1433 5317 fieri
1460 5262 1844 5317 convenimus.

217 5360 322 5413 Per
348 5374 551 5430 pacem
591 5361 649 5413 et
687 5357 937 5428 quietem
988 5356 1325 5423 sacerdotes,
1359 5356 1457 5428 qui
1501 5356 1680 5412 futuri
1719 5361 1852 5410 sunt

218 5453 595 5521 postulentur.
616 5451 899 5505 Teneatur
926 5448 1266 5519 subscriptio
1293 5448 1653 5518 clericorum,
1676 5450 1852 5505 hono-

219 5548 468 5601 ratorum
501 5544 920 5611 testimonium,
951 5542 1166 5597 ordinis
1208 5559 1519 5598 consensus
1554 5548 1612 5599 et
1649 5544 1848 5615 plebis.

216 5639 320 5704 Qui
349 5639 700 5710 praefuturus
737 5641 826 5692 est
870 5635 1138 5692 omnibus
1175 5636 1247 5690 ab
1276 5637 1543 5694 omnibus
1586 5638 1849 5710 eligatur.

220 5731 645 5789 Ordinationem
699 5732 825 5801 sibi,
874 5734 937 5786 ut
978 5731 1114 5786 ante
1154 5729 1278 5800 jam
1325 5731 1592 5799 diximus,
1643 5731 1854 5803 singuli

223 5827 646 5899 metropolitani
691 5842 924 5881 suarum
974 5823 1396 5896 provinciarum
1451 5843 1581 5880 cum
1624 5825 1713 5881 his
1756 5827 1853 5897 qui

220 5924 455 5977 «:ateros
477 5920 782 5977 sacerdotii
810 5919 1142 5993 antiquitate
1178 5919 1558 5991 praeveniunt,
1592 5920 1853 5976 restituto

1946 4707 2176 4773 tamque
2217 4698 2373 4754 omni
2420 4698 2743 4753 munimine
2792 4695 3082 4751 diabolicis
3133 4694 3475 4761 incursibus,
3513 4698 3579 4749 ut

1946 4794 2107 4850 facile
2136 4796 2453 4865 caperetur,
2475 4791 2775 4862 objectam.
2800 4790 2964 4845 Certe
2985 4789 3032 4843 si
3061 4788 3290 4860 quando
3310 4803 3482 4842 causa
3499 4789 3579 4841 ta-

1947 4890 2015 4943 lis
2060 4887 2376 4957 emerserit,
2423 4891 2487 4940 ut
2528 4901 2633 4957 pro
2680 4883 2965 4940 commissi
3010 4881 3261 4937 criminis
3303 4880 3576 4953 qualitate

1954 4983 2207 5054 aliquem
2225 4982 2379 5053 juste
2404 4979 2579 5036 faciat
2607 4977 3012 5034 communione
3036 4975 3266 5047 privari,
3287 4975 3337 5030 is
3356 4978 3578 5031 tantum

1946 5093 2094 5148 pene
2121 5075 2452 5131 subdendus
2480 5078 2581 5141 est,
2609 5089 2782 5145 quem
2813 5076 3002 5127 reatus
3032 5070 3286 5139 involvit,
3320 5084 3424 5126 nec
3449 5086 3577 5142 par-

1950 5170 2123 5241 ticeps
2148 5186 2267 5224 esse
2293 5167 2580 5241 supplicii,
2613 5166 2709 5239 qui
2743 5182 2977 5221 consors
3008 5182 3123 5221 non
3161 5165 3399 5220 docetur
3421 5180 3579 5219 com-

1950 5265 2128 5319 missi.
2152 5264 2258 5319 Sed
2292 5263 2429 5333 quid
2457 5261 2667 5316 mirum
2694 5276 2825 5316 eum
2846 5260 2905 5314 in
2927 5261 3101 5315 laicos
3127 5260 3301 5314 talem
3321 5258 3580 5325 existere,

1952 5358 2048 5428 qui
2080 5357 2260 5412 soleat
2285 5355 2649 5410 sacerdotum
2686 5353 3079 5409 dominatione
3102 5353 3396 5425 gaudere?
3425 5350 3583 5408 Unde

1953 5451 2084 5523 quia
2114 5454 2303 5504 nostra
2328 5450 2500 5521 longe
2522 5447 2633 5503 alia
2649 5447 2874 5503 videtur
2892 5447 3156 5516 intentio,
3174 5464 3308 5503 nam
3330 5445 3585 5501 omnium

1952 5544 2319 5601 ecclesiarum
2365 5546 2576 5597 statum
2617 5547 2674 5597 et
2711 5542 3080 5598 concordiam
3121 5540 3387 5597 custodiri
3423 5536 3584 5608 cupi-

1956 5656 2081 5694 mus
2112 5637 2495 5704 sacerdotum,
2523 5636 2596 5691 ad
2619 5634 2896 5691 unitatem
2926 5653 3022 5691 vos
3049 5635 3272 5691 vinculo
3298 5631 3588 5688 charitatis

1954 5734 2250 5789 hortantes
2275 5731 2650 5798 obtestamur,
2670 5734 2726 5785 et
2747 5729 3045 5787 affectione
3067 5743 3321 5797 congrua
3339 5741 3589 5782 commo-

1958 5843 2184 5893 nemus,
2218 5832 2279 5881 ut
2302 5841 2371 5881 ea
2398 5841 2528 5896 qua
2552 5841 2585 5879 a
2613 5824 2777 5879 nobis
2806 5825 2923 5879 Deo
2948 5821 3265 5893 inspirante
3296 5822 3351 5874 et
3377 5819 3586 5875 beatis-

1957 5920 2099 5979 simo
2129 5922 2293 5979 Petro
2322 5920 2579 5992 apostolo
2609 5917 2873 5975 discussis
2898 5912 3268 5987 probatisque
3296 5929 3446 5969 nunc
3475 5929 3591 5970 om-
