4034 6328
449 372 549 430 887

1343 377 1624 432 APPEND.
1668 375 1755 431 AD
1795 376 1956 432 SA-JC.
1994 377 2077 430 lx.
2111 406 2179 415 —
2216 375 2458 431 lSlDORl
2498 374 2920 430 MERCATORIS

3712 375 3821 428 888

444 483 613 538 nibus
639 480 820 538 causis
848 485 1070 539 decreta
1097 488 1248 551 sunt,
1282 499 1384 554 pro
1413 487 1602 538 vestra
1631 500 1766 555 pace
1793 487 1851 539 et
1881 484 2070 556 digni-
2096 494 2155 567 Α
2245 483 2412 538 LXIX.
2442 513 2510 524 —
2547 482 2637 539 Ad
2669 483 3001 538 Theodorum
3031 483 3446 552 Foroiuliensem
3485 485 3821 553 episcopum.

447 580 563 632 tate
589 578 841 645 servetis,
874 577 1009 632 certi
1036 593 1152 631 non
1184 580 1299 631 tam
1334 581 1544 649 nostro,
1565 578 1767 633 honori
1798 579 2075 649 proficere

443 671 596 742 quod
623 671 757 726 talia
789 670 1050 726 statuisse
1093 639 1680 742 cognoscimur.iNon
1725 672 1879 726 enim
1913 671 2076 726 nobis

447 763 831 818 ordinationes
874 768 1193 819 vestrarum
1247 765 1670 836 provinciarum
1721 765 2077 821 defendimus

443 857 597 928 quod
629 861 813 928 potest
836 858 1073 912 forsitan
1103 859 1176 912 ad
1205 859 1602 929 depravandos
1631 863 1832 914 vestra:
1863 859 2072 914 sancti-

446 951 572 1006 tatis
600 951 817 1005 animos
841 952 1084 1006 Hilarius
1110 970 1216 1024 pro
1243 970 1343 1006 suo
1377 969 1536 1008 more
1572 953 1824 1018 mentiri,
1850 953 1945 1007 sed
1974 970 2079 1025 per

441 1048 687 1098 vestram
711 1045 1150 1100 sollicitudinem
1168 1046 1544 1112 vindicamus,
1569 1064 1642 1100 ne
1673 1047 1812 1118 quid
1846 1048 2078 1102 ulterius

443 1137 616 1192 liceat
659 1138 914 1207 novitati,
959 1155 1066 1193 nec
1121 1139 1520 1210 praesumptori
1567 1141 1719 1193 locus
1770 1140 1918 1195 ultra
1953 1142 2076 1212 jam

444 1234 635 1302 pateat
665 1231 966 1303 privilegia
994 1237 1189 1288 nostra
1215 1233 1494 1287 cassandi.
1525 1234 1736 1287 Nostra:
1762 1235 1917 1290 enim
1949 1252 2074 1305 gra-

444 1325 709 1380 tulationi
741 1326 846 1379 hoc
876 1327 1062 1380 solum
1093 1343 1348 1382 crescere
1380 1329 1738 1398 proﬁtemur,
1775 1329 1821 1381 si
1853 1332 2074 1398 aposto-

443 1417 564 1472 lica:
607 1419 754 1473 sedis
796 1419 1095 1490 diligentia
1139 1421 1293 1492 apud
1323 1437 1422 1475 vos
1461 1421 1679 1477 illibata
1723 1425 1993 1491 servetur,
2024 1426 2078 1476 et

443 1527 548 1581 per
574 1511 938 1567 sacerdotalis
957 1512 1269 1584 disciplina:
1299 1515 1612 1570 custodiam
1643 1516 1728 1570 ori
1753 1521 1938 1570 vestro
1957 1531 2080 1585 per-

443 1603 528 1657 ire
573 1605 724 1676 quod
765 1622 933 1660 suum
975 1609 1060 1659 est
1105 1623 1209 1677 pro
1253 1607 1410 1661 novis
1451 1608 1920 1679 usurpationibus
1963 1625 2078 1662 non

447 1697 718 1752 sinamus.
749 1699 816 1754 Et
851 1699 1123 1769 quoniam
1171 1701 1505 1755 honoranda
1549 1706 1635 1756 est
1678 1719 1906 1773 semper
1929 1702 2077 1756 anti-

448 1791 656 1860 quitas,
683 1791 918 1846 fratrem
954 1795 1010 1846 et
1035 1794 1439 1864 coepiscopum
1481 1799 1735 1850 nostrum
1778 1795 2077 1850 Leontium

2248 577 2356 632 Leo
2385 577 2679 631 Tneonoao
2705 576 2968 648 episcopo
2995 575 3392 647 Forojuliensi.

2247 669 2658 724 Sollicitudinis
2698 669 2932 741 quidem
2967 674 3083 724 tuae
3113 669 3160 723 is
3197 670 3336 725 ordo
3363 685 3483 725 esse
3513 670 3820 736 debuerat,

2178 767 2239 818 ut
2253 780 2382 818 cum
2405 763 2854 836 metropolitano
2875 768 2976 818 tuo
2998 764 3282 835 primitus,
3304 763 3374 818 de
3396 780 3462 818 eo
3483 763 3638 836 quod
3664 781 3827 836 quaa-

2180 857 2424 911 rendum
2469 856 2767 912 videbatur
2812 873 2954 924 esse,
3003 857 3311 924 conferres,
3359 873 3422 912 ac
3469 857 3513 910 si
3561 857 3620 912 id
3660 857 3822 929 quod

2176 950 2484 1021 ignorabat
2512 950 2737 1005 dilectio
2779 954 2896 1020 tua,
2930 951 3106 1006 etiam
3146 951 3266 1022 ipse
3311 951 3574 1019 nesciret,
3606 951 3823 1005 instrui

2176 1060 2271 1097 vos
2298 1044 2511 1115 pariter
2547 1044 2877 1115 posceretis,
2909 1045 3043 1115 quia
3071 1045 3124 1098 in
3167 1044 3350 1100 causis
3378 1061 3505 1116 quae
3533 1045 3606 1100 ad
3636 1061 3817 1116 gene-

2178 1139 2355 1192 ralem
2386 1138 2806 1192 observantiam
2844 1137 3135 1209 pertinent
3165 1138 3425 1193 omnium
3463 1138 3690 1193 Domini
3730 1155 3824 1192 sa-

2177 1231 2471 1286 cerdotum
2505 1231 2626 1286 sine
2669 1231 3008 1301 primatibus
3055 1235 3282 1302 oportet
3322 1231 3555 1302 inquiri.
3587 1231 3718 1298 Sed,
3752 1237 3822 1286 ut

2177 1341 2409 1395 quoquo
2455 1325 2628 1379 modo
2677 1324 2991 1379 instruatur
3045 1324 3392 1395 ambiguitas
3443 1325 3815 1390 consulentis,

2179 1418 2315 1490 quid
2347 1418 2415 1472 de
2449 1417 2851 1488 poenitentium
2882 1420 3031 1473 statu
3076 1419 3456 1474 ecclesiastica
3481 1419 3691 1474 habeat
3720 1436 3815 1474 re-

2181 1513 2315 1582 gula
2335 1527 2452 1566 non
2470 1497 2694 1593 tacebol
2713 1511 3000 1584 Multiplex
3020 1511 3412 1568 misericordia
3432 1513 3528 1568 Dei
3549 1513 3630 1568 ita
3651 1514 3819 1584 lapsi-

2177 1603 2282 1658 bus
2323 1603 2586 1659 subvenit
2625 1605 2916 1672 humanis,
2950 1609 3008 1659 ut
3039 1621 3158 1660 non
3198 1607 3383 1661 solum
3415 1622 3520 1677 per
3544 1606 3819 1678 baptismi

2181 1698 2444 1768 gratiam,
2478 1698 2578 1753 sed
2609 1699 2784 1753 etiam
2807 1715 2912 1769 per
2939 1699 3291 1770 poenitentia
3315 1699 3655 1755 medicinam
3683 1717 3819 1772 spes

2178 1791 2308 1846 vitae
2337 1795 2638 1862 reparetur
2662 1797 2911 1860 aeternae,
2931 1797 2988 1847 et
3007 1793 3105 1864 qui
3132 1793 3576 1865 regenerationis
3595 1794 3816 1850 donum

446 1883 796 1954 probabilem
836 1886 1206 1955 sacerdotem,
1237 1888 1361 1954 hac,
1396 1889 1441 1942 si
1469 1889 1627 1943 vobis
1656 1890 1858 1960 placet,
1887 1889 2074 1960 digni-
2097 1866 2154 1938 Β
2177 1883 2442 1939 violasset
2467 1885 2696 1955 proprio
2721 1901 2778 1939 se
2792 1884 3013 1956 judicio
3045 1885 3487 1942 condemnantes
3515 1887 3590 1941 ad
3608 1887 3817 1941 remis-

447 1981 558 2031 tate
598 1979 858 2033 volumus
901 1979 1180 2048 decorari,
1214 1985 1275 2035 ut
1315 1986 1526 2052 praeter
1570 1983 1692 2053 ejus
1737 1998 2075 2038 consensum

446 2070 679 2126 alterius
705 2073 1011 2142 provincias
1037 2091 1152 2128 non
1195 2074 1474 2129 indicatur
1501 2092 1533 2129 a
1563 2080 1749 2130 vestra
1778 2077 2076 2131 sanctitate

445 2165 766 2235 concilium,
801 2169 860 2220 et
897 2184 930 2222 a
955 2167 1115 2222 vobis
1152 2168 1437 2237 omnibus,
1469 2170 1954 2239 quemadmodum
1981 2187 2071 2225 ve-

441 2261 625 2313 tustas
653 2259 774 2330 ejus
804 2265 860 2314 et
888 2261 1142 2331 probitas
1171 2261 1368 2332 exigit,
1403 2262 1715 2318 honoretur
1741 2265 2073 2335 metropoli-

443 2353 589 2406 tanis
631 2353 909 2424 privilegii
957 2355 1046 2409 sui
1095 2355 1373 2426 dignitate
1423 2360 1660 2412 servata.
1704 2359 1950 2429 Equum
1994 2364 2078 2413 est

442 2445 597 2499 enim
639 2463 745 2501 nec
786 2447 887 2502 ulli
926 2448 1193 2502 fratribus
1231 2449 1357 2503 ﬁeri
1387 2449 1610 2505 videtur
1650 2450 1878 2521 injuria,
1909 2452 1955 2505 si
1990 2452 2078 2505 his

440 2539 534 2608 qui
565 2543 841 2595 vetustate
881 2542 1230 2612 praecedunt,
1260 2559 1363 2613 pro
1407 2543 1586 2598 aetatis
1626 2561 1742 2599 suae
1785 2545 1992 2600 merito
2017 2545 2076 2600 in

441 2632 554 2686 suis
609 2634 913 2704 provinciis
963 2652 997 2690 a
1049 2635 1434 2691 sacerdotibus
1491 2637 1712 2692 caeteris
1765 2639 2072 2694 deferatur.

441 2725 586 2780 Deus
605 2743 699 2781 vos
727 2728 1043 2783 incolumes
1072 2729 1376 2796 custodiat,
1402 2731 1610 2786 fratres
1634 2731 1769 2799 mei,

441 2818 733 2875 LXVlIl.—
748 2821 842 2875 Ad
855 2824 1191 2877 Ravennium
1208 2824 1573 2878 Arelatensem
1593 2825 2070 2895 archiepiscopum.

510 2913 934 2968 Provectionem
979 2915 1298 2970 dilectionis
1329 2921 1440 2970 tuae
1468 2933 1596 2987 quae
1632 2918 1845 2972 summi
1887 2936 2071 2974 sacer-

445 3004 586 3060 dotii
609 3006 811 3077 adepta
838 3010 922 3061 est
942 3007 1220 3078 dignitate
1241 3009 1320 3063 ita
1346 3009 1508 3064 nobis
1526 3009 1747 3080 placere
1775 3028 2072 3083 cognosce,

443 3102 503 3152 ut
527 3115 642 3154 non
682 3099 864 3154 solum
898 3100 1002 3154 tibi
1033 3101 1103 3156 de
1145 3101 1373 3156 honoris
1401 3109 1727 3174 augmento,
1761 3106 1857 3160 sed
1899 3106 2072 3161 etiam

442 3192 749 3247 Arelatensi
811 3194 1091 3262 Ecclesiae,
1150 3195 1242 3249 cui
1302 3199 1354 3250 te
1417 3197 1684 3251 Dominus
1744 3199 2069 3270 prmposuit,
2093 3233 2148 3308 Ο

444 3285 787 3308 _---J-__--_-
851 3289 867 3308 Δ
894 3287 918 3308 _I
958 3288 1199 3308 ____.3-_-__
1246 3290 1327 3308 ,η’
1353 3307 1382 3308 κέ
1425 3291 1457 3308 n
1481 3291 1496 3308 ‘I
1537 3291 1570 3308 'I'
1723 3291 1737 3308 ι
1942 3298 1952 3308 ι

441 3285 808 3354 gaudeamus.
836 3287 923 3342 Ad
949 3288 1208 3343 omnium
1238 3290 1391 3344 enim
1423 3291 1675 3346 ﬁdelium
1706 3291 1875 3346 decus
1901 3298 2072 3364 atque

441 3377 744 3433 utilitatem
772 3381 1054 3435 redundat
1073 3398 1203 3436 cum
1226 3383 1353 3438 talis
1376 3384 1618 3439 habetur
1637 3385 1889 3454 antistes,
1914 3386 2073 3456 cujus

439 3471 668 3541 plurimi
694 3478 750 3528 et
780 3474 1125 3544 adjuventur
1152 3477 1439 3546 praesidio,
1464 3482 1522 3532 et
1548 3478 1857 3534 incitentur
1883 3497 2072 3534 exem-

437 3566 550 3635 plo.
599 3567 756 3621 Unde
803 3567 937 3638 quia
991 3585 1105 3624 non
1164 3571 1395 3641 ignoras
1444 3572 1583 3642 quid
1633 3573 1702 3627 de
1753 3573 2071 3628 sinceritate

439 3658 616 3713 animi
637 3659 720 3714 tui
742 3661 1056 3717 secundum
1081 3670 1421 3734 praasentem
1449 3666 1708 3720 notitiam
1730 3667 2072 3722 senserimus

427 3752 663 3820 justitiae
703 3770 805 3808 nos
837 3756 1146 3826 agnoscitis
1187 3758 1437 3828 exigere,
1466 3762 1529 3812 ut
1573 3760 1725 3830 quod
1771 3760 2067 3830 prtesumi-

436 3862 558 3900 mus
584 3845 688 3900 hoc
720 3847 1046 3916 probemus,
1067 3850 1249 3904 frater
1275 3851 1628 3906 charissime.
1652 3853 1934 3908 Modestiae
1959 3853 2067 3925 igi-

435 3943 529 3992 tur
551 3941 662 3993 tua:
678 3956 794 3994 non
825 3941 1132 3996 auctoritas
1159 3945 1560 4012 constantiam,
1578 3946 1676 4000 sed
1698 3949 2070 4002 mansuetudo

433 4032 815 4098 commendet,
855 4033 1137 4102 justitiam
1197 4035 1400 4091 lenitas
1455 4044 1758 4108 temperet,
1797 4040 2071 4110 patientia

434 4124 725 4178 contineat
744 4125 1084 4195 libertatem,
1103 4131 1161 4182 et
1180 4129 1457 4185 declinata
1478 4131 1746 4202 superbia
1771 4133 1861 4186 cui
1882 4134 2070 4205 proxi-

437 4233 593 4271 mum
626 4220 726 4285 est,
763 4221 824 4273 ut
853 4218 1096 4288 decidat,
1128 4228 1356 4278 ametur
1399 4224 1689 4279 humilitas
1719 4226 1809 4280 cui
1846 4243 2071 4297 semper

433 4310 670 4365 debetur
724 4317 784 4365 ut
846 4318 1079 4384 crescat,
1133 4317 1640 4372 ecclesiasticarum
1691 4320 1886 4391 legum
1953 4338 2066 4376 non

436 4406 629 4472 ignara
656 4409 742 4459 est
775 4407 998 4462 dilectio
1025 4414 1140 4474 tua,
1163 4413 1229 4464 ut
1249 4410 1397 4466 intra
1419 4428 1616 4467 earum
1643 4415 1872 4484 regulas
1893 4420 2066 4486 atque

435 4514 726 4553 mensuras
753 4501 947 4556 omnia
975 4503 1266 4572 potestatis
1295 4508 1406 4559 tuae
1429 4505 1563 4576 jura
1593 4507 1907 4563 contineas.
1929 4530 1957 4558 «
1977 4510 2068 4564 Ju-

2179 1977 2404 2032 sionem
2441 1978 2750 2032 criminum
2793 1979 3179 2050 pervenirent,
3212 1979 3288 2034 sic
3313 1980 3519 2034 divina:
3547 1980 3819 2035 bonitatis

2178 2071 2458 2142 praesidiis
2497 2071 2792 2140 ordinatis,
2827 2076 2890 2126 ut
2917 2071 3274 2144 indulgentia
3314 2072 3432 2139 Dei,
3467 2073 3576 2127 nisi
3603 2073 3819 2145 suppli-

2178 2165 2402 2219 catione
2445 2165 2801 2220 sacerdotum
2841 2171 3090 2237 nequeat
3135 2166 3402 2222 obtineri.
3446 2167 3817 2223 Mediatorem

2179 2258 2334 2312 enim
2374 2258 2475 2313 Dei
2501 2263 2558 2313 et
2596 2258 2916 2326 hominum,
2947 2260 3118 2314 homo
3159 2260 3413 2316 Christus
3451 2262 3632 2328 Jesus,
3667 2261 3818 2316 hanc

2176 2351 2497 2423 praepositis
2529 2352 2790 2406 Ecclesiae
2828 2351 3064 2408 tradidit
3106 2356 3464 2424 potestatem,
3497 2360 3560 2409 ut
3589 2358 3646 2409 et
3670 2371 3811 2410 con-

2176 2445 2469 2500 ﬁtentibus
2487 2445 2768 2500 actionem
2796 2446 3142 2517 poenitentiae
3173 2447 3396 2514 darent,
3414 2452 3470 2504 et
3495 2448 3708 2503 salubri
3729 2466 3817 2504 sa-

2177 2539 2497 2594 tisfactione
2522 2545 2792 2610 purgatos
2825 2540 3293 2595 communionem
3321 2547 3815 2597 sacramentorum

2177 2649 2279 2703 per
2295 2634 2530 2704 januam
2560 2633 3030 2688 reconciliationis
3065 2634 3452 2690 admitterent.
3480 2635 3580 2690 Cui
3610 2636 3814 2708 utique

2176 2726 2330 2796 operi
2359 2726 2480 2796 ipse
2511 2727 2772 2782 Salvator
2810 2727 3138 2795 intervenit,
3173 2745 3277 2783 nec
3318 2745 3573 2800 unquam
3609 2729 3682 2784 ab
3721 2730 3817 2785 his

2174 2819 2332 2874 abest
2355 2836 2483 2890 quae
2519 2820 2794 2875 ministris
2832 2820 2948 2874 suis
2991 2822 3350 2893 exsequenda
3395 2823 3700 2890 commisit,
3733 2825 3818 2878 di-

2175 2929 2350 2966 cens:
2385 2934 2412 2962 «
2451 2915 2590 2968 Ecce
2630 2929 2736 2983 ego
2779 2914 3071 2968 vobiscum
3111 2931 3237 2969 sum
3284 2916 3552 2970 omnibus
3603 2917 3814 2971 diebus

2175 3022 2351 3077 usque
2397 3007 2466 3060 ad
2514 3008 3067 3063 consummationem
3117 3009 3308 3063 saeculi
3354 3011 3569 3079 (Matth.
3619 3027 3812 3079 xxvm,

2175 3098 2283 3168 20),
2317 3121 2343 3149 »
2377 3104 2437 3154 ut
2464 3099 2509 3153 si
2539 3099 2674 3170 quid
2719 3117 2822 3170 per
2859 3101 3191 3156 servitutem
3242 3105 3499 3158 nostram
3529 3103 3682 3159 bono
3717 3121 3811 3159 or-

2174 3192 2304 3247 dine
2323 3195 2380 3246 et
2404 3193 2746 3262 gratulando
2775 3193 3046 3265 impletur
3072 3194 3295 3263 effectu,
3315 3213 3427 3250 non
3448 3197 3817 3268 ambigamus

2172 3302 2275 3357 per
2315 3286 2591 3356 Spiritum
2645 3290 2902 3342 sanctum
2950 3287 3122 3342 fuisse
3171 3275 3473 3364 donatumi
3511 3291 3566 3346 Si
3609 3295 3809 3345 autem

2173 3379 2374 3451 aliquis
2398 3396 2597 3434 eorum
2625 3397 2727 3452 pro
2749 3381 2956 3452 quibus
2985 3383 3230 3438 Domino
3257 3383 3639 3455 supplicamus
3665 3402 3811 3456 quo-

2171 3490 2395 3545 cunque
2418 3474 2766 3545 interceptus
2798 3475 3087 3530 obstaculo
3115 3494 3148 3531 a
3173 3493 3413 3532 munere
3435 3478 3813 3548 indulgentia!

2173 3567 2467 3637 praesentis
2493 3568 2784 3638 exciderit,
2816 3572 2873 3623 et
2899 3570 3236 3641 priusquam
3273 3571 3346 3624 ad
3390 3573 3694 3627 constituta
3725 3589 3815 3628 re-

2172 3661 2360 3716 media
2387 3661 2730 3732 perveniret,
2761 3664 3144 3734 temporalem
3175 3663 3351 3719 vitam
3382 3665 3633 3720 humana
3663 3683 3807 3721 con-

2171 3755 2386 3810 ditione
2411 3755 2641 3822 ﬁnierit,
2677 3757 2829 3826 quod
2864 3773 3104 3812 manens
3132 3757 3190 3812 in
3221 3775 3476 3830 corpore,
3509 3775 3625 3814 non
3656 3776 3814 3815 rece-

2172 3849 2316 3920 perit
2337 3847 2630 3920 consequi,
2646 3855 2851 3904 exutus
2872 3867 3042 3906 carne
3059 3868 3177 3907 non
3199 3852 3428 3923 poterit.
3446 3853 3554 3907 Nec
3577 3869 3808 3908 necesse

2173 3949 2258 3997 est
2298 3942 2459 3997 nobis
2497 3958 2697 3997 eorum
2727 3943 2824 4014 qui
2867 3944 2944 3999 sic
2987 3945 3235 4000 obierint
3285 3947 3486 4002 merita
3531 3950 3806 4019 actusque

2171 4035 2470 4104 discutere,
2501 4051 2631 4090 cum
2680 4037 2948 4092 Dominus
2985 4039 3129 4094 Deus
3157 4045 3368 4108 noster,
3398 4041 3561 4110 cujus
3585 4041 3804 4111 judicia

2173 4135 2470 4200 nequeunt
2511 4131 2945 4201 comprehendi,
2975 4133 3125 4203 quod
3162 4133 3509 4190 sacerdotale
3549 4135 3806 4190 ministe-

2170 4223 2320 4278 rium
2360 4223 2601 4294 implere
2629 4240 2743 4278 non
2773 4225 2958 4295 potuit
2985 4243 3101 4280 suae
3135 4227 3371 4298 justitiae
3408 4230 3803 4284 reservaverit.

2169 4318 2244 4372 lta
2271 4320 2603 4388 potestatem
2631 4335 2791 4372 suam
2823 4318 3012 4374 timeri
3037 4321 3235 4375 volens
3260 4325 3323 4374 ut
3348 4321 3439 4376 hic
3478 4325 3661 4376 terror
3687 4339 3806 4377 om-

2169 4411 2332 4465 nibus
2361 4411 2563 4482 prosit,
2590 4414 2648 4465 et
2684 4412 2836 4482 quod
2868 4413 3208 4482 quibusdam
3243 4415 3452 4486 tepidis
3495 4418 3594 4469 aut
3619 4417 3804 4488 negli-

2169 4505 2434 4575 gentibus
2473 4504 2696 4572 accidit,
2725 4521 2898 4560 nemo
2931 4523 3045 4561 non
3089 4513 3331 4575 metuat,
3360 4509 3606 4563 multum
3647 4510 3802 4564 enim

434 4596 518 4646 sto
535 4613 562 4640 ››
581 4595 771 4647 tamen
792 4594 1020 4662 dicitur,
1042 4597 1179 4651 «lex
1201 4613 1315 4651 non
1339 4603 1424 4653 est
1450 4599 1636 4669 posita
1653 4600 1704 4670 (Ι
1725 4603 1859 4655 Tim.
1879 4619 1916 4668 ι,
1935 4602 2010 4670 9),
2035 4622 2061 4651 ››
2085 4606 2144 4678 Ι)
2169 4599 2306 4652 utile
2335 4615 2398 4652 ac
2427 4599 2813 4654 necessarium
2838 4603 2942 4666 est,
2974 4604 3036 4655 ut
3064 4605 3432 4672 peccatorum
3457 4609 3645 4658 reatus
3667 4609 3804 4659 ante

431 4686 563 4755 quia
584 4703 846 4741 normam
873 4690 1270 4760 praeceptionis
1297 4691 1501 4762 implet
1510 4693 1724 4762 judicio
1739 4694 2064 4762 voluntatis,

431 4795 559 4833 cum
592 4796 754 4835 verus
785 4781 922 4836 recti
946 4799 1108 4837 amor
1135 4783 1190 4837 in
1223 4785 1528 4856 semetipso
1558 4787 1728 4842 habet
1755 4790 1813 4841 et
1842 4792 2064 4858 aposto-

432 4873 567 4926 licas
607 4875 972 4931 auctoritates
1003 4881 1058 4931 et
1099 4879 1399 4932 canonicas
1429 4879 1763 4934 sanctiones.
1810 4880 2064 4944 Quarum

431 4966 668 5020 devotus
694 4971 940 5022 sectator
959 4975 1016 5024 et
1045 4970 1288 5042 diligens
1315 4976 1614 5026 exsecutor
1634 4973 1694 5027 in
1721 4990 1919 5028 eorum
1941 4992 2067 5045 pro-

429 5060 517 5112 cul
549 5059 719 5114 dubio
749 5063 1032 5118 consortio
1073 5064 1427 5135 gloriaberis,
1461 5067 1558 5138 qui
1602 5068 1671 5122 de
1717 5069 2062 5123 creditorum

430 5151 533 5206 sibi
603 5154 943 5222 profectibus
1007 5158 1353 5214 talentorum
1413 5161 1612 5216 audire
1671 5168 2060 5217 meruerunt:

435 5267 459 5291 ι(
486 5245 662 5316 Euge,
687 5263 844 5302 serve
870 5249 1018 5305 bone
1042 5254 1100 5305 et
1119 5252 1320 5323 ﬁdelis,
1345 5255 1479 5325 quia
1503 5272 1678 5327 super
1707 5273 1886 5327 pauca
1909 5256 2062 5310 fuisti

428 5338 628 5404 lidelis,
653 5356 822 5410 supra
851 5345 1032 5399 multa
1060 5350 1112 5399 te
1136 5348 1513 5402 constituam:
1537 5348 1686 5403 intra
1709 5350 1766 5404 in
1785 5349 2060 5420 gaudium

427 5432 652 5487 Domini
694 5434 774 5487 tui
805 5437 1020 5504 (Matth.
1050 5455 1216 5504 xxvn,
1247 5440 1356 5508 2t).
1387 5462 1414 5488 »
1463 5441 1535 5494 Ut
1561 5446 1752 5497 autem
1795 5443 2061 5498 ﬁduciam

429 5526 749 5580 dilectionis
780 5545 920 5600 erga
953 5533 1008 5584 te
1033 5535 1246 5585 nostra;
1290 5531 1504 5586 habere
1534 5549 1648 5588 non
1685 5535 1930 5604 dubites,
1960 5553 2058 5590 sae-

432 5619 555 5688 pius
595 5637 698 5675 nos
725 5622 794 5676 de
825 5638 1088 5692 processu
1118 5627 1348 5678 actuum
1380 5629 1610 5682 tuorum
1649 5629 1827 5684 facias
1856 5629 2059 5684 certio-

431 5730 534 5782 res,
564 5714 834 5784 quoniam
857 5715 1061 5785 judicii
1099 5718 1276 5771 nostri
1306 5734 1592 5776 memores
1623 5724 1884 5794 cupimus
1911 5740 2058 5778 sem-

428 5821 529 5871 per
558 5807 628 5859 de
651 5807 764 5859 tuis
793 5807 1141 5877 profectibus
1177 5809 1235 5862 in
1280 5811 1518 5866 Domino
1549 5815 1801 5883 gloriari.
1831 5816 1977 5869 Deus
2008 5821 2063 5870 te

433 5896 754 5951 incolumen
784 5899 1082 5966 custodiat,
1115 5901 1290 5957 frater
1317 5903 1664 5960 charissime.

2168 4691 2435 4746 ultimum
2475 4691 2630 4746 diem
2678 4693 3006 4748 sacerdotali
3052 4695 3472 4766 supplicatione
3529 4697 3801 4752 solvatur.

2169 4785 2264 4838 llis
2292 4789 2482 4839 autem
2504 4785 2600 4856 qui
2632 4785 2690 4840 in
2721 4789 2980 4857 tempore
3011 4789 3364 4844 necessitatis
3395 4793 3452 4845 et
3481 4789 3537 4844 in
3565 4791 3804 4860 periculi

2170 4879 2426 4949 urgentis
2457 4878 2726 4934 instantia
2751 4879 3081 4950 praesidium
3105 4883 3455 4952 paenitentia!
3481 4887 3536 4939 et
3565 4900 3700 4938 mox
3719 4901 3804 4939 re-

2167 4972 2923 5044 conciliationisimplorant,
2942 4991 3048 5029 nec
3069 4976 3373 5031 satisfactio
3402 4977 3800 5033 interdicenda

2167 5069 2270 5131 est,
2302 5082 2406 5120 nec
2433 5066 2816 5122 reconciliatio
2846 5067 3207 5139 deneganda,
3239 5070 3372 5141 quia
3401 5071 3803 5126 misericordia:

2167 5159 2261 5214 Dei
2302 5176 2404 5213 nec
2441 5176 2739 5214 mensuras
2784 5177 3088 5232 possumus
3131 5180 3369 5234 ponere,
3400 5180 3504 5219 nec
3547 5167 3804 5236 tempora

2169 5252 2426 5319 deﬁnire,
2443 5254 2591 5324 apud
2617 5270 2788 5325 quem
2808 5256 2995 5310 nullas
3022 5257 3234 5328 patitur
3251 5257 3442 5313 venire
3459 5275 3651 5314 moras
3672 5275 3807 5314 con-

2168 5348 2367 5415 versio,
2398 5347 2623 5403 dicente
2663 5349 2873 5420 Spiritu
2918 5349 3014 5404 Dei
3059 5368 3164 5422 per
3190 5353 3568 5423 prophetam:
3600 5375 3628 5402 ‹‹
3661 5354 3804 5408 Cum

2165 5458 2467 5496 conversus
2510 5441 2888 5513 ingemueris,
2928 5449 3068 5499 tunc
3106 5447 3289 5501 salvus
3331 5445 3442 5500 eris
3473 5448 3683 5515 (Ezech.
3718 5464 3801 5515 ιιι,

2163 5537 2272 5605 21).
2304 5557 2331 5585 ››
2363 5539 2427 5592 Et
2457 5536 2593 5590 alibi
2623 5553 2636 5590 :
2673 5557 2700 5586 α
2730 5537 2827 5592 Dic
2852 5541 2914 5592 tu
2941 5537 3271 5610 iniquitates
3298 5544 3426 5595 tuas
3453 5546 3514 5595 ut
3526 5541 3804 5612 justiﬁce-

2163 5628 2241 5683 ris
2265 5629 2428 5699 (Psal.
2461 5646 2614 5696 χχιι,
2647 5634 2732 5700 5);
2764 5652 2791 5680 ››
2822 5635 2878 5686 et
2905 5630 3112 5687 iterum
3143 5650 3155 5687 :
3191 5654 3218 5683 «
3253 5633 3397 5698 Quia
3424 5634 3572 5704 apud
3603 5635 3800 5689 Domi-

2167 5739 2303 5778 num
2333 5722 2721 5778 misericordia
2748 5730 2852 5792 est,
2881 5731 2938 5781 et
2968 5725 3192 5797 copiosa
3220 5727 3374 5798 apud
3401 5743 3534 5782 eum
3561 5727 3800 5783 redem-

2166 5817 2283 5886 ptio
2310 5817 2479 5887 (Psal.
2520 5832 2708 5885 cxnx,
2740 5819 2812 5887 7).
2845 5839 2872 5867 ››
2915 5819 2973 5873 1η
3017 5819 3412 5891 dispensandis
3462 5821 3651 5893 itaque
3697 5822 3800 5877 Dei

2165 5908 2328 5962 donis
2358 5925 2475 5962 non
2514 5909 2786 5965 debemus
2812 5926 2933 5966 esse
2965 5912 3243 5972 difﬁciles.
3275 5930 3379 5969 nec
3405 5914 3795 5970 accusantium
