4034 6334
179 389 274 444 889

1406 383 1878 448 DECRETALIUM
1916 383 2306 448 COLLECTIO.

3441 397 3540 455 890

177 515 231 552 se
253 499 544 570 lacrymas
573 498 934 569 gemitusque
963 498 1279 571 negligere,
1309 515 1440 554 cum
1477 500 1661 571 ipsam
1688 517 1804 571 poe-
1829 513 1890 585 Α
1908 501 2066 555 Unde
2091 500 2255 555 beata
2280 501 2388 555 erit
2415 502 2986 572 perseverantia,nisi
3007 504 3077 558 de
3099 504 3310 560 virtute
3323 507 3543 577 patien-

177 593 476 646 nitentiam
506 609 574 647 ex
602 591 700 647 Dei
721 592 1016 660 credamus
1044 592 1424 664 inspiratione
1453 599 1807 664 conceptam,

178 685 393 740 dicente
407 687 707 756 Apostolo:
729 707 756 736 «
770 687 849 740 Ne
859 686 1006 741 forte
1020 686 1113 741 det
1129 687 1240 740 illis
1255 687 1402 742 Deus
1415 686 1810 758 paenitentiam

175 782 234 833 ut
258 779 604 850 resipiscant
628 797 660 834 a
695 779 912 834 diaboli
943 781 1177 851 laqueis,
1211 797 1243 834 a
1273 797 1387 851 quo
1433 781 1579 852 capti
1609 785 1809 835 tenen-

176 880 263 927 tur
284 871 360 926 ad
387 871 567 943 ipsius
587 873 940 927 voluntatem
960 873 1035 942 (II
1054 876 1258 941 Tim.u,
1282 876 1390 944 26).
1417 894 1443 925 »
1468 873 1626 928 Unde
1649 890 1813 945 opor-

175 970 251 1019 tet
275 982 756 1036 unumquemque
788 966 1174 1021 Christianum
1202 966 1560 1021 conscientiae
1581 983 1699 1022 suae
1718 967 1813 1020 ha-

175 1059 301 1113 bere
321 1058 627 1129 judicium,
660 1076 732 1114 ne
773 1061 1026 1114 converti
1065 1061 1140 1114 ad
1185 1060 1485 1115 Dominum
1523 1061 1594 1116 de
1629 1059 1720 1114 die
1749 1061 1810 1114 in

176 1153 321 1207 diem
359 1152 605 1222 differat,
633 1170 740 1208 nec
777 1154 1176 1208 satisfactionis
1207 1155 1315 1208 sibi
1356 1158 1584 1226 tempus
1612 1155 1672 1208 in
1699 1153 1811 1209 fine

178 1245 296 1300 vitta
313 1263 436 1301 sua:
464 1246 792 1314 constituat,
815 1264 987 1318 quem
1010 1248 1334 1319 periculose
1367 1247 1685 1318 ignorantia
1711 1248 1813 1301 hu-

178 1356 342 1394 mana
371 1340 684 1407 concludit,
705 1346 770 1395 ut
801 1341 872 1395 ad
901 1357 1207 1412 paucarum
1237 1342 1505 1396 horarum
1540 1358 1599 1395 se
1630 1357 1808 1395 reser-

177 1439 260 1488 vet
304 1434 614 1504 incertum,
646 1438 704 1488 et
747 1450 875 1488 cum
918 1435 1094 1506 possit
1134 1435 1389 1506 pleniore
1431 1434 1811 1489 satisfactione

178 1527 591 1598 indulgentiam
637 1529 974 1599 promereri,
1006 1529 1156 1582 illius
1205 1529 1479 1600 temporis
1521 1528 1811 1600 angustias

177 1621 360 1693 eligat,
394 1638 509 1692 quo
541 1622 627 1674 vix
651 1620 905 1677 inveniat
933 1622 1186 1693 spatium
1211 1624 1298 1678 vel
1325 1623 1605 1677 confessio
1637 1622 1813 1694 paeni-

179 1715 344 1770 tentis
373 1715 467 1769 vel
507 1715 893 1770 reconciliatio
934 1715 1262 1770 sacerdotis.
1308 1718 1535 1786 Verum,
1571 1721 1634 1771 ut
1671 1716 1809 1785 dixi,

179 1808 346 1862 etiam
375 1809 572 1862 talium
600 1809 924 1863 necessitati
949 1809 1028 1864 ita
1065 1809 1459 1864 auxiliandum
1487 1813 1591 1878 est,
1619 1815 1684 1864 ut
1706 1825 1811 1864 nec

1911 593 2050 648 tiae?
2092 595 2231 648 Nam
2279 594 2593 649 secundum
2643 596 3013 666 apostolicam
3061 599 3545 668 praedicationem,

1916 687 2144 741 «omnis
2157 688 2254 759 qui
2265 689 2511 743 voluerit
2528 689 2618 760 pie
2628 689 2816 744 vivere
2829 690 2889 744 in
2902 690 3122 746 Christo
3138 693 3269 747 Jesu
3285 709 3548 764 persecu-

1910 781 2125 834 tionem
2153 781 2402 851 patietur
2419 783 2492 849 (II
2511 784 2645 836 Tim.
2663 799 2744 850 III,
2767 784 2872 853 l2).
2893 782 3086 856 220
3111 785 3248 848 Quae
3273 802 3386 840 non
3405 786 3461 840 in
3481 803 3547 842 eo

1915 877 2132 928 tantum
2153 876 2562 946 computando,
2580 877 2729 947 quod
2757 881 2958 931 contra
2977 878 3356 932 Christianam
3377 880 3546 950 pieta~

1914 971 2027 1020 tem
2053 972 2150 1021 aut
2177 967 2353 1036 ferro,
2383 974 2480 1023 aut
2505 969 2734 1039 ignibus
2761 971 2968 1040 agitur,
2990 977 3089 1025 aut
3113 971 3547 1044 quibuscumque

1913 1061 2220 1132 suppliciis,
2237 1078 2367 1116 cum
2388 1063 2852 1133 persecutionum
2874 1065 3145 1119 saevitiam
3173 1066 3470 1136 supple-ant
3491 1073 3547 1120 et

1914 1153 2410 1209 dissimilitudines
2422 1163 2732 1224 morum,et
2745 1158 3542 1227 contumaciaainobedientia,

1914 1252 1970 1301 et
1996 1247 2382 1318 malignarum
2411 1250 2522 1304 tela
2546 1250 2900 1321 linguarum,
2933 1251 3139 1322 quibus
3175 1252 3544 1307 conﬂictatio-

1911 1341 2080 1395 nibus
2094 1358 2224 1396 cum
2238 1342 2429 1396 omnia
2444 1359 2672 1414 semper
2684 1345 2938 1399 Ecclesiae
2956 1345 3215 1399 membra
3226 1347 3542 1418 pulsentur,

1913 1440 1967 1489 et
1992 1435 2152 1488 nulla
2179 1435 2404 1506 piorum
2435 1437 2620 1508 portio
2643 1437 2735 1491 hic
2757 1454 2789 1492 a
2821 1438 3136 1493 tentatione
3158 1439 3230 1494 sit
3248 1439 3444 1507 libera,
3465 1440 3546 1494 ita

1912 1534 1976 1582 ut
2004 1528 2267 1599 periculis
2295 1545 2400 1584 nec
2429 1530 2544 1584 otia
2569 1534 2820 1600 careant,
2850 1548 2954 1586 nec
2975 1532 3217 1586 labores.
3241 1533 3374 1596 Quis
3397 1534 3546 1588 inter

1911 1622 2114 1678 ﬂuctus
2144 1623 2317 1677 maris
2344 1640 2517 1678 naves
2544 1624 2760 1694 dirigit,
2791 1625 2839 1678 si
2869 1625 3221 1696 gubernator
3247 1626 3546 1681 abscedat?

1911 1716 2044 1780 Quis
2073 1716 2141 1770 ab
2173 1717 2389 1771 insidiis
2417 1718 2688 1788 luporum
2729 1731 2862 1773 oves
2905 1719 3199 1789 custodiet,
3229 1719 3274 1773 si
3306 1721 3548 1790 pastoris

1914 1825 2047 1863 cura
2062 1826 2176 1864 non
2202 1810 2442 1881 vigilet?
2467 1811 2602 1875 Quis
2629 1812 2875 1882 denique
2897 1812 3211 1866 latronibus
3239 1812 3472 1866 obsistet
3491 1820 3549 1868 et

177 1901 316 1955 actio
345 1902 460 1956 illis
485 1902 854 1973 paenitentiae,
887 1919 994 1957 nec
1037 1903 1453 1958 communionis
1491 1903 1668 1974 gratia
1707 1903 1806 1958 de-
1830 1887 1886 1958 B
1912 1903 2131 1957 furibus
2161 1903 2206 1958 si
2237 1905 2659 1974 speculatorem
2687 1905 2744 1958 in
2785 1911 3090 1976 conspectu
3137 1906 3548 1978 explorationis

177 2001 439 2068 negetur,
471 1997 516 2050 si
547 2012 677 2051 eam
705 1996 876 2051 etiam
903 1996 1110 2051 amisso
1139 1997 1288 2052 vocis
1318 1997 1505 2052 officio
1532 2013 1635 2067 per
1654 1996 1805 2068 judi-

177 2090 323 2144 cium
352 2089 565 2161 integri
593 2106 790 2145 sensus
817 2107 1076 2162 quaarere
1101 2092 1565 2163 comprobentur,
1589 2091 1742 2162 quod
1765 2090 1810 2144 si

176 2183 360 2254 aliqua
389 2183 452 2237 in
485 2183 826 2254 aegritudine
857 2185 932 2239 ita
963 2184 1182 2238 fuerint
1221 2184 1534 2256 aggravati,
1567 2187 1629 2238 ut
1658 2184 1808 2256 quod

178 2277 339 2348 paulo
367 2282 503 2332 ante
548 2278 878 2348 poscebant,
911 2278 1014 2332 sub
1045 2277 1348 2349 praesentia
1393 2278 1694 2333 sacerdotis
1734 2277 1804 2332 si-

178 2371 448 2441 gnificare
481 2387 594 2425 non
623 2371 868 2441 valeant,
901 2371 1226 2426 testimonia
1275 2371 1355 2425 eis
1400 2371 1652 2426 ﬁdelium
1697 2371 1806 2426 cir-

178 2465 582 2520 cumstantium
623 2465 894 2536 prodesse
925 2465 1232 2533 debebunt,
1260 2470 1325 2520 ut
1353 2466 1520 2520 simul
1545 2468 1605 2519 et
1626 2465 1804 2536 poeni-

179 2559 369 2614 tentia:
396 2563 454 2613 et
478 2559 961 2614 reconciliationis
991 2559 1334 2615 beneficium
1363 2565 1806 2630 consequantur,

178 2657 396 2707 servata
442 2657 638 2708 tamen
671 2654 871 2725 regula
913 2670 1200 2708 canonum
1249 2659 1620 2725 paternorum
1659 2653 1810 2708 circa

177 2763 373 2802 eorum
401 2763 676 2818 personas
702 2747 800 2818 qui
825 2747 884 2802 in
911 2748 1089 2802 Deum
1118 2765 1150 2802 a
1171 2748 1285 2802 fide
1320 2747 1664 2802 discedendo
1687 2763 1808 2818 pec-

177 2847 394 2896 carunt.
430 2841 560 2896 Haec
586 2844 802 2910 autem,
829 2841 1028 2911 frater,
1056 2858 1181 2913 quae
1205 2842 1276 2896 ad
1302 2841 1807 2913 interrogationem

176 2935 496 2989 dilectionis
517 2939 651 3004 tuae,
672 2935 799 2990 ideo
827 2935 1114 3007 respondi,
1135 2951 1208 2990 ne
1224 2935 1439 3006 aliquid
1459 2935 1808 2989 contrarium

178 3028 274 3083 sub
298 3028 643 3099 ignorantia:
671 3029 1036 3084 excusatione
1067 3033 1366 3100 gereretur
1392 3028 1450 3082 in
1481 3029 1808 3099 metropoli-

181 3122 290 3175 tani
308 3122 392 3176 tui
417 3122 682 3176 notitiam
707 3123 877 3177 facies
897 3124 1215 3194 pervenire,
1239 3127 1303 3177 ut
1321 3123 1366 3177 si
1391 3124 1491 3193 qui
1510 3123 1658 3177 forte
1678 3126 1810 3176 sunt

178 3217 415 3270 fratrum
442 3215 540 3286 qui
565 3216 636 3270 de
663 3216 751 3270 his
781 3220 946 3272 antea
989 3219 1325 3289 putaverant
1373 3216 1804 3288 ambigendum,

181 3325 274 3379 per
299 3309 490 3381 ipsum
521 3309 591 3365 de
623 3310 888 3366 omnibus
917 3328 1046 3383 quae
1084 3311 1157 3365 ad
1185 3316 1237 3366 te
1281 3310 1488 3382 scripta
1531 3313 1685 3378 sunt,
1719 3310 1804 3363 in-

179 3409 488 3458 struantur.

244 3499 393 3554 LXX.
427 3529 494 3538 -—
522 3499 613 3555 Ad
652 3500 929 3554 Rusticum
972 3500 1371 3557 Narbonensem
1413 3501 1735 3569 episc0pu-m.

245 3593 356 3648 on
385 3592 701 3663 episcopus,
729 3594 964 3648 RUSTICO
993 3593 1350 3648 Narbonensi
1375 3593 1661 3663 episcopo.

246 3686 526 3758 Epistolas
553 3686 921 3742 fraternitatis
946 3691 1061 3743 tua;
1091 3704 1231 3758 quas
1262 3688 1495 3742 Hermes
1524 3684 1806 3739 archidia-

179 3798 354 3836 conus
379 3784 514 3836 tuus
554 3781 759 3836 detulit
782 3782 1030 3837 libenter
1057 3781 1270 3852 accepi,
1300 3781 1650 3836 diversarum
1683 3779 1806 3850 qui-

180 3875 307 3929 dem
337 3891 642 3930 causarum
684 3877 1033 3930 connexione
1075 3875 1434 3946 multiplices,
1464 3874 1562 3928 sed
1589 3890 1704 3927 non
1731 3871 1810 3926 ita

180 3969 471 4040 patientia:
492 3985 757 4025 onerosas
778 3975 843 4024 ut
872 3970 1085 4042 aliquid
1113 3986 1314 4024 earum
1336 3986 1439 4040 per
1457 3969 1811 4042 incurrentes

181 4063 435 4135 undique
474 4063 884 4120 sollicitudines
927 4040 1098 4119 fuerit
1139 4040 1642 4140 praetermissum,’
1651 4061 1810 4116 Unde

181 4159 352 4214 totius
389 4158 673 4213 sermonis
715 4158 798 4214 tui
844 4159 1184 4230 allegatione
1226 4161 1517 4230 comperta
1553 4163 1608 4212 et
1644 4156 1813 4228 gestis

177 4268 302 4324 quae
328 4253 390 4307 in
420 4251 816 4324 episcoporum
845 4253 1370 4323 honoratorumque
1399 4250 1663 4305 examine
1684 4266 1813 4303 con-

179 4348 328 4402 fecta
358 4351 494 4402 sunt
519 4346 830 4416 recensitis,
859 4347 1162 4402 Saviniano
1189 4351 1244 4400 et
1270 4345 1439 4400 Leoni
1472 4343 1814 4415 presbyteris

176 4441 416 4496 actionis
443 4457 563 4496 suae
591 4441 972 4496 intelleximus
1008 4440 1273 4495 fiduciam
1311 4439 1572 4504 defuisse,
1599 4453 1702 4492 nec
1734 4437 1814 4490 eis

171 4536 391 4606 justam
423 4551 721 4606 superesse
761 4535 1180 4607 querimoniam
1227 4534 1324 4604 qui
1356 4549 1415 4587 se
1441 4533 1510 4588 ab
1538 4530 1815 4586 inchoatis

1908 1997 2176 2066 locatum,
2228 1997 2298 2050 ab
2342 1998 2661 2052 intentione
2706 1998 3099 2053 sollicitudinis
3140 2016 3302 2054 amor
3343 1999 3550 2071 quietis

1908 2088 2188 2145 abducat?
2217 2090 2671 2145 Permanendum
2703 2107 2841 2162 ergo
2860 2092 2921 2145 in
2948 2108 3117 2164 opere
3149 2098 3235 2147 est
3257 2093 3470 2147 credito
3492 2098 3550 2147 et

1910 2183 1969 2237 in
1997 2183 2187 2238 labore
2230 2190 2509 2255 suscepto.
2540 2185 2878 2240 Constanter
2907 2185 3158 2240 tenenda
3187 2189 3272 2240 est
3303 2185 3542 2256 justitia,

1910 2282 1966 2332 et
1980 2277 2229 2348 benigne
2244 2278 2566 2349 praestanda
2579 2279 2874 2334 clementia
2886 2321 2898 2333 .
2915 2279 3056 2334 Odio
3075 2279 3401 2334 habeantur
3420 2297 3546 2351 pec.

1910 2376 2032 2426 cata
2065 2387 2182 2426 non
2217 2371 2500 2428 homines.
2545 2373 2703 2427 Nunc
2746 2373 3132 2444 corripiantur
3157 2373 3364 2443 timidi,
3396 2389 3547 2428 nunc

1910 2465 2225 2520 tolerentur
2255 2465 2470 2519 inﬁrmi
2499 2471 2554 2521 et
2579 2467 2728 2538 quod
2752 2468 2810 2520 in
2836 2467 3078 2537 peccatis
3107 2467 3357 2522 severius
3379 2467 3543 2522 casti-

1911 2576 2044 2630 gare
2076 2575 2302 2613 necesse
2325 2564 2426 2626 est,
2455 2575 2572 2613 non
2603 2559 2888 2614 saevientis
2913 2561 3196 2631 plectatur
3222 2561 3418 2614 animo
3445 2561 3545 2616 sed

1910 2653 2209 2708 medentis.
2243 2655 2316 2707 At
2355 2653 2401 2707 si
2429 2653 2824 2709 vehementior
2862 2653 3151 2708 tribulatio
3202 2654 3542 2722 incubuerit,

1909 2763 2023 2801 non
2051 2747 2129 2801 ita
2159 2762 2594 2817 expavescemus
2633 2747 2799 2818 quasi
2831 2747 2912 2802 illi
2942 2747 3267 2802 adversitati
3302 2747 3546 2820 propriis

1911 2841 1982 2895 sit
1998 2840 2210 2895 viribus
2232 2841 2629 2910 resistendum,
2648 2857 2780 2895 cum
2809 2847 2866 2896 et
2891 2840 3193 2896 consilium
3213 2847 3468 2896 nostrum
3493 2848 3547 2897 et

1916 2934 2189 2989 fortitudo
2226 2934 2298 2989 sit
2333 2935 2608 3001 Christus,
2640 2939 2724 3004 ut,
2753 2935 2874 2989 sine
2903 2952 3016 3007 quo
3049 2935 3193 2989 nihil
3219 2951 3544 3007 possumus,

1909 3044 2012 3100 per
2042 3028 2229 3100 ipsum
2257 3033 2462 3083 cuncta
2488 3029 2787 3100 possimus,
2809 3029 2946 3100 quia
2974 3029 3320 3084 conﬁrmans
3344 3029 3550 3100 praedi-

1910 3126 2126 3177 catores
2194 3122 2508 3193 Evangelii,
2569 3126 2626 3176 et
2685 3126 3174 3178 sacramentorum
3238 3123 3546 3179 ministros.

1915 3237 1940 3265 «
1965 3217 2102 3271 Ecce
2132 3233 2260 3286 ego,
2285 3216 2490 3288 inquit,
2520 3216 2813 3271 vobiscum
2837 3233 2963 3270 sum
2989 3233 3167 3288 usque
3194 3217 3266 3270 ad
3286 3233 3550 3272 consum-

1911 3309 2222 3364 mationem
2267 3309 2454 3363 saeculi
2481 3309 2694 3377 (Matth.
2733 3325 2922 3376 xxvm,
2967 3313 3076 3380 20).
3109 3331 3137 3358 ››
3175 3311 3244 3365 Et
3289 3311 3499 3365 iterum
3532 3329 3543 3364 :

1914 3427 1940 3452 α
1968 3404 2116 3470 Haec,
2145 3402 2351 3474 inquit,
2383 3403 2602 3457 locutus
2645 3419 2771 3457 sum
2798 3402 2956 3457 vobis
2993 3407 3054 3456 ut
3095 3403 3154 3456 in
3203 3419 3298 3457 me
3350 3420 3548 3474 pacem

1910 3496 2182 3551 habeatis.
2230 3498 2290 3550 In
2317 3496 2531 3550 mundo
2568 3500 2761 3550 autem
2797 3496 3193 3550 tribulationes
3236 3496 3541 3566 habebitis,

1909 3590 2007 3644 sed
2052 3589 2205 3644 bono
2249 3589 2443 3644 animo
2509 3593 2706 3660 estote,
2756 3591 2888 3660 quia
2937 3605 3042 3660 ego
3096 3590 3204 3644 vici
3261 3590 3546 3646 mundum

1910 3685 2084 3754 (Joan.
2119 3701 2227 3753 xw,
2262 3685 2369 3754 35).
2402 3705 2430 3733 »
2465 3683 2600 3748 Quae
2643 3683 3081 3754 pollicitationes
3124 3683 3258 3755 quia
3289 3684 3408 3738 sine
3439 3684 3545 3739 du-

1909 3778 2184 3833 bitatione
2214 3777 2531 3832 manifestae
2558 3781 2706 3845 sunt,
2740 3777 2913 3832 nullis
2958 3777 3236 3832 debemus
3265 3777 3548 3833 scandalis

1911 3872 2192 3926 infirmari
2235 3889 2306 3927 ne
2346 3871 2609 3927 electioni
2653 3871 2755 3926 Dei
2788 3871 3088 3927 videamur
3127 3873 3359 3944 ingrati,
3389 3871 3550 3945 cujus

1910 3972 2030 4021 tam
2073 3966 2327 4038 potentia
2355 3971 2487 4021 sunt
2530 3966 2814 4038 adjutoria
2859 3983 3030 4038 quam
3076 3983 3208 4021 vera
3247 3964 3546 4038 promissa.

1913 4063 1987 4116 De
2019 4060 2529 4116 consultationibus
2560 4063 2753 4114 autem
2788 4059 3108 4116 dilectionis
3139 4065 3252 4116 tua!
3291 4077 3431 4133 quas
3461 4078 3547 4115 se-

1914 4155 2161 4226 paratim
2183 4155 2524 4225 conscriptas
2550 4154 2986 4209 archidiaconus
3004 4159 3135 4210 tuus
3166 4154 3390 4222 detulit,
3413 4155 3552 4225 quid

1915 4249 2282 4303 sentiendum
2304 4247 2533 4302 sitinter
2546 4253 2860 4318 praesentes
2878 4248 3258 4319 opportunius
3275 4263 3553 4318 quaerere-

1914 4345 2008 4396 tur
2033 4341 2078 4395 si
2116 4342 2278 4395 nobis
2315 4341 2398 4394 tui
2442 4344 2776 4410 conspectus
2815 4341 2982 4411 copia
3025 4341 3367 4412 proveniret.
3412 4342 3552 4396 Nam

1914 4451 2045 4490 cum
2065 4435 2333 4506 quaedam
2360 4433 2836 4505 interrogationes
2866 4434 3102 4488 modum
3130 4434 3442 4505 diligentia;
3467 4435 3548 4488 vi-

1916 4528 2160 4582 deantur
2201 4527 2492 4595 excedere,
2537 4526 2796 4597 intelligo
2838 4543 2933 4581 eas
2971 4527 3263 4599 colloquiis
3309 4527 3552 4599 aptiores

180 4628 688 4701 disceptationibus
750 4633 950 4700 sponte
1017 4628 1403 4683 subduxerint.
1460 4627 1617 4682 Circa
1671 4638 2039 4718 quosDesse
2077 4637 2253 4692 quam
2300 4619 2539 4690 scriptis.
2573 4619 2716 4683 Quia
2755 4619 2900 4674 sicut
2942 4620 3204 4691 quaedam
3250 4625 3382 4674 sunt
3426 4637 3552 4691 quas

180 4740 357 4795 quam
388 4723 630 4778 formam
657 4739 898 4794 quamve
928 4738 1259 4777 mensuram
1289 4721 1491 4777 debeas
1512 4726 1705 4775 tenere
1728 4720 1814 4790 ju-

178 4818 344 4873 stitiae
372 4821 472 4872 tuo
493 4817 754 4888 relinquo
779 4815 1182 4883 moderamini,
1206 4816 1447 4870 suadens
1473 4820 1664 4869 tamen
1687 4814 1816 4868 cha-

176 4913 362 4967 ritatis
380 4913 614 4966 hortatu
628 4915 694 4966 ut
712 4910 1154 4982 sanandiszngris
1169 4909 1526 4980 spiritualem
1544 4907 1817 4962 adhibere

180 5003 389 5060 debeas
410 5004 776 5072 medicinam,
807 5010 862 5060 et
887 5005 1108 5060 dicente
1139 5003 1424 5074 Scriptura
1450 5021 1462 5056 :
1491 5024 1518 5051 «
1542 5000 1666 5056 Noli
1694 5016 1816 5054 esse

181 5100 430 5156 nimium
449 5100 640 5171 justus
675 5101 855 5167 (Eccli.
887 5117 1001 5168 xxi,
1031 5099 1118 5169 20)
1148 5119 1175 5147 »
1209 5097 1400 5151 mitius
1420 5113 1554 5167 agas
1584 5112 1714 5149 cum
1737 5095 1818 5148 eis

179 5196 276 5266 qui
321 5193 700 5266 impudicitia:
749 5194 869 5248 zelo
920 5193 1189 5247 videntur
1231 5191 1467 5246 modum
1522 5189 1818 5244 excessisse

180 5290 470 5359 vindictae,
489 5305 562 5344 ne
590 5288 845 5343 diabolus
875 5288 972 5360 qui
1003 5286 1230 5358 decepit
1259 5286 1546 5341 adulteros
1572 5284 1640 5338 de
1665 5283 1820 5337 adul-

180 5384 312 5438 terii
325 5384 566 5438 exsultet
578 5383 873 5438 ultoribus.
889 5383 1059 5437 Miror
1069 5385 1260 5436 autem
1282 5379 1646 5435 dilectionem
1659 5381 1818 5431 tuam

181 5478 238 5532 in
281 5483 508 5533 tantum
559 5478 955 5532 scandalorum
1003 5492 1346 5548 quacunque
1384 5473 1676 5529 occasione
1711 5488 1816 5525 no-

183 5574 461 5628 scentium
494 5571 834 5628 adversitate
860 5571 1102 5640 turbari,
1132 5573 1198 5623 ut
1224 5569 1579 5624 vacationem
1605 5566 1676 5620 ab
1704 5565 1820 5637 epi-

185 5673 450 5739 scopatus
475 5666 764 5722 laboribus
791 5671 990 5738 Optare
1018 5668 1074 5718 te
1107 5663 1282 5730 dicas,
1312 5667 1368 5718 et
1394 5663 1542 5717 male
1569 5662 1628 5715 in
1655 5660 1820 5714 silen-

184 5759 262 5814 tio
277 5767 447 5833 atque
468 5761 584 5817 otio
596 5761 775 5815 vitam
790 5760 1025 5832 degere,
1042 5773 1216 5829 quam
1233 5755 1292 5811 in
1310 5757 1398 5810 his
1419 5772 1547 5828 quin
1560 5754 1660 5810 tibi
1671 5770 1822 5808 com-

185 5853 354 5910 missa
366 5859 500 5910 sunt
512 5869 873 5926 permanere.
891 5853 1118 5908 Dicente
1129 5867 1262 5906 vero
1281 5851 1525 5906 Domino
1541 5867 1552 5904 :
1577 5870 1604 5899 ‹‹
1620 5849 1823 5903 Beatus

188 5950 283 6026 qui
303 5950 751 6021 perseveraverit
776 5965 957 6018 usque
975 5948 1031 6001 in
1049 5947 1223 6004 finem
1255 5946 1466 6011 (Matth.
1491 5959 1640 6007 xxxv,
1663 5944 1769 6004 l3).
1793 5961 1820 5993 η

1917 4716 2072 4769 nulla
2091 4719 2330 4786 possunt
2348 4711 2652 4768 traditione
2681 4713 2936 4780 convelli,
2957 4713 3034 4767 ita
3056 4714 3236 4768 multa
3259 4717 3409 4781 sunt,
3425 4730 3554 4784 qua:

1917 4813 2017 4863 aut
2047 4825 2148 4880 pro
2180 4807 2632 4863 consideratione
2671 4812 2924 4875 aetatum,
2951 4813 3049 4862 aut
3091 4824 3193 4877 pro
3234 4806 3549 4862 necessitu-

1918 4903 2051 4958 dine
2081 4919 2276 4957 rerum
2316 4906 2581 4973 oporteat
2611 4900 2937 4973 temperari,
2969 4900 3064 4955 illa
3091 4917 3317 4972 semper
3355 4901 3551 4956 condi-

1919 4997 2074 5051 tione
2122 5001 2360 5062 servata,
2391 5001 2456 5050 ut
2498 4996 2557 5049 in
2598 4994 2688 5050 his
2721 5011 2849 5066 quae
2879 4995 2966 5048 vel
2997 4994 3168 5048 dubia
3208 4994 3424 5049 fuerint
3455 5002 3555 5050 aut

1918 5091 2173 5158 obscura,
2198 5090 2252 5145 id
2284 5089 2607 5144 noverimus
2634 5088 3009 5160 sequendum,
3029 5088 3182 5160 quod
3209 5104 3312 5144 nec
3343 5105 3555 5160 praece-

1918 5184 2031 5256 ptis
2053 5183 2394 5256 evangelicis
2431 5182 2798 5249 contrarium,
2830 5198 2934 5236 nec
2961 5181 3202 5236 decretis
3229 5187 3550 5238 sanctorum

1921 5279 2154 5332 Patrum
2181 5276 2504 5332 inveniatur
2535 5276 2858 5330 adversum.

2054 5441 2319 5495 lucremur
2357 5456 2424 5492 AD
2468 5454 2872 5500 INQL’ISITIONEM
2913 5454 3144 5496 EIUSDEM
3185 5456 3423 5497 EPISCOPI

2445 5546 2704 5586 SUBJECTA
2741 5547 3009 5585 RESPONSA
3020 5573 3032 5585 .

1924 5661 2081 5724 Quod
2111 5675 2220 5713 non
2246 5660 2547 5744 hqbeantur
2574 5663 2828 5744 episcopi,
2859 5676 2990 5731 quos
3019 5677 3114 5744 nec
3155 5663 3328 5744 clerus
3374 5659 3549 5744 elegit,

1995 5747 2090 5786 nec
2142 5731 2377 5801 papulas
2424 5733 2735 5802 acquisivit,
2773 5749 2867 5787 nec
2913 5732 3274 5802 provinciales
3323 5735 3557 5802 episcopi

1994 5809 2392 5859 consecrarunt.

1922 5940 1959 6098 )
1999 5939 2159 5992 Nulla
2178 5939 2329 6022 ratio
2356 5939 2510 6008 sinit,
2530 5943 2591 5992 ut
2616 5940 2765 5994 inter
2784 5938 3071 6008 episcopos
3103 5937 3435 6004 habeantur,
3461 5940 3557 6009 qui

3595 5283 3635 5320 Ἰ

3558 5333 3666 5397 L’.\

3675 5401 3732 5451 Χ
