4034 6334
483 386 577 437 88H

1363 382 1644 439 APPEND.
1686 384 1775 437 AD
1812 384 1969 439 δίκε.
2014 384 2099 438 IX.
2131 414 2197 422 —
2240 380 2476 441 lSlDORl
2517 380 2940 440 MERCATORIS

3746 390 3853 439 892

486 509 595 547 nec
617 508 650 546 a
674 492 893 547 clericis
914 497 1044 547 sunt
1064 491 1249 558 electi,
1271 508 1377 546 nec
1399 509 1432 546 a
1451 491 1710 563 plebibus
1732 493 1993 564 expetiti,
2013 508 2119 547 nec
2138 506 2198 578 Α
2218 494 2521 548 honestata
2564 480 2843 548 videatur.
2894 495 3139 548 Paterno
3188 493 3419 547 arbitrio
3467 493 3599 547 viris
3632 494 3860 564 junctae

488 603 521 638 a
544 584 986 657 provincialibus
1007 584 1281 655 episcopis
1302 601 1433 639 cum
1460 585 1889 656 metropolitani
1901 586 2118 657 judicio

487 679 819 733 consecrati.
844 678 1001 733 Unde
1023 694 1155 731 cum
1183 694 1334 749 saepe
1359 678 1594 750 qumstio
1616 678 1686 733 de
1713 680 1863 733 male
1885 684 2116 751 accepto

485 772 703 827 honore
728 775 1012 838 nascatur,
1033 772 1159 842 quis
1177 772 1433 841 ambigat
1461 788 1828 844 nequaquam
1850 773 1970 827 istis
1995 789 2116 828 esse

484 864 870 935 tribuendum,
898 866 1049 936 quod
1082 882 1195 920 non
1222 865 1493 921 doceatur
1518 866 1687 920 fuisse
1728 866 2030 921 collatum?
2060 867 2115 921 Si

482 958 583 1030 qui
613 962 805 1013 autem
835 959 1023 1014 clerici
1048 960 1119 1014 ab
1150 959 1270 1014 istis
1304 959 1801 1030 pseudoepiscopis
1826 960 1886 1014 in
1914 960 1994 1015 eis
2021 976 2113 1014 ec-

483 1052 666 1107 clesiis
691 1052 939 1108 ordinati
968 1056 1116 1121 sunt,
1136 1070 1264 1124 quae
1284 1052 1357 1107 ad
1386 1052 1645 1124 proprios
1675 1054 1971 1125 episcopos
1992 1071 2118 1125 per-

486 1146 760 1215 tinebant,
779 1151 836 1200 et
850 1146 1132 1201 ordinatio
1156 1163 1356 1201 eorum
1377 1163 1653 1202 consensu
1675 1150 1733 1202 et
1740 1146 1958 1218 judicio
1980 1164 2118 1218 prae-

484 1240 793 1295 sidentium
822 1241 969 1295 facta
996 1246 1082 1296 est
1105 1246 1279 1312 prout
1306 1243 1429 1295 rata
1454 1240 1677 1310 haberi,
1706 1242 1785 1295 ita
1808 1246 1874 1296 ut
1897 1241 1955 1295 in
1985 1242 2117 1311 ipsis

483 1333 744 1388 Ecclesiis
763 1338 1149 1405 perseverent.
1169 1334 1349 1388 Aliter
1367 1337 1560 1389 autem
1581 1351 1724 1388 vana
1750 1339 1836 1389 est
1852 1334 2117 1389 habenda

484 1426 786 1493 ordinatio,
817 1444 947 1499 quae
990 1445 1096 1482 nec
1143 1429 1266 1483 loco
1310 1427 1547 1482 fundata
1593 1432 1695 1493 est,
1742 1444 1842 1481 nec
1888 1431 2115 1481 auctore

484 1520 724 1575 munita.

383 1640 469 1733 /
487 1632 963 1733 Qt’ii.”."ff’:”.‘e1“
988 1638 1085 1687 αυτ
1113 1633 1348 1733 iisin";
1374 1633 1991 1733 maereamus
2024 1634 2112 1687 ἀί·

555 1704 699 1771 lapsi
724 1705 952 1770 fuerint,
980 1720 1087 1758 non
1115 1709 1341 1773 possunt
1373 1720 1474 1773 per
1501 1719 1693 1759 manus
1718 1708 2114 1775 impositionem

551 1775 853 1843 parnitendi
880 1776 1175 1829 remedium
1204 1777 1471 1844 consequi.

563 1868 825 1923 Alienum
852 1873 936 1923 est
963 1886 997 1922 a
1037 1867 1448 1923 consuetudine
1494 1869 1889 1936 ecclesiastica,
1917 1874 1983 1924 ut
2016 1869 2111 1941 qui
2134 1878 2192 1952 B

487 1964 936 2041 presbyteralem
960 1962 1239 2017 honorem
1267 1966 1363 2015 aut
1386 1961 1609 2016 diaconi
1635 1962 1877 2033 gradum
1906 1963 2115 2017 fuerint

2218 593 2412 642 carent
2437 588 2604 658 culpa
2640 587 2686 640 si
2717 588 2982 641 mulieres
3017 603 3146 658 quae
3188 603 3221 642 a
3246 586 3379 640 viris
3408 586 3767 641 habebantur
3796 586 3859 640 in

2218 681 2588 735 matrimonio
2618 698 2729 734 non
2762 680 3017 749 fuerunt,
3039 681 3173 750 quia
3200 680 3355 734 aliud
3383 682 3467 733 est
3487 683 3669 751 nupta
3694 680 3856 734 aliud

2216 774 2547 830 concubina.

2217 878 2370 943 Quod
2392 893 2497 931 non
2521 880 2592 931 sit
2610 877 2848 946 conjugii
2879 877 3198 947 duplicatio,
3229 878 3449 946 quando
3476 880 3682 933 ancilla
3709 880 3858 946 reje-

2737 954 2825 1003 cta
2855 951 3148 1004 assumitur
3170 964 3329 1003 umor.

2287 1041 2565 1096 Ancillam
2594 1059 2627 1096 a
2668 1047 2792 1096 toro
2828 1041 3073 1112 abjicere
3103 1045 3162 1095 et
3196 1058 3436 1096 uxorem
3476 1047 3643 1097 certae
3694 1043 3862 1113 inge-

2219 1135 2450 1190 nuitatis
2484 1136 2762 1206 accipere,
2798 1152 2911 1190 non
2942 1135 3252 1206 duplicatio
3280 1136 3550 1208 conjugii,
3584 1136 3681 1190 sed
3717 1154 3856 1207 pro-

2215 1229 2394 1283 fectus
2423 1233 2508 1283 est
2530 1228 2857 1284 honestatis.
2886 1228 3182 1300 Culpanda
3209 1234 3299 1284 est
3323 1229 3521 1284 talium
3553 1230 3858 1301 negligen-

2218 1323 2316 1389 tia,
2341 1323 2439 1377 sed
2468 1340 2586 1378 non
2606 1323 2836 1394 penitus
2866 1322 3243 1392 discutienda,
3270 1328 3336 1377 ut
3358 1323 3568 1377 crebris
3592 1323 3861 1377 cohorta-

2215 1416 2466 1470 tionibus
2483 1415 2700 1470 incitati
2725 1416 2880 1487 quod
2897 1415 3208 1471 necessarie
3225 1416 3588 1486 expetierunt
3603 1416 3862 1470 fideliter

2215 1515 2272 1564 et
2290 1514 2694 1581 exsequantur.
2714 1510 2892 1564 Nemo
2919 1510 3074 1564 enim
3102 1509 3489 1581 desperandus
3515 1514 3601 1565 est
3626 1510 3773 1565 dum
3798 1510 3858 1564 in

2215 1619 2452 1674 corpore
2497 1603 2902 1658 constituitur:
2936 1603 3068 1674 quia
3108 1619 3528 1675 nonnunquam
3563 1605 3719 1675 quod
3764 1604 3857 1657 di-

2215 1696 2453 1751 ﬁdentia
2493 1697 2674 1751 astatis
2720 1696 3006 1763 differtur,
3035 1696 3273 1751 consilio
3319 1697 3634 1752 maturiore
3678 1699 3858 1769 perli-

2214 1791 2380 1845 citur.

2385 1888 2457 1940 De
2485 1887 2850 1940 communione
2871 1888 3133 1955 privatis,
3161 1890 3211 1939 et
3243 1888 3360 1940 vita
3390 1886 3678 1952 defunctis.

2288 1980 2501 2033 Horum
2530 1994 2704 2033 causa
2726 1978 2824 2033 Dei
2846 1978 3065 2049 judicio
3104 1979 3445 2034 reservanda
3468 1984 3572 2045 est,
3601 1980 3660 2034 in
3689 1978 3858 2049 cujus

481 2060 788 2126 6008800“,
820 2058 879 2112 hi
905 2056 1003 2128 (Ιυί
1025 2073 1095 2127 Pr
1097 2073 1129 2109 0
1159 2054 1397 2111 Crimine
1426 2056 1619 2128 aliquo
1657 2074 1758 2110 δυο
1786 2073 1889 2128 Per
1912 2072 2117 2112 manus
2217 2088 2390 2127 manu
2416 2072 2544 2140 fuit,
2576 2078 2637 2126 ut
2676 2072 2879 2127 talium
2916 2072 3102 2127 obitus
3126 2089 3304 2144 usque
3330 2074 3401 2128 ad
3431 2074 3861 2128 communionis

480 2153 903 2227 imposmonem
931 2149 1256 2204 remedium
1280 2148 1561 2220 accipiant
1598 2151 1928 2222 Ραθηίῗθηάίν
1961 2151 2115 2223 (ἰυοά
2221 2166 2539 2221 remedium
2572 2165 2911 2221 differretur.
2944 2166 3052 2220 Nos
3085 2171 3274 2221 autem
3301 2167 3506 2238 quibus
3531 2167 3859 2221 viventibus

482 2250 602 2305 sine
623 2245 929 2319 apostolica
956 2242 1259 2297 traditione
1287 2242 1602 2311 descendit,
1623 2245 1937 2299 secundum
1961 2244 2114 2315 quod

482 2342 756 2412 scriptum
787 2344 869 2394 est
904 2355 916 2391 :
945 2356 973 2388 (ί
1000 2336 1272 2392 Sacerdos
1322 2336 1368 2389 si
1406 2337 1727 2407 peccaverit
1766 2338 1893 2409 quis
1934 2337 2116 2392 orabit

480 2452 582 2507 pro
627 2451 696 2489 eo
737 2434 922 2503 (Leuit.
958 2448 1009 2497 v,
1044 2430 1149 2501 l8).
1180 2452 1206 2477 ››
1244 2428 1404 2483 Unde
1451 2429 1780 2500 hujusmodi
1823 2430 1993 2502 lapsis
2044 2431 2113 2485 ad

480 2526 926 2601 promerendam
953 2523 1404 2579 misericordiam
1434 2522 1531 2578 Dei
1558 2523 1773 2595 privata
1800 2530 1885 2579 est
1913 2540 2111 2597 exspe-

479 2622 686 2679 ctanda
727 2619 990 2687 secessio,
1020 2616 1112 2671 ubi
1141 2616 1249 2671 illis
1276 2616 1583 2671 satisfactio
1623 2617 1796 2688 digna
1832 2618 1905 2672 sit
1939 2619 2114 2674 etiam

478 2719 787 2772 fructuosa.

480 2819 631 2887 Quod
679 2819 936 2871 diaconus
980 2817 1127 2887 sicut
1175 2816 1451 2887 episcopus
1492 2818 1543 2868 et
1578 2815 1861 2883 presbyter
1913 2830 2114 2871 cessare

553 2889 705 2972 debet
733 2887 801 2941 ab
827 2902 980 2957 opere
1006 2885 1303 2953 coniugali,
1328 2900 1437 2939 non
1462 2890 1639 2939 tamen
1667 2887 1957 2955 repudia-re
1982 2903 2106 2941 con-

578 2975 727 3014 uma.

578 2977 613 3014 u
673 2976 727 3013 a.

542 2976 671 3108 ἰρέῗέ
693 3050 1054 3106 continentia:
1095 3049 1295 3103 eadem
1339 3053 1422 3102 est
1464 3047 1736 3103 ministris
1764 3050 1955 3104 altaris
1984 3068 2111 3122 quae

2214 2274 2332 2313 non
2379 2259 2945 2325 communicavimus,
2975 2261 3215 2315 mortuis
3257 2261 3681 2316 communicare
3731 2277 3855 2315 non

2214 2370 2529 2424 possumus.

2212 2421 2290 2509 /
2428 2456 2501 2507 De
2527 2453 2608 2507 his
2639 2456 2735 2522 qui
2761 2455 3133 2523 pomitentiam
3159 2469 3317 2521 agere
3344 2453 3624 2523 differunt.

2286 2545 2666 2601 Dissimulatio
2715 2546 2837 2601 haec
2880 2550 3065 2617 potest
3108 2563 3223 2601 non
3249 2546 3320 2602 de
3349 2551 3686 2618 contemptu
3727 2564 3853 2603 esse

2214 2640 2470 2709 remedii,
2501 2640 2600 2694 sed
2624 2640 2693 2695 de
2719 2641 2891 2695 modo
2913 2640 3139 2711 gravius
3164 2640 3554 2713 delinquendi,
3581 2647 3647 2696 ut
3668 2642 3854 2713 paeni-

2213 2733 2391 2788 tentia
2407 2749 2536 2803 quaa
2549 2733 2721 2789 dilata
2740 2740 2825 2789 est
2843 2750 2976 2788 cum
3006 2734 3315 2789 studiosius
3339 2736 3514 2807 petita
3530 2736 3711 2790 fuerit
3730 2752 3849 2789 non

2213 2830 2475 2898 negetur,
2491 2834 2557 2882 ut
2571 2844 2800 2899 quoquo
2821 2829 2997 2883 modo
3017 2829 3086 2883 ad
3100 2828 3472 2900 indulgentiae
3493 2829 3849 2884 medicinam

2214 2920 2404 2976 anima
2429 2922 2717 2977 vulnerata
2744 2921 3054 2993 perveniat.

2214 3020 2366 3086 Quod
2414 3024 2654 3089 Oporteat
2696 3035 2816 3076 eum
2859 3023 2957 3090 qui
2995 3037 3097 3091 pro
3143 3022 3349 3076 illicitis
3390 3024 3600 3076 veniam
3648 3026 3849 3093 poscit,

2564 3094 2725 3147 etiam
2747 3108 2783 3146 a
2808 3095 2993 3148 multis
3020 3094 3183 3148 licitis
3213 3094 3499 3148 abstinere.

481 3146 760 3259 episcgpi;
802 3142 1941 3259 itfiuggfeflgrfffi:ngfffnffgaf
1981 3145 2110 3259 Ῑῗίξιί
2174 3142 2227 3228 κ’
2283 3184 2448 3239 Aliud
2468 3142 3195 3259 φίᾶέιὶῌέέιᾘέῇέὶεῌῌέὲὲ
3216 3142 3699 3259 alligatam
3719 3204 3854 3258 pm-

479 3244 592 3297 sive
635 3242 897 3307 lectores,
935 3237 1084 3291 licite
1124 3240 1180 3292 et
1213 3252 1415 3291 uxores
1451 3236 1667 3306 ducere
1714 3241 1771 3291 et
1797 3236 1942 3292 ﬁlios
1979 3255 2108 3309 pro-
2133 3265 2188 3339 Ε
2213 3295 2250 3349 p

496 3330 502 3336 ’
778 3339 785 3349 ι
990 3336 999 3349 ι
1050 3332 1080 3349 n
1134 3330 1719 3349 j_,,_-Jm,,,,J31A,
2030 3333 2040 3343 '
2093 3339 2102 3349 ι

479 3330 668 3392 creare
695 3336 1025 3405 potuerunt.
1050 3331 1154 3386 Sed
1179 3347 1310 3385 cum
1331 3330 1401 3386 ad
1426 3330 1726 3401 praedictos
1747 3333 2111 3403 pervenerint

481 3430 709 3503 gradus,
739 3426 905 3498 ccepit
934 3425 1013 3480 eis
1040 3441 1157 3479 non
1185 3424 1350 3479 licere
1383 3424 1533 3495 quod
1560 3424 1736 3479 licuit.
1771 3426 1925 3481 Unde
1952 3431 2013 3481 ut
2040 3427 2109 3484 de

477 3522 691 3579 carnali
717 3523 818 3576 ﬁat
845 3519 1139 3591 spirituale
1161 3518 1516 3589 conjugium,
1541 3524 1765 3589 oportet
1785 3536 1880 3574 eos
1903 3537 2005 3576 nec
2030 3520 2107 3575 di-

477 3618 701 3673 mittere
744 3630 952 3669 uxores
993 3615 1050 3667 et
1097 3611 1257 3683 quasi
1308 3629 1419 3666 non
1468 3611 1718 3667 habeant
1754 3613 1831 3668 sic
1870 3613 2105 3686 habere,

476 3711 629 3785 quod
660 3714 717 3763 et
748 3710 899 3763 salva
931 3707 1002 3761 sit
1040 3705 1290 3760 charitas
1341 3706 1762 3777 conjugiorum,
1798 3712 1855 3762 et
1889 3714 2109 3764 cessent

475 3822 646 3878 opera
673 3802 1022 3874 nuptiarum.

474 3917 628 3986 Quod
655 3915 809 3969 aliud
837 3915 909 3986 sit
931 3927 1087 3973 uxor,
1117 3912 1273 3986 aliud
1308 3912 1619 3986 concubina,
1652 3929 1745 3967 nec
1788 3918 1936 3986 erret
1954 3916 2102 3983 quis-

585 4002 713 4040 uam
737 3988 785 4040 si
810 3985 980 4053 ﬁliam
1024 3998 1178 4036 suam
1214 3984 1273 4035 in
1312 3985 1715 4037 matrimonium
1757 3985 2105 4040 concubinam

614 4057 766 4110 benti
793 4054 1104 4109 tradiderit.

548 4152 671 4206 Non
703 4148 893 4204 omnis
933 4147 1143 4202 mulier
1162 4147 1363 4217 juncta
1391 4146 1510 4201 viro
1551 4164 1691 4202 uxor
1715 4154 1799 4203 est
1823 4150 1945 4218 viri,
1973 4151 2105 4222 quia

475 4262 578 4303 nec
605 4244 791 4300 omnis
816 4241 963 4297 ﬁlius
996 4243 1180 4297 haeres
1207 4247 1290 4296 est
1322 4242 1512 4313 patris.
1547 4242 1882 4313 Nuptiarum
1908 4250 2101 4300 autem

475 4341 693 4397 foedera
722 4339 872 4393 inter
902 4337 1179 4409 ingenuos
1206 4341 1340 4391 sunt
1365 4336 1622 4407 legitima
1647 4340 1704 4391 et
1728 4337 1882 4392 inter
1910 4356 2108 4411 (equa-

472 4437 574 4505 les,
618 4434 802 4489 multo
857 4432 1012 4503 prius
1058 4433 1163 4485 hoc
1208 4431 1398 4502 ipsum
1445 4430 1678 4485 Domino
1725 4434 2101 4489 constituente

474 4546 645 4602 quam
678 4527 907 4582 initium
939 4524 1179 4580 Romani
1213 4524 1359 4595 juris
1390 4524 1691 4581 exstiterit.
1725 4527 1917 4598 Itaque
1948 4528 2101 4583 aliud

472 4638 631 4693 uxor,
661 4620 813 4676 aliud
855 4618 1193 4687 concubina,
1223 4619 1365 4673 sicut
1403 4619 1556 4673 aliud
1597 4620 1823 4687 ancilla,
1852 4621 2005 4676 aliud
2031 4622 2097 4675 li-
2120 4648 2179 4720 D

473 4718 627 4773 hera.
655 4717 892 4787 Propter
921 4713 1074 4786 quod
1103 4713 1277 4767 etiam
1309 4712 1612 4783 Apostolus
1643 4714 1714 4767 ad
1740 4714 2103 4771 manifestan-

472 4811 678 4866 darum
692 4809 895 4864 harum
905 4822 1275 4879 personarum
1293 4805 1689 4861 discretionem
1705 4807 2099 4864 testimonium

471 4904 633 4978 ponit
658 4920 723 4959 ex
755 4901 954 4958 Genesi
993 4900 1091 4955 ubi
1127 4900 1333 4954 dicitur
1366 4899 1610 4955 Abrahae
1643 4918 1656 4955 :
1687 4923 1715 4951 ‹‹
1743 4901 1893 4972 Ejice
1924 4904 2098 4957 ancil-

472 5002 588 5055 lam
606 5003 662 5053 et
686 4999 866 5053 tilium
893 4997 1035 5067 ejus.
1055 4997 1175 5051 Non
1199 4994 1354 5049 enim
1381 4994 1563 5049 haeres
1584 4996 1696 5050 erit
1716 4995 1863 5050 ﬁlius
1882 4998 2097 5053 ancillas

472 5110 604 5149 cum
634 5091 750 5147 ﬁlio
775 5092 969 5149 libera:
1004 5091 1153 5159 (Gen.
1183 5105 1292 5159 xxi,
1330 5090 1433 5160 l0).
1468 5111 1495 5139 ››
1529 5090 1685 5165 Unde
1725 5091 1960 5146 societas
1987 5109 2093 5147 nu-

470 5188 717 5259 ptiarum
743 5186 820 5240 ita
844 5185 913 5239 ab
939 5183 1100 5238 initio
1119 5183 1429 5239 constituta
1447 5183 1536 5253 sit,
1563 5189 1623 5239 ut
1639 5189 1854 5256 praeter
1873 5202 2095 5241 servum

470 5280 927 5351 conjunctionem
970 5277 1246 5333 haberent
1292 5278 1348 5333 in
1397 5295 1455 5333 se
1493 5278 1699 5333 Christi
1742 5284 1797 5333 et
1840 5280 2095 5335 Ecclesiae

467 5378 909 5442 sacramentum,
938 5371 1175 5427 dubium
1213 5389 1325 5427 non
1368 5376 1452 5426 est
1492 5389 1616 5426 eam
1643 5373 1939 5429 mulierem
1975 5391 2095 5430 non

466 5469 751 5543 pertinere
778 5467 849 5521 ad
890 5466 1323 5522 matrimonium
1349 5465 1408 5518 in
1438 5482 1551 5536 quo
1576 5484 1691 5521 non
1722 5467 1957 5524 docetur
1987 5486 2090 5523 nu-

465 5564 636 5636 ptiale
661 5562 831 5617 fuisse
865 5560 1220 5632 mysterium.
1265 5558 1443 5628 Igitur
1469 5559 1771 5629 cujuslibet
1797 5562 1903 5616 loci
1929 5562 2092 5617 cleri-

465 5677 583 5727 cus,
615 5658 661 5712 si
683 5656 860 5712 ﬁliam
898 5672 1059 5709 suam
1086 5654 1205 5706 viro
1232 5650 1463 5707 habenti
1489 5654 1861 5709 concubinam
1887 5655 1945 5710 in
1970 5672 2091 5710 ma-

463 5750 800 5806 trimonium
843 5746 1085 5814 dederit,
1112 5761 1229 5799 non
1258 5745 1337 5798 ita
1379 5746 1774 5816 accipiendum
1819 5751 1904 5802 est
1932 5749 2090 5821 quasi

466 5844 533 5896 de
560 5842 860 5911 conjugato
888 5855 1013 5892 eam
1051 5837 1292 5905 dederit,
1325 5838 1433 5891 nisi
1467 5839 1614 5893 forte
1643 5840 1742 5894 illa
1769 5841 1977 5895 mulier
2002 5842 2087 5896 in-

467 5948 656 6001 genua
698 5932 842 5986 facta
877 5938 931 5985 et
977 5931 1166 5986 dotata
1206 5930 1460 5999 legitime
1495 5935 1550 5984 et
1589 5932 1827 6000 publicis
1872 5936 2087 6004 nuptiis

2255 3277 2339 3332 ria
2362 3279 2728 3351 perfectionis
2754 3296 2951 3335 amore
2978 3286 3365 3336 contemnere.
3386 3281 3493 3337 Sed
3513 3280 3846 3335 illicitorum

2210 3372 2436 3427 veniam
2454 3375 2838 3446 postulantem
2869 3378 3093 3446 oportet
3119 3376 3313 3431 multis
3339 3376 3512 3429 etiam
3536 3374 3703 3429 licitis
3722 3375 3851 3429 abs-

2209 3467 2417 3535 tinere,
2449 3467 2671 3523 dicente
2713 3471 2977 3540 Apostolo
3009 3487 3020 3523 :
3057 3492 3082 3519 «
3114 3470 3321 3525 Omnia
3354 3469 3549 3536 licent,
3581 3468 3679 3523 sed
3724 3485 3849 3523 non

2208 3562 2401 3615 omnia
2436 3562 2745 3633 expediunt
2771 3564 2811 3633 (l
2842 3566 2959 3621 Cor.
2991 3580 3065 3632 vr,
3101 3568 3206 3633 l2).
3241 3586 3268 3614 »
3300 3563 3458 3618 Unde
3485 3563 3532 3617 si
3561 3562 3850 3634 paenitens

2208 3654 2381 3710 habet
2407 3672 2634 3710 causam
2675 3674 2847 3729 quam
2892 3658 3183 3729 negligere
3224 3675 3340 3713 non
3382 3657 3608 3727 debeat,
3637 3657 3848 3712 melius

2209 3749 2388 3821 exigit
2411 3751 2849 3807 ecclesiasticum
2880 3769 3051 3824 quam
3076 3754 3303 3808 forense
3323 3751 3624 3824 judicium.

2208 3854 2362 3921 Quod
2415 3857 2702 3923 pcenitenti
2754 3856 2912 3911 nulla
2965 3857 3541 3982 lucratnegotiationis
3596 3872 3845 3912 cicercerc

2871 3944 3125 3982 conventa
3156 3970 3169 3982 .

2871 3944 3149 3983 conveniat
3156 3970 3169 3982 .

2275 4018 2525 4082 Qualitas
2553 4020 2693 4075 lucri
2726 4022 3114 4093 negotiantem
3138 4025 3237 4076 aut
3261 4026 3489 4077 excusat
3505 4026 3604 4076 aut
3625 4022 3841 4093 arguit.

2206 4112 2337 4184 quia
2376 4117 2460 4168 est
2500 4114 2772 4170 honestus
2814 4122 3063 4187 quaestus
3107 4119 3161 4171 et
3201 4116 3400 4188 turpis.
3430 4117 3841 4170 Verumtamen

2206 4207 2498 4278 paanitenti
2530 4208 2735 4263 melius
2762 4213 2847 4264 est
2877 4209 3173 4281 dispendia
3200 4210 3339 4281 pati,
3369 4226 3544 4282 quam
3574 4211 3840 4280 periculis

2207 4302 2601 4373 negotiationis
2632 4303 2933 4375 obstringi,
2958 4304 3091 4376 quia
3120 4304 3345 4358 difﬁcile
3373 4310 3454 4359 est
3471 4304 3624 4359 inter
3644 4320 3841 4358 emen-

2207 4395 2275 4450 tis
2305 4396 2712 4469 vendentisque
2742 4399 3150 4453 commercium
3181 4415 3292 4454 non
3324 4399 3668 4453 intervenire
3702 4415 3835 4470 pec-

2203 4495 2413 4546 catum.

2203 4587 2355 4652 Quod
2376 4586 2453 4639 ad
2485 4587 2738 4642 militiam
2765 4589 3077 4714 swculazeng
3097 4594 3223 4715 pqst
3244 4591 3620 4659 penitentiam
3658 4590 3839 4643 redire

2842 4674 2951 4714 non
3016 4676 3041 4714 θ
3080 4676 3143 4715 ea
3173 4702 3185 4714 .

2842 4674 2951 4714 ηοη
2977 4674 3041 4714 αθ
3048 4674 3185 4715 beat.

2273 4751 2634 4806 Contrarium
2665 4756 2750 4807 est
2777 4754 3011 4808 omnino
3043 4754 3432 4809 ecclesiasticis
3457 4754 3676 4825 regulis
3706 4759 3837 4826 post

2200 4845 2552 4915 poenitentiae
2576 4847 2861 4903 actionem
2884 4849 3070 4903 redire
3089 4849 3157 4903 ad
3186 4848 3450 4903 militiam
3481 4848 3834 4917 saecularem,

2199 4956 2325 4993 cum
2353 4941 2649 5011 Apostolus
2673 4942 2826 4997 dicat
2853 4960 2864 4998 :
2904 4966 2930 4993 ‹‹
2960 4944 3135 4998 Nemo
3164 4943 3415 4998 militans
3443 4943 3553 4998 Deo
3574 4942 3836 5014 implicat

2199 5050 2259 5087 se
2300 5035 2537 5105 negotiis
2584 5036 2947 5092 smcularibus
2980 5037 3054 5109 (II
3092 5040 3225 5093 Tim.
3257 5054 3316 5107 ιι,
3346 5038 3418 5109 4),
3450 5058 3477 5087 ››
3513 5036 3669 5091 unde
3718 5054 3833 5091 non

2197 5130 2283 5181 est
2322 5128 2467 5183 liber
2492 5129 2712 5201 laqueis
2761 5130 2856 5202 qui
2898 5149 2955 5187 se
2992 5132 3205 5187 militiae
3245 5131 3553 5187 mundanae
3588 5131 3834 5186 voluerit

2197 5221 2504 5293 implicare.

2195 5326 2691 5415 Quod‘adolescens
2723 5344 2791 5415 se.
2806 5336 3026 5397 urgente
3051 5347 3361 5415 quocunque
3384 5332 3827 5415 periculapme

2266 5400 2489 5453 tentiam
2531 5404 2709 5468 gessit,
2741 5406 2793 5455 et
2838 5418 2944 5456 non
2981 5419 3035 5456 se
3058 5400 3348 5458 contineat
3376 5400 3443 5457 (ib
3479 5400 3671 5458 umoris
3710 5419 3827 5457 am-

2261 5470 2447 5538 plexu,
2475 5477 2654 5541 potest
2678 5474 2974 5528 remedium
2995 5478 3280 5551 sustinere.

2265 5564 2326 5617 ln
2338 5563 2717 5620 adolescentia
2731 5568 3083 5637 constitutus,
3096 5569 3139 5623 si
3155 5571 3399 5640 urgente
3413 5572 3511 5623 aut
3531 5571 3715 5635 metu,
3730 5573 3825 5622 aut

2192 5656 2530 5728 captivitatis
2578 5660 2829 5729 periculo
2868 5663 3261 5733 paenitentiam
3305 5663 3495 5735 gessit,
3532 5668 3589 5718 et
3631 5667 3828 5734 postea

2190 5751 2399 5806 timens
2418 5753 2646 5823 lapsum
2665 5754 3098 5811 incontinentiae
3107 5758 3332 5828 juvenis
3347 5758 3609 5829 copulam
3631 5757 3826 5811 uxoris

2191 5844 2384 5915 elegit,
2416 5861 2486 5899 ne
2529 5847 2750 5902 crimen
2792 5850 3186 5905 fornicationis
3216 5852 3554 5920 incurreret,
3584 5867 3707 5905 rem
3740 5852 3819 5903 vi-

2192 5937 2359 5992 detur
2380 5938 2575 5996 fecisse
2603 5941 2899 6009 venialem,
2927 5945 2974 5999 si
3006 5950 3239 6016 propter
3265 5946 3569 6017 conjugem
3597 5944 3818 5998 nullam
