4034 6296
189 351 289 402 893

1431 359 1900 423 DECRETALlUM
1940 367 2324 428 COLLECTIO.

3458 385 3558 438 894

186 457 422 511 omnino
449 461 802 530 cognoverit.
827 465 886 518 In
913 481 1026 536 quo
1050 471 1243 523 tamen
1271 487 1384 525 non
1415 473 1674 542 regulam
1697 491 1824 529 con-
1847 491 1904 562 Α
1925 475 2094 532 officii
2109 480 2402 550 pastoralis
2419 481 2716 553 impendas
2738 485 2942 539 tradita
2958 485 3122 540 nobis
3139 503 3240 558 per
3256 487 3558 546 diaconum

185 550 502 620 stituimus,
527 554 624 607 sed
649 555 786 626 quid
808 557 882 611 sit
907 560 1272 632 tolerabilius,
1297 565 1664 623 aestimamus.
1685 569 1824 623 Nam

183 645 503 699 secundum
522 663 716 702 veram
734 652 1114 721 cognitionem
1134 657 1273 711 nihil
1297 659 1476 729 magis
1496 661 1548 715 ei
1563 662 1826 732 congruit

182 737 276 807 qui
307 739 716 808 paenitentiam
755 746 944 814 gessit,
974 765 1148 818 quam
1198 751 1421 806 castitas
1455 770 1824 823 perseverans

181 835 236 884 et
261 832 479 886 mentis
510 837 566 887 et
598 838 867 907 corporis.

183 934 336 999 Quod
358 936 407 987 si
445 939 568 1004 quis
603 943 1224 1022 proposita-indmonachi
1267 948 1576 1022 deseruerit,
1598 953 1822 1022 publica

596 1012 670 1064 sit
693 1014 1062 1079 satisfactione
1079 1020 1424 1087 purgandus.

249 1100 615 1170 Propositum
657 1106 920 1159 monachi
961 1109 1194 1180 proprio
1233 1112 1466 1168 arbitrio
1497 1119 1594 1169 aut
1623 1116 1818 1169 volun-

179 1195 290 1245 tate
332 1200 686 1265 susceptum,
715 1197 899 1253 deseri
939 1217 1054 1255 non
1083 1209 1272 1274 potest
1310 1206 1524 1278 absque
1567 1215 1816 1280 peccato.

179 1285 344 1347 Quod
373 1288 534 1342 enim
563 1290 691 1360 quis
721 1291 869 1346 vovit
895 1293 1030 1364 Deo,
1061 1295 1234 1351 debet
1277 1305 1333 1352 et
1367 1301 1628 1356 reddere.
1658 1303 1818 1356 Unde

181 1377 274 1448 qui
297 1380 503 1435 relicta
523 1382 934 1454 singularitatis
958 1389 1303 1458 professione
1326 1393 1399 1446 ad
1423 1394 1709 1462 militiam,
1733 1398 1816 1451 vel

179 1471 250 1526 ad
277 1475 507 1544 nuptias
543 1476 838 1532 devolutus
866 1483 968 1550 est,
1001 1483 1242 1553 publicae
1283 1488 1626 1556 poenitentiae
1655 1490 1816 1544 satis-

177 1565 422 1622 factione
447 1571 790 1640 purgandus
811 1579 914 1642 est,
940 1577 1070 1646 quia
1097 1579 1202 1632 etsi
1223 1579 1498 1635 innocens
1519 1581 1743 1651 militia,
1762 1589 1818 1638 et

179 1660 484 1716 honestum
514 1667 704 1734 potest
731 1683 853 1721 esse
879 1669 1237 1742 conjugium,
1262 1673 1598 1730 electionem
1619 1677 1816 1732 melio-

179 1770 304 1808 rum
334 1755 668 1828 deseruisse,
701 1762 1079 1833 transgressio
1110 1771 1212 1820 est.

178 1857 330 1922 Quod
363 1861 564 1928 puella.v
592 1877 712 1930 quae
753 1879 860 1919 non
903 1872 1110 1930 coactae,
1141 1869 1236 1924 sed
1271 1873 1549 1928 voluntate

245 1931 582 2013 rirginitatis
595 1939 938 2013 propositum
962 1947 1328 2013 susceperunt,
1351 1931 1676 2013 delinquunt
1687 1931 1814 2002 cum

245 2005 548 2071 nupserim,
571 2011 624 2058 et
645 2007 694 2060 si
715 2007 953 2062 nondum
976 2005 1185 2077 fuerint
1209 2005 1544 2070 consecratae.

243 2094 454 2149 Puellae
485 2112 614 2167 quin
661 2115 782 2153 non
821 2105 1029 2156 coactae
1061 2109 1368 2174 parentum
1417 2108 1676 2182 imperio,
1712 2112 1810 2166 sed

177 2193 492 2258 spontaneo
499 2190 715 2261 judicio
739 2193 1077 2265 virginitatis
1097 2201 1450 2270 propositum
1469 2208 1638 2274 atque
1658 2205 1812 2260 habi-

177 2285 296 2336 tum
322 2289 716 2354 susceperunt,
746 2287 794 2341 si
821 2295 1022 2360 postea
1053 2293 1280 2364 nuptias
1306 2295 1528 2367 eligunt
1554 2299 1812 2370 praevari-

175 2381 394 2444 cantur,
425 2381 484 2431 et
507 2377 554 2432 si
584 2383 932 2438 consecratio
973 2401 1088 2439 non
1139 2389 1390 2458 accessit,
1424 2391 1582 2462 cujus
1613 2393 1810 2464 utique

179 2486 284 2523 non
325 2470 728 2528 fraudarentur
759 2491 1016 2544 munere,
1049 2480 1092 2533 si
1137 2482 1195 2534 in
1241 2485 1532 2553 proposito
1573 2502 1804 2556 perma-

175 2569 396 2618 uerent.

175 2670 242 2720 De
267 2669 352 2722 his
375 2669 572 2736 quibus
598 2670 823 2726 dubium
847 2678 942 2752 est,
974 2679 1160 2752 utrum
1189 2678 1458 2747 baptisma
1481 2685 1801 2752 receperint,

602 2757 802 2798 necesse
831 2750 906 2800 est
929 2751 991 2800 ut
1015 2754 1390 2805 renascantur.

241 2831 300 2886 Si
329 2832 488 2886 nulla
519 2833 762 2889 existant
791 2837 1006 2908 judicia
1047 2840 1194 2896 inter
1218 2844 1569 2916 propinquos
1594 2852 1694 2902 aut
1718 2849 1801 2902 fa-

173 2926 441 2994 miliares,
479 2928 636 2982 nulla
677 2929 824 2985 inter
859 2934 1094 2988 clericos
1133 2939 1302 3008 atque
1341 2937 1571 3008 vicinos,
1602 2942 1805 3012 quibus

1929 574 2088 626 tuum
2117 573 2491 630 fraternitatis
2517 579 2630 631 tum
2663 579 2874 650 scripta
2912 579 3324 649 demonstrant,
3357 585 3561 654 quibus

1927 663 2132 720 laetitiae
2153 671 2363 722 nostrae
2387 669 2674 725 insinuare
2695 672 2925 738 curasti,
2952 673 3131 744 qualis
3156 675 3214 728 in
3232 677 3562 746 regionibus

1925 759 2124 814 vestris
2146 760 2214 814 de
2229 762 2475 833 antiquis
2497 765 2837 834 pestilentiae
2865 767 3125 838 reliquiis
3147 783 3305 823 error
3325 787 3390 824 ac
3411 789 3560 826 mor-

1925 851 2028 906 bus
2042 855 2328 908 exarserit.
2345 856 2489 910 Nam
2513 862 2569 912 ct
2582 858 2834 930 epistola:
2856 876 3045 914 sermo
3066 864 3556 920 etcommonitorii

1925 943 2106 1018 221
2133 947 2307 1002 series
2320 953 2376 1003 et
2389 949 2564 1004 libelli
2581 951 2664 1005 tui
2676 957 2861 1007 textus
2876 953 3002 1008 dem
3012 957 3250 1023 onstrat,
3267 957 3557 1014 Priscillia-

1925 1038 2198 1094 nistarum
2221 1042 2618 1098 fetidissimam
2640 1047 2788 1116 apud
2805 1063 2901 1100 vos
2925 1048 3224 1102 recaluisse
3247 1051 3525 1108 sentinam
3529 1019 3640 1144 /

1921 1132 2072 1188 Nihil
2087 1139 2173 1189 est
2187 1135 2340 1189 enim
2358 1137 2610 1192 sordium
2628 1139 2686 1193 in
2706 1156 3062 1212 quorumque
3083 1132 3552 1217 sensibusimpid:

1921 1243 2052 1281 rum
2070 1227 2224 1298 quod
2249 1229 2308 1283 in
2329 1231 2436 1284 hoc
2463 1231 2735 1302 dogmate
2763 1250 2878 1288 non
2905 1235 3256 1306 conﬂuxerit,
3278 1240 3550 1310 quoniam

1921 1319 1988 1374 de
2010 1322 2267 1376 omnium
2289 1327 2642 1378 terrenarum
2675 1326 3010 1396 opinionum
3037 1330 3156 1384 luto
3176 1331 3551 1402 multiplicem

1920 1412 2024 1466 sibi
2065 1414 2250 1468 fecem
2295 1417 2798 1490 commiscuerunt,
2829 1423 2894 1474 ut
2925 1421 3029 1475 soli
3064 1425 3246 1476 totum
3289 1424 3552 1482 biberent

1921 1506 2198 1578 quidquid
2231 1509 2328 1562 alii
2355 1526 2424 1564 ex
2463 1515 2626 1582 parte
2667 1516 3006 1583 gustassent.
3039 1515 3316 1587 Denique,
3347 1517 3394 1572 si
3427 1521 3549 1574 uni-

1915 1617 2090 1655 versae
2116 1601 2363 1657 haereses
2392 1620 2517 1675 quae
2548 1609 2679 1660 ante
2725 1607 3058 1662 Priscilliani
3086 1613 3313 1682 tempus
3343 1618 3551 1668 exortae

1917 1697 2052 1748 sunt
2075 1694 2405 1766 diligentius
2425 1701 2825 1768 retractentur,
2850 1703 3039 1756 nullus
3065 1719 3212 1774 pene
3233 1703 3553 1762 invenietur

1917 1803 2094 1856 error,
2126 1789 2195 1844 de
2223 1807 2336 1862 quo
2363 1808 2478 1846 non
2521 1795 2753 1849 traxerit
2780 1794 3040 1866 impietas
3067 1797 3171 1852 ista
3197 1801 3548 1871 contagium,

1583 1878 1814 1965 propria
1833 1868 1890 1941 B
1914 1898 2042 1952 quae
2063 1900 2180 1962 non
2208 1889 2540 1940 commenta
2562 1903 2761 1942 eorum
2795 1889 3074 1960 receperit
3097 1890 3308 1946 falsitas
3356 1894 3454 1965 qui
3483 1895 3552 1949 ab

1917 1977 2220 2048 Evangelio
2259 1979 2466 2034 Christi
2496 1980 2598 2034 sub
2651 1981 2859 2036 Christi
2905 1983 3140 2038 nomine
3180 1985 3551 2042 deviaverunt

1913 2055 2161 2125 tenebris
2187 2071 2356 2126 etiam
2389 2073 2729 2144 paganitatis
2759 2073 3035 2148 immersi,
3071 2081 3133 2131 ut
3159 2095 3263 2148 per
3291 2083 3546 2152 magica-

1913 2180 2040 2217 rum
2089 2165 2300 2220 artium
2343 2166 2580 2237 profana
2621 2171 2858 2236 secreta,
2905 2173 2963 2223 et
3009 2171 3545 2230 mathematicorum

1911 2273 2052 2312 vana
2069 2259 2366 2314 mendacia
2383 2259 2680 2332 religionis
2696 2261 2892 2332 iidem,
2909 2279 3254 2336 morumque
3269 2267 3548 2323 rationem

1911 2351 1970 2404 in
1983 2356 2261 2422 potestate
2279 2353 2612 2408 daemonum
2626 2361 2681 2410 et
2693 2355 2896 2410 effectu
2913 2357 3162 2412 siderum
3180 2359 3545 2422 collocarent.

1911 2444 2074 2508 Quod
2103 2443 2150 2499 si
2179 2445 2330 2501 credi
2377 2447 2543 2502 liceat
2584 2453 2640 2503 et
2683 2449 2892 2517 doceri,
2925 2467 3032 2505 nec
3059 2452 3359 2508 virtutibus
3391 2472 3543 2527 prai-

1909 2539 2110 2607 mium,
2139 2556 2243 2594 nec
2273 2539 2421 2594 vitiis
2449 2559 2622 2613 poena
2657 2542 2918 2612 debetur,
2953 2545 3259 2617 omniaque
3299 2565 3410 2602 non
3455 2567 3540 2602 so-

1907 2631 2025 2686 lum
2051 2632 2430 2689 humanarum
2457 2634 2672 2706 legum,
2707 2637 2806 2690 sed
2845 2637 3016 2692 etiam
3057 2638 3378 2696 divinarum
3406 2660 3540 2698 con-

1908 2725 2263 2781 stitutionem
2291 2727 2520 2784 decreta
2551 2729 2860 2802 solventur,
2897 2733 3028 2803 quia
3065 2750 3252 2806 neque
3281 2735 3352 2790 de
3381 2735 3544 2792 bonis

1909 2837 2091 2892 neque
2113 2821 2180 2876 de
2209 2821 2372 2876 malis
2401 2821 2616 2878 actibus
2645 2825 2823 2878 ullum
2853 2826 3069 2896 poterit
3099 2844 3218 2882 esse
3237 2829 3538 2900 judicium,

1906 2914 1950 2967 si
1995 2915 2054 2968 in
2110 2920 2416 2988 utramque
2465 2920 2690 2988 partem
2741 2918 2926 2973 fatalis
2973 2922 3277 2976 necessitas
3321 2929 3538 2979 motum

173 3019 224 3072 hi
248 3019 318 3074 de
341 3020 550 3091 quibus
573 3023 865 3096 quaeritur,
893 3027 1160 3099 baptizati
1185 3031 1446 3100 fuissent,
1472 3009 1800 3108 doceantur,
1905 3009 2119 3108 mentis,
2155 3009 2420 3108 impémt’
2451 3013 2507 3064 et
2549 3010 2828 3108 q_uidquid
2865 3013 2934 3067 ab
2977 3013 3309 3070 hominibus
3351 3019 3540 3090 agitur

173 3113 462 3184 agendum
490 3121 576 3170 est
603 3121 664 3172 ut
691 3127 1080 3190 renascantur,
1113 3140 1185 3177 ne
1215 3126 1515 3182 manifeste
1546 3135 1799 3199 pereant.

175 3207 228 3261 ln
245 3207 454 3278 quibus
473 3209 626 3280 quod
649 3228 760 3265 non
780 3215 1100 3270 ostenditur
1116 3223 1362 3288 gestum,
1383 3220 1522 3275 ratio
1541 3239 1653 3277 non
1671 3223 1804 3279 sinit
1823 3245 1877 3318 Ο

171 3305 230 3354 ut
253 3301 517 3356 videatur
543 3303 830 3362 iteratum.
866 3308 970 3372 Qui
1001 3316 1193 3366 autem
1223 3317 1461 3384 possunt
1489 3316 1799 3387 reminisci,

169 3396 312 3466 quod
357 3396 428 3450 ad
467 3397 758 3453 ecclesiam
787 3402 1088 3458 veniebant
1133 3422 1262 3460 cum
1291 3409 1624 3478 parentibus
1665 3412 1798 3480 suis,

169 3495 396 3558 possent
433 3491 719 3547 recordari
745 3511 816 3547 an
850 3497 1000 3566 quod
1028 3515 1228 3553 eorum
1257 3503 1587 3572 parentibus
1629 3504 1798 3559 daba-

171 3587 278 3653 tur,
297 3586 642 3654 acceperint.
672 3588 780 3643 Sed
810 3589 856 3642 si
879 3591 982 3645 hoc
1008 3592 1178 3647 etiam
1206 3595 1277 3648 ab
1299 3612 1500 3652 eorum
1525 3600 1800 3654 memoria

168 3677 420 3732 alienum
451 3683 552 3752 est,
573 3681 984 3739 conferendum
1007 3685 1085 3740 eis
1110 3687 1332 3743 videtur
1354 3691 1510 3762 quod
1535 3692 1801 3748 collatum

170 3787 288 3826 esse
305 3771 575 3827 nescitur.
595 3775 735 3838 Quia
755 3793 872 3832 non
895 3781 1183 3836 temeritas
1207 3782 1509 3840 intervenit
1529 3783 1800 3858 praesum-

169 3865 394 3936 ptionis,
423 3867 520 3921 ubi
548 3872 632 3922 est.
662 3869 958 3942 diligentia
983 3873 1231 3945 pietatis.

169 3972 316 4038 Quod
331 3988 440 4060 .eos‘
455 3976 553 4043 qui
578 3989 633 4030 se
663 3977 962 4060 baptizatos
988 3989 1300 4060 agnoscunt,
1335 3987 1430 4040 sed
1455 3989 1512 4042 in
1548 4005 1656 4059 qua
1695 3991 1800 4060 ﬁde

202 4047 460 4108 nesciunt,
488 4061 590 4116 per
619 4063 810 4104 manus
829 4047 1221 4122 impositionem
1236 4060 1439 4127 suscipi
1464 4047 1760 4117 conbenidt.

232 4137 284 4192 Si
337 4143 532 4194 autem
577 4139 644 4194 de
675 4141 880 4213 quibus
925 4145 1196 4217 scripsisti
1227 4167 1343 4204 non
1390 4168 1446 4206 se
1490 4153 1800 4226 baptizatos

167 4231 446 4302 nesciunt,
479 4234 572 4288 sed
601 4235 762 4306 cujus
787 4237 918 4292 fidei
955 4240 1174 4296 fuerint
1197 4244 1294 4314 qui
1330 4261 1423 4299 eos
1448 4246 1798 4318 baptizavere

167 4342 222 4379 se
251 4326 472 4381 nescire
523 4329 886 4402 proﬁtentur,
920 4335 1175 4404 quolibet
1215 4339 1384 4392 modo
1422 4340 1663 4395 formam
1695 4343 1795 4397 ba-

167 4419 445 4489 ptismatis
477 4423 821 4494 acceperint,
855 4425 1178 4498 baptizandi
1210 4449 1322 4486 non
1362 4437 1513 4502 sunt,
1544 4435 1646 4488 sed
1695 4452 1799 4506 per

167 4529 367 4568 manus
395 4514 818 4586 impositionem
843 4520 1098 4577 invocata
1125 4524 1330 4580 virtute
1357 4515 1597 4598 Spiritus
1619 4529 1796 4584 sancti

1903 3119 2017 3156 non
2045 3106 2130 3158 est
2154 3103 2475 3172 hominum,
2505 3105 2600 3159 sed
2635 3111 2940 3162 astrorum.
2972 3109 3046 3162 Ac
3075 3109 3222 3164 hanc
3263 3111 3538 3168 insaniam

1903 3197 2155 3268 pertinet
2181 3198 2506 3269 prodigiosa
2529 3179 2648 3253 illa
2692 3201 2861 3254 totius
2891 3202 3125 3256 humani
3157 3206 3406 3275 corpOris
3437 3225 3539 3278 per

1905 3291 2206 3346 duodecim
2236 3293 2358 3346 caeli
2393 3292 2557 3364 signa
2586 3293 2892 3362 distinctio,
2927 3301 2986 3349 ut
3018 3295 3250 3351 diversis
3277 3301 3536 3369 partibus

1904 3385 2140 3439 diversae
2173 3386 2520 3456 prtesideant
2566 3391 2902 3458 potestates,
2941 3391 2997 3442 et
3041 3394 3319 3459 creatura,
3363 3409 3537 3464 quam

1905 3479 2045 3533 Deus
2061 3479 2134 3532 ad
2151 3478 2462 3549 imaginem
2484 3497 2648 3534 suam
2663 3479 2815 3550 fecit,
2837 3481 2896 3535 in
2917 3485 3070 3537 tanta
3093 3483 3165 3537 sit
3184 3485 3534 3556 obligatione

1901 3573 2148 3628 siderum
2175 3572 2233 3626 in
2261 3575 2478 3644 quanta
2508 3579 2592 3628 est
2613 3575 2964 3629 connexione
2994 3577 3409 3634 membrorum.
3431 3582 3536 3636 Me-

1901 3667 2008 3720 rito
2042 3671 2230 3738 patres
2273 3666 2468 3736 nostri,
2501 3668 2603 3722 sub
2635 3685 2880 3739 quorum
2923 3671 3274 3741 temporibus
3303 3673 3536 3730 haeresis

1899 3761 2020 3814 haec
2049 3760 2293 3814 nefanda
2317 3761 2598 3832 prorupit,
2619 3778 2720 3832 per
2739 3765 2920 3817 totum
2949 3765 3228 3820 mundum
3261 3766 3534 3824 instanter

1901 3869 2091 3924 egere,
2121 3858 2186 3908 ut
2213 3853 2419 3924 impius
2449 3853 2606 3909 furor
2636 3855 2706 3908 ab
2735 3855 2995 3911 universa
3025 3858 3272 3913 Ecclesia
3291 3861 3535 3931 pellere-

1899 3931 2279 4020 tur.5_,Quando
2315 3949 2488 4003 etiam
2529 3948 2813 4022 principes
2849 3952 3048 4006 mundi
3074 3951 3154 4008 ita
3181 3955 3326 4009 hanc
3359 3956 3532 4012 sacri-

1901 4027 2086 4113 legam
2133 4043 2444 4122 amentiam
2488 4043 2750 4099 detestati
2795 4049 2944 4115 sunt,
2981 4050 3042 4100 ut
3081 4047 3370 4104 auctorem
3415 4051 3537 4122 ejus

1899 4153 1962 4190 ac
2015 4138 2314 4208 plerosque
2379 4117 2680 4208 discipulos
2740 4139 2934 4210 legum
2987 4141 3346 4212 publicarum
3400 4117 3533 4202 ense

1899 4235 2344 4300 prosternerent.
2367 4229 2645 4284 Videbant
2677 4233 2831 4286 enim
2860 4250 3094 4288 omnem
3125 4251 3321 4290 curam
3353 4238 3532 4294 hone-

1897 4324 2052 4377 statis
2090 4323 2318 4389 auferri,
2349 4339 2578 4376 omnem
2623 4325 3026 4395 conjugiorum
3070 4331 3335 4399 copulam
3371 4332 3532 4401 solvi,

1898 4416 2181 4487 simulque
2231 4415 2490 4470 divinum
2533 4416 2630 4487 jus
2690 4418 3124 4492 humanumque
3174 4422 3442 4495 subverti,
3489 4427 3534 4478 si

1897 4509 2226 4581 hujusmodi
2251 4509 2574 4564 hominibus
2603 4527 2849 4582 usquam
2881 4512 3066 4568 vivere
3097 4531 3227 4570 cum
3257 4517 3358 4571 tali
3395 4535 3533 4588 pro-

168 4623 332 4677 quam
352 4608 423 4662 ab
439 4609 722 4666 haereticis
741 4614 1000 4686 accipere
1023 4634 1137 4672 non
1159 4623 1488 4692 potuerunt,
1509 4625 1797 4679 catholicis
1815 4619 1876 4692 D
1898 4603 2140 4659 fessione
2167 4603 2431 4659 licuisset.
2462 4605 2530 4658 Et
2559 4605 2774 4675 profuit
2801 4605 2899 4660 diu
2925 4606 3034 4661 ista
3062 4609 3334 4666 districtio
3367 4615 3539 4668 eccle-

169 4703 468 4772 copulandi
511 4709 658 4759 sunt.

173 4805 237 4858 De
260 4805 343 4860 his
367 4809 466 4876 qui
486 4811 742 4864 conviviis
787 4813 1072 4879 gentilium
1101 4821 1152 4870 et
1176 4819 1303 4872 escis
1329 4819 1688 4876 immolatitiis
1713 4824 1799 4875 usi

902 4891 1048 4940 sunt.

902 4900 1048 4940 sunt.

236 4969 292 5025 Si
317 4971 572 5027 convivio
595 4975 714 5029 solo
745 4977 1044 5047 gentilium
1075 4986 1131 5036 et
1155 4982 1292 5036 escis
1318 4983 1692 5040 immolatitiis
1713 4986 1799 5040 usi

170 5067 314 5132 sunt,
337 5073 580 5137 possunt
600 5067 841 5140 jejuniis
861 5075 920 5125 et
938 5090 1142 5129 manus
1163 5075 1520 5148 impositione
1541 5080 1796 5152 purgari,

171 5162 228 5212 ut
277 5159 547 5232 deinceps
591 5162 662 5216 ab
715 5164 1057 5222 idololatitiis
1097 5170 1465 5240 abstinentes,
1508 5190 1798 5229 sacrorum

170 5250 368 5307 Christi
389 5259 624 5326 possunt
647 5273 768 5313 esse
791 5259 1116 5334 participes.
1141 5265 1194 5320 Si
1219 5269 1411 5320 autem
1431 5266 1584 5322 idola
1605 5269 1799 5323 adora-

170 5360 292 5401 vere
324 5350 425 5402 aut
449 5348 768 5406 homicidiis
795 5354 882 5408 vel
915 5355 1390 5414 fornicationibus
1429 5361 1798 5416 contaminati

172 5443 313 5511 sunt,
341 5442 411 5496 ad
453 5447 921 5502 communionem
966 5467 1082 5522 eos,
1113 5452 1223 5508 nisi
1271 5471 1373 5525 per
1409 5456 1796 5526 pcenitentiam

173 5533 466 5604 publicam,
498 5553 613 5592 non
642 5545 865 5612 oportet
905 5544 1151 5600 admitti.
1353 5615 1356 5618 ἢ

237 5629 404 5686 LXXI.
433 5660 502 5672 —-
529 5633 620 5689 Ad
655 5637 948 5692 Tornulu-m
977 5641 1279 5712 episcopum
1305 5643 1724 5715 Astorigensem.

235 5723 342 5777 Leo
369 5725 626 5781 TORNULO
660 5729 920 5803 episcopo
958 5734 1327 5806 Astorigensi.

235 5817 413 5881 Quam
441 5819 802 5879 laudabiliter
827 5842 930 5896 pro
951 5828 1246 5884 catholicae
1269 5831 1404 5886 fidei
1426 5835 1662 5890 veritate
1683 5851 1800 5889 mo-

175 5911 360 5976 vearis,
385 5917 442 5967 et
471 5931 644 5986 quam
666 5918 898 5976 sollicite
920 5921 1218 5978 Dominico
1249 5926 1406 5996 gregi
1436 5919 1799 5984 devotionem

1899 4697 2134 4754 siasticaz
2183 4697 2446 4766 lenitatis,
2497 4715 2624 4770 qua:
2677 4702 2734 4753 et
2777 4699 2822 4754 si
2870 4701 3208 4756 sacerdotali
3271 4710 3534 4762 contenta

1891 4792 2107 4865 judicio
2167 4798 2428 4848 cruentas
2493 4793 2709 4864 refugit
2772 4794 3037 4866 ultiones,
3090 4797 3294 4851 severis
3342 4803 3534 4856 tamen

1897 4886 2346 4942 Christianorum
2359 4886 2688 4958 principum
2707 4889 3204 4944 constitutionibus
3215 4889 3302 4962 adj
3312 4897 3534 4963 uvatur,

1898 4983 2036 5038 dum
2061 4983 2130 5036 ad
2159 4981 2412 5053 spiritale
2437 4999 2858 5054 nonnunquam
2881 4989 3186 5039 recurrunt
3211 4987 3534 5044 remedium

1897 5077 1996 5149 qui
2019 5077 2225 5131 timent
2254 5076 2542 5148 corporale
2565 5076 2925 5148 supplicium.
2949 5078 3022 5132 Ex
3050 5094 3162 5150 quo
3183 5085 3374 5136 autem
3389 5083 3538 5137 mul-

1899 5175 1983 5224 tas
2010 5170 2326 5241 provincias
2357 5169 2576 5225 hostilis
2603 5171 2900 5242 occupavit
2929 5171 3190 5244 irruptio,
3219 5177 3276 5228 et
3297 5173 3531 5258 exsecti-

1897 5265 2116 5319 tionem
2143 5265 2339 5336 legum
2363 5267 2730 5334 tempestates
2759 5265 3105 5322 interdixere
3130 5266 3535 5342 bellorumfex

1898 5375 2011 5431 quo
2058 5359 2212 5412 inter
2259 5357 2579 5413 sacerdotes
2630 5358 2732 5412 Dei
2781 5359 3037 5416 difﬁciles
3083 5357 3438 5438 commeatus
3479 5371 3536 5422 et

1899 5453 2014 5508 rari
2045 5457 2338 5524 coeperunt
2367 5469 2486 5506 esse
2519 5455 2851 5522 conventus,
2883 5455 3100 5511 invenit
3135 5457 3204 5512 ad
3245 5458 3533 5529 publicam

1899 5546 2390 5619 perturbationem
2437 5551 2652 5602 secreta
2703 5548 2943 5619 perfidia
2989 5550 3330 5620 libertatem,
3368 5555 3422 5606 et
3463 5553 3536 5608 ad

1899 5643 2210 5698 multarum
2241 5641 2525 5696 mentium
2557 5641 2984 5713 subversionem
3019 5645 3108 5699 his
3137 5645 3302 5698 malis
3332 5650 3416 5700 est
3442 5647 3532 5702 in-

1900 5737 2070 5792 citata
2090 5735 2295 5809 quibus
2321 5735 2519 5790 debuit
2546 5753 2667 5791 esse
2693 5735 2964 5793 correéta.
2987 5739 3120 5802 Qua:
3139 5753 3275 5792 vero
3297 5738 3411 5794 illic
3435 5747 3534 5797 aut

1902 5837 2112 5904 quanta
2149 5847 2279 5902 pars
2317 5829 2571 5901 plebium
2616 5831 2793 5902 pestis
2837 5831 3005 5902 hujus
3045 5831 3228 5886 aliena
3275 5838 3378 5902 est,
3413 5833 3530 5904 ubi,

1902 5926 2045 5982 sicut
2073 5925 2313 5981 Charitas
2341 5928 2440 5980 tua
2469 5923 2700 5998 indicat,
2737 5924 2932 5978 lethali
2965 5924 3162 5978 morbo
3192 5925 3362 5982 etiam
3394 5944 3534 6000 quo-
