4034 6316
464 350 567 402 8θὸ

1358 338 1639 401 APPEND.
1682 343 1771 399 AD
1809 341 1966 399 S/EC.
2010 343 2097 398 IX.
2126 370 2193 382 --
2235 340 2476 398 lSIDORI
2513 328 2937 396 MERCATORIS

3730 339 3846 390 896

456 450 722 506 rumdam
773 453 1133 507 sacerdotum
1173 452 1343 507 corda
1372 455 1662 523 corrupta
1710 456 1861 520 sunt,
1893 454 1951 505 et
1994 465 2098 522 per
2118 464 2177 537 Α
2197 452 2270 505 sit
2298 450 2396 522 qui
2429 453 2550 504 erat
2578 451 2725 504 Deus
2754 447 3022 516 Verbum,
3056 448 3114 501 et
3141 444 3212 500 de
3247 447 3407 499 Patre
3437 460 3606 499 nemo
3634 443 3709 498 sit
3739 459 3848 514 ge-

461 562 606 617 quos
635 545 1015 616 opprimenda
1039 545 1251 600 falsitas
1277 550 1334 601 et
1358 545 1713 601 defendenda
1741 545 1949 600 veritas
1974 545 2093 599 fue-

462 642 554 694 rat
582 654 685 709 per
709 638 859 708 ipsos
884 638 1154 693 doctrina
1196 638 1529 694 Priscilliani
1564 638 1933 710 Evangelium
1962 638 2094 692 sub-

465 732 619 786 ditur
642 726 869 799 Christi,
902 736 966 787 ut
997 732 1070 787 ad
1099 733 1367 804 profanos
1411 749 1609 788 sensus
1635 733 1845 804 pietate
1872 735 2094 785 sancto-

464 840 592 878 rum
616 824 973 880 voluminum
1004 826 1333 897 depravata,
1364 827 1467 881 sub
1500 826 1827 881 nominibus
1856 824 2100 896 prophe-

461 921 652 972 tarum
673 922 730 971 et
747 919 1134 989 apostolorum
1150 937 1265 974 non
1284 920 1391 975 hoc
1412 919 1774 991 pradicetur,
1798 918 1949 990 quod
1973 917 2097 989 Spi-

460 1010 601 1064 ritus
628 1015 858 1066 sanctus
888 1011 1099 1082 docuit,
1126 1013 1222 1067 sed
1250 1012 1408 1085 quod
1443 1012 1654 1067 diaboli
1683 1012 1943 1066 minister
1960 1011 2102 1065 inse-

2203 545 2358 599 nitus
2384 547 2595 616 prater
2619 541 2890 596 Verbum.

2272 639 2357 693 IV.
2388 639 2598 705 Quarto
2627 639 2821 690 autem
2851 634 3094 705 capitulo
3126 632 3449 712 continetur
3475 630 3633 703 quod
3672 633 3845 685 nata-

2201 733 2314 785 lem
2370 730 2597 798 Christi,
2649 745 2822 801 quem
2877 727 3195 782 secundum
3251 725 3669 796 susceptionem
3720 723 3853 778 veri

2200 824 2450 879 hominis
2477 823 2753 878 catholica
2779 822 3019 877 Ecclesia
3044 822 3369 888 veneratur,
3386 817 3516 890 quia
3539 839 3567 868 «
3590 817 3851 872 Verbum

2201 934 2332 972 caro
2361 917 2578 972 factum
2605 921 2710 985 est,
2745 919 2803 969 et
2828 914 3102 970 habitavit
3127 913 3186 968 in
3214 912 3379 967 nobis
3407 912 3579 981 (Joan.
3607 927 3646 979 1,
3673 912 3784 980 14),
3817 932 3848 959 ››

2198 1028 2314 1066 non
2344 1026 2471 1066 vere
2508 1010 2600 1065 isti
2629 1010 2933 1077 honorent,
2968 1008 3067 1063 sed
3112 1008 3397 1062 honorare
3440 1022 3501 1060 se
3546 1005 3849 1073 simulent,

465 1106 598 1160 ruit.
636 1105 777 1170 Quia
819 1122 957 1178 ergo
1006 1106 1231 1161 dilectio
1272 1110 1387 1160 tua
1419 1106 1552 1161 ﬁdei
1597 1109 1875 1177 quantum
1916 1104 2103 1175 potuit
2194 1105 2523 1176 jejunantes
2553 1104 2756 1159 eodem
2790 1102 2881 1157 die
2909 1102 3053 1156 sicut
3081 1107 3138 1156 et
3167 1100 3260 1155 die
3294 1098 3612 1164 Dominico,
3635 1098 3738 1168 qui
3759 1101 3851 1153 est

462 1197 757 1269 diligentia
785 1199 1078 1256 damnatas
1098 1200 1233 1254 olim
1263 1200 1558 1271 opiniones
1587 1199 1783 1254 decem
1804 1204 1859 1252 et
1878 1201 2099 1269 septem

465 1292 726 1364 capitulis
756 1293 1212 1364 comprehendit,
1245 1311 1347 1348 nos
1378 1310 1604 1365 quoque
1633 1292 1871 1347 strictim
1910 1291 2102 1345 omnia

463 1390 850 1454 retractemus,
886 1403 956 1442 ne
1001 1388 1216 1459 aliquid
1246 1388 1456 1442 harum
1496 1386 1979 1458 blasphemiarum
2007 1390 2102 1439 aut

467 1479 757 1535 tolerabile
786 1480 1040 1534 videatur
1068 1486 1168 1535 aut
1195 1481 1455 1536 dubium.

536 1574 576 1628 Ι.
632 1574 820 1627 Primo
891 1573 1088 1645 itaque
1152 1574 1398 1645 capitulo
1460 1574 1882 1629 demonstratur
1931 1587 2101 1644 quam

464 1665 641 1737 impie
684 1666 939 1721 sentiunt
969 1666 1039 1721 de
1065 1667 1338 1722 Trinitate
1364 1667 1573 1735 divina,
1607 1667 1707 1738 qui
1734 1670 1791 1721 et
1817 1665 2019 1733 Patris,
2047 1668 2105 1720 et

465 1757 610 1827 Filii,
632 1763 687 1813 et
707 1758 949 1830 Spiritus
971 1760 1149 1814 sancti
1170 1776 1343 1815 unam
1363 1763 1534 1833 atque
1557 1760 1821 1815 eamdem
1843 1762 2105 1814 asserunt

2202 1198 2322 1253 dies
2350 1197 2779 1253 resurrectionis
2797 1195 3025 1252 Christi.
3051 1194 3213 1259 Quod
3240 1193 3436 1264 utique
3454 1192 3580 1247 ideo
3599 1191 3847 1258 faciunt,

2201 1293 2333 1363 quia
2373 1291 2661 1346 Christum
2708 1289 3021 1345 Dominum
3070 1288 3131 1343 in
3170 1303 3304 1343 vera
3345 1286 3592 1340 hominis
3634 1290 3849 1340 natura

2201 1390 2399 1441 natum
2429 1401 2550 1439 esse
2578 1400 2696 1439 non
2722 1383 2984 1451 credunt,
3011 1381 3111 1436 sed
3152 1397 3255 1453 per
3279 1378 3593 1452 quamdam
3618 1378 3846 1433 illusio-

2205 1494 2338 1533 nem
2368 1481 2653 1532 ostentata
2679 1475 2859 1531 videri
2886 1475 3106 1542 volunt,
3137 1490 3266 1546 qua
3297 1489 3427 1528 vera
3459 1489 3574 1527 non
3599 1472 3844 1539 fuerint,

2202 1577 2504 1643 sequentes
2534 1570 2745 1641 dogma
2786 1568 3057 1626 Cerdonis
3100 1571 3280 1638 atque
3307 1566 3620 1634 Marcionis,
3652 1569 3711 1620 et
3744 1582 3846 1619 co-

2205 1665 2389 1736 gnatis
2418 1665 2531 1719 suis
2567 1663 2882 1720 Manichais
2916 1679 3022 1734 per
3050 1661 3246 1717 omnia
3274 1659 3700 1715 concordantes.
3734 1659 3847 1722 Qui

2205 1760 2347 1814 sicut
2372 1760 2431 1813 in
2459 1762 2655 1813 nostro
2688 1758 2955 1813 examine
2983 1756 3190 1811 detecti
3217 1760 3388 1825 atque
3418 1753 3660 1808 convicti
3682 1758 3846 1821 sunt,

465 1867 586 1907 esse
627 1866 951 1923 personam,
998 1858 1271 1925 tanquam
1311 1854 1470 1909 idem
1516 1855 1687 1920 Deus,
1718 1870 1872 1909 nunc
1915 1842 2174 1922 Pater,B
2198 1853 2553 1909 Dominicum
2585 1851 2737 1906 diem
2779 1867 2952 1923 quem
2996 1849 3160 1904 nobis
3203 1847 3497 1904 Salvatoris
3539 1847 3721 1901 nostri
3748 1863 3843 1902 re-

471 1960 624 2000 nunc
655 1945 845 2014 Filius,
880 1963 1033 2001 nunc
1076 1946 1320 2019 Spiritus
1356 1952 1585 2003 sanctus
1612 1948 1961 2016 nominetur,
1997 1964 2100 2000 nec

464 2039 608 2094 alius
634 2038 705 2094 sit
731 2039 830 2111 qui
856 2039 1075 2110 genuit,
1105 2041 1248 2095 alius
1292 2041 1390 2113 qui
1428 2041 1655 2113 genitus
1685 2045 1790 2112 est,
1824 2042 1967 2097 alius
2002 2041 2099 2112 qui

462 2130 532 2188 de
559 2135 801 2204 utroque
837 2134 1129 2204 processit,
1159 2134 1257 2189 sed
1284 2133 1586 2205 singularis
1614 2135 1800 2189 unitas
1834 2135 1894 2189 in
1921 2135 2102 2189 tribus

465 2225 701 2298 quidem
728 2226 1037 2294 vocabulis,
1062 2227 1159 2282 sed
1185 2244 1305 2282 non
1330 2228 1512 2283 tribus
1540 2228 1611 2282 sit
1636 2227 1961 2299 accipienda
1981 2245 2100 2299 per-

466 2319 638 2374 sonis.
671 2319 830 2384 Quod
857 2319 1230 2393 blasphemia
1267 2337 1451 2392 genus
1480 2321 1551 2376 de
1579 2321 1804 2377 Sabellii
1830 2321 2100 2393 opinione

466 2420 852 2486 sumpserunt,
919 2414 1079 2485 cujus
1143 2414 1406 2487 discipuli
1465 2414 1639 2471 etiam
1704 2416 2100 2487 Patripassiani

461 2506 667 2563 merito
711 2513 1130 2579 nuncupantur,
1165 2509 1299 2580 quia
1330 2509 1375 2563 si
1421 2509 1542 2581 ipse
1586 2514 1670 2565 est
1709 2509 1880 2564 Filius
1914 2510 2015 2581 qui
2044 2514 2100 2565 et

461 2600 644 2670 Pater,
678 2617 808 2655 crux
856 2600 977 2656 Filii
1023 2602 1203 2657 Patris
1247 2607 1333 2658 est
1378 2603 1585 2674 passio,
1613 2606 1670 2658 et
1713 2601 1994 2674 quidquid
2040 2603 2098 2658 in

460 2694 643 2749 forma
668 2695 815 2749 servi
844 2695 1015 2750 Filius
1040 2696 1193 2750 Patri
1232 2696 1550 2752 obediendo
1583 2696 1875 2767 sustinuit,
1911 2700 2097 2752 totum

464 2786 522 2842 in
550 2805 607 2843 se
632 2789 799 2843 Pater
823 2788 947 2859 ipse
984 2790 1248 2860 suscepit.
1294 2790 1455 2854 Quod
1500 2790 1789 2845 catholica
1817 2790 1951 2845 ﬁdei
1981 2790 2099 2846 sine

465 2880 836 2952 ambiguitate
868 2882 1215 2938 contrarium
1245 2888 1349 2951 est,
1381 2900 1509 2955 qua
1534 2883 1873 2939 Trinitatem
1912 2885 2096 2939 unita-

463 2973 535 3028 tis
556 2973 634 3027 sic
658 2981 887 3042 ὁμούσιον
915 2975 1239 3045 conﬁtetur,
1261 2980 1323 3030 ut
1342 2976 1571 3030 Patrem
1593 2982 1651 3031 et
1669 2976 1875 3031 Filium
1895 2982 1950 3032 et
1976 2978 2099 3049 Spi-

465 3066 641 3122 ritum
663 3066 785 3122 sine
810 3067 1142 3123 confusione
1165 3068 1454 3139 indivisos,
1475 3068 1597 3123 sine
1625 3074 1881 3141 tempore
1898 3072 2103 3142 sempi-

466 3163 683 3229 ternos,
716 3162 837 3215 sine
867 3160 1185 3218 differentia
1212 3163 1406 3218 credat
1436 3165 1699 3235 aquales,
1722 3163 1854 3237 quia
1885 3165 2099 3220 unitate

476 3214 513 3216 η
1440 3214 1699 3235 "Tum,
1728 3214 1854 3237 ιω-
1890 3214 2097 3220 ___-"--

464 3254 525 3308 in
571 3253 900 3310 Trinitatem
940 3272 1057 3312 non
1107 3274 1174 3312 ex
1222 3257 1418 3313 eadem
1460 3274 1720 3328 persona,
1769 3259 1863 3313 sed
1903 3214 2175 3315 eademC

462 3347 712 3420 implent
738 3349 1005 3405 essentia.

538 3443 600 3499 ll.
622 3442 682 3496 In
703 3444 952 3500 secundo
973 3443 1223 3516 capitulo
1238 3445 1487 3500 ostendit
1502 3445 1762 3517 ineptum
1774 3463 2100 3519 vanumque

463 3542 849 3593 commentum
868 3538 938 3593 de
956 3538 1410 3610 processionihus
1426 3540 1810 3612 quarumdam
1821 3542 2100 3597 virtutum

465 3648 533 3689 ex
567 3633 683 3687 Deo
714 3648 853 3704 quas
900 3632 1112 3688 habere
1155 3633 1407 3706 coeperit,
1437 3638 1497 3689 et
1540 3651 1677 3706 quas
1723 3635 1967 3691 essentia
2002 3653 2099 3691 sua

463 3725 585 3798 ipse
635 3725 1006 3798 pracesserit.
1054 3727 1114 3782 In
1158 3744 1271 3800 quo
1319 3727 1663 3783 Arianorum
1712 3728 2101 3802 suffragantur

461 3819 641 3875 errori
683 3818 993 3874 dicentium
1038 3821 1191 3892 quod
1236 3823 1402 3876 Pater
1449 3822 1587 3876 Filio
1633 3823 1791 3894 prior
1834 3823 1924 3892 sit,
1964 3823 2101 3895 quia

463 3910 639 3967 fuerit
662 3912 970 3984 aliquando
1000 3914 1120 3969 sine
1154 3911 1308 3983 Filio,
1337 3920 1394 3969 et
1423 3920 1558 3969 tunc
1586 3916 1754 3971 Pater
1779 3933 1895 3972 esse
1922 3934 2102 3990 cape-

465 4006 560 4072 rit,
586 4005 816 4076 quando
846 4005 1046 4061 Filium
1077 4007 1357 4078 genuerit.
1379 4006 1490 4062 Sed
1514 4008 1658 4063 sicut
1684 4009 1805 4063 illos
1830 4012 2099 4066 catholica

466 4096 708 4155 Ecclesia
737 4098 1067 4167 detestatur,
1097 4101 1175 4155 ita
1202 4106 1258 4156 et
1292 4100 1432 4155 istos
1473 4101 1574 4173 qui
1605 4108 1807 4173 putant
1847 4121 2101 4176 unquam

466 4192 580 4247 Deo
607 4192 663 4247 id
693 4193 847 4264 quod
891 4193 1142 4263 ejusdem
1185 4195 1269 4248 est
1315 4195 1577 4251 essentia
1618 4195 1883 4253 defuisse.
1917 4198 2100 4263 Quem

465 4287 611 4342 sicut
650 4286 986 4341 mutabilem
1028 4287 1106 4343 ita
1135 4288 1527 4360 proﬁcientem
1577 4288 1767 4346 dicere
1800 4293 1962 4348 nefas
1994 4299 2095 4351 est.

467 4381 652 4445 Quam
696 4380 851 4435 enim
883 4383 1138 4436 mutatur
1167 4381 1320 4453 quod
1363 4382 1660 4454 minuitur,
1688 4390 1809 4441 tam
1847 4391 2100 4443 mutatur

466 4473 638 4529 etiam
668 4475 821 4546 quod
847 4479 1109 4547 augetur.

539 4568 621 4623 III.
671 4568 843 4624 Tertii
892 4583 1025 4624 vero
1080 4569 1312 4642 capituli
1366 4588 1554 4628 sermo
1609 4574 1891 4646 designat,
1941 4577 2093 4648 quod

461 4661 617 4719 idem
665 4662 828 4734 impii
881 4665 1155 4733 asserant,
1212 4664 1338 4721 ideo
1407 4667 1777 4737 unigenitum
1834 4668 1942 4724 dici
2004 4670 2094 4724 Fi-

460 4756 602 4811 lium
646 4755 768 4825 Dei,
810 4755 947 4829 quia
994 4757 1145 4813 solus
1192 4759 1264 4814 sit
1305 4762 1472 4815 natus
1521 4776 1588 4815 ex
1633 4761 1884 4834 Virgine.
1934 4763 2097 4828 Quod

465 4848 658 4923 utique
685 4866 804 4905 non
833 4851 1110 4906 auderent
1156 4851 1364 4923 dicere,
1397 4851 1511 4909 nisi
1538 4855 1697 4909 Pauli
1743 4856 2096 4913 Samosateni

464 4949 521 4999 et
559 4944 784 5000 Photini
826 4943 979 4999 virus
1028 4943 1366 5018 hausissent,
1414 4948 1511 5020 qui
1555 4948 1746 5005 dixere
1788 4951 2096 5007 Dominum

463 5042 722 5092 nostrum
750 5039 940 5093 Jesum
977 5039 1287 5108 Christum,
1315 5048 1621 5115 antequam
1660 5054 1990 5100 nasceretur
2023 5062 2096 5101 ex

460 5130 683 5202 virgine
711 5132 878 5188 Maria
904 5150 1022 5188 non
1060 5134 1251 5190 fuisse.
1281 5135 1340 5192 Si
1379 5141 1572 5192 autem
1598 5138 1688 5192 isti
1714 5138 1866 5194 aliud
1898 5139 1968 5195 de
1989 5156 2092 5196 suo

464 5240 634 5279 sensu
674 5225 915 5297 intelligi
953 5228 1153 5283 volunt
1194 5236 1361 5301 atque
1411 5231 1759 5303 principium
1800 5233 1869 5288 de
1909 5239 2093 5289 matre

461 5319 604 5379 dant
630 5318 869 5387 Christo,
900 5325 1159 5377 asserant
1192 5340 1422 5379 necesse
1453 5330 1539 5381 est
1580 5342 1699 5381 non
1745 5343 1929 5381 unum
1971 5344 2092 5383 esse

462 5412 665 5469 Filium
690 5412 807 5481 Dei,
836 5414 931 5469 sed
956 5415 1094 5472 alios
1123 5434 1353 5489 quoque
1399 5435 1465 5473 ex
1511 5436 1736 5475 summo
1766 5421 1929 5476 Patre
1955 5438 2091 5493 pro-

460 5505 705 5580 genitos,
734 5523 981 5579 quorum
1019 5510 1114 5564 hic
1157 5527 1306 5565 unus
1339 5510 1411 5564 sit
1453 5517 1616 5567 natus
1661 5530 1731 5569 ex
1772 5514 2009 5585 femina,
2038 5520 2093 5571 et

458 5602 551 5657 hic
570 5601 642 5657 ob
663 5602 772 5657 hoc
791 5603 1114 5674 appellatur
1132 5603 1480 5675 unigenitus,
1503 5607 1637 5677 quia
1660 5608 1803 5662 hanc
1825 5609 2093 5664 nascendi

461 5695 847 5751 conditionem
899 5695 1043 5750 alius
1092 5695 1344 5775 ﬁliorum
1403 5698 1501 5753 Dei
1544 5717 1713 5756 nemo
1759 5704 2089 5775 susceperit.

462 5789 697 5858 Quoquo
717 5804 946 5844 versum
972 5788 1148 5859 igitur
1174 5805 1232 5844 se
1252 5791 1616 5861 contulerint,
1638 5796 1696 5849 in
1719 5812 1948 5867 magna
1972 5803 2093 5853 ten-

469 5878 615 5931 dunt
653 5881 963 5951 impietatis
1006 5881 1333 5953 abruptum,
1365 5884 1411 5938 si
1443 5885 1732 5942 Christum
1776 5889 1975 5958 Deum,
2002 5892 2091 5946 vel

468 5982 533 6023 ex
564 5973 747 6024 matre
774 5971 973 6025 volunt
1010 5973 1224 6027 habere
1270 5974 1632 6047 principium,
1664 5978 1753 6032 vel
1785 5980 1958 6036 Patris
1991 5982 2092 6038 Dei

471 6055 830 6125 unigenitum
883 6057 1215 6127 diffitentur,
1250 6076 1378 6116 cum
1408 6068 1461 6117 et
1511 6063 1580 6119 de
1625 6069 1805 6120 matre
1844 6067 1887 6119 is
1930 6076 2092 6125 natus

2201 1945 2475 2001 surrectio
2520 1945 2891 2012 consecravit,
2935 1943 3175 2014 exigunt
3223 1942 3284 1996 in
3326 1957 3569 1996 maerore
3604 1941 3845 2012 jejunii,

2202 2041 2328 2106 soli,
2363 2045 2423 2094 ut
2447 2039 2737 2110 proditum
2765 2043 2870 2107 est,
2901 2035 3229 2092 reverentia
3255 2036 3400 2090 hanc
3422 2033 3846 2090 continentiam

2202 2133 2559 2202 devoventes,
2584 2136 2646 2187 ut
2671 2148 2774 2204 per
2799 2132 2993 2187 omnia
3020 2131 3135 2185 sint
3159 2147 3192 2185 a
3218 2135 3430 2184 nostra
3454 2127 3590 2183 ﬁdei
3617 2128 3845 2183 unitate

2202 2226 2509 2293 discordes,
2539 2230 2599 2281 et
2626 2226 2746 2281 dies
2778 2226 2873 2297 qui
2905 2242 2939 2280 a
2978 2224 3141 2279 nobis
3174 2240 3305 2279 cum
3336 2223 3530 2277 latitia
3572 2221 3843 2291 habetur,

2203 2319 2272 2373 ab
2308 2320 2416 2373 illis
2442 2319 2502 2373 in
2542 2319 2849 2374 afﬂictione
2893 2319 3153 2374 ducatur.
3188 2316 3349 2371 Unde
3390 2316 3629 2388 dignum
3664 2320 3754 2369 est
3779 2319 3848 2370 ut

2200 2413 2416 2468 inimici
2461 2414 2644 2468 crucis
2684 2412 2888 2467 Christi
2920 2418 2976 2467 et
3019 2410 3453 2467 resurrectionis
3493 2412 3665 2465 talem
3692 2410 3843 2465 acci-

2201 2507 2360 2578 piant
2396 2508 2735 2562 sententiam
2761 2506 2987 2579 qualem
3021 2506 3247 2578 elegere
3277 2505 3616 2560 doctrinam.

2273 2603 2335 2657 V.
2366 2601 2574 2666 Quinto
2615 2605 2810 2656 autem
2852 2600 3096 2672 capitulo
3123 2599 3370 2655 refertur
3394 2600 3549 2671 quod
3580 2598 3846 2653 animam

2203 2694 2451 2751 hominis
2477 2695 2682 2749 divina
2706 2698 2960 2750 asserant
2987 2711 3106 2749 esse
3153 2693 3503 2763 substantia,
3534 2709 3639 2747 nec
3666 2709 3701 2747 a
3728 2709 3841 2747 na-

2202 2795 2331 2843 tura
2353 2788 2630 2844 Creatoris
2674 2789 2761 2843 sui
2811 2787 3150 2843 conditionis
3181 2793 3389 2842 nostra
3432 2787 3642 2842 distare
3674 2791 3847 2841 natu-

2204 2899 2347 2938 ram.
2375 2883 2559 2947 Quam
2589 2883 2947 2953 impietatem
2976 2899 3045 2937 ex
3074 2881 3546 2953 philosophorum
3569 2896 3849 2952 quorum-

2201 2977 2330 3031 dam
2358 2979 2414 3030 et
2439 2976 2885 3031 Manichaorum
2913 2975 3182 3047 opinione
3207 2978 3541 3029 manantem
3561 2973 3847 3029 catholica

2200 3070 2340 3125 ﬁdes
2367 3070 2620 3138 damnat,
2649 3070 2833 3125 sciens
2860 3070 3076 3124 nullam
3112 3072 3228 3123 tam
3264 3068 3565 3122 sublimem
3608 3073 3845 3138 tamque

2199 3165 2550 3237 pracipuam
2592 3181 2714 3220 esse
2743 3164 3024 3219 facturam
3059 3163 3148 3217 cui
3186 3164 3329 3218 Deus
3359 3162 3481 3234 ipse
3509 3165 3714 3216 natura
3747 3162 3843 3217 sit.

2199 3258 2359 3324 Quod
2387 3258 2543 3313 enim
2574 3259 2645 3313 de
2689 3258 2874 3329 seipso
2903 3264 3007 3324 est,
3040 3256 3098 3311 id
3126 3262 3229 3326 est,
3262 3256 3412 3328 quod
3459 3256 3601 3328 ipse.
3634 3256 3752 3310 Nec
3785 3256 3843 3310 id

2200 3352 2356 3407 aliud
2393 3356 2481 3407 est
2519 3369 2693 3424 quam
2738 3351 2909 3407 Filius
2947 3357 3004 3407 et
3046 3351 3285 3423 Spiritus
3332 3353 3581 3405 sanctus.
3624 3350 3846 3405 Prater

2199 3447 2345 3502 hanc
2365 3449 2557 3501 autem
2588 3462 2827 3501 summa
2859 3446 3168 3513 Trinitatis,
3190 3461 3367 3501 unam
3395 3444 3845 3499 consubstantia-

2198 3541 2310 3595 lem
2324 3544 2381 3595 et
2392 3540 2802 3612 sempiternam
2816 3544 2984 3611 atque
2997 3539 3525 3595 incommutabilem
3538 3538 3815 3593 deitatem
3827 3581 3840 3607 ,

2201 3634 2343 3689 nihil
2367 3634 2627 3690 omnium
2655 3638 3049 3690 creaturarum
3079 3640 3180 3703 est,
3204 3634 3357 3705 quod
3376 3650 3492 3688 non
3518 3632 3576 3686 in
3604 3632 3842 3687 exordio

2199 3731 2285 3784 sui
2311 3747 2379 3786 ex
2410 3730 2588 3785 nihilo
2617 3737 2871 3786 creatum
2897 3731 2988 3785 sit.
3021 3731 3141 3785 Non
3168 3735 3362 3786 autem
3384 3726 3658 3801 quidquid
3687 3729 3842 3783 inter

2199 3827 2485 3879 creaturas
2510 3824 2726 3879 eminet
2753 3825 2900 3879 Deus
2932 3829 3036 3891 est,
3069 3840 3175 3878 nec
3203 3824 3248 3878 si
3279 3822 3414 3895 quid
3445 3837 3727 3892 magnum
3749 3827 3843 3876 est

2200 3920 2371 3988 atque
2398 3918 2658 3972 mirabile
2687 3918 2796 3972 hoc
2824 3923 2908 3973 est
2950 3917 3107 3990 quod
3154 3917 3247 3972 ille
3280 3939 3308 3967 ‹‹
3337 3916 3436 3988 qui
3477 3915 3610 3970 facit
3652 3914 3835 3969 mira-

2199 4010 2334 4065 bilia
2360 4027 2572 4082 magna
2597 4012 2748 4066 solus
2774 4013 2941 4084 (Psal.
2961 4028 3103 4078 Lxx1,
3138 4012 3243 4083 18).
3268 4033 3296 4061 ››
3326 4012 3502 4066 Nemo
3533 4009 3839 4064 hominum

2198 4104 2426 4174 veritas,
2458 4122 2628 4160 nemo
2655 4105 2878 4176 justitia
2907 4110 3012 4172 est,
3047 4106 3143 4160 sed
3175 4105 3338 4160 multi
3373 4104 3674 4176 participes
3702 4110 3839 4158 sunt

2200 4198 2449 4253 veritatis
2492 4204 2549 4253 et
2593 4198 2888 4270 sapientia
2935 4202 3105 4271 atque
3147 4198 3400 4271 justitia.
3438 4198 3599 4253 Solus
3637 4201 3837 4252 autem

2199 4293 2343 4347 Deus
2368 4292 2579 4347 nullius
2603 4293 3051 4365 participationis
3072 4293 3282 4365 dignus
3309 4299 3412 4348 est.
3442 4293 3516 4346 De
3538 4307 3652 4363 quo
3673 4291 3839 4363 quid-

2199 4386 2340 4458 quid
2368 4387 2540 4458 digne
2572 4389 2860 4459 utcunque
2901 4387 3162 4455 sentitur,
3195 4404 3313 4443 non
3348 4386 3587 4458 qualitas
3616 4392 3701 4440 est
3730 4386 3837 4441 sed

2200 4481 2458 4536 essentia.
2507 4480 2972 4537 lncommutabili
3014 4482 3168 4536 enim
3219 4481 3363 4537 nihil
3407 4479 3641 4549 accedit,
3690 4479 3837 4534 nihil

2115 4595 2174 4668 D
2197 4575 2440 4647 deperit,
2466 4576 2600 4647 quia
2626 4592 2748 4631 esse
2769 4576 2850 4630 illi
2877 4575 3027 4648 quod
3060 4581 3146 4631 est
3172 4573 3579 4647 sempiternum
3608 4590 3839 4645 semper

2201 4672 2287 4723 est
2311 4670 2632 4741 proprium.
2655 4669 2816 4725 Unde
2839 4670 2898 4724 in
2930 4685 2989 4725 se
3015 4685 3257 4725 manens
3284 4670 3512 4724 innovat
3540 4667 3756 4736 omnia,
3778 4674 3836 4723 et

2198 4763 2340 4817 nihil
2371 4763 2577 4835 accipit
2601 4764 2755 4836 quod
2780 4764 2900 4836 ipse
2930 4780 3044 4818 non
3069 4763 3241 4819 dedit.
3272 4763 3519 4818 Nimium
3549 4762 3729 4833 igitur
3744 4779 3834 4817 su-

2196 4857 2375 4928 perbi,
2400 4857 2757 4930 nimiumque
2791 4862 2922 4913 sunt
2951 4858 3104 4926 caci,
3135 4858 3233 4929 qui
3262 4873 3392 4912 cum
3413 4856 3611 4911 dicunt
3634 4856 3834 4911 huma-

2194 4967 2329 5005 nam
2358 4952 2607 5006 animam
2636 4952 2888 5006 divinam
2914 4968 3034 5007 esse
3062 4951 3461 5019 substantiam,
3483 4966 3600 5005 non
3622 4949 3833 5005 intelli-

2197 5051 2340 5116 gunt
2366 5045 2509 5100 nihil
2539 5063 2598 5101 se
2619 5045 2767 5101 aliud
2798 5046 2983 5101 dicere
3015 5063 3186 5118 quam
3212 5047 3393 5102 Deum
3431 5061 3549 5100 esse
3580 5043 3828 5100 mutabi-

2195 5140 2328 5207 lem,
2357 5145 2413 5194 et
2438 5140 2626 5211 ipsum
2657 5139 2882 5212 perpeti
2925 5140 3202 5213 quidquid
3242 5143 3431 5212 potest
3457 5143 3680 5194 natura
3710 5140 3831 5210 ejus

2194 5232 2404 5287 inferri.

2264 5325 2346 5380 VI.
2379 5326 2551 5382 Sexta
2577 5328 2870 5383 annotatio
2898 5326 3108 5384 indicat
3138 5345 3233 5383 eos
3276 5325 3487 5394 dicere,
3516 5325 3675 5399 quod
3707 5324 3829 5381 dia-

2193 5421 2357 5477 bolus
2384 5438 2681 5493 nunquam
2706 5422 2883 5478 fuerit
2925 5422 3126 5493 bonus,
3155 5438 3259 5478 nec
3284 5426 3489 5476 natura
3517 5420 3640 5490 ejus
3665 5421 3830 5492 opifi-

2195 5512 2343 5569 cium
2373 5514 2471 5570 Dei
2503 5517 2592 5584 sit,
2617 5516 2719 5571 sed
2745 5532 2879 5572 eum
2901 5532 2965 5570 ex
2986 5516 3130 5571 chao
3157 5519 3215 5570 et
3240 5512 3489 5569 tenebris
3509 5510 3829 5582 emersisse,

2194 5609 2327 5681 quia
2352 5608 2565 5663 scilicet
2594 5610 2819 5666 nullum
2848 5609 2934 5666 sui
2962 5609 3167 5666 habeat
3185 5613 3497 5677 auctorem,
3523 5607 3623 5663 sed
3646 5608 3835 5663 omnis

2197 5702 2334 5758 mali
2350 5701 2470 5774 ipse
2498 5703 2569 5757 sit
2598 5701 2946 5777 principium
2979 5710 3154 5777 atque
3185 5702 3521 5772 substantia,
3540 5718 3675 5758 cum
3692 5700 3833 5757 ﬁdes

2193 5813 2328 5852 vera
2359 5812 2487 5868 qua
2528 5799 2611 5851 est
2650 5799 2926 5854 catholica
2968 5799 3225 5854 omnium
3271 5800 3682 5865 creaturarum,
3718 5792 3831 5851 sive

2194 5887 2595 5962 spiritualium,
2635 5891 2750 5946 sive
2795 5893 3198 5965 corporalium,
3236 5893 3451 5948 bonam
3494 5890 3834 5946 conﬁteatur

2194 5982 2586 6052 substantiam,
2636 5988 2694 6039 et
2738 5986 2877 6040 mali
2926 5985 3142 6042 nullam
3199 6002 3316 6041 esse.
3369 5991 3657 6052 naturam,
3698 5984 3833 6057 quia

2196 6079 2362 6141 Deus,
2382 6077 2477 6147 qui
2508 6077 2889 6134 universitatis
2908 6086 2989 6135 est
3018 6081 3296 6153 conditor,
3314 6079 3457 6138 nihil
3482 6095 3592 6135 non
3614 6079 3833 6136 bonum
