4034 6324
165 335 260 384 397

1405 334 1874 392 I)l-J(.IRI‘J'I’A[.IIJM
1916 336 2300 395 COLLECTIU.

3427 348 3530 401 898

167 440 312 493 fecit.
351 431 509 494 Unde
544 446 601 494 et
636 442 891 496 diabolus
940 444 1123 499 bonus
1155 449 1317 513 esset,
1352 447 1396 500 si
1440 447 1497 500 in
1538 463 1603 500 eo
1650 449 1800 518 quod
1823 461 1879 530 Α
1903 448 2684 519 terquodanimaehominum
2703 449 3038 521 priusquam
3062 452 3178 504 suis
3202 453 3536 522 inspiraren-

161 532 340 587 factus
367 537 455 588 est
483 542 866 605 permaneret.
900 536 1013 592 Sed
1042 538 1173 609 quia
1197 539 1445 593 naturali
1473 542 1802 596 excellentia

160 626 309 680 male
345 643 481 681 usus
509 634 615 697 est,
645 633 703 683 et
736 629 796 683 in
823 631 1055 686 veritate
1087 648 1205 687 non
1231 633 1406 701 stetit,
1435 649 1547 688 non
1578 635 1635 690 in
1663 651 1800 690 con-

161 719 402 775 trariam
436 721 660 777 transiit
691 723 1086 792 substantiam,
1111 725 1209 780 sed
1233 744 1266 781 a
1285 743 1512 783 summo
1541 728 1690 784 bono
1711 730 1800 784 cui

159 813 360 868 debuit
379 815 678 871 adhaerere
709 817 958 886 descivit,
979 818 1123 874 sicut
1142 820 1249 891 ipsi
1271 821 1370 892 qui
1391 823 1524 876 talia
1545 829 1802 878 asserunt

156 908 357 962 averis
386 907 448 962 in
479 909 623 964 falsa
654 917 956 981 proruunt,
981 916 1038 968 et
1068 917 1332 970 naturam
1361 915 1419 969 in
1442 932 1508 971 eo
1531 924 1797 988 arguunt,

159 1001 214 1055 in
265 1018 384 1072 quo
433 1007 635 1073 sponte
678 1004 1036 1076 delinquunt,
1079 1025 1144 1061 ac
1187 1025 1292 1078 pro
1342 1026 1440 1063 sua
1487 1011 1802 1066 voluntaria

159 1095 534 1167 perversitate
582 1098 939 1154 damnantur.
985 1100 1149 1164 Quod
1191 1102 1390 1174 utique
1417 1103 1475 1158 in
1503 1105 1637 1175 ipsis
1678 1123 1799 1160 ma-

159 1191 274 1244 lum
307 1190 443 1258 erit,
479 1195 538 1244 et
563 1191 746 1262 ipsum
785 1194 1004 1248 malum
1041 1211 1158 1249 non
1193 1195 1300 1250 erit.
1331 1197 1669 1266 substantia,
1705 1200 1800 1253 sed

161 1302 322 1356 poena
350 1285 706 1340 substantiae.

227 1381 336 1433 VII.
369 1379 633 1451 Septimo
656 1381 778 1434 loco
806 1381 1064 1451 sequitur
1089 1383 1242 1453 quod
1268 1385 1498 1455 nuptias
1529 1386 1803 1441 damnant

161 1477 214 1527 et
242 1473 704 1545 procreationem
733 1473 1089 1529 nascentium
1121 1477 1580 1546 perhorrescunt.
1604 1481 1666 1534 In
1686 1496 1800 1551 quo

160 1568 301 1622 sicut
327 1583 483 1638 pene
515 1567 572 1620 in
602 1567 864 1621 omnibus
899 1585 1030 1622 cum
1066 1570 1508 1627 Manichaeorum
1546 1574 1798 1644 profani-

161 1666 270 1716 tate
301 1661 676 1715 concordant.
712 1661 846 1715 Ideo
875 1661 1017 1717 sicut
1041 1663 1296 1735 ipsorum
1338 1683 1531 1721 mores
1556 1667 1803 1738 probant

160 1755 527 1826 conjugalem
566 1755 826 1826 copulam
857 1756 1224 1826 detestantes;
1255 1759 1390 1830 quia
1419 1777 1532 1815 non
1574 1766 1656 1816 est
1690 1761 1800 1816 illic

1902 546 1994 594 tur
2025 540 2356 612 corporibus
2381 557 2497 596 non
2522 541 2684 597 fuere
2719 558 2824 597 nec
2857 543 2928 596 ab
2955 543 3073 598 ullo
3101 544 3540 616 incorporantur

1902 633 2010 687 nisi
2048 634 2117 688 ab
2151 635 2350 706 opitice
2396 635 2531 704 Deo,
2560 635 2656 706 qui
2700 638 2757 690 et
2800 635 3057 708 ipsarum
3103 643 3186 691 est
3231 642 3456 694 creator
3481 643 3539 695 et

1902 722 2249 833 corporum{
2277 729 2363 795 Et,
2396 729 2530 800 quia
2570 745 2678 800 per
2714 729 2888 801 primi
2926 729 3173 786 hominis
3203 733 3533 804 praevarica-

1901 820 2141 890 tionem,
2179 820 2300 875 tdta
2342 822 2583 877 humani
2627 823 2852 894 generis
2901 840 3159 895 propago
3201 824 3399 880 vitiata
3442 826 3534 894 sit,

1905 914 2198 968 neminem
2219 931 2384 986 posse
2409 915 2779 972 aconditione
2796 918 2998 972 veteris
3018 917 3265 973 hominis
3283 919 3533 990 liberari,

1901 1006 2008 1060 nisi
2054 1023 2156 1077 per
2195 1015 2610 1063 sacramentum
2655 1010 3006 1080 baptismatis
3058 1010 3285 1078 Christi,
3317 1012 3377 1067 in
3419 1029 3532 1084 quo

1903 1100 2062 1154 nulla
2111 1105 2194 1154 est
2237 1101 2501 1157 discretio
2548 1107 2898 1171 renatorum,
2947 1103 3168 1159 dicente
3207 1107 3473 1176 Apostolo
3517 1125 3530 1162 :

1907 1193 2284 1266 «Quicunque
2305 1195 2459 1249 enim
2486 1195 2544 1250 in
2561 1195 2783 1251 Christo
2801 1196 3069 1268 baptizati
3090 1198 3222 1253 estis
3243 1199 3530 1254 Christum

1901 1287 2180 1342 induistis.
2221 1289 2344 1342 Non
2392 1294 2478 1343 est
2519 1289 2747 1344 Judzeus
2788 1306 2974 1361 neque
3018 1292 3263 1360 Graecus,
3294 1310 3406 1348 non
3449 1299 3535 1349 est

1903 1397 2093 1436 servus
2123 1398 2306 1453 neque
2333 1382 2497 1450 liber,
2521 1399 2636 1438 non
2659 1389 2744 1438 est
2768 1385 3051 1439 masculus
3075 1401 3261 1456 neque
3284 1386 3530 1454 femina;

1903 1492 2106 1530 omnes
2145 1477 2298 1530 enim
2343 1493 2523 1531 unum
2569 1477 2702 1532 estis
2749 1478 2808 1533 in
2855 1477 3075 1535 Christo
3117 1480 3250 1534 Jesu
3280 1481 3419 1550 (Gal.
3451 1499 3528 1548 III,

1900 1570 2123 1639 27,28).
2154 1591 2180 1617 ››
2213 1569 2360 1633 Quid
2407 1570 2564 1625 enim
2609 1574 2791 1642 agunt
2836 1589 3032 1626 cursus
3079 1572 3350 1641 siderum,
3393 1575 3528 1645 quid

1899 1661 2173 1733 ﬁgmenta
2199 1664 2467 1732 fatorum,
2485 1664 2621 1734 quid
2648 1664 3072 1720 mundanarum
3095 1682 3282 1721 rerum
3304 1668 3532 1722 mobilis

1900 1757 2099 1825 status,
2125 1755 2384 1828 inquieta
2411 1757 2748 1812 diversitas?
2775 1760 2914 1813 Ecce
2947 1764 3028 1814 tot
3069 1758 3314 1830 impares
3352 1762 3533 1831 gratia

157 1848 396 1903 libertas
424 1848 793 1920 turpitudinis
817 1849 915 1904 ubi
945 1851 1130 1922 pudor
1158 1852 1508 1908 matrimonii
1541 1858 1798 1910 servatur
1817 1847 1874 1920 B
1899 1850 1998 1903 Dei
2024 1849 2158 1904 facit
2183 1851 2448 1922 aequales,
2479 1852 2580 1924 qui
2605 1851 2757 1907 inter
2782 1853 3063 1924 quoslibet
3087 1853 3214 1909 vitm
3245 1853 3415 1925 hujus
3446 1855 3530 1910 la-

161 1948 215 1996 et
245 1942 478 1996 sobolis.

229 2037 364 2091 VIII.
397 2037 676 2091 Octavum
713 2053 911 2092 eorum
941 2044 1026 2094 est
1053 2040 1489 2111 plasmationem
1516 2042 1797 2097 humano-

160 2147 288 2185 rum
333 2146 643 2201 corporum
694 2132 908 2186 diaboli
957 2133 1141 2188 dicere
1185 2151 1306 2190 esse
1352 2136 1714 2207 ﬁgmentum,
1747 2141 1803 2192 et

161 2224 384 2279 semina
411 2225 852 2296 conceptionum
883 2243 1053 2298 opere
1089 2227 1420 2284 daemonum
1451 2229 1510 2284 in
1545 2230 1801 2284 mulieris

160 2319 337 2372 uteris
357 2319 624 2389 ﬁgurari.
645 2321 950 2392 Propterea
981 2323 1455 2378 resurrectionem
1477 2324 1663 2378 carnis
1682 2341 1799 2379 non

163 2430 282 2467 esse
324 2412 700 2484 credendam,
739 2414 872 2485 quia
918 2417 1238 2471 concreatio
1281 2418 1530 2490 corporis
1570 2435 1684 2472 non
1732 2419 1803 2473 sit

161 2523 488 2578 congruens
521 2508 724 2562 anima:
757 2508 1043 2580 dignitati.
1074 2511 1208 2574 Quae
1237 2512 1453 2566 falsitas
1480 2511 1602 2567 sine
1631 2512 1802 2566 dubio

162 2619 302 2672 opus
321 2601 535 2655 diaboli
551 2606 654 2670 est,
671 2605 727 2657 et
743 2603 878 2657 talia
893 2604 1157 2676 prodigia
1176 2605 1517 2676 opinionum
1529 2606 1800 2676 ﬁgmenta

162 2701 291 2750 sunt
327 2695 685 2764 daemonum,
721 2696 820 2767 qui
861 2713 977 2752 non
1024 2697 1082 2752 in
1129 2699 1470 2754 feminarum
1513 2700 1801 2755 ventribus

162 2789 418 2844 formant
443 2789 726 2857 homines,
750 2791 846 2846 sed
869 2791 926 2845 in
953 2791 1353 2848 haereticorum
1381 2793 1647 2848 cordibus
1667 2795 1802 2849 tales

163 2881 519 2937 fabricantur
547 2899 786 2950 errores,
815 2885 978 2948 Quod
1002 2885 1520 2941 immundissimum
1549 2887 1703 2942 virus
1731 2886 1800 2941 de

165 2976 489 3030 Manichaeaa
545 2977 854 3047 impietatis
903 2979 1225 3050 specialiter
1269 2980 1425 3035 fonte
1469 2981 1798 3052 procedens,

166 3070 299 3124 olim
327 3070 469 3124 ﬁdes
496 3071 770 3126 catholica
794 3073 1167 3143 deprehendit
1191 3079 1360 3145 atque
1385 3075 1515 3129 dam
1526 3075 1693 3129 navit.

231 3165 317 3218 IX.
350 3165 515 3219 Nona
543 3170 734 3220 autem
773 3166 1066 3221 adnotatio
1103 3169 1434 3223 manifestat
1477 3169 1626 3240 quod
1659 3168 1802 3223 ﬁlios

164 3257 559 3329 promissionis
604 3276 668 3312 ex
716 3260 1052 3315 mulieribus
1099 3262 1330 3333 quidem
1378 3268 1558 3330 natos,
1597 3263 1695 3318 sed
1734 3227 1877 3317 exc

165 3352 377 3423 Spiritu
407 3356 598 3407 mncto
625 3353 819 3409 dicant
855 3371 974 3410 esse
1004 3361 1323 3427 conceptos,
1356 3373 1428 3411 ne
1459 3356 1553 3410 illa
1585 3356 1803 3411 soboles

166 3462 294 3517 quae
327 3447 398 3500 de
433 3447 617 3501 carnis
647 3448 861 3504 semine
898 3450 1151 3505 nascitur
1180 3451 1252 3505 ad
1282 3451 1378 3505 Dei
1414 3450 1799 3506 conditionem

166 3540 454 3610 pertinere
483 3541 761 3597 videatur.
793 3543 953 3606 Quod
988 3544 1279 3599 catholicae
1309 3543 1441 3598 fidei
1471 3561 1801 3616 repugnans

165 3640 340 3705 atque
352 3636 704 3691 contrarium
723 3639 824 3706 est,
841 3654 967 3709 quas
986 3655 1216 3693 omnem
1230 3639 1526 3694 hominem
1539 3645 1595 3694 et
1606 3655 1803 3710 corpo-

168 3728 241 3782 ris
266 3729 592 3800 animaeque
629 3730 1004 3786 substantiam
1031 3749 1062 3786 a
1092 3733 1396 3788 Conditore
1427 3731 1802 3787 universitatis

165 3822 403 3877 formari
428 3827 598 3896 atque
625 3824 866 3880 animari
890 3827 1039 3881 intra
1054 3833 1317 3882 materna
1343 3827 1555 3882 viscera
1577 3827 1802 3882 conﬁte-

167 3920 278 3986 tur,
303 3921 572 3972 manente
594 3918 824 3989 quidem
844 3919 941 3976 illo
958 3921 1170 3992 peccati
1190 3922 1652 3994 mortalitatisque
1671 3939 1802 3976 con-

166 4011 346 4082 tagio,
363 4011 589 4082 quodin
604 4014 821 4084 prolem
841 4032 874 4069 a
889 4015 1076 4086 primo
1092 4022 1326 4087 parente
1338 4016 1688 4084 transcurrit,
1704 4016 1800 4071 sed

169 4106 618 4176 regenerationis
644 4115 1002 4164 sacramento
1035 4110 1425 4179 subveniente,
1449 4128 1562 4184 quo
1588 4128 1651 4166 ex
1677 4111 1797 4182 Spi-

169 4197 282 4252 ritu
333 4205 523 4255 sancto
573 4203 961 4272 promissionis
1010 4203 1112 4258 ﬁlii
1154 4210 1549 4273 renascuntur,
1579 4221 1696 4260 non
1742 4205 1801 4258 in

167 4295 335 4347 utero
377 4293 582 4365 carnis,
627 4296 726 4351 sed
771 4297 830 4351 in
874 4297 1079 4352 virtute
1127 4298 1503 4369 baptismatis.
1548 4298 1707 4352 Unde
1747 4301 1802 4353 et

169 4385 347 4440 David
377 4388 530 4458 quod
574 4390 773 4460 utique
815 4395 935 4446 erat
969 4391 1363 4463 promissionis
1392 4392 1542 4446 ﬁlius
1568 4391 1701 4446 dicit
1729 4391 1800 4445 ad

170 4478 350 4534 Deum
384 4499 398 4534 :
433 4481 680 4536 «Manus
718 4489 831 4538 tuae
862 4484 1117 4540 fecerunt
1149 4502 1238 4540 me
1279 4491 1336 4540 et
1375 4487 1802 4556 plasmaverunt

171 4589 265 4627 me
313 4574 477 4644 (Psal.
513 4593 700 4646 cxvm,
743 4580 921 4648 73);»
966 4583 1024 4633 et
1068 4579 1138 4633 ad
1181 4579 1486 4634 Jeremiam
1530 4579 1880 4678 DominusD

173 4667 280 4722 ait:
311 4668 698 4742 «Priusquam
729 4674 780 4725 te
805 4672 1109 4728 formarem
1141 4673 1202 4728 in
1230 4679 1392 4729 utero
1416 4674 1544 4729 novi
1566 4677 1644 4740 te,
1670 4673 1801 4729 etin

170 4762 332 4817 vulva
362 4763 566 4818 matris
592 4767 706 4819 tuae
731 4766 1074 4822 sanctiﬁcavi
1103 4772 1157 4822 te
1189 4771 1314 4838 (Jer.
1351 4785 1389 4836 ι,
1418 4771 1489 4840 5).
1525 4792 1550 4818 ››

240 4857 298 4911 Χ.
323 4856 552 4912 Decimo
578 4863 768 4914 autem
793 4862 1038 4932 capitulo
1066 4862 1391 4918 referuntur
1414 4879 1665 4918 asserere
1689 4862 1806 4917 ani-

174 4967 292 5005 mas
322 4968 452 5023 quas
493 4953 760 5008 humanis
804 4956 1134 5027 corporibus
1184 4957 1512 5012 inseruntur
1539 4957 1710 5012 fuisse
1747 4957 1806 5011 in

175 5060 429 5116 corpore,
458 5050 516 5102 et
542 5047 598 5100 in
636 5048 847 5103 caelesti
885 5050 1239 5106 habitatione
1281 5068 1540 5122 peccasse
1579 5054 1750 5123 atque
1773 5068 1806 5104 a

177 5138 509 5195 sublimibus
530 5141 604 5196 ad
621 5141 888 5198 inferiora
915 5144 1166 5216 dilapsas
1184 5145 1244 5199 in
1265 5146 1500 5200 diversa:
1520 5144 1807 5218 qualitatis

180 5233 459 5306 principes
490 5235 778 5304 incidisse,
804 5241 863 5291 et
881 5255 985 5309 per
1009 5239 1188 5294 aerias
1212 5256 1275 5294 ac
1301 5239 1547 5294 sidereas
1567 5241 1808 5310 potesta-

180 5334 272 5397 tes,
298 5330 442 5385 alias
473 5329 754 5396 duriores,
784 5331 923 5386 alias
953 5333 1206 5388 mitiores
1245 5333 1577 5406 corporibus

181 5439 287 5478 esse
321 5425 563 5479 inclusas
591 5441 622 5478 a
650 5428 799 5480 sorte
830 5427 1051 5481 diversa
1083 5434 1139 5482 et
1170 5428 1499 5484 conditione
1526 5427 1804 5499 dissimili,

185 5522 238 5571 ut
257 5517 531 5590 quidquid
562 5518 619 5574 in
648 5519 751 5574 hac
782 5520 895 5576 vita
924 5521 1073 5576 varie
1097 5527 1153 5577 et
1171 5523 1532 5596 inaequaliter
1551 5522 1811 5596 provenit

185 5626 245 5666 ex
287 5613 744 5684 praecedentibus
787 5616 966 5670 causis
1009 5616 1261 5671 videatur
1307 5617 1587 5673 accidere.
1628 5619 1808 5682 Quam

186 5704 482 5777 impietatis
497 5707 753 5763 fabulam
771 5725 834 5763 ex
853 5710 1173 5764 multorum
1190 5710 1296 5765 sibi
1313 5712 1604 5767 erroribus
1621 5716 1811 5767 texue-

189 5805 330 5870 runt,
359 5801 459 5856 sed
499 5818 702 5856 omnes
742 5819 838 5856 eos
876 5804 1147 5859 catholica
1189 5805 1331 5860 fides
1357 5823 1386 5860 a
1417 5823 1652 5879 corpore
1697 5823 1811 5861 suae

189 5893 411 5950 unitatis
435 5895 672 5951 abscidit
700 5901 1025 5952 constanter
1055 5899 1368 5970 prmdicans
1397 5906 1570 5972 atque
1595 5900 1809 5956 veraci-

587 5993 857 6060 ΡΑτιιοιη
907 5994 1132 6061 CXXX.

1899 1944 2065 1999 bores
2094 1944 2138 1998 si
2164 1944 2360 2000 ﬁdeles
2388 1950 2752 2017 permanent,
2775 1946 2968 2002 miseri
2996 1963 3115 2002 esse
3133 1964 3247 2002 non
3276 1955 3529 2019 possunt,

1901 2038 2273 2110 apostolicum
2300 2039 2437 2093 illud
2469 2039 2526 2093 in
2548 2039 2865 2094 tentatione
2891 2039 3142 2095 dicentes
3170 2056 3185 2093 :
3222 2063 3250 2090 «
3279 2042 3411 2106 Quis
3431 2059 3533 2098 nos

1900 2133 2184 2202 separabit
2203 2150 2236 2186 a
2256 2132 2533 2188 charitate
2558 2132 2812 2188 Christi?
2834 2133 3123 2189 tribulatio
3149 2151 3220 2188 an
3243 2138 3526 2206 angustia,

1900 2242 1972 2279 an
2003 2225 2342 2297 persecutio,
2377 2243 2452 2280 an
2482 2227 2682 2297 fames,
2708 2244 2781 2282 an
2815 2226 3059 2297 auditas,
3089 2244 3161 2282 an
3191 2229 3530 2302 periculum,

1899 2337 1972 2374 an
2022 2320 2282 2391 gladius?
2328 2320 2483 2376 Sicut
2526 2321 2798 2392 scriptum
2855 2325 2957 2392 est,
3014 2321 3150 2394 quia
3193 2329 3428 2395 propter
3478 2331 3532 2381 te

1902 2419 2085 2469 morte
2126 2415 2405 2469 afﬁcimur
2447 2420 2565 2470 tota
2612 2415 2724 2483 die,
2754 2415 3020 2470 aestimati
3065 2433 3262 2470 sumus
3299 2422 3361 2471 ut
3401 2435 3532 2473 oves

1902 2508 2213 2563 occisionis.
2243 2508 2346 2564 Sed
2385 2509 2443 2562 in
2476 2508 2565 2563 his
2592 2509 2857 2563 omnibus
2888 2525 3224 2579 superamus
3250 2511 3307 2564 in
3335 2527 3403 2566 eo
3432 2513 3530 2582 qui

1902 2619 2007 2657 nos
2053 2602 2248 2656 dilexit
2279 2603 2443 2672 (Rom.
2490 2619 2605 2668 vin,
2651 2606 2737 2669 35,
2770 2605 2878 2672 36).
2914 2624 2940 2651 ››
2983 2605 3050 2658 Et
3092 2603 3221 2657 ideo
3268 2605 3527 2673 Ecclesia,

1902 2712 2029 2766 quae
2056 2713 2259 2767 corpus
2287 2700 2372 2750 est
2396 2695 2622 2763 Christi,
2645 2695 2786 2750 nihil
2814 2696 2882 2750 de
2910 2696 3112 2751 mundi
3139 2697 3534 2769 inaequalitati-

1901 2790 2004 2844 bus
2034 2790 2259 2857 metuit,
2289 2806 2415 2860 quae
2442 2790 2582 2844 nihil
2617 2789 2685 2844 de
2714 2789 2879 2843 bonis
2909 2791 3303 2862 corporalibus
3328 2808 3532 2848 concu-

1902 2883 2085 2955 piscit.
2117 2884 2224 2937 Nec
2257 2883 2493 2938 timetur
2521 2883 2678 2938 inani
2719 2883 2960 2956 strepitu
3001 2884 3251 2940 fatorum
3286 2887 3528 2955 gravari,

1902 2994 2030 3049 qua:
2058 2977 2327 3048 patientia
2357 2978 2782 3033 tribulationum
2814 2979 2970 3033 novit
2998 2979 3219 3050 augeri.

1974 3072 2055 3127 XI.
2086 3071 2396 3126 Undecima
2431 3071 2683 3142 ipsorum
2728 3072 3082 3144 blasphemia
3110 3077 3214 3143 est,
3242 3090 3357 3145 qua
3387 3075 3530 3129 falas

1903 3166 2050 3220 libus
2072 3165 2243 3220 stellis
2265 3166 2555 3220 etanimas
2577 3166 2875 3244 hominum
2894 3172 2949 3222 et
2961 3183 3200 3239 corpora
3221 3167 3534 3239 opinantur

1903 3261 2160 3331 astringi,
2193 3276 2294 3330 per
2317 3276 2488 3331 quam
2519 3260 2832 3314 amentiam
2860 3276 3088 3314 necesse
3122 3264 3227 3327 est,
3263 3264 3325 3314 ut
3351 3262 3534 3317 omni-

1902 3355 2006 3409 bus
2032 3369 2387 3424 paganorum
2435 3353 2722 3408 erroribus
2753 3352 3026 3424 implicati
3055 3357 3111 3408 et
3147 3354 3397 3409 faventia
3426 3356 3531 3411 sibi

1903 3451 1984 3517 (ut
2026 3448 2248 3518 putant)
2286 3446 2475 3501 sidera
2520 3447 2723 3517 colere,
2770 3450 2826 3501 et
2867 3447 3224 3502 adversantia
3267 3449 3532 3504 studeant

1902 3542 2187 3613 mitigare.
2218 3542 2425 3594 Verum
2453 3541 2561 3595 ista
2591 3540 2938 3595 sectantibus
2975 3541 3166 3595 nullus
3195 3541 3250 3595 in
3281 3542 3529 3598 Ecclesia

1901 3637 2174 3691 catholica
2205 3635 2361 3689 locus
2401 3640 2502 3702 est,
2536 3634 2804 3706 quoniam
2839 3635 2936 3706 qui
2966 3651 3022 3689 se
3048 3634 3252 3690 talibus
3296 3652 3526 3706 persua-

1902 3730 2156 3785 sionibus
2183 3729 2354 3798 dedit,
2383 3746 2416 3783 a
2442 3727 2647 3785 Christi
2673 3744 2912 3800 corpore
2942 3733 3093 3784 totus
3117 3729 3404 3784 abscessit.

1974 3826 2078 3878 XII.
2119 3822 2529 3879 Duodecimum
2573 3823 2721 3877 inter
2753 3823 2877 3878 htec
2914 3822 3052 3878 illud
3095 3823 3247 3895 quod
3294 3829 3380 3879 est
3427 3823 3531 3879 sub

1903 3920 2028 3974 aliis
2060 3918 2435 3991 potestatibus
2475 3922 2665 3989 partes
2704 3918 2933 3984 animae,
2965 3917 3069 3972 sub
3113 3917 3237 3972 aliis
3281 3919 3532 3990 corporis

1902 4012 2162 4068 membra
2187 4012 2512 4067 describunt
2541 4015 2596 4066 et
2626 4011 2932 4083 qualitates
2962 4010 3296 4066 interiorum
3327 4028 3534 4083 praesu-

1900 4109 2018 4163 lum
2053 4107 2112 4162 in
2147 4106 2602 4178 patriarcharum
2647 4105 2976 4160 nominibus
3021 4109 3295 4174 statuunt,
3329 4106 3534 4177 quibus

1904 4220 1934 4256 e
1991 4202 2207 4256 diverso
2256 4201 2419 4271 signa
2471 4200 2707 4265 siderea,
2757 4216 3005 4270 quorum
3052 4200 3242 4254 virtuti
3294 4216 3533 4272 corpora

1901 4295 2274 4366 subjiciantur
2301 4297 2614 4364 opponunt.
2646 4294 2712 4348 Et
2739 4293 2797 4346 in
2826 4293 2913 4346 his
2943 4293 3208 4347 omnibus
3235 4293 3536 4348 inextrica-

1903 4389 2000 4444 bili
2029 4405 2086 4442 se
2117 4404 2308 4442 errore
2346 4385 2725 4458 praepediunt,
2761 4402 2877 4440 non
2909 4385 3203 4440 audientes
3248 4386 3529 4442 dicentem

1902 4482 2233 4555 Apostolum
2263 4498 2276 4535 :
2310 4501 2336 4532 «
2369 4480 2564 4534 Videte
2593 4495 2664 4534 ne
2709 4479 2835 4551 quis
2862 4496 2963 4534 vos
3003 4479 3248 4551 decipiat
3272 4497 3374 4552 per
3402 4481 3530 4552 phi-

1903 4576 2218 4648 losophiam
2245 4579 2302 4630 et
2326 4575 2562 4629 inanem
2599 4572 2881 4628 fallaciam
2928 4573 3244 4628 secundum
3275 4573 3531 4629 traditio-

1905 4689 2037 4727 nem
2080 4670 2402 4739 hominum,
2432 4667 2742 4724 secundum
2789 4668 3071 4723 elementa
3096 4667 3300 4722 mundi
3332 4671 3388 4722 et
3420 4685 3534 4724 non

1906 4765 2220 4823 secundum
2263 4763 2572 4833 Christum,
2604 4761 2740 4834 quia
2765 4762 2822 4816 in
2869 4761 2991 4833 ipso
3036 4761 3318 4816 inhabitat
3348 4763 3535 4818 omnis

1907 4860 2199 4933 plenitudo
2227 4857 2535 4914 divinitatis
2563 4855 2959 4929 corporaliter,
2991 4859 3046 4910 et
3071 4855 3202 4909 estis
3231 4855 3288 4910 in
3320 4855 3416 4910 illo
3441 4873 3530 4912 re-

1905 4955 2066 5027 pleti,
2089 4954 2188 5027 qui
2215 4956 2298 5009 est
2325 4955 2499 5024 caput
2540 4951 2725 5006 omnis
2771 4949 3118 5022 principatus
3154 4953 3212 5004 et
3237 4950 3535 5021 potestatis

1909 5052 2123 5121 (Coloss.
2155 5066 2212 5115 ιι,
2245 5050 2422 5116 8-10),
2453 5066 2480 5099 ι)
2513 5047 2581 5101 Et
2605 5045 2815 5100 iterum
2850 5061 2862 5098 :
2896 5064 2923 5093 «
2959 5044 3134 5098 Nemo
3162 5059 3256 5097 vos
3283 5044 3532 5114 seducat,

1909 5145 2101 5198 volens
2133 5144 2192 5198 in
2235 5140 2561 5198 humilitate
2608 5143 2664 5193 et
2698 5137 2970 5210 religione
3017 5137 3373 5208 angelorum,
3407 5155 3537 5211 quac

1909 5256 2023 5292 non
2068 5237 2205 5292 vidit
2255 5236 2573 5302 ambulans,
2607 5234 2811 5288 frustra
2859 5231 3087 5287 inﬂatus
3137 5247 3303 5288 sensu
3353 5235 3541 5290 carnis

1908 5349 2044 5402 suae,
2075 5349 2186 5386 non
2233 5336 2435 5386 tenens
2478 5333 2665 5399 caput,
2695 5343 2766 5382 ex
2799 5343 2912 5398 quo
2951 5329 3134 5381 totum
3167 5343 3370 5400 corpus
3405 5345 3536 5401 per-

1907 5442 2119 5481 nexum
2145 5429 2200 5480 et
2225 5421 2653 5494 conjunctiones
2679 5419 3175 5476 subministratum
3205 5424 3263 5475 et
3290 5425 3542 5478 constru-

1908 5525 2062 5576 ctum
2089 5517 2286 5574 crescit
2309 5517 2367 5571 in
2393 5521 2762 5588 augmentum
2795 5514 2894 5569 Dei
2923 5516 3139 5585 (Coloss.
3172 5533 3226 5584 ιι,
3261 5517 3342 5583 I8,
3377 5518 3480 5584 I9).
3511 5539 3534 5562 »

1911 5615 2053 5680 Quid
2086 5629 2223 5685 ergo
2256 5628 2396 5683 opus
2426 5615 2509 5665 est
2539 5609 2594 5664 in
2624 5625 2723 5664 cor
2750 5608 3077 5680 admittere,
3109 5608 3263 5681 quod
3303 5608 3396 5663 lex
3427 5625 3540 5666 non

1911 5709 2121 5778 docuit,
2157 5706 2309 5779 quod
2341 5704 2642 5776 prophetia
2671 5721 2784 5758 non
2816 5703 3043 5770 cecinit,
3077 5701 3228 5774 quod
3256 5703 3539 5775 Evangelii

1910 5803 2116 5859 veritas
2136 5818 2250 5857 non
2281 5798 2628 5873 przedicavit,
2647 5797 2802 5871 quod
2828 5796 3134 5869 apostolica
3153 5795 3411 5850 doctrina
3426 5813 3542 5852 non

1913 5898 2184 5952 tradidit?
2213 5896 2320 5947 Sed
2361 5895 2481 5948 hmo
2521 5899 2712 5966 operta
2752 5896 2882 5947 sunt
2921 5904 3115 5944 eorum
3157 5888 3442 5946 mentibus
3475 5893 3546 5948 de

3108 5991 3185 6052 99
