4034 6318
518 336 621 390 899

1411 328 1693 385 APPEND.
1731 324 2015 387 ADS/EC.
2058 326 2144 382 IX.
2179 355 2248 366 —-
2285 325 2532 383 [SIDORI
2570 325 2993 383 MERCATORIS

3624 316 3657 323 ...-

3785 328 3889 381 900

521 441 727 514 quibus
774 440 1077 512 Apostolus
1124 438 1301 493 dicit:
1335 438 1507 492 «Erit
1546 438 1703 491 enim
1749 441 1974 507 tempus
2018 453 2144 491 cum
2170 439 2380 520 Asuut
2397 435 2812 506 atqueignibus
2828 434 3281 491 concremanda.
3306 435 3578 500 Quamvis
3598 435 3760 489 enim
3777 435 3891 489 sint

522 554 724 592 sanam
764 536 1081 591 doctrinam
1124 551 1240 589 non
1281 532 1660 599 sustinebunt,
1688 532 1790 587 sed
1816 532 1887 587 ad
1913 548 2014 586 sua
2048 531 2144 587 de-

522 631 729 685 sideria
752 629 1166 684 coacervabuut
1191 628 1296 682 sibi
1326 626 1627 698 magistros
1656 626 1976 697 prurientes
2004 625 2161 680 auri-.

522 725 647 792 bus,
699 727 755 776 et
804 740 837 776 a
882 722 1112 776 veritate
1156 721 1388 793 quidem
1443 720 1701 775 auditum
1757 723 2032 787 avertant,
2078 720 2149 774 ad

522 817 735 871 fabulas
763 821 954 871 autem
979 817 1381 870 convertentur
1405 814 1479 883 (II
1507 816 1643 869 Tim.
1677 830 1751 881 IV,
1779 816 1830 881 3,
1861 814 1977 883 4).»
1999 812 2147 867 Nihil

520 912 706 981 itaque
730 909 1021 964 nobiscum
1045 924 1347 964 commune
1368 907 1638 973 habeant,
1662 906 1760 977 qui
1778 907 1913 961 talia
1933 906 2152 961 audent

520 1005 600 1057 vel
634 1003 856 1069 docere,
885 1004 974 1057 vel
1005 1003 1255 1070 credere,
1288 1006 1344 1055 et
1368 1000 1719 1072 quibuslibet
1746 1000 1930 1055 modis
1962 1000 2148 1054 nitun-

522 1102 613 1151 tur
639 1100 890 1151 astruere
920 1096 1077 1168 quod
1101 1095 1414 1150 substantia
1440 1095 1630 1149 carnis
1659 1094 1729 1148 ab
1761 1110 1859 1165 spe
1890 1111 2146 1148 resurre-

518 1191 720 1246 ctionis
755 1191 944 1245 aliena
980 1190 1073 1258 sit,
1099 1196 1267 1261 atque
1304 1188 1385 1243 ita
1412 1205 1583 1244 omne
1611 1191 2031 1243 sacramentum
2060 1188 2146 1242 in-

520 1284 868 1340 carnationis
905 1284 1111 1339 Christi
1156 1284 1463 1338 resolvunt.
1512 1283 1660 1347 Quia
1703 1282 2007 1353 indignum
2044 1282 2152 1336 fuit

520 1380 809 1450 integrum
838 1379 1134 1433 hominem
1167 1377 1393 1448 suscipi,
1427 1377 1473 1430 si
1510 1375 1818 1447 indignum
1857 1381 1975 1431 erat
2004 1375 2146 1431 inte-

521 1490 688 1543 grum
715 1473 963 1527 liberari.

592 1568 720 1621 Xlll.
752 1566 937 1621 Tertio
971 1564 1196 1620 decimo
1238 1565 1358 1619 loco
1398 1564 1647 1635 positum
1685 1566 1772 1617 est
1801 1563 2031 1619 eosdem
2062 1563 2147 1617 di-

520 1677 668 1727 cere,
697 1660 849 1731 quod
879 1675 1050 1714 omne
1078 1675 1280 1729 corpus
1305 1657 1727 1728 Scripturarum
1753 1657 2152 1711 cauonicarum

522 1754 626 1809 sub
657 1753 1107 1825 patriarcharum
1140 1751 1466 1806 nominibus
1490 1751 1884 1822 accipiendum
1908 1751 1999 1818 sit,
2018 1750 2151 1821 quia

2248 531 2308 586 iu
2336 529 2447 584 illis
2472 529 2754 601 quaedam,
2776 546 2902 601 quae
2927 529 3231 585 videantur
3254 528 3501 600 speciem
3522 529 3746 585 habere
3776 530 3892 601 pie-

2250 623 2340 691 tis,
2384 640 2682 695 nunquam
2727 629 2923 679 tamen
2974 640 3148 679 vacua
3202 628 3335 679 sunt
3375 624 3634 692 venenis,
3684 628 3743 679 et
3790 639 3892 695 per

2250 717 2580 773 fabularum
2610 716 2907 772 illecebras
2937 718 3048 773 hoc
3071 718 3314 773 latenter
3340 721 3675 790 operantur,
3701 722 3772 772 ut
3791 717 3893 772 mi-

2249 812 2517 867 rabilium
2558 812 2886 867 narratione
2928 812 3189 867 seductos
3240 811 3450 884 laqueis
3493 811 3889 883 cujuscunque

2252 906 2461 960 erroris
2515 906 2823 961 involvaut.
2868 904 3029 960 Unde
3079 905 3124 959 si
3182 905 3308 976 quis
3356 905 3756 976 episcoporum
3804 905 3890 960 vel

2251 999 2575 1071 apocrypha
2620 998 2817 1053 haberi
2853 1015 2956 1070 per
2981 999 3184 1053 domos
3224 1015 3339 1053 nou
3383 998 3772 1070 prohibuerit,
3806 1000 3889 1052 vel

2251 1092 2354 1146 sub
2380 1092 2790 1148 canonicorum
2818 1092 3053 1147 nomine
3081 1108 3174 1147 eos
3199 1092 3419 1146 codices
3449 1091 3781 1163 permiserit
3810 1092 3891 1146 le-

2253 1202 2409 1258 gere,
2437 1186 2535 1258 qui
2577 1186 2908 1241 Priscilliani
2950 1186 3270 1241 adulterina
3317 1190 3451 1240 sunt
3488 1185 3893 1241 emendatione

2251 1279 2525 1352 corrupti,
2566 1279 2899 1335 haereticum
2934 1296 2992 1334 se
3027 1278 3252 1334 noverit
3289 1278 3688 1350 judicandum.
3730 1278 3889 1344 Quo-

2249 1373 2407 1428 niam
2434 1374 2535 1445 qui
2568 1373 2745 1429 alium
2773 1373 2844 1427 ab
2874 1389 3068 1428 errore
3106 1388 3219 1428 non
3251 1376 3480 1427 revocat
3508 1373 3765 1445 seipsum
3799 1389 3889 1427 er-

2251 1482 2379 1522 rare
2401 1466 2773 1522 demonstrat.

2321 1563 2450 1616 XVI.
2487 1563 2776 1616 Postremo
2804 1565 2997 1615 autem
3026 1562 3273 1633 capitulo
3302 1562 3411 1617 hoc
3446 1560 3698 1633 prodidit
3730 1561 3891 1631 justa

2252 1655 2630 1727 querimonia,
2659 1656 2810 1727 quod
2837 1655 3117 1710 Dicticinii
3147 1659 3378 1724 tractus,
3406 1672 3544 1728 quos
3569 1655 3890 1710 secundum

2252 1748 2581 1803 Priscilliani
2624 1750 2840 1822 dogma
2884 1750 3236 1821 conscripsit,
3265 1767 3299 1804 a
3330 1749 3527 1805 multis
3551 1765 3683 1804 cum
3706 1764 3889 1804 vene-

524 1848 617 1902 ille
647 1846 947 1901 duodecim
975 1844 1209 1901 virtutes
1236 1860 1366 1917 qua:
1406 1844 1869 1899 reformationem
1904 1844 2151 1899 hominis
2170 1834 2228 1906 B
2251 1843 2474 1898 ratione
2498 1843 2848 1914 legerentur,
2878 1860 3030 1911 cum,
3058 1844 3104 1898 si
3143 1843 3361 1915 aliquid
3390 1843 3681 1899 memorias
3709 1842 3889 1898 Dicti-

520 1940 809 1996 interioris
835 1942 1170 2010 operantur,
1193 1939 1250 1993 in
1274 1939 1478 1993 horum
1504 1938 1787 1994 vocabulis
1809 1937 2149 2005 iudicentur,

521 2035 640 2090 sine
677 2050 785 2104 qua
815 2032 1044 2089 scientia
1082 2033 1291 2087 nullam
1325 2032 1581 2086 animam
1620 2047 1787 2103 posse
1817 2032 2061 2103 assequi,
2087 2034 2154 2085 ut

518 2130 575 2183 in
601 2144 728 2183 eam
754 2126 1149 2193 substantiam,
1179 2126 1248 2180 de
1270 2142 1383 2198 qua
1410 2126 1619 2197 prodiit
1644 2127 2014 2180 reformetur.
2039 2124 2149 2180 Sed

520 2223 667 2277 hanc
692 2220 931 2292 impiam
958 2219 1266 2274 vanitatem
1296 2219 1584 2291 despectui
1622 2219 1798 2274 habet
1833 2219 2154 2274 Christiana

521 2315 823 2387 sapientia,
864 2332 992 2386 qum
1038 2314 1194 2368 uovit
1232 2330 1362 2368 vere
1409 2313 1637 2368 deitatis
1681 2313 2060 2367 inviolabilem
2097 2317 2153 2367 et

522 2409 1010 2464 inconvertibilem
1049 2424 1171 2462 esse
1213 2410 1496 2475 naturam,
1529 2408 1779 2462 animam
1817 2410 2006 2460 autem
2036 2407 2152 2460 sive

518 2504 577 2559 in
608 2519 841 2575 corpore
870 2505 1171 2571 viventem,
1193 2502 1307 2555 sive
1336 2519 1369 2555 a
1396 2518 1627 2573 corpore
1661 2506 1980 2572 separatam
2007 2499 2154 2555 mul-

522 2599 591 2652 tis
612 2598 969 2668 passionibus
990 2596 1301 2667 subjacere.
1334 2596 1471 2659 Quae
1494 2596 1691 2667 utique
1712 2595 1758 2649 si
1779 2594 1982 2649 divina:
2006 2597 2154 2649 esset

518 2692 797 2760 essentiae,
830 2691 975 2746 nihil
1004 2690 1223 2745 adversi
1252 2693 1445 2761 posset
1486 2690 1755 2744 incidere.
1791 2690 1857 2744 Et
1896 2688 2021 2744 ideo
2062 2688 2148 2743 in-

519 2784 892 2856 corporaliter
925 2784 1081 2839 aliud
1123 2784 1354 2839 Creator
1400 2787 1504 2850 est,
1537 2783 1692 2838 aliud
1728 2788 2006 2837 creatura.
2056 2782 2153 2836 llle

521 2878 673 2933 enim
699 2894 922 2948 semper
948 2878 1101 2931 idem
1135 2882 1239 2945 est,
1272 2880 1330 2930 et
1370 2877 1525 2931 nulla
1559 2876 1833 2931 varietate
1876 2878 2149 2946 mutatur,

523 2971 644 3025 hzec
673 2974 865 3024 autem
898 2970 1187 3024 mutabilis
1212 2975 1296 3024 est
1320 2970 1490 3024 etiam
1523 2986 1638 3024 non
1664 2974 1898 3038 mutata,
1928 2970 2061 3040 quia
2091 2973 2153 3024 ut

519 3081 635 3119 non
662 3068 915 3118 mutetur
935 3063 1130 3117 datum
1150 3062 1359 3134 poterit
1386 3063 1593 3117 habere
1624 3080 1738 3117 non
1764 3064 2078 3134 preprium.

592 3159 718 3212 XIV.
770 3157 882 3212 Sub
931 3160 1131 3227 quarto
1177 3156 1399 3211 decimo
1439 3172 1569 3211 vero
1607 3156 1852 3226 capitulo
1894 3156 1961 3211 de
2004 3159 2153 3211 statu

519 3252 771 3323 corporis
797 3214 1008 3305 sentire
1036 3250 1326 3319 dicuntur,
1356 3250 1508 3322 quod
1537 3251 1640 3304 sub
1674 3214 1960 3321 potestate
2000 3250 2148 3305 side-
2171 3214 2227 3290 Ο

516 3362 646 3401 rum
668 3350 835 3417 atque
869 3345 1163 3415 signorum
1190 3361 1292 3415 pro
1318 3347 1543 3399 terrena
1569 3344 1839 3415 qualitate
1867 3348 2147 3412 teneatur,

519 3444 575 3496 et
602 3440 728 3494 ideo
767 3440 946 3493 multo
975 3438 1033 3492 in
1067 3438 1271 3491 sanctis
1313 3437 1492 3504 libris,
1519 3453 1646 3508 qua:
1696 3437 1765 3491 ad
1809 3438 2149 3492 exteriorem

520 3535 810 3589 hominem
842 3532 1168 3603 pertineant
1197 3530 1455 3603 reperiri,
1491 3538 1551 3586 ut
1590 3531 1651 3585 iu
1678 3531 1814 3602 ipsis
1850 3531 2152 3603 Scripturis

517 3628 669 3682 inter
694 3627 941 3682 divinam
993 3629 1391 3697 terrenamque
1431 3628 1696 3680 naturam
1745 3625 2006 3696 quaedam
2046 3625 2153 3681 sibi

520 3724 804 3792 repugnet
827 3721 1154 3789 adversitas,
1186 3727 1241 3775 et
1269 3719 1424 3773 aliud
1457 3721 1531 3774 sit
1557 3720 1707 3791 quod
1732 3719 1838 3773 sibi
1867 3719 2155 3774 vindicent

518 3816 725 3871 animae
757 3814 1047 3885 praesules,
1078 3819 1135 3868 et
1163 3813 1318 3868 aliud
1349 3814 1499 3884 quod
1531 3813 1783 3884 corporis
1812 3813 2147 3868 conditores.

517 3911 653 3972 Qua:
684 3908 890 3961 fabulae
935 3907 1061 3961 ideo
1108 3906 1481 3975 disseruntur,
1514 3912 1574 3960 ut
1612 3909 1670 3960 et
1704 3906 1912 3961 animae
1945 3907 2153 3961 divinas

519 4000 878 4061 aflirmentur
904 4016 1025 4053 esse
1054 3998 1385 4052 substantia).
1433 4004 1488 4052 et
1524 4016 1655 4054 caro
1684 4000 1949 4054 credatur
1989 4001 2152 4054 malm

522 4109 643 4149 esse
668 4097 910 4161 naturae,
944 4092 1210 4164 quoniam
1238 4096 1294 4146 et
1324 4091 1509 4162 ipsum
1554 4092 1837 4147 mundum
1876 4110 2005 4148 cum
2035 4095 2149 4149 elc-

522 4189 732 4244 mentis
751 4187 864 4241 suis
884 4202 999 4241 non
1018 4202 1161 4257 opus
1189 4185 1289 4239 Dei
1310 4184 1470 4254 boni,
1485 4187 1582 4241 sed
1604 4186 1993 4242 conditionem
2016 4189 2151 4244 mali

522 4281 863 4355 proﬁtentur
906 4279 1171 4349 auctoris,
1221 4284 1389 4352 atque
1449 4285 1510 4335 ut
1555 4281 1673 4335 haec
1724 4281 2152 4337 mendaciorum

523 4392 756 4430 suorum
802 4374 1096 4445 sacrilegia
1142 4374 1308 4429 bonis
1356 4374 1531 4430 titulis
1578 4377 1918 4444 colorarent,
1962 4377 2154 4432 omnia

524 4486 667 4541 pene
695 4469 889 4523 divina
927 4467 1154 4539 eloquia
1197 4485 1465 4524 sensuum
1508 4470 1885 4525 nefandorum
1928 4471 2149 4526 immis-

524 4563 686 4617 sione
715 4562 1021 4616 violarunt.

594 4657 699 4711 XV.
730 4657 804 4710 De
848 4671 962 4727 qua
997 4671 1056 4709 re
1089 4655 1273 4726 quinti
1302 4657 1505 4711 decimi
1536 4658 1769 4728 capituli
1799 4676 1991 4714 sermo
2019 4676 2150 4714 con-

524 4749 786 4822 queritur
809 4753 867 4804 et
903 4750 1408 4821 praesumptionem
1450 4750 1785 4806 diabolicam
1826 4753 2027 4808 merito
2053 4754 2153 4808 de-

525 4848 784 4910 testatur,
818 4843 953 4915 quia
982 4848 1039 4898 et
1067 4860 1169 4896 nos
1194 4843 1347 4897 istud
1379 4860 1513 4897 vera
1540 4839 1667 4898 cum
1702 4847 2156 4902 testimoniorum

527 4937 807 4997 relatione
836 4937 1240 5008 comperimus,
1263 4943 1319 4991 et
1344 4937 1555 4990 multos
1581 4939 2037 5008 corruptissimos
2067 4958 2158 4996 eo-

527 5047 657 5085 rum
685 5030 906 5086 codices
927 5030 1023 5101 qui
1045 5029 1304 5084 cauonici
1332 5030 1629 5085 titulantur
1654 5031 1994 5089 invenimus.
2015 5037 2157 5099 Quo-

529 5125 695 5179 modo
716 5124 869 5180 enim
892 5125 1150 5194 decipere
1171 5122 1458 5193 simplices
1480 5128 1731 5194 possent,
1753 5126 1858 5181 nisi
1881 5133 2157 5184 venenata

530 5219 730 5289 pocula
757 5217 1003 5287 quodam
1043 5218 1213 5270 melle
1243 5216 1617 5287 praeliuireut,
1649 5236 1720 5274 ne
1754 5236 2156 5294 usquequaque

530 5314 882 5367 sentirentur
909 5310 1165 5365 insuavia
1201 5327 1330 5382 quae
1374 5317 1561 5367 essent
1606 5313 1798 5368 futura
1842 5317 2153 5374 mortifera.

526 5405 858 5462 Curandum
883 5420 1019 5474 ergo
1039 5409 1140 5472 est,
1164 5409 1218 5459 et
1238 5406 1565 5461 sacerdotali
1592 5407 1888 5479 diligentia
1906 5411 2156 5467 maxime

530 5497 971 5574 providendum,
996 5503 1056 5553 ut
1078 5499 1260 5555 falsati
1289 5501 1505 5556 codices
1525 5504 1582 5556 et
1608 5519 1642 5556 a
1672 5502 1890 5558 sincera
1918 5506 2155 5562 veritate

529 5594 813 5651 discordes
862 5593 919 5647 in
975 5593 1084 5648 ullo
1141 5611 1243 5649 usu
1310 5595 1563 5651 lectionis
1617 5596 1956 5653 habeantur.
2008 5604 2152 5671 Apo-

528 5691 758 5763 cryphaa
776 5692 966 5744 autem
980 5687 1305 5760 Scripturse,
1321 5706 1447 5760 quae
1465 5690 1568 5744 sub
1587 5691 1917 5747 nominibus
1938 5699 2157 5765 aposto-

523 5786 711 5846 lorum
731 5783 1047 5838 multarum
1066 5782 1271 5840 habent
1290 5782 1667 5838 seminarium
1686 5785 2024 5857 falsitatum,
2041 5805 2155 5844 non

527 5879 707 5931 solum
754 5876 1173 5949 interridendm,
1205 5876 1299 5932 sed
1343 5876 1515 5931 etiam
1555 5878 1781 5947 penitus
1829 5882 2155 5935 auferenth

2171 4589 2231 4662 D

2252 1937 2400 1992 cinio
2440 1937 2807 1992 tribuendum
2844 1940 3068 2008 putant,
3101 1937 3519 2009 reparationem
3548 1938 3669 2008 ejus
3697 1938 3892 2009 magis

2254 2031 2501 2086 debeant
2517 2047 2713 2086 amare
2732 2047 2905 2102 quam
2924 2032 3168 2103 lapsum.
3192 2033 3312 2086 Non
3335 2047 3474 2104 ergo
3495 2031 3887 2098 Dicticiuium,

2252 2126 2347 2179 sed
2400 2125 2817 2179 Priscilliauum
2875 2126 3104 2196 legunt;
3150 2130 3209 2181 et
3251 2125 3391 2180 illud
3434 2125 3681 2197 probant
3731 2126 3891 2197 quod

2251 2235 2451 2273 errans
2477 2219 2688 2287 docuit,
2716 2235 2835 2274 non
2865 2220 3019 2290 quod
3052 2222 3336 2275 correctus
3362 2218 3551 2291 elegit.
3583 2218 3691 2275 Sed
3712 2234 3888 2274 nemo

2251 2312 2361 2367 hoc
2410 2312 2646 2384 impune
2690 2318 3022 2384 praesumat,
3054 2330 3162 2367 nec
3207 2314 3358 2369 inter
3395 2312 3707 2368 catholicos
3750 2329 3887 2368 cen-

2252 2409 2461 2475 seatur,
2491 2406 2748 2478 quisquis
2791 2407 2969 2462 utitur
3010 2407 3333 2478 Scripturis,
3362 2424 3477 2462 non
3522 2406 3593 2462 ab
3639 2405 3891 2461 Ecclesia

2250 2500 2614 2555 solummodo
2657 2501 2945 2571 catholica,
2976 2501 3077 2556 sed
3112 2518 3146 2556 a
3172 2518 3274 2556 suo
3308 2506 3539 2556 auctore
3580 2501 3887 2555 damnatis.

2252 2595 2372 2649 Non
2419 2594 2492 2648 sit
2526 2594 2804 2665 perversis
2847 2594 3089 2649 liberum
3138 2594 3402 2650 simulare
3439 2594 3594 2666 quod
3633 2594 3887 2666 ﬁngunt,

2252 2704 2361 2743 nec
2399 2688 2505 2743 sub
2542 2688 2825 2744 velamine
2869 2688 3119 2743 nominis
3161 2689 3485 2758 Christiani,
3517 2688 3886 2743 decretorum

2250 2781 2635 2853 imperialium
2672 2784 2882 2837 statuta
2912 2782 3221 2839 declinent.
3249 2783 3376 2838 Ideo
3404 2783 3560 2838 enim
3592 2782 3664 2837 ad
3690 2783 3888 2837 Eccle-

2253 2876 2397 2931 siam
2425 2876 2766 2931 catholicam
2801 2893 2931 2931 cum
2970 2880 3129 2931 tanta
3167 2876 3355 2931 cordis
3390 2875 3716 2931 diversitate
3748 2892 3888 2931 con-

2251 2970 2508 3041 veniunt,
2532 2974 2595 3025 ut
2619 2973 2676 3025 et
2701 2987 2846 3043 quos
2882 2975 3120 3042 possunt
3156 2988 3285 3026 suos
3331 2970 3555 3039 faciant,
3580 2972 3638 3024 et
3684 2970 3887 3042 legum

2254 3064 2636 3135 severitatem,
2668 3065 2804 3120 dum
2840 3081 2899 3119 se
2927 3068 3149 3120 nostros
3177 3064 3552 3132 mentiuntur,
3584 3063 3888 3137 effugiant.

2255 3159 2487 3214 Faciunt
2524 3159 2634 3214 hoc
2676 3158 3130 3225 Priscillianistze,
3164 3160 3382 3214 faciunt
3419 3159 3525 3214 hoc
3566 3158 3888 3225 Manichmi,

2252 3269 2500 3325 quorum
2531 3269 2664 3308 cum
2692 3252 2812 3307 istis
2845 3256 2963 3308 tam
2988 3253 3255 3308 fcederata
3282 3256 3417 3308 sunt
3442 3251 3633 3320 corda,
3658 3256 3727 3307 ut
3753 3252 3890 3307 solis

2254 3346 2581 3401 nominibus
2610 3347 2858 3415 discreti,
2894 3346 3197 3419 sacrilegiis
3230 3351 3422 3402 autem
3447 3346 3562 3401 suis
3588 3345 3894 3402 invenian-

2252 3447 2345 3496 tur
2370 3440 2539 3495 uniti.
2566 3441 2710 3506 Quia
2741 3441 2847 3495 etsi
2875 3442 3046 3496 Vetus
3072 3443 3520 3511 Testamentum,
3542 3440 3694 3513 quod
3712 3440 3808 3495 isti
3830 3457 3891 3496 se

2253 3536 2537 3606 suscipere
2566 3535 2858 3603 simulant,
2883 3535 3175 3591 Manichaei
3200 3536 3470 3604 refutant,
3502 3535 3574 3590 ad
3600 3551 3784 3590 unum
3804 3541 3889 3591 ta—

2252 3645 2385 3683 men
2430 3630 2602 3684 ﬁnem
2656 3634 3034 3701 utrorumque
3082 3630 3265 3685 tendit
3307 3629 3569 3699 intentio,
3613 3646 3747 3684 cum
3794 3630 3887 3684 isti

2252 3722 2582 3794 recipiendo
2618 3728 3011 3796 corrumpunt,
3042 3723 3124 3778 illi
3167 3724 3477 3780 abdicando
3516 3724 3887 3795 impugnant.

2253 3818 2314 3871 In
2328 3817 2763 3872 exsecrabilibus
2780 3821 2974 3873 autem
2987 3818 3271 3889 mysteriis
3286 3835 3507 3888 eorum,
3525 3833 3650 3889 qua:
3665 3824 3888 3889 quanto

2253 3910 2639 3965 immundiora
2698 3915 2851 3979 sunt,
2905 3915 3065 3967 tanto
3118 3912 3452 3983 diligentius
3504 3912 3885 3979 occultantur,

2251 4018 2434 4057 unum
2476 4020 2708 4074 prorsus
2750 4006 2914 4060 nefas
2953 4010 3056 4073 est,
3085 4023 3203 4061 una
3231 4011 3316 4062 est
3357 4006 3697 4074 obscenitas,
3723 4011 3781 4060 et
3806 4006 3886 4059 si-

2255 4096 2407 4151 milis
2434 4097 2751 4169 turpitudo.
2781 4100 2932 4167 Quaa,
2965 4101 3011 4154 si
3039 4100 3226 4172 eloqui
3255 4100 3660 4170 erubescimus,
3682 4098 3890 4154 sollici-

2254 4190 2484 4246 tissimis
2536 4199 2726 4247 tamen
2780 4193 3237 4265 inquisitionibus
3277 4194 3549 4265 judicata,
3604 4197 3662 4248 et
3711 4194 3886 4249 Mani-

2255 4284 2567 4353 chaeorum,
2620 4286 2718 4357 qui
2778 4288 3175 4359 comprehensi
3235 4290 3388 4356 sunt,
3441 4287 3890 4343 confessionibus

2254 4378 2497 4446 detecta,
2517 4380 2588 4435 ad
2612 4381 2898 4451 publicam
2921 4381 3161 4436 fecimus
3181 4380 3482 4453 pervenire
3506 4381 3790 4449 notitiam,
3816 4399 3889 4436 ne

2255 4473 2368 4528 ullo
2416 4474 2585 4529 modo
2625 4476 2798 4546 possit
2837 4475 3073 4530 dubium
3123 4476 3318 4545 videri,
3365 4476 3516 4547 quod
3560 4475 3617 4530 in
3668 4475 3890 4546 judicio

2256 4571 2467 4638 nostro,
2497 4569 2588 4623 cui
2612 4586 2726 4624 non
2758 4571 2939 4624 solum
2963 4569 3432 4641 frequentissima
3467 4569 3773 4641 pra-sentis
3802 4587 3889 4624 sa-

2257 4661 2575 4732 cerdotum,
2598 4663 2697 4717 sed
2727 4664 2899 4718 etiam
2929 4663 3232 4718 illustrium
3259 4663 3509 4719 virorum
3539 4664 3811 4734 dignitas,
3836 4669 3891 4718 et

2257 4773 2391 4827 pars
2415 4757 2677 4828 quaedam
2724 4762 2949 4812 senatus
2993 4774 3058 4811 ac
3086 4757 3268 4828 plebis
3298 4758 3576 4827 interfuit,
3608 4760 3887 4829 ipsorum,

2259 4850 2356 4921 qui
2383 4867 2552 4904 omne
2590 4850 2809 4905 facinus
2850 4855 3268 4923 perpetrarant,
3297 4868 3397 4907 ore
3430 4856 3747 4908 reseratum
3784 4857 3887 4919 est,

2258 4943 2400 4999 sicut
2425 4961 2490 4999 ea
2517 4961 2644 5016 quin
2678 4945 2751 4999 ad
2789 4946 3152 5001 dilectionem
3189 4952 3347 5002 tuam
3385 4963 3539 5003 nunc
3576 4946 3892 5002 direximus

2260 5042 2417 5108 gesta
2451 5038 2864 5094 demonstrant.
2901 5040 3063 5104 Quod
3100 5045 3292 5096 autem
3332 5041 3404 5097 de
3446 5040 3890 5096 Manichaeorum

2256 5131 2562 5188 foedissimo
2604 5135 2837 5203 scelere,
2869 5135 2976 5190 hoc
3005 5135 3176 5190 etiam
3226 5135 3297 5190 de
3337 5134 3885 5191 Priscillianistarum

2259 5225 2631 5282 incertissima
2645 5230 3057 5284 consuetudine
3071 5230 3206 5285 olim
3223 5234 3579 5301 compertum
3591 5272 3604 5298 ,
3618 5231 3891 5285 multum-

2257 5336 2368 5392 que
2398 5322 2691 5393 vulgatum
2717 5328 2820 5379 est.
2857 5323 2963 5388 Qui
2991 5325 3144 5379 enim
3178 5340 3281 5395 per
3304 5324 3499 5380 omnia
3523 5328 3659 5377 sunt
3686 5323 3889 5395 impie-

2258 5419 2371 5470 tate
2396 5432 2667 5471 sensuum
2695 5435 2879 5489 pares,
2910 5434 3028 5474 nou
3056 5426 3290 5490 possunt
3332 5418 3390 5472 iu
3416 5418 3588 5472 sacris
3625 5418 3744 5472 suis
3773 5434 3893 5472 esse

2258 5510 2577 5565 dissimiles.
2636 5512 2890 5566 Decursis
2946 5512 3135 5584 itaque
3188 5512 3475 5581 omnibus,
3530 5528 3661 5583 quae
3718 5513 3890 5567 libelli

2258 5604 2432 5658 series
2449 5606 2905 5676 comprehendit,
2921 5612 2976 5661 et
2992 5625 3027 5661 a
3041 5607 3246 5677 quibus
3267 5606 3688 5661 commonitorii
3705 5607 3894 5661 forma

2257 5714 2372 5752 non
2417 5698 2718 5769 discrepet,
2752 5700 3097 5755 sufficienter
3132 5706 3212 5769 (ut
3247 5701 3467 5771 opinor)
3509 5700 3893 5769 ostendimus,

2258 5790 2391 5860 quid
2440 5792 2508 5845 de
2553 5792 2661 5861 his,
2706 5811 2834 5864 qua
2877 5794 2946 5848 ad
2990 5811 3093 5848 nos
3149 5795 3473 5850 fraternitas
3527 5798 3622 5848 tua
3672 5795 3893 5864 retulit,

2258 5900 2610 5952 censeamus,
2643 5891 2698 5941 et
2723 5904 2893 5959 quam
2942 5904 3058 5942 non
3092 5888 3163 5942 sit
3187 5889 3504 5953 ferendum,
3533 5887 3719 5942 sitam
3754 5905 3892 5967 pro:
