4034 6316
200 341 294 392 901

1401 354 1870 414 DECRETAHUM
1909 361 2290 416 COLLEC'I'IO.

3465 373 3564 424 902

199 449 346 502 fanis
376 451 665 506 erroribus
686 455 855 508 etiam
878 459 1260 527 quorumdam
1277 465 1636 520 sacerdotum
1658 467 1828 521 corda
1851 482 1910 551 Α
1929 485 2032 539 per
2053 469 2252 523 falsam
2285 470 2624 540 passionem,
2661 477 3019 544 mortemque
3041 491 3158 530 non
3187 491 3374 529 veram
3396 493 3554 530 men-

195 545 592 613 consentiunt;
636 549 742 618 vel,
769 553 833 603 ut
867 550 1059 604 mitius
1085 552 1352 624 dixerim,
1396 573 1510 612 non
1536 560 1826 630 resistunt,

195 655 309 710 qua
347 639 696 695 conscientia
737 641 1022 698 honorem
1064 645 1168 699 sibi
1213 647 1470 703 debitum
1521 651 1830 720 vindicant,

195 735 296 804 qui
327 753 436 807 pro
467 735 762 790 animabus
790 736 893 790 sibi
923 738 1152 793 creditis
1180 757 1292 794 non
1321 741 1596 798 laborant.
1631 747 1832 802 Bestiae

197 827 444 898 irruunt,
487 833 544 882 et
581 829 768 882 ovium
807 835 964 900 septa
997 847 1116 885 non
1153 832 1458 902 claudunt;
1511 837 1660 892 fures
1701 840 1832 895 insi-

192 921 448 990 diantur,
493 927 549 976 et
587 921 846 977 excubias
887 940 1003 978 non
1044 927 1447 996 praetendunt;
1491 931 1677 986 morbi
1706 949 1826 988 cre-

191 1014 485 1082 brescunt,
531 1021 586 1070 et
625 1015 878 1070 remedia
909 1018 1065 1071 nulla
1097 1019 1422 1076 coniiciunt.
1461 1023 1600 1078 Cum
1639 1031 1828 1082 autem

193 1109 362 1162 etiam
389 1108 532 1163 illud
561 1109 802 1176 addunt,
832 1113 896 1163 ut
925 1111 1012 1164 his
1040 1112 1138 1183 qui
1163 1113 1449 1170 sollicitius
1477 1123 1675 1188 agunt,
1698 1137 1828 1174 con-

194 1203 406 1256 sentire
461 1203 798 1272 detrectent,
848 1207 904 1257 et
959 1204 1283 1276 impietates
1337 1208 1474 1262 olim
1517 1215 1634 1266 toto
1691 1215 1826 1270 orbe

194 1295 496 1350 damnatas
534 1295 1045 1366 subscriptionibus
1080 1299 1196 1353 suis
1243 1318 1300 1355 se
1339 1305 1824 1363 anathematizare

189 1389 572 1457 dissimulent,
607 1389 744 1460 quid
770 1390 838 1444 de
861 1407 918 1444 se
945 1391 1190 1464 intelligi
1217 1396 1428 1466 volunt,
1451 1398 1559 1452 nisi
1576 1401 1730 1471 quod
1753 1403 1822 1456 de

191 1499 436 1538 numero
461 1483 707 1537 fratrum
737 1500 854 1538 non
886 1491 1038 1553 sunt,
1068 1487 1166 1541 sed
1195 1488 1262 1542 de
1287 1495 1447 1560 parte
1479 1492 1748 1550 hostium.

259 1578 416 1632 XVII.
449 1579 512 1630 ln
543 1593 608 1631 eo
639 1595 772 1632 vero
811 1578 965 1650 quod
991 1579 1048 1633 in
1084 1585 1340 1637 extrema
1365 1584 1663 1642 familiaris
1695 1591 1817 1661 epi-

187 1672 348 1724 stolae
369 1675 484 1728 tua!
511 1675 670 1744 parte
697 1673 954 1742 posuisti,
990 1675 1168 1728 miror
1195 1677 1528 1749 cujusquam
1558 1683 1817 1738 catholici

187 1763 629 1836 intelligentiam
667 1765 950 1834 laborare,
989 1772 1262 1839 tanquam
1295 1771 1577 1828 incertum
1602 1777 1692 1844 sit,
1721 1795 1815 1847 an,

1939 560 2050 616 dax
2079 562 2250 617 etiam
2279 566 2614 620 resurrectio
2647 571 2954 636 resumpta:
2988 568 3057 621 de
3084 568 3346 638 sepulcro
3376 570 3563 624 carnis

1935 654 2233 709 habeatur.
2263 656 2491 711 Frustra
2515 663 2705 713 autem
2737 662 2974 713 utuntur
3003 660 3280 715 catholico
3305 661 3561 731 nomine,

1937 747 2034 817 qui
2083 748 2200 802 istis
2243 747 2636 820 impietatibus
2677 769 2792 808 non
2841 753 3128 822 resistunt,
3168 759 3403 824 possunt
3439 756 3560 810 hac

1931 841 2176 911 credere,
2208 843 2306 914 qui
2333 849 2570 913 possunt
2591 847 2724 902 talia
2746 846 3031 918 patienter
3049 847 3266 902 audire.
3294 848 3562 904 Dedimus

1932 934 2121 1006 itaque
2151 935 2366 990 litteras
2385 938 2456 992 ad
2483 937 2688 994 fratres
2711 945 2768 994 et
2796 939 3157 1012 coepiscOpos
3183 946 3402 996 nostros
3427 943 3558 997 Tar-

1930 1043 2294 1098 ragonenses,
2323 1031 2814 1104 Carthaginenses,
2843 1034 3156 1104 Lusitanos,
3185 1040 3352 1106 atque
3384 1035 3554 1090 Galli-

1927 1138 2041 1191 cos,
2089 1122 2283 1194 eisque
2339 1125 2640 1184 concilium
2677 1128 2872 1198 synodi
2905 1128 3184 1200 generalis
3216 1129 3550 1184 indiximus.

1926 1215 2007 1268 Ad
2035 1219 2146 1270 tuae
2174 1215 2487 1272 dilectionis
2517 1220 2958 1276 sollicitudinem
2997 1222 3323 1292 pertinebit,
3357 1229 3416 1277 ut
3443 1240 3552 1277 no-

1924 1311 2055 1362 strae
2079 1309 2452 1366 ordinationis
2471 1315 2792 1382 auctoritas,
2814 1315 2884 1370 ad
2905 1315 3302 1386 praedictarum
3333 1317 3555 1386 provin-

1923 1402 2137 1457 ciarum
2162 1403 2451 1476 episcopos
2481 1407 2790 1462 deferatur.
2825 1409 2880 1464 Si
2907 1413 3100 1464 autem
3133 1409 3348 1480 aliquid
3381 1411 3552 1481 (quod

1921 1495 2081 1566 absit)
2112 1496 2410 1570 obstiterit,
2439 1501 2742 1572 quominus
2769 1503 2948 1574 possit.
2974 1503 3254 1558 celebrari
3285 1505 3552 1576 generale

1920 1594 2245 1664 concilium,
2274 1595 2517 1651 Galliciaa
2542 1600 2742 1654 saltem
2767 1599 2826 1654 in
2854 1617 2970 1655 uno
2996 1600 3344 1656 conveniant
3363 1618 3550 1656 sacer-

1922 1687 2101 1755 dotes,
2142 1689 2347 1760 quibus
2386 1693 2764 1762 congregatis,
2807 1695 3009 1750 fratres
3049 1693 3246 1764 nostri,
3279 1695 3554 1764 Hydacius

1921 1784 1978 1834 et
2000 1781 2280 1853 Ceponius
2298 1783 2686 1841 imminebunt
2708 1787 3012 1858 conjuncta
3032 1805 3162 1842 cum
3184 1788 3267 1842 eis
3286 1787 3554 1844 instantia

186 1857 566 1914 descendente
587 1859 660 1916 ad
679 1859 902 1914 inferna
922 1861 1166 1929 Christo,
1187 1880 1318 1920 caro
1341 1866 1462 1936 ejus
1477 1870 1819 1940 requieverit
1838 1877 1893 1950 Β
1919 1872 2036 1936 tua,
2077 1877 2354 1941 quatenus
2398 1874 2468 1928 de
2517 1857 2854 1944 provinciali
2903 1879 3184 1932 conventu
3235 1878 3552 1932 remedium

185 1950 242 2003 in
275 1953 555 2023 sepulcro.
578 1955 716 2017 Quae
735 1953 878 2010 sicut
905 1971 1034 2010 vere
1067 1961 1126 2010 et
1151 1962 1376 2014 mortua
1396 1965 1480 2014 est
1501 1966 1560 2015 et
1578 1966 1813 2035 sepulta,

187 2044 262 2097 ita
309 2061 440 2099 vere
481 2052 566 2100 est
611 2046 702 2100 die
749 2047 914 2104 tertia
958 2049 1302 2106 resuscitata.
1341 2053 1452 2107 Hoc
1494 2056 1648 2111 enim
1693 2059 1814 2130 ipse

185 2138 464 2193 Dominus
487 2140 939 2211 denuntiaverat,
961 2143 1154 2198 dicens
1181 2145 1254 2199 ad
1272 2148 1492 2204 Judaeos
1517 2166 1528 2203 :
1560 2152 1813 2207 «Solvite

185 2233 468 2302 templum
515 2235 643 2300 hoc,
683 2240 740 2290 et
777 2235 835 2288 in
877 2236 1070 2292 triduo
1099 2241 1444 2296 resuscitabo
1472 2243 1608 2299 illud
1635 2245 1811 2316 (Joan.

185 2340 240 2392 η,
292 2325 395 2397 l9).
433 2345 460 2376 »
505 2327 606 2382 Ubi
647 2329 994 2399 evangelista
1032 2331 1326 2404 subjungit
1358 2351 1371 2388 :
1409 2355 1436 2386 «
1470 2336 1576 2392 hoc
1619 2345 1814 2395 autem

185 2417 410 2474 dicebat
448 2420 518 2474 de
558 2424 775 2492 templo
817 2425 1065 2494 corporis
1103 2427 1190 2481 sui
1226 2427 1405 2497 (Ibid.,
1443 2431 1552 2502 2i).
1583 2453 1610 2482 n
1644 2433 1814 2505 Cujus

183 2513 262 2565 rei
307 2513 606 2568 veritatem
649 2516 818 2570 etiam
845 2517 1017 2572 David
1043 2520 1321 2592 propheta
1345 2524 1704 2598 praedixerat,
1734 2529 1813 2583 lo-

180 2621 359 2677 quens
387 2608 492 2661 sub
517 2625 766 2680 persona
783 2611 1010 2666 Domini
1032 2613 1329 2670 Salvatoris
1352 2617 1546 2672 dicens
1571 2637 1582 2674 :
1612 2641 1638 2672 ‹‹
1663 2623 1812 2677 Insu-

179 2717 278 2770 per
305 2706 364 2755 et
393 2719 522 2757 caro
560 2719 691 2758 mea
733 2706 1052 2777 requiescet
1098 2707 1155 2762 in
1197 2726 1317 2781 spe.
1372 2713 1650 2775 Quoniam
1697 2733 1806 2772 non

178 2794 543 2867 derelinques
583 2798 834 2854 animam
877 2817 1066 2856 meam
1114 2803 1174 2856 in
1219 2803 1463 2874 inferno,
1505 2824 1607 2863 nec
1649 2809 1809 2865 dabis

178 2889 450 2944 Sanctum
485 2895 649 2946 tuum
675 2892 865 2948 vider‘e
901 2896 1326 2966 corruptionem
1351 2901 1510 2968 (Psal.
1533 2919 1623 2974 xv,
1651 2907 1804 2974 10).»

173 2983 388 3045 Quibus
435 2985 632 3056 utique
679 2987 860 3041 verbis
913 2989 1283 3046 manifestum
1332 2999 1434 3063 est,
1481 2997 1631 3068 quod
1673 3014 1805 3052 caro

173 3077 418 3144 Domini,
451 3085 507 3133 et
531 3095 662 3134 vere
695 3082 931 3152 sepulta,
963 3084 1257 3156 requievit,
1293 3091 1347 3141 et
1378 3091 1805 3162 corruptionem

177 3187 290 3224 non
331 3172 521 3240 subiit,
554 3173 706 3246 quia,
755 3176 1015 3231 celeriter
1051 3179 1332 3234 ‘vivilicata
1361 3183 1546 3238 reditu
1573 3186 1802 3254 animae,

174 3267 500 3320 resurrexit.
549 3269 712 3331 Quod
753 3287 868 3324 non
907 3272 1140 3327 credere
1169 3275 1302 3328 satis
1328 3277 1573 3348 impium
1607 3283 1707 3348 est,
1748 3247 1880 3335 etc

171 3359 236 3412 ad
252 3359 547 3414 Manichsei
567 3362 1012 3437 Priscillianique
1034 3366 1353 3423 doctrinam
1374 3371 1663 3441 pertinere
1685 3390 1800 3429 non

172 3451 410 3507 dubium
440 3459 551 3524 est;
599 3457 698 3527 qui
743 3459 1016 3530 sacrilego
1053 3477 1254 3530 sensu,
1304 3463 1382 3518 ita
1425 3481 1483 3518 se
1513 3467 1796 3522 Christum

169 3546 442 3601 simulant
472 3549 722 3604 confiteri
745 3594 758 3620 ,
801 3559 860 3606 ut
883 3554 1290 3611 incarnationis
1317 3562 1372 3612 et
1401 3559 1596 3614 mortis
1626 3564 1682 3615 et
1707 3579 1793 3616 re-

167 3641 534 3696 surrectionis
560 3645 823 3700 auferant
848 3648 1162 3704 veritatem.
1187 3651 1466 3707 Habeatur
1487 3671 1622 3725 ergo
1648 3656 1798 3711 inter

165 3750 260 3788 vos
290 3735 614 3808 episcopale
641 3739 964 3809 concilium,
992 3747 1046 3797 et
1071 3745 1140 3798 ad
1171 3761 1305 3799 eum
1333 3747 1518 3801 locum
1546 3749 1644 3820 qui
1672 3767 1794 3804 om-

167 3829 333 3884 nibus
365 3838 722 3902 opportunus
749 3834 838 3904 sit,
867 3836 1183 3892 vicinarum
1218 3841 1635 3910 provinciarum
1657 3861 1792 3900 con-

165 3919 396 3974 veniant
451 3921 790 3992 sacerdotes,
845 3929 908 3978 ut
954 3929 1269 3983 secundum
1308 3947 1375 3985 ea
1422 3949 1551 4004 quae
1586 3934 1658 3987 ad
1701 3939 1794 3990 tua

166 4009 420 4062 consulta
465 4013 866 4082 respondimus
900 4016 1228 4087 plenissimo
1277 4022 1611 4094 exquiratur
1653 4043 1788 4080 exa-

163 4101 334 4168 mine,
366 4119 438 4157 an
467 4104 578 4159 sint
608 4106 782 4179 aliqui
797 4109 946 4164 inter
963 4110 1275 4185 episcopos,
1299 4115 1396 4186 qui
1423 4117 1593 4188 hujus
1615 4119 1792 4174 haere-

163 4211 280 4248 seos
309 4200 580 4268 contagio
615 4201 939 4270 polluantur
969 4221 1002 4260 a
1031 4209 1438 4264 communione
1471 4211 1593 4266 sine
1621 4213 1788 4268 dubio

161 4291 485 4360 separandi,
507 4293 552 4346 si
569 4295 1032 4354 nefandissimam
1049 4303 1260 4356 sectam
1273 4319 1378 4375 per
1390 4307 1644 4361 omnium
1664 4325 1789 4362 sen-

161 4398 324 4438 suum
371 4387 670 4455 pravitates
725 4391 1000 4447 damnare
1057 4396 1360 4452 noluerint.
1413 4401 1578 4455 Nulla
1631 4403 1785 4456 enim

161 4477 372 4532 ratione
418 4479 778 4538 tolerandum
832 4491 915 4540 est
957 4493 1039 4554 ut,
1081 4491 1178 4561 qui
1225 4492 1604 4561 praedicanda}
1653 4495 1785 4550 fidei

158 4571 401 4642 suscepit
441 4573 719 4642 ofﬁcium,
775 4579 820 4632 is
877 4586 1070 4636 contra
1129 4587 1484 4657 evangelium
1539 4589 1744 4646 Christi

157 4669 350 4719 contra
390 4669 750 4738 apostolicam
803 4673 1150 4748 doctrinam,
1207 4687 1402 4736 contra
1456 4684 1782 4740 universalis

159 4759 414 4814 Ecclesiae.
462 4763 783 4833 symbolum
825 4770 1030 4824 audeat
1075 4773 1377 4844 disputare.
1424 4780 1629 4843 Quales
1667 4783 1781 4838 illic

155 4859 318 4909 erunt
357 4855 637 4928 discipuli,
682 4861 775 4914 ubi
815 4864 956 4917 tales
989 4866 1272 4923 docebunt
1312 4875 1614 4944 magistri?
1648 4878 1779 4942 Quae

157 4945 258 5001 illic
303 4949 508 5020 religio
555 4955 794 5024 populi?
843 4973 971 5028 qua:
1016 4962 1164 5016 salus
1201 4965 1428 5034 plebis?
1461 4969 1556 5023 ubi
1583 4975 1778 5026 contra

157 5041 462 5097 humanam
484 5047 810 5103 societatem
838 5049 1036 5126 223
1061 5057 1297 5126 pudoris
1323 5061 1474 5116 scissi
1505 5080 1775 5121 verecun-

153 5133 237 5188 dia
267 5137 506 5208 tollitur,
539 5143 934 5214 conjugiorum
953 5149 1162 5205 foedera
1185 5155 1542 5226 auferuntur,
1569 5177 1775 5232 propa-

153 5231 294 5298 gatio
307 5235 698 5302 generationis
709 5237 965 5295 inhibetu
976 5260 1018 5310 r,
1035 5247 1219 5300 carnis
1233 5254 1432 5304 natura
1447 5250 1774 5326 damnatur,

150 5328 344 5379 contra
385 5343 584 5383 verum
629 5337 822 5388 autem
871 5337 970 5390 Dei
1013 5341 1228 5395 cultum
1283 5344 1522 5400 Trinitas
1554 5347 1776 5403 deitatis

154 5425 412 5491 negatur,
447 5439 817 5492 personarum
839 5433 1156 5502 proprietas
1177 5439 1562 5510 confunditur,
1583 5443 1776 5498 anima

151 5511 389 5569 hominis
431 5515 624 5574 divina
667 5525 912 5578 essentia
961 5529 1323 5598 praedicatur,
1373 5540 1428 5589 et
1473 5535 1668 5591 eadem
1703 5538 1774 5592 ad

152 5605 358 5664 diaboli
391 5611 696 5670 arbitrium
727 5633 896 5673 carne
926 5613 1450 5696 concluditur;\Dei
1483 5630 1653 5685 Filius
1673 5649 1777 5704 per

151 5699 200 5754 id
228 5704 384 5774 quod
411 5719 480 5760 ex
511 5707 742 5780 Virgine
773 5717 946 5782 ortus,
981 5733 1094 5770 non
1119 5733 1224 5788 per
1249 5720 1304 5775 id
1337 5723 1487 5794 quod
1514 5741 1578 5779 ex
1611 5699 1774 5782 Patre

149 5802 308 5852 natus
329 5805 435 5867 est,
467 5803 792 5874 unigenitus
819 5809 1176 5880 praedicatur,
1208 5814 1471 5888 idemque
1507 5837 1610 5874 nec
1643 5839 1774 5876 vera

151 5889 236 5946 "ei
291 5895 497 5966 proles,
557 5916 656 5954 nec
715 5917 877 5956 verus
941 5907 1106 5962 Filius
1159 5911 1399 5982 Virginis
1451 5917 1669 5982 asserit,
1715 5924 1768 5972 nl

1917 1963 2090 2019 tantis
2122 1967 2448 2022 vulneribus
2478 1967 2768 2024 efferatur.

1915 2095 2159 2170 Epistula
2205 2097 2416 2150 Aurelii
2458 2099 2904 2168 Cartltaginensis
2957 2102 3195 2170 episcopi
3247 2101 3322 2155 ad
3375 2117 3552 2158 omnes

1985 2168 2252 2242 episcopos
2285 2183 2384 2242 per
2407 2170 2764 2242 Biaanzenam
2789 2177 2838 2224 et
2869 2168 3298 2242 Ariignithnam
3321 2175 3546 2242 provin-

1985 2239 2124 2290 ciam
2139 2241 2451 2294 constitutos
2469 2241 2533 2294 de
2545 2241 2892 2297 damnatione
2905 2239 3116 2312 Pelagii
3137 2247 3298 2313 atque
3320 2239 3553 2301 _Cwlesti'i

1986 2309 2372 2364 haereticorum.

1987 2420 2387 2498 Dilectissimis,
2401 2438 2465 2476 ac
2478 2422 2947 2498 desiderabilibus
2959 2428 3019 2498 et
3030 2426 3545 2498 consacerdotibus,

1913 2492 2198 2558 PRIMIANO,
2222 2493 2450 2563 GAIANO,
2487 2497 2544 2547 et
2568 2495 2658 2548 alii
2689 2495 2919 2564 GAIANO,
2951 2497 3242 2565 JANUARIO,
3273 2502 3329 2552 et
3347 2492 3544 2554 νιετοὲ

1913 2577 2058 2638 nmo,
2099 2565 2316 2638 caeteris
2353 2581 2458 2636 per
2479 2568 2742 2638 _tractum
2785 2567 3094 2638 provinciae
3125 2568 3452 2624 Bizanzenae
3489 2571 3546 2623 et

1911 2633 2654 2710 Argignitanaiconstitutis,
2687 2633 2956 2710 Αωῖιξῐιωε
2988 2639 3306 2710 episcopus.

1983 2706 2182 2784 Super
2201 2707 2441 2784 Coclestii
2479 2712 2536 2784 _et
2565 2706 3200 2784 Pelagiiidamna'tione'
3223 2726 3542 2784 eorumque

1909 2776 2274 2850 dogmatibus
2295 2777 2630 2850 participem
2643 2776 2902 2834 sanctam
2917 2779 3281 2835 dilectionem
3295 2776 3542 2838 vestram

1909 2847 1966 2922 in
2011 2848 2268 2922 plenario
2295 2847 2539 2904 concilio
2573 2850 2745 2904 fuisse
2792 2850 3050 2922 cognovi,
3099 2853 3446 2908 dilectissimi
3487 2860 3544 2910 et

1911 2918 2313 2994 desiderabiles
2337 2922 2558 2975 fratres.
2593 2921 2696 2994 Sed
2734 2918 3006 2994 quoniam
3037 2918 3146 2994 pro
3177 2923 3393 2979 honore
3421 2925 3538 2993 Dei,

1909 2990 1968 3044 in
1996 2991 2156 3061 cujus
2181 3008 2359 3067 manu
2390 3009 2484 3046 cor
2510 2993 2667 3067 regis
2685 2990 2772 3067 est
2801 2990 3179 3067 constitutum
3201 2990 3536 3067 gloriosissi;

1907 3078 2136 3134 morum
2173 3063 2498 3134 principum
2538 3063 2990 3120 Christianorum
3027 3063 3229 3121 ﬁdem'
3245 3071 3458 3121 rectam
3483 3072 3540 3122 et

1906 3133 2240 3220 cathplicain
2274 3133 2714 3189 custodientium
2743 3135 2978 3217 accessit
3005 3137 3332 3219 auctoritas,
3361 3154 3538 3220 quam

1905 3205 2637 3280 per‘humilitatemmeam
2669 3208 2944 3280 universis
2976 3208 3256 3280 episcopis
3275 3205 3418 3264 meis
3449 3226 3538 3264 vo-

1906 3275 1984 3329 lui
2010 3275 2302 3342 intimare;
2334 3277 2544 3331 idcirco
2573 3278 2968 3332 honorabilem
3001 3275 3420 3335 fraternitatem
3447 3297 3536 3337 ve-

1902 3353 2080 3429 stram
2123 3349 2304 3429 missis
2336 3348 2754 3429 exemplaribus
2795 3349 3076 3429 instruere
3108 3351 3321 3418 curavi,
3358 3368 3447 3429 ne_
3469 3353 3530 3407 in

1901 3419 2088 3488 aliqua
2136 3423 2303 3502 parte
2349 3419 2680 3502 provinciae"
2696 3420 3152 3502 supradictorum
3191 3422 3530 3502 serpentina

1900 3490 2185 3560 persuasio
2212 3492 2280 3544 ab
2308 3490 2614 3545 universali
2642 3491 2884 3545 Ecclesia
2925 3492 3097 3546 totius
3124 3491 3274 3546 orbis
3291 3490 3529 3548 “exclusa

1897 3563 2132 3615 fortasse
2163 3561 2451 3631 subrepat.
2494 3561 2576 3616 Ob
2597 3563 2702 3616 hoc
2732 3578 2870 3632 ergo
2899 3567 3020 3617 tam
3043 3565 3362 3618 necessaria
3389 3581 3522 3619 con-

1898 3633 2114 3704 stitutio
2129 3632 2453 3704 principum
2469 3633 3266 3704 Christianorumcharitatem
3280 3641 3525 3692 vestram

1896 3703 2216 3778 laterenon
2237 3703 2458 3778 debuit,
2477 3707 2544 3778 et
2557 3704 2626 3778 ad
2655 3720 2748 3778 me
2784 3705 2854 3778 ab
2872 3703 2959 3778 eis
2987 3705 3136 3778 datae
3159 3704 3362 3778 litterae
3382 3723 3520 3778 qua-

1897 3792 2026 3829 rum
2051 3775 2218 3830 simul
2240 3775 2658 3846 exemplaribus
2682 3775 2840 3830 lectis
2863 3776 3376 3847 (quemadmodum
3394 3775 3522 3833 sub-

1897 3847 2140 3902 scribere
2158 3847 2547 3918 unusquisque
2573 3849 2824 3901 vestrum
2847 3847 3070 3918 debeat)
3097 3847 3318 3904 dilectio
3337 3853 3522 3904 vestra

1895 3925 2228 3992 cognoscet,
2283 3919 2404 3972 sive
2457 3935 2700 3992 quorum
2751 3919 3119 3992 synodalibus
3155 3920 3340 3992 gestis
3373 3921 3520 3992 sub-

1894 3989 2124 4064 scriptio
2156 3991 2277 4064 jam
2319 3989 2569 4064 tenetur,
2616 3990 2739 4064 _sive
2769 3989 2866 4064 qui
2895 4007 3012 4045 non
3043 3989 3306 4064 potuistis
3334 3991 3520 4064 eidem

1891 4061 2151 4142 plenario
2181 4063 2351 4144 totius
2379 4061 2582 4144 Africae
2611 4061 2880 4144 intereSSe
2918 4061 3175 4144 concilio,
3199 4062 3362 4144 Aquod
3390 4080 3518 4120 cum

1892 4133 1951 4188 in
1999 4151 2169 4205 supra
2201 4135 2487 4190 dictorum
2533 4133 2932 4188 haereticorum
2982 4133 3348 4190 damnatione
3392 4152 3515 4190 om-

1893 4205 2054 4260 nium
2109 4205 2578 4276 vestrumﬁfuerit
2625 4205 2921 4276 integrata
2959 4205 3317 4276 subscriptio,
3373 4207 3516 4261 nihil

1889 4277 2124 4330 omnino
2173 4276 2327 4358 unde
2356 4275 2468 4358 illis
2488 4275 2958 4358 dissimulationis
2995 4277 3089 4358 vel
3123 4275 3511 4358 negligentiae,

1887 4347 1976 4400 vel
2016 4347 2326 4426 occultatae
2369 4346 2601 4426 forsitan
2648 4346 2964 4426 pravitatis,
3019 4346 3228 4426 aliqua“
3256 4346 3514 4426 videatur

1887 4417 2091 4473 merito
2133 4417 2476 4472 remansisse
2511 4417 2773 4487 suspicio.
2807 4417 2928 4470 Alia
2957 4432 3150 4472 manu.
3192 4418 3355 4543 Olpto,
3403 4419 3512 4473 fra-

1887 4493 2022 4543 tres.
2065 4489 2212 4543 bene
2257 4489 2470 4543 vivatis.
2520 4487 2633 4543 mei
2680 4504 2984 4543 memores.
3037 4490 3178 4543 Data
3278 4490 3512 4543 alendas

1887 4493 2022 4558 tres,
2065 4489 2212 4544 bene
2257 4489 2470 4555 vivatis,
2520 4487 2633 4543 mei
2680 4504 2984 4543 memores.
3037 4490 3178 4543 Data
3227 4487 3512 4544 Kalendas

1883 4561 2140 4634 Augusti,
2196 4560 2555 4631 Carthagine,
2625 4559 2884 4614 Monaxio
2939 4565 2996 4614 et
3047 4560 3244 4628 Pluita,
3303 4577 3509 4615 consu-

1767 4635 1779 4660 ’
1801 4628 1862 4701 D
1883 4628 2049 4688 libus.

1882 4769 2149 4836 Ercerpia
2171 4781 2238 4820 ea:
2255 4765 2416 4834 gestis
2441 4763 2639 4836 habitis
2665 4768 2850 4818 contra
2877 4762 3158 4832 Pelagium
3174 4763 3507 4836 haeret-lcum,

1955 4843 2004 4892 et
2031 4835 2144 4892 alia
2189 4837 2252 4892 de
2305 4837 2500 4890 libellis
2551 4835 2801 4904 ejusdem,
2843 4850 2962 4904 qua
2992 4837 3048 4888 in
3084 4835 3377 4890 Palestina
3407 4839 3515 4892 sibi

1953 4909 2150 4980 objecta
2174 4909 2434 4964 damnare
2463 4907 2764 4977 compulsus
2783 4911 2880 4961 est.

1954 5013 2116 5078 Quod
2161 5013 2232 5068 ad
2271 5012 2616 5067 Hierusalem
2657 5012 2948 5065 nolentem
2978 5009 3175 5082 colligi
3199 5009 3346 5064 filios
3377 5027 3510 5067 suos

1881 5085 2150 5139 Dominus
2179 5084 2481 5154 clamabat,
2510 5083 2619 5138 hoc
2647 5099 2753 5138 nos
2773 5083 3088 5136 clamamus
3112 5081 3378 5154 adversus
3408 5100 3506 5139 eos

1880 5157 2153 5228 quiriilios
2191 5153 2948 5228 Ecclesim'colligignolunt,
2974 5155 3109 5228 _Nec
3151 5153 3352 5228 saltem
3381 5161 3510 5226 post

1871 5225 2172 5298 judicium,
2208 5227 2363 5298 quod
2389 5227 2456 5281 de
2485 5227 2607 5298 ipso
2625 5225 2854 5298 Pelagio
2883 5225 2942 5279 in
2973 5225 3270 5298 Palaestina
3293 5225 3504 5282 factum

1879 5296 1981 5366 est,
2039 5296 2421 5380 corriguntur,
2475 5296 2543 5352 de
2573 5313 2704 5380 nguo
2731 5296 3068 5380 “damnatus
3119 5296 3345 5380 exisset,
3397 5299 3509 5354 nisi

1878 5371 2094 5441 objecta
2113 5367 2218 5424 sibi
2248 5374 2446 5424 contra
2467 5367 2708 5440 gratiam
2731 5368 2824 5422 Dei
2851 5367 3019 5434 dicta,
3047 5383 3177 5441 qua:
3204 5369 3506 5425 obscurare

1879 5440 1992 5496 non
2011 5442 2216 5512 potuit,
2246 5443 2367 5512 ipse
2390 5441 2732 5512 damuasset.
2761 5441 2971 5494 Praeter
2999 5440 3099 5512 illa
3119 5456 3248 5512 quae
3273 5458 3506 5512 quomo-

1877 5511 2178 5592 dopotuit,
2209 5511 2378 5592 ausus
2405 5517 2488 5592 est
2513 5511 2896 5592 qualicunque
2925 5511 3144 5592 ratione
3172 5511 3502 5592 defendere,

1876 5583 2098 5657 objecta
2125 5591 2258 5640 sunt
2293 5583 2578 5657 quaedam,
2611 5599 2740 5654 quae
2765 5583 2875 5657 nisi
2905 5587 3134 5657 remota
3148 5585 3304 5636 omni
3333 5585 3502 5657 tergi—

1875 5653 2189 5712 versatione
2227 5653 2788 5722 anathematizasset,
2825 5654 2945 5726 ipse
2989 5655 3290 5710 anathema
3323 5653 3502 5708 factus

1875 5729 2088 5783 fuisset.

2333 5820 2530 5882 Dogma
2562 5817 2774 5884 Pelagii
2802 5817 3053 5869 haeretici.

1948 5923 2084 5974 Cum
2133 5920 2342 5975 diceret
2390 5921 2566 5972 Actum
2626 5919 2915 5972 lllOl'lﬂit‘Dl
2967 5917 3191 5986 factum,
3245 5917 3336 5986 qui
3391 5917 3500 5968 sivi-
