4040 6334
468 333 568 383 903

465 437 769 505 peccasset,
817 431 931 485 sive
978 448 1118 505 non,
1144 432 1445 505 peccasset,
1474 430 1784 505 moriturus
1813 433 1961 505 esset
1973 449 1989 499 ;
2036 434 2093 483 et

467 500 621 577 quod
676 510 968 575 peccatum
1019 500 1192 574 ipsius
1240 501 1447 577 ipsum‘
1470 502 1657 556 solum
1704 500 2092 577 lmserit,g_nqn

470 572 649 647 genus
676 572 992 647 humanum
1017 572 1054 639 ;‘
1078 580 1134 627 et
1167 573 1319 647 quod
1359 573 1628 647 infantes,
1656 588 1841 642 nuper
1865 572 2095 647 nati,_in

470 643 567 702 illo
595 650 740 699 statu
763 652 911 709 sunt,
944 645 1000 697 in
1032 661 1146 714 quo
1175 643 1357 697 Adam
1387 644 1497 697 fuit
1527 650 1659 697 ante
1688 643 2096 714 prievaricatio-

470 735 598 773 nem
623 735 636 782 ;
678 721 735 789 et
759 716 911 786 quod
938 732 1122 786 neque
1148 732 1250 789 per
1275 722 1537 789 mortem,
1569 715 1656 767 vel
1682 715 2094 785 praevaricatio-

473 805 605 843 nem
637 785 793 853 Adar,
823 803 994 840 oume
1021 785 1201 856 genus
1229 785 1524 853 moriatur,
1557 802 1743 856 neque
1775 801 1875 857 per
1902 802 2094 839 resur-

469 859 780 915 rectionem
808 857 1014 911 Christi
1051 873 1226 911 omne
1255 873 1436 923 genus
1466 857 1767 911 hominum
1796 863 2095 923 resurgat;

469 873 780 915 rectionem
808 873 1014 911 Lnrisu
1051 873 1226 911 omne
1255 873 1436 981 genus
1468 873 1767 911 nominum
1796 873 2095 923 resurgat;

469 931 718 984 infantes
763 930 952 995 enim,
1014 929 1058 982 si
1106 945 1219 982 non
1305 928 1625 999 aptizentur
1672 928 1882 982 habere
1926 927 2099 999 vitam

470 1008 766 1067 teteruam,
799 1007 855 1053 et
883 998 1084 1053 divites
1115 998 1445 1069 baptizatos,
1487 998 1594 1052 nisi
1635 999 1899 1053 omnibus
1931 998 2095 1052 abre-

472 1072 754 1137 nuntient,
797 1072 842 1124 si
878 1071 1013 1141 quid
1050 1070 1190 1125 boni
1220 1070 1318 1123 visi
1346 1076 1477 1123 sunt
1512 1070 1717 1135 facere,
1751 1086 1863 1123 non
1900 1086 2095 1141 repor-

469 1151 589 1197 tare
617 1144 757 1204 illos,
789 1158 895 1195 nec
922 1158 1015 1195 eos
1040 1142 1248 1195 habere
1277 1157 1442 1211 posse
1470 1158 1711 1210 regnum
1744 1141 1860 1207 Dei,
1894 1145 1951 1194 et
1975 1157 2097 1211 gra-

471 1215 609 1268 tiam
643 1214 757 1276 Dei,
790 1220 963 1282 atque
993 1212 1363 1283 adjutorium,
1397 1229 1513 1267 non
1555 1211 1630 1265 ad
1660 1212 1914 1282 singulos
1944 1219 2099 1266 actus

474 1285 615 1351 dari,
658 1285 754 1337 sed
798 1284 857 1337 in
892 1285 1067 1337 libero
1109 1283 1345 1337 arbitrio
1390 1300 1532 1348 esse,
1561 1284 1650 1336 vel
1682 1284 1738 1337 in
1769 1284 1896 1353 lege
1927 1286 2099 1354 atque

474 1356 766 1420 doctrina;
809 1359 865 1408 et
897 1354 991 1408 Dei
1024 1356 1265 1425 gratiam
1311 1355 1623 1409 secundum
1653 1354 1856 1408 merita
1906 1361 2101 1407 nostra

472 1428 630 1491 dari;
674 1430 731 1480 et
759 1426 904 1480 filios
941 1427 1035 1479 Dei
1078 1443 1188 1479 non
1227 1442 1391 1496 posse
1437 1425 1641 1491 vocari,
1672 1426 1781 1479 nisi
1813 1425 2097 1478 omnimo-

474 1500 548 1554 do
578 1498 791 1567 absque
816 1503 1045 1567 peccato
1070 1497 1285 1551 fuerint
1313 1496 1527 1563 effecti;
1576 1502 1635 1550 et
1656 1513 1774 1551 non
1807 1512 1926 1550 esse
1953 1496 2098 1550 libe-

474 1586 602 1624 rum
650 1568 971 1634 arbitrium,
1025 1569 1071 1622 si
1108 1569 1208 1622 Dei
1260 1571 1393 1637 eget
1446 1567 1675 1635 auxilio,
1729 1568 1996 1638 quoniam
2039 1568 2099 1621 in

472 1639 703 1712 propria
734 1640 1024 1693 voluntate
1054 1639 1229 1712 habet
1251 1639 1642 1712 unusquisque
1665 1639 1845 1692 facere
1867 1638 2096 1709 aliquid,

475 1709 600 1766 aut‘
620 1727 731 1764 non
762 1711 949 1763 facere
976 1727 989 1775 ;
1039 1716 1095 1763 et
1136 1709 1430 1763 victoriam
1458 1716 1706 1763 nostram
1737 1726 1848 1763 non
1888 1726 2005 1764 esse
2033 1726 2100 1764 ex

478 1782 590 1861 Dei
604 1781 904 1861 adjutoriq,
940 1781 1035 1834 sed
1056 1797 1129 1861 ex.
1150 1780 1328 1861 libero
1355 1780 1590 1861 arbitrio
1614 1798 1627 1846 ;
1661 1787 1716 1835 et
1740 1781 1888 1861 quod
1920 1781 2097 1861 pugni-

476 1854 728 1909 tentibus
766 1852 929 1905 venia
959 1869 1072 1905 non
1100 1851 1266 1906 detur
1293 1852 1603 1905 secundum
1636 1851 1876 1922 gratiam
1910 1851 1968 1906 et
1994 1852 2101 1906 mi-

478 1922 842 1979 sericordiam
871 1923 992 1988 Dei,
1023 1923 1116 1976 sed
1144 1923 1459 1976 secundum
1486 1924 1752 1977 meritum
1776 1928 1832 1977 et
1851 1923 2103 1977 laborem

480 2011 700 2055 eorum,
722 1995 817 2064 qui
842 2010 945 2064 per
966 1994 1357 2064 paenitentiam
1376 1994 1538 2064 digni
1558 1995 1773 2048 fuerint
1798 1995 2104 2048 misericor-

480 2067 594 2121 dia.
625 2068 751 2119 Hasc
779 2066 972 2119 omnia
999 2065 1257 2134 Pelagius
1286 2065 1364 2118 sic
1394 2065 1910 2120 anathematizavit.
1945 2066 2103 2129 Quod

476 2138 612 2192 satis
643 2141 801 2205 gesta
826 2136 948 2206 ipsa
976 2138 1274 2208 testantur,
1307 2139 1367 2208 ut
1392 2136 1535 2190 nihil
1562 2137 1633 2191 ad
1664 2154 1732 2190 ea
1751 2153 2107 2208 quoquomo-

477 2208 548 2263 do
579 2208 937 2262 defendenda
969 2206 1365 2277 disputationis
1385 2208 1657 2261 attulerit.
1689 2206 1847 2262 Unde
1874 2206 1939 2262 fit
1966 2225 2103 2263 con-

478 2297 742 2351 sequens,
777 2287 838 2332 ut
861 2277 1119 2351 quisquis
1149 2281 1373 2351 secutor
1399 2277 1553 2351 illius
1581 2278 1752 2351 fuerit
1774 2278 2106 2351 episcopalis

477 2348 813 2405 auctoritate
857 2348 1077 2420 judicii,
1129 2355 1184 2403 et
1235 2349 1412 2419 ipsius
1466 2350 1678 2420 Pelagii
1736 2348 2103 2417 confessione,

478 2423 601 2548 ἓωεί
657 2425 847 2503 tenere
900 2420 1124 2487 debeat,
1171 2436 1299 2490 quae
1343 2436 1569 2492 semper
1601 2422 1787 2475 tenuit
1826 2422 2107 2477 catholica

520 2510 585 2548 cc
605 2509 740 2548 esxa.

478 2492 740 2550 Ecclesia.

719 2621 915 2689 Dogma
942 2618 1328 2673 catholicorum
1351 2623 1539 2673 contra
1567 2620 1863 2688 Pelagium.

547 2738 709 2804 Quod
734 2737 932 2804 Adam,
954 2737 1062 2791 nisi
1084 2744 1389 2809 peccasset,
1414 2738 1729 2792 moriturus
1749 2755 1866 2793 non
1888 2738 2103 2792 fuisset.

479 2810 760 2877 Secundo,
790 2810 940 2881 quod
972 2817 1266 2880 peccatum
1296 2810 1419 2880 ejus
1445 2826 1560 2863 non
1588 2810 1775 2880 ipsum
1807 2811 1990 2864 solum
2019 2811 2109 2863 lae-

480 2883 633 2949 serit,
668 2881 769 2935 sed
793 2880 849 2934 et
879 2898 1057 2951 genus
1080 2881 1417 2952 humanum.
1445 2880 1655 2947 Tertio,
1679 2881 1830 2952 quod
1860 2882 2108 2935 infantes

479 2969 664 3024 nuper
695 2952 811 3005 nati
841 2957 1116 3024 nonsunt
1140 2951 1328 3024 iniillo
1362 2955 1532 3018 statu,
1560 2952 1627 3024 in
1650 2951 1762 3023 quo
1792 2953 1969 3024 Adam
2004 2952 2110 3006 fuit

480 3022 613 3080 ante
632 3022 1172 3094 przevaricationem.
1191 3023 1425 3087 Quarto,
1449 3026 1512 3076 ut
1526 3022 1595 3094 ab
1618 3022 1765 3093 ipsos
1782 3023 1957 3077 etiam
1978 3040 2104 3094 per-

480 3093 680 3161 tineat,
730 3093 881 3165 quod
926 3094 1172 3147 breviter
1212 3094 1293 3147 ait
1340 3093 1641 3165 Apostolus
1679 3111 1691 3147 :
1724 3116 1751 3144 «
1796 3096 1903 3148 Per
1928 3093 2107 3148 unum

480 3164 778 3222 hominem
811 3180 964 3219 mors
995 3168 1052 3218 et
1078 3181 1181 3235 per
1225 3181 1402 3218 unum
1437 3164 1728 3219 hominem
1767 3167 2103 3220 resurrectio

482 3242 858 3293 mortuorum.
889 3235 1040 3289 Sicut
1067 3235 1219 3289 enim
1252 3236 1309 3289 in
1335 3235 1509 3290 Adam
1538 3253 1733 3290 omnes
1758 3238 2100 3306 moriuntur,

481 3312 561 3365 ita
603 3313 658 3364 et
709 3308 764 3361 iu
807 3306 1025 3361 Christo
1068 3324 1267 3360 omnes
1304 3307 1735 3362 vivificabuntur
1776 3310 1821 3373 (Ι
1861 3312 1977 3366 Cor.
2013 3324 2103 3375 xv,

481 3385 569 3447 21,
597 3381 705 3449 22).
740 3398 768 3430 »
815 3378 976 3433 Unde
1026 3378 1107 3451 fit,
1153 3384 1217 3433 ut
1241 3379 1485 3434 infantes
1531 3396 1643 3433 non
1677 3380 1962 3451 baptizati,
1994 3397 2106 3434 non

481 3454 667 3508 solum
699 3466 943 3521 regnum
985 3450 1276 3515 ccelorum,
1309 3467 1509 3504 verum
1542 3450 1713 3504 etiam
1738 3451 1909 3505 vitam
1939 3454 2103 3505 aeter-

482 3541 617 3579 nam
676 3522 885 3575 habere
930 3537 1045 3575 non
1103 3527 1356 3590 possunt.
1404 3523 1631 3587 Quinto,
1680 3525 1742 3575 ut
1769 3524 2109 3577 conﬁteatur

483 3596 680 3650 divites
705 3592 1035 3663 baptizatos,
1066 3592 1237 3647 etiam
1267 3593 1312 3646 si
1339 3592 1547 3647 divitiis
1574 3593 1686 3647 suis
1712 3610 1828 3648 non
1860 3598 2105 3661 careant,

482 3673 538 3721 et
563 3668 678 3720 sint
697 3666 836 3719 tales
861 3665 1054 3735 quales
1082 3664 1154 3717 ad
1185 3665 1549 3719 Timotheum
1580 3665 1849 3719 describit
1873 3668 2104 3735 Aposto-

483 3742 590 3806 lus,
620 3737 811 3791 dicens
846 3752 859 3789 :
893 3757 920 3785 ‹‹
952 3736 1201 3806 Prazcipe
1234 3735 1499 3790 divitibus
1543 3736 1712 3807 hujus
1760 3735 1947 3790 saeculi
1994 3753 2110 3790 non

483 3808 727 3881 superbe
753 3823 975 3881 sapere,
1007 3823 1189 3881 neque
1210 3823 1439 3881 sperare
1462 3808 1520 3861 in
1547 3807 1762 3881 incerto
1786 3808 2111 3881 divitiarum

483 3876 735 3943 suarum,
784 3876 880 3930 sed
922 3876 981 3948 in
1016 3876 1214 3948 Deum
1273 3877 1480 3944 vivum,
1534 3878 1629 3948 qui
1676 3882 1904 3948 praistat
1950 3879 2111 3933 nobis

485 3949 850 4021 abundanter
889 3946 960 4000 ad
984 3947 1329 4021 fruendum,
1368 3946 1572 4021 divites
1608 3946 1719 4003 sint
1761 3950 1817 4021 in
1846 3950 2112 4021 operibus

485 4020 671 4085 bonis,
711 4019 875 4072 facile
927 4018 1198 4083 tribuant,
1252 4020 1690 4088 communicent,
1735 4018 2115 4076 thesa'urizent

486 4092 591 4147 sibi
614 4089 1052 4163 fundamentum
1077 4088 1290 4142 bonum
1320 4089 1375 4142 in
1404 4090 1679 4157 futurum,
1710 4095 1772 4145 ut
1793 4093 2111 4163 apprehen-

488 4165 628 4219 dant
657 4176 847 4214 veram
877 4160 1049 4213 vitam
1081 4162 1129 4229 (Ι
1154 4162 1290 4215 Tim.
1320 4177 1394 4227 γι,
1428 4164 1635 4231 17-19),
1668 4184 1693 4209 ››
1732 4160 1847 4217 non
1869 4160 1981 4218 ’ρος
2020 4182 2111 4218 re-

531 4252 602 4288 no
632 4233 728 4287 Dei
761 4247 923 4305 posse
945 4231 1170 4305 privari.
1195 4232 1847 4305 ASexto,utconfiteatur
1867 4236 2113 4305 gratiam

534 4305 605 4373 ei,
657 4308 713 4358 et
751 4303 1085 4373 adjutorivm
1125 4303 1303 4376 etiam
1346 4304 1415 4357 ad
1454 4304 1707 4375 singulos
1762 4303 1919 4361 actus
1969 4307 2112 4376 dari,

491 4392 747 4447 eamque
775 4391 888 4430 non
931 4374 1243 4447 secundum
1271 4376 1473 4429 merita
1512 4374 1725 4443 uestra,
1768 4382 1830 4431 ut
1871 4394 2006 4432 vera
2044 4374 2116 4433 sit

492 4446 793 4521 gratiarid
831 4446 1151 4521 est,“grat_is
1193 4447 1322 4521 data
1357 4463 1459 4521 per
1488 4447 1610 4517 ejus
1638 4448 2112 4521 misericordiam,

489 4516 589 4592 qui
611 4518 757 4592 dixit
787 4535 800 4572 :
842 4539 868 4567 (ί
895 4516 1197 4592 Miserebor
1218 4518 1308 4592 cui
1334 4516 1627 4592 miseratus
1652 4519 1836 4587 fuero,
1865 4524 1923 4575 et
1951 4522 2115 4575 mise-

490 4588 793 4646 ricordiam
838 4588 1143 4659 priestabo,
1193 4589 1283 4643 cui
1334 4589 1654 4644 misericors
1702 4592 1866 4647 fuero

490 4678 688 4728 χχχιιι,
736 4660 916 4732 19).»
964 4660 1240 4732 septimo,
1289 4663 1354 4714 ut
1392 4661 1535 4715 filios
1577 4661 1673 4717 Dei
1721 4663 1961 4718 fateatur
1992 4664 2118 4718 illos

491 4750 658 4806 posse
691 4731 892 4798 vocari,
929 4731 1311 4806 quiquotidie
1342 4732 1538 4787 dicunt
1569 4750 1581 4788 :
1620 4754 1648 4806 (ς
1689 4734 1918 4789 Dimitte
1956 4735 2118 4789 nobis

495 4804 685 4861 debita
718 4809 911 4877 nostra
940 4804 1147 4877 IMutth.
1178 4819 1254 4869 v1,
1296 4806 1401 4873 I2),
1434 4826 1462 4852 υ
1495 4805 1646 4876 quod
1675 4805 1871 4877 utique
1901 4806 2114 4860 veraci-

492 4884 583 4931 ter
615 4892 729 4930 non
756 4874 1029 4948 dicerent,
1060 4874 1106 4927 si
1144 4878 1332 4948 essent
1358 4874 1591 4930 omnino
1622 4874 1831 4948 absque
1862 4884 2114 4948 peccato.

494 4948 725 5010 Octavo,
748 4951 810 5000 ut
838 4947 1078 5017 fateatur
1098 4962 1216 5000 esse
1248 4946 1492 5001 liberum
1523 4946 1844 5017 arbitrium,
1866 4946 2046 5001 etiam
2072 4949 2117 5001 si

497 5018 690 5073 divino
717 5017 937 5088 indiget
968 5016 1270 5087 adjutorio.
1313 5019 1491 5085 Nono,
1531 5024 1597 5073 ut
1620 5019 1866 5072 fateatur
1888 5019 2116 5089 quando

493 5096 687 5145 contra
713 5091 1055 5143 tentationes
1079 5089 1675 5159 concupiscentiasque
1696 5090 1918 5143 illicitas
1947 5090 2115 5144 dimi-

495 5178 707 5228 camus,
740 5159 1000 5230 quamvis
1028 5160 1138 5214 illic
1169 5160 1477 5215 habeamus
1508 5167 1565 5214 et
1604 5160 1895 5231 propriam
1926 5163 2119 5215 volun-

496 5235 693 5299 tatem,
730 5248 842 5285 non
881 5237 1076 5286 tamen
1106 5249 1169 5285 ex
1205 5232 1315 5297 illa,
1354 5232 1452 5285 sed
1494 5248 1557 5285 ex
1594 5231 1693 5285 Dei
1728 5231 2119 5289 misericordia

496 5307 746 5375 nostram
778 5304 1036 5375 salutem,
1069 5302 1202 5374 quia
1241 5319 1361 5375 non
1384 5302 1544 5375 aliter
1583 5318 1778 5356 verum
1820 5305 1927 5357 erit
1962 5306 2117 5375 quod

494 5374 792 5447 Apostolus
823 5374 957 5428 dicit
995 5393 1006 5428 :
1054 5373 1242 5447 «(Non
1281 5373 1538 5447 volentis,
1588 5389 1776 5443 neque
1816 5373 2113 5445 currentis,

495 5445 591 5501 sed
627 5450 687 5499 ut
717 5447 1015 5509 salvemur,
1048 5445 1367 5519 misereutis
1394 5450 1476 5496 est
1511 5445 1604 5519 Dei
1638 5449 1802 5509 (Rom.
1842 5463 1917 5513 1x,
1950 5450 2052 5519 l6).
2086 5472 2112 5496 ι)

494 5520 745 5581 Decimo,
774 5524 834 5570 ut
864 5519 1103 5570 fatentur
1125 5516 1436 5568 secundum
1462 5516 1703 5579 gratiam
1728 5525 1783 5570 et
1803 5516 2120 5574 misericor-

497 5591 650 5645 diam
704 5589 819 5653 Dei,
858 5589 1075 5641 veniam
1124 5587 1443 5655 petentibus
1481 5587 1620 5655 dari,
1654 5607 1765 5643 non
1806 5592 2115 5645 secundum

493 5663 759 5717 meritum
784 5675 999 5732 eorum,
1018 5658 1681 5732 quandoquidemipsam
1706 5662 2113 5732 pzenitentiam,

497 5738 707 5788 donum
743 5731 860 5803 Dei,
890 5729 1031 5803 dixit
1057 5731 1368 5803 Apostolus,
1406 5730 1499 5803 ubi
1531 5732 1608 5786 ait
1638 5729 2110 5803 (le'quibusdamé

502 5825 528 5851 ‹‹
557 5804 635 5856 Nc
668 5804 807 5854 fnrle,
830 5801 927 5851 det.
952 5800 1060 5853 illis
1098 5800 1241 5853 Deus
1271 5802 1682 5870 paenitentiam.
1710 5800 1894 5858 {Haec
1926 5806 2119 5859 omnia

496 5873 825 5943 simpliciter
855 5872 972 5926 siue
1001 5870 1125 5925 ullis
1152 5871 1397 5926 fateatur
1425 5874 1781 5947 ambagibus.
1820 5876 1870 5931 Si
1904 5877 2030 5948 quis
2061 5878 2115 5931 in

1344 314 1629 378 APPEND.
1673 321 1761 376 ΑΙ)
1801 322 1962 376 ΞΑΞΟ.
2006 321 2091 376 IX.
2123 348 2189 359 -
2228 316 2464 375 lSlDOBl
2502 316 2929 374 MERCATOPJS

2125 3193 2181 3268 C

1919 4574 2110 4661 (Exod.
2133 4574 2193 4646 D

3728 315 3840 369 904

2192 429 2584 505 auctoritatem
2626 426 2984 505 catholicam,
3027 430 3084 480 et
3119 424 3296 505 ipsius
3323 423 3538 495 Pelagii
3559 439 3841 505 expressa

2198 500 2584 554 ecclesiasticis
2613 499 2785 570 gestis
2813 497 2984 570 verba
3008 495 3310 570 consentit,
3340 510 3522 570 neque
3550 495 3708 570 enim
3736 495 3841 549 illa

2197 587 2327 643 qum
2373 570 2467 643 his
2499 566 2641 624 sunt
2678 568 2989 643 contraria,
3022 568 3308 643 veraciter
3345 566 3843 643 anathematizata

2199 637 2318 696 esse
2349 642 2694 697 credendum
2736 645 2840 707 est,
2888 640 2994 694 nisi
3022 639 3140 694 haec
3164 639 3369 709 quibus
3393 643 3525 692 sunt
3549 637 3844 691 contraria

2197 713 2309 767 fide
2335 719 2397 837 tet
2428 713 2597 768 corde
2640 715 2966 781 teneantur,
2998 716 3056 765 et
3084 714 3283 781 aperta
3312 709 3667 765 confessione
3698 724 3843 779 pro-

2198 800 2327 837 man
2361 801 2446 837 ur.

2198 800 2446 838 mantur.

2200 898 2385 952 LXXII.
2427 927 2494 935 —
2541 896 2632 952 Ad
2664 898 2959 957 Rusticum,
3010 895 3368 954 Ravenm’um,
3428 892 3737 955 Venerium,
3785 896 3845 945 et

2152 946 2385 1038 \T'W'
2541 946 3449 1038 ’ἱῷεὲὸῖἑῇὣὲορὀέ’θαιιίανάηιῤ

2168 1034 2199 1083 ί
2270 1058 2520 1129 Impletis
2539 1073 2642 1128 per
2660 1055 3112 1109 misericordiam
3132 1054 3231 1107 Dei
3251 1051 3650 1108 communibus
3663 1050 3840 1119 votis,

2199 1151 2439 1223 dignum
2469 1157 2552 1205 est
2585 1150 3003 1203 fraternitatem
3039 1153 3288 1202 vestram
3328 1149 3658 1201 sanctorum
3698 1161 3845 1217 gau-

2199 1245 2422 1299 diorum
2442 1244 2651 1298 habere
2671 1242 3035 1297 consortium.
3055 1242 3197 1296 Nam
3217 1240 3419 1295 fratres
3436 1240 3572 1307 mei,
3594 1239 3693 1311 qui
3713 1239 3844 1294 vice

2199 1355 2328 1393 mea
2353 1337 2627 1393 Orientali
2654 1335 2870 1408 synodo
2898 1335 3313 1406 praisederunt,
3358 1350 3489 1405 quae
3527 1336 3654 1387 vota
3683 1336 3846 1388 retu-

2198 1433 2316 1487 lere
2346 1432 2600 1503 signiﬁco
2626 1431 2962 1485 confirmata
2987 1429 3265 1484 catholica
3284 1427 3419 1497 tide,
3443 1432 3500 1481 et
3523 1427 3847 1499 gloriﬁcato

2202 1526 2525 1599 apostolicae
2571 1524 2988 1596 praedicationis
3027 1522 3336 1594 triumpho.
3376 1523 3535 1587 Quod
3574 1523 3749 1577 etiam
3779 1523 3846 1578 hi

2202 1620 2300 1692 qui
2325 1620 2398 1674 ad
2425 1619 2792 1689 deviandum,
2820 1618 2907 1674 vel
2936 1617 3152 1673 seducti
3172 1618 3418 1684 fuerant,
3459 1616 3545 1671 vel
3580 1616 3842 1689 impulsi,

2201 1717 2431 1785 recepta
2472 1714 2718 1768 veritatis
2754 1713 2878 1767 luce
2916 1712 3206 1767 laatantur.
3267 1710 3579 1782 Siquidem,
3633 1727 3846 1766 omnes

2122 1820 2180 1892 Β
2205 1807 2425 1863 Domini
2470 1807 2785 1862 sacerdotes
2821 1806 2880 1861 in
2918 1823 3028 1860 una
3065 1805 3349 1860 sententia
3384 1811 3578 1861 sancto
3620 1804 3846 1877 Spiritu

2204 1903 2445 1957 docente
2470 1917 2831 1970 consensere,
2863 1904 2919 1954 et
2943 1901 3012 1955 de
3034 1903 3388 1955 sacramento
3417 1899 3728 1955 Dominicse
3757 1899 3848 1954 in-

2205 1994 2541 2050 carnationis
2566 1995 2624 2048 in
2652 2011 2765 2065 qua
2789 1995 3101 2048 multorum
3127 1993 3508 2065 intelligentia
3531 1992 3842 2064 caligabat,

2204 2089 2285 2143 ita
2317 2089 2568 2144 tenebras
2608 2088 2815 2142 erroris
2852 2088 3056 2143 ablatae
3087 2094 3237 2157 sunt,
3280 2094 3342 2142 ut
3371 2087 3430 2142 in
3455 2104 3569 2141 uno
3596 2086 3847 2141 Domino

2204 2185 2423 2253 nostro,
2455 2199 2586 2237 vero
2612 2182 2710 2237 Dei
2730 2189 2786 2237 et
2804 2180 3049 2235 hominis
3072 2182 3232 2249 Filio,
3252 2198 3360 2236 nec
3377 2180 3447 2236 de
3466 2179 3850 2235 humanitatis

2206 2276 2530 2348 ambigatur
2568 2279 2789 2346 natura,
2821 2292 2924 2330 nec
2957 2276 3025 2330 de
3053 2274 3277 2330 deitatis
3312 2274 3577 2329 essentia.
3632 2276 3696 2330 1n
3726 2274 3844 2329 im-

2205 2371 2332 2442 pios
2363 2376 2553 2426 autem
2580 2369 2812 2425 nefandi
2840 2370 3048 2425 erroris
3073 2377 3336 2425 auctores
3361 2369 3458 2441 qui
3482 2368 3755 2441 indignos
3781 2384 3846 2423 se

2208 2465 2305 2519 Dei
2346 2464 2524 2536 gratia
2557 2464 2881 2536 judicantes
2912 2463 3278 2518 correctionis
3317 2462 3398 2518 uti
3437 2461 3705 2518 remediis
3732 2479 3845 2518 no-

2206 2559 2383 2627 luere,
2408 2558 2589 2630 qualis
2610 2558 2681 2613 sit
2707 2559 2820 2613 lata
2846 2558 3130 2613 sententia
3159 2557 3504 2629 exemplaria
3531 2573 3658 2629 quae
3685 2556 3852 2612 misi-

2207 2668 2337 2707 mus
2362 2652 2698 2719 edocebunt,
2743 2655 2803 2706 ut
2840 2657 3111 2723 agnoscat
3137 2657 3323 2706 vestra
3360 2651 3601 2721 dilectio,
3631 2652 3848 2706 fratres

2207 2745 2540 2814 charissimi,
2568 2747 2628 2801 in
2657 2750 2850 2801 saneto
2878 2746 3143 2801 examine
3172 2745 3429 2800 divinum
3456 2762 3573 2800 non
3600 2745 3757 2800 defui
3782 2762 3846 2799 se

2199 2839 2502 2911 judicium,
2542 2856 2655 2911 quo
2696 2845 2754 2895 et
2787 2839 3039 2895 vindicta
3076 2839 3287 2894 tributa
3331 2843 3417 2894 est
3440 2839 3752 2909 obduratis,
3788 2843 3850 2894 et

2206 2950 2313 3005 pax
2331 2933 2590 3005 impensa
2606 2934 2894 2989 correctis.
2916 2932 3190 2988 Dominus
3213 2950 3308 2987 vos
3329 2933 3640 2989 incolumes
3657 2939 3851 2988 custo-

2207 3027 2345 3098 diat,
2374 3028 2577 3083 fratres
2596 3027 2939 3083 charissimi.
3426 3020 3439 3034 ’

2458 3145 2675 3199 LXXIII.
2722 3177 2787 3184 —
2830 3144 2923 3199 Ad
2948 3144 3228 3200 Iulianum
3256 3147 3580 3217 episcopum.

2279 3250 2505 3305 Litterze
2534 3249 2846 3305 dilectionis
2872 3253 2985 3303 tuaa
3012 3265 3138 3320 qua:
3168 3249 3312 3304 mihi
3350 3266 3533 3321 nuper
3558 3254 3692 3304 sunt
3719 3250 3850 3305 red—

2208 3343 2359 3411 ditae,
2403 3359 2575 3415 quam
2609 3341 2886 3414 spirituali
2920 3342 3207 3398 catholicae
3246 3342 3384 3398 fidei
3424 3342 3615 3415 vigeas
3643 3359 3847 3398 amore

2208 3438 2619 3504 demonstrant,
2650 3439 2709 3491 et
2732 3437 2982 3491 multum
3010 3436 3264 3508 gaudere
3298 3454 3392 3491 me
3425 3436 3656 3506 faciunt,
3686 3437 3849 3509 quod

2172 3507 2195 3611 (λ
2206 3532 2264 3585 in
2293 3531 2497 3585 eadem
2523 3530 2804 3585 sententia
2830 3530 2924 3601 pia
2959 3531 3130 3585 corda
3158 3535 3506 3585 concurrunt
3542 3535 3607 3585 ut
3635 3548 3845 3586 secun-

2209 3626 2346 3679 dum
2388 3625 2701 3679 doctrinam
2744 3624 2981 3695 Spiritus
3025 3625 3202 3680 sancti
3240 3625 3550 3697 impleatur
3587 3627 3647 3680 in
3677 3625 3850 3681 nobis

2211 3719 2367 3790 quod
2404 3720 2705 3790 Apostolus
2745 3718 2825 3773 ait
2855 3736 2868 3773 :
2902 3741 2929 3768 «
2959 3719 3201 3774 Obsecro
3232 3726 3425 3774 autem
3455 3737 3569 3790 vos,
3610 3720 3845 3790 fratres,

2210 3830 2316 3885 per
2346 3830 2556 3867 nomen
2585 3812 2811 3868 Domini
2842 3812 3021 3867 nostri
3056 3814 3186 3868 Jesu
3220 3814 3449 3883 Christi,
3487 3819 3552 3868 ut
3587 3813 3846 3885 idipsum

2211 3905 2410 3961 dicatis
2438 3922 2656 3974 omnes,
2694 3910 2751 3960 et
2787 3924 2905 3961 non
2930 3906 3045 3961 sint
3070 3907 3129 3961 in
3166 3907 3322 3961 vobis
3351 3906 3674 3963 schismata.
3710 3907 3850 3962 Sitis

2211 4003 2401 4054 autem
2429 4000 2664 4070 perfecti
2686 4000 2745 4054 in
2766 4000 2968 4055 eodem
3000 4017 3192 4070 sensu,
3219 4004 3277 4055 et
3301 4002 3360 4056 in
3381 4001 3579 4057 eadem
3606 4005 3845 4057 senten-

2212 4092 2292 4148 tia
2328 4093 2377 4163 (I
2409 4092 2527 4147 Cor.
2563 4109 2600 4162 ι,
2644 4095 2749 4163 10),
2789 4115 2815 4143 ››
2853 4094 3014 4165 cujus
3057 4094 3293 4149 unitatis
3333 4094 3579 4149 nimium
3606 4111 3665 4149 se
3696 4095 3850 4150 Euti-

2213 4187 2348 4241 ches
2364 4187 2498 4242 fecit
2509 4192 2867 4258 extraneum,
2886 4188 2933 4242 si
2945 4189 3002 4242 in
3019 4206 3122 4243 sua
3134 4188 3501 4260 perversitate
3518 4189 3845 4259 veterascit,

2216 4298 2318 4335 nec
2356 4280 2541 4336 adhuc
2585 4281 2793 4352 quibus
2831 4281 3066 4335 vinculis
3111 4299 3144 4336 a
3169 4283 3408 4337 Domino
3442 4282 3514 4337 sit
3539 4283 3846 4354 obligatus,

2214 4375 2501 4447 intelligit.
2539 4379 2606 4432 Et
2646 4392 2978 4448 quanquam
3022 4376 3377 4431 sacerdotem
3413 4377 3637 4432 Domini
3675 4393 3847 4448 repe-

2215 4468 2476 4524 riendum
2518 4474 2706 4541 putat,
2752 4470 2849 4542 qui
2896 4470 3018 4540 ejus
3068 4470 3403 4542 imperitia,
3459 4470 3847 4543 amentiaque

2217 4564 2546 4630 consentiat,
2592 4564 2689 4619 diu
2738 4565 2890 4635 apud
2930 4581 3031 4619 nos
3082 4564 3365 4620 incertum
3422 4564 3551 4632 fuit,
3607 4565 3744 4637 quid
3787 4566 3851 4621 in

2218 4657 2339 4727 ipso
2390 4658 2678 4713 catholicis
2724 4658 3076 4730 displiceret,
3136 4665 3193 4715 et
3243 4676 3376 4714 cum
3430 4658 3617 4714 fratris
3667 4661 3850 4714 nostri

2220 4751 2462 4806 Flaviani
2525 4753 2707 4807 nullas
2762 4754 2977 4808 litteras
3029 4770 3414 4822 sumeremus,
3483 4753 3603 4825 ipse
3654 4756 3848 4809 autem

2220 4845 2444 4915 scriptis
2472 4846 2587 4899 suis
2619 4847 3015 4902 Nestorianam
3042 4847 3305 4902 haeresim
3333 4847 3673 4918 repullulare
3703 4863 3847 4918 que-

2220 4942 2458 5006 reretur,
2507 4956 2620 4994 non
2666 4941 2830 5011 plene
2878 4941 3177 5011 potuimus
3204 4941 3439 5008 discere,
3466 4941 3618 4996 unde
3648 4957 3846 5012 proce-

2220 5032 2395 5102 deret,
2443 5033 2528 5086 vel
2576 5051 2690 5106 quo
2731 5035 2990 5089 tenderet
3045 5040 3162 5091 tam
3205 5035 3401 5090 dolosa
3436 5034 3709 5090 causatio.
3741 5035 3851 5091 Sed

2221 5131 2579 5197 posteaquam
2626 5134 2919 5199 gestorum
2963 5129 3033 5185 ad
3076 5147 3177 5184 nos
3220 5130 3627 5202 episcopalium
3673 5129 3845 5184 docu-

2218 5225 2412 5274 menta
2451 5222 2673 5293 perlata
2708 5227 2863 5290 sunt,
2903 5226 3098 5280 omnia
3125 5226 3218 5280 illa
3246 5242 3373 5297 qua:
3404 5226 3687 5280 fallaciam
3716 5242 3849 5298 que-

2218 5314 2461 5369 relarum
2482 5317 2763 5373 velamine
2779 5319 3136 5391 tegebantur,
3159 5337 3287 5392 quae
3307 5325 3495 5375 essent
3513 5320 3846 5377 detestanda

2218 5404 2639 5485 patuerunt.\Et
2677 5413 2809 5485 quia
2843 5414 3320 5470 clementissimus
3357 5416 3691 5486 imperator,
3742 5431 3846 5488 pro

2218 5488 2603 5560 benevolentia
2638 5523 2701 5560 ac
2741 5508 2945 5578 pietate
2974 5508 3154 5563 animi
3195 5510 3302 5576 sui,
3351 5509 3419 5563 de
3472 5513 3623 5564 statu
3677 5510 3846 5582 hujus

2218 5600 2311 5668 qui
2342 5603 2473 5653 ante
2505 5600 2850 5655 honorabilis
2872 5603 3188 5673 videbatur,
3214 5603 3545 5676 diligentius
3572 5605 3748 5659 voluit
3766 5606 3849 5676 ju-

2219 5690 2414 5760 dicari,
2446 5700 2617 5764 atque
2648 5694 2719 5749 ob
2747 5697 2855 5750 hoc
2878 5697 3250 5752 indicendum
3269 5699 3508 5754 credidit
3535 5699 3847 5771 episcopale

2219 5788 2538 5856 concilium,
2581 5806 2688 5859 per
2724 5791 2925 5845 fratres
2956 5795 3177 5846 nostros
3199 5792 3490 5848 Julianum
3518 5794 3846 5866 episcopum

2220 5886 2273 5934 et
2302 5881 2577 5936 Renatum
2614 5885 3030 5957 presbyterum,
3066 5887 3161 5941 sed
3201 5892 3257 5941 et
3279 5886 3458 5942 ﬁlium
3491 5904 3684 5949 meum
3724 5890 3845 5948 dia-
