4040 6314
199 371 299 423 9ῡὸ

1438 369 1910 425 DECRETALIUM
1948 369 2332 428 COLLECTIO.

3463 376 3564 425 9οα

197 494 408 531 conum
452 476 750 546 Hilarium,
779 482 834 533 et
863 494 1004 550 quos
1052 494 1119 533 ex
1161 478 1335 533 latere
1381 493 1513 532 meo
1541 478 1658 534 vice
1703 494 1835 533 mea
1856 490 1914 562 Α
1936 479 2093 549 gotio
2130 478 2450 533 communis
2494 479 2895 535 sollicitudinis
2944 479 3266 549 indidisses,
3299 483 3565 553 quoniam

198 570 324 625 misi
351 570 423 625 ad
454 571 695 625 fratrem
723 577 983 626 nostrum
1012 571 1339 626 Flavianum
1372 570 1706 627 sufﬁcientia
1730 588 1833 643 pro

196 663 475 736 qualitate
516 682 699 719 causae
738 666 947 736 scripta
984 665 1182 733 direxi,
1213 665 1417 737 quibus
1443 669 1499 720 et
1527 668 1713 720 vestra
1745 665 1832 719 di-

197 757 363 813 lectio
390 763 449 813 et
477 758 723 815 Ecclesia
760 759 1019 814 universa
1059 762 1364 829 cognoscat
1402 759 1472 813 de
1512 759 1749 830 antiqua
1780 761 1836 813 et

195 852 479 923 singulari
516 853 650 920 ﬁde,
681 869 855 924 quam
889 853 1154 908 indoctus
1182 853 1553 925 impugnator
1589 853 1832 919 incessit,

194 945 331 1017 quid
369 946 645 1001 divinitus
679 947 951 1002 traditum
993 951 1312 1014 teneamus,
1342 952 1400 1003 et
1441 946 1578 1019 quid
1614 946 1834 1001 incom-

195 1040 559 1095 mutabiliter
584 1041 981 1112 praedicemus.
1015 1041 1160 1105 Quia
1192 1045 1387 1096 tamen
1415 1058 1529 1095 non
1558 1040 1835 1095 debemus

194 1140 385 1205 partes
433 1134 816 1190 miserationis
855 1135 1138 1201 omittere,
1181 1151 1404 1206 congua
1445 1134 1835 1189 moderatione

195 1227 547 1283 credidimus
563 1228 956 1298 sanciendum,
971 1232 1034 1282 ut
1051 1228 1096 1282 si
1112 1228 1526 1283 condemnatus
1542 1227 1837 1299 presbyter

193 1321 365 1392 plena
410 1320 790 1376 satisfactione
829 1320 1151 1392 corrigitur,
1181 1320 1458 1375 sententia
1486 1337 1601 1392 qua
1628 1319 1833 1373 obstri-

195 1420 315 1469 ctus
339 1419 447 1484 est,
478 1416 780 1469 relaxetur.
810 1415 862 1470 Si
886 1432 1015 1470 vero
1038 1415 1095 1469 in
1123 1415 1329 1469 eodem
1354 1414 1694 1484 insipientiae
1717 1430 1833 1467 suae

194 1510 315 1564 luto
354 1509 553 1580 jacere
593 1509 890 1580 delegerit,
923 1512 1135 1563 statuta
1176 1511 1573 1579 permaneant,
1606 1512 1665 1563 et
1701 1524 1833 1562 cum

196 1604 277 1656 eis
326 1603 545 1658 habeat
600 1608 813 1658 sortem
863 1619 1107 1675 quorum
1160 1607 1243 1657 est
1291 1606 1517 1657 secutus
1557 1617 1831 1657 errorem.

194 1698 339 1752 Data
371 1697 507 1753 ldus
528 1697 701 1764 Junii,
733 1696 958 1751 Asturio
990 1700 1049 1750 et
1074 1698 1393 1767 Protogene
1418 1695 1759 1750 consulibus.

266 1801 467 1876 224
502 1803 717 1858 LXXIV.
745 1832 813 1842 —
838 1805 965 1858 Item
993 1804 1067 1857 ad
1102 1804 1423 1859 Flavianum
1466 1804 1765 1858 Constanti-

819 1876 1214 1944 napolitanum.

266 1967 505 2023 Litteras
547 1974 655 2023 tuae
702 1968 1018 2023 dilectionis
1068 1967 1281 2038 accepi,
1313 1983 1443 2021 cum
1491 1966 1661 2037 gestis
1703 1982 1833 2037 quae

198 2061 354 2133 apud
382 2077 481 2115 vos
511 2061 645 2116 ﬁdei
677 2062 990 2132 quaestione
1019 2062 1278 2115 confecta
1308 2063 1458 2114 sunt.
1483 2060 1551 2114 Et
1574 2059 1705 2130 quia
1730 2060 1835 2114 cle-

198 2155 594 2210 mentissimus
621 2154 953 2227 imperator,
974 2172 1080 2227 pro
1103 2154 1361 2209 Ecclesiae
1390 2170 1524 2225 pace
1546 2152 1834 2207 sollicitius

197 2250 485 2321 synodum
512 2249 691 2304 voluit
721 2250 1076 2321 congregari,
1111 2248 1370 2320 quamvis
1408 2246 1700 2302 evidenter
1729 2264 1831 2318 ap-

200 2349 395 2415 pareat
420 2359 566 2410 rem,
600 2344 669 2397 de
695 2360 808 2415 qua
834 2343 1024 2414 agitur
1052 2358 1411 2413 nequaquam
1457 2340 1713 2411 synodali
1740 2340 1831 2394 in-

199 2438 392 2507 digere
423 2440 685 2504 tractatu,
718 2440 930 2503 tamen,
961 2437 1140 2491 frater
1180 2434 1530 2502 charissime,
1563 2433 1830 2488 subsecu-

199 2538 286 2586 tos
314 2547 440 2586 esse
465 2530 745 2601 signiﬁco,
777 2547 918 2602 quos
942 2530 1000 2584 in
1028 2530 1132 2583 hac
1174 2546 1232 2583 re
1274 2528 1489 2600 placuit
1529 2527 1830 2581 destinare.

202 2626 309 2680 Nec
334 2624 720 2680 necessarium
745 2624 854 2679 fuit
882 2640 1034 2678 nunc
1062 2622 1307 2693 amplius
1332 2621 1519 2689 scribi,
1543 2637 1672 2675 cum
1696 2637 1832 2691 pro-

202 2719 340 2790 pitio
359 2719 432 2774 de
452 2718 539 2774 his
560 2735 688 2789 quae
715 2734 899 2773 causae
928 2717 1273 2772 credidimus
1302 2714 1624 2781 convenire,
1644 2730 1747 2785 per
1766 2730 1835 2768 ea

202 2829 329 2884 qua
360 2812 470 2884 ipsi
498 2812 807 2883 portabunt
833 2810 1058 2882 scripta,
1088 2810 1161 2864 sis
1188 2809 1411 2881 plenius
1446 2808 1830 2863 instruendus.

206 2907 344 2962 Data
372 2922 443 2961 xv
471 2905 753 2960 Kalendas
776 2904 925 2973 Julii,
956 2903 1222 2958 Austurio
1252 2908 1308 2957 et
1344 2904 1657 2972 Protogene
1700 2918 1831 2956 con-

201 3000 436 3055 salibus.

203 3104 387 3159 LXXV.
430 3134 495 3142 —
538 3105 673 3158 Item
716 3102 950 3171 ejusdem
994 3103 1068 3156 ad
1113 3101 1460 3157 Theodosium
1503 3101 1832 3169 Augustum.

1934 575 1991 626 et
2017 577 2178 643 gesta
2202 578 2332 627 ante
2365 573 2549 627 delata
2573 573 2641 628 de
2673 573 2939 628 omnibus
2968 590 3072 629 nos
3101 574 3451 630 sufﬁcienter
3476 576 3567 631 in-

1937 669 2283 736 struxerant,
2319 671 2372 720 et
2399 666 2470 721 ad
2514 666 2863 722 familiarem
2906 667 3411 740 interrogationem
3443 671 3568 726 ido-

1937 775 2079 813 neus
2117 764 2241 813 erat
2278 776 2464 813 sermo
2495 760 2747 832 praedicti
2781 778 2884 832 per
2915 778 3086 832 quem
3125 779 3277 818 nunc
3319 764 3569 837 alloquia

1935 853 2238 908 reddentes
2265 852 2622 909 dilectionem
2652 857 2805 909 tuam
2838 871 2944 927 per
2968 856 3064 911 Dei
3088 856 3349 928 gratiam,
3376 858 3434 912 in
3457 875 3571 929 qua

1935 946 2181 1015 ﬁdimus,
2205 947 2569 1001 cohortamur
2589 952 2813 1002 utentes
2837 949 3025 1003 verbis
3050 951 3372 1021 apostolicis
3397 957 3567 1024 atque

1936 1041 2182 1095 dicentes
2213 1059 2225 1095 :
2258 1062 2286 1090 «
2319 1043 2377 1095 In
2409 1041 2570 1096 nullo
2600 1042 2935 1096 terreamini
2963 1044 3033 1098 ab
3064 1044 3414 1114 adversariis,
3437 1062 3565 1117 quae

1937 1140 2020 1189 est
2033 1134 2138 1189 illis
2158 1151 2327 1189 causa
2348 1134 2697 1205 perditionis,
2720 1136 2877 1190 vobis
2903 1140 3096 1191 autem
3126 1138 3321 1192 salutis
3346 1138 3506 1207 (Phil.
3524 1155 3563 1208 ι,

1933 1227 2042 1298 28).
2065 1247 2092 1280 »
2115 1228 2257 1292 Quid
2284 1228 2438 1282 enim
2459 1234 2574 1283 tam
2597 1229 2885 1284 exitiabile
2913 1247 3084 1301 quam
3106 1235 3312 1303 negata
3331 1232 3566 1287 veritate

1935 1320 2337 1375 incarnationis
2367 1321 2590 1389 Christi,
2622 1338 2857 1377 omnem
2887 1339 3044 1394 spem
3076 1325 3273 1378 salutis
3298 1325 3564 1380 humanae

1936 1414 2074 1468 velle
2096 1413 2418 1483 dissolvere,
2438 1417 2494 1469 et
2512 1416 2780 1486 Apostolo
2800 1416 3081 1471 contraire
3103 1417 3309 1473 dicenti
3330 1419 3568 1474 manife-

1935 1510 2017 1560 ste
2034 1523 2046 1561 :
2069 1508 2377 1579 «Magnum
2390 1511 2474 1561 est
2484 1508 2709 1579 pietatis
2724 1514 3140 1564 sacramentum
3164 1511 3316 1582 quod
3332 1512 3569 1567 manife-

1936 1603 2146 1655 statum
2174 1600 2337 1655 estin
2356 1617 2524 1655 carne
2548 1602 2595 1671 (Ι
2614 1604 2748 1657 Tim.
2775 1618 2854 1669 ιιι,
2887 1603 2971 1673 l6)
2996 1624 3023 1652 »
3049 1603 3196 1667 Quid
3216 1610 3332 1659 tam
3356 1606 3566 1676 glorio-

1934 1710 2060 1748 sum
2112 1711 2288 1766 quam
2346 1700 2546 1749 contra
2597 1695 2857 1750 inimicos
2918 1697 3224 1751 nativitatis
3277 1703 3333 1753 et
3385 1699 3567 1753 crucis

1934 1788 2140 1844 Christi
2171 1804 2274 1859 pro
2302 1787 2414 1842 ﬁde
2445 1789 2777 1859 Evangelica
2817 1789 3132 1845 dimicare?
3163 1792 3241 1846 De
3276 1792 3435 1863 cujus
3460 1809 3564 1864 pu-

1934 1881 2158 1936 rissimo
2186 1882 2401 1936 lumine
2424 1882 2748 1953 invictaque
2775 1882 2977 1938 virtute
3004 1883 3149 1938 datis
3165 1884 3287 1955 jam
3310 1885 3383 1940 ad
3411 1889 3568 1941 tuam

1933 1975 2299 2029 dilectionem
2322 1974 2543 2044 litteris,
2574 1976 2711 2046 quid
2739 1976 2798 2029 in
2827 1979 3019 2031 nostro
3048 1983 3192 2032 esset
3214 1978 3384 2033 corde
3415 1984 3571 2050 pate-

1932 2068 2189 2138 fecimus,
2207 2085 2280 2123 ne
2309 2068 2377 2123 de
2399 2068 2506 2122 illis
2533 2085 2660 2140 quae
2686 2069 3001 2123 secundum
3031 2070 3351 2125 doctrinam
3374 2072 3570 2128 catho-

1934 2162 2099 2216 licam
2125 2162 2443 2229 didicimus,
2470 2166 2529 2216 et
2548 2162 2834 2230 docemus,
2857 2163 3069 2235 aliquid
3093 2163 3244 2219 inter
3263 2182 3367 2219 nos
3387 2165 3565 2221 videri

1934 2256 2108 2327 possit
2154 2256 2509 2327 ambiguum.
2564 2256 2708 2320 Quia
2757 2274 2887 2311 vero
2931 2261 3046 2311 tam
3090 2258 3296 2328 valida,
3346 2261 3402 2317 et
3444 2265 3565 2314 tam

1934 2351 2082 2404 clara
2112 2352 2245 2404 sunt
2286 2350 2616 2405 testimonia
2643 2350 2911 2419 veritatis,
2939 2355 3002 2405 ut
3040 2351 3211 2406 nimis
3254 2370 3435 2408 caecus
3477 2353 3563 2408 ni-

1935 2443 2155 2514 misque
2173 2443 2486 2498 obduratus
2500 2443 2794 2497 habendus
2807 2445 2896 2511 sit,
2912 2443 3007 2515 qui
3027 2444 3098 2499 ad
3118 2447 3565 2502 coruscationem

1933 2536 2076 2591 lucis
2103 2539 2274 2607 atque
2304 2537 2536 2591 rationis
2565 2553 2681 2591 non
2714 2537 3013 2592 confestim
3045 2555 3103 2593 se
3133 2556 3166 2594 a
3192 2540 3441 2594 tenebris
3468 2541 3567 2595 fal-

1934 2629 2111 2683 sitatis
2156 2630 2481 2697 excusserit,
2516 2630 2589 2684 ad
2626 2630 2936 2685 curandam
2980 2631 3376 2704 imperitorum
3407 2633 3563 2689 insa-

1934 2723 2107 2792 niam,
2127 2725 2299 2779 etiam
2322 2723 2612 2795 patientiae
2630 2724 2888 2778 volumus
2906 2725 3177 2781 adbibere
3199 2726 3562 2796 medicinam,

1932 2820 1999 2871 ut
2024 2823 2287 2889 paternas
2317 2816 2734 2889 increpationes
2759 2817 2819 2872 hi
2850 2819 2946 2889 qui
2980 2819 3039 2873 in
3071 2826 3358 2876 senectute
3382 2822 3567 2876 carnis

1934 2928 2047 2965 suae
2076 2916 2272 2966 mente
2300 2918 2432 2966 sunt
2459 2911 2697 2983 parvuli,
2722 2911 2944 2967 discant
2967 2913 3200 2968 obedire
3229 2914 3563 2986 majoribus,

1936 3021 1999 3059 ac
2030 3005 2076 3059 si
2115 3006 2373 3077 deposita
2418 3005 2722 3077 imperitiae
2761 3022 2878 3059 suae
2916 3006 3563 3079 vanitate'resipiscunt,

1935 3099 2207 3172 omnique
2234 3115 2424 3154 errore
2452 3100 2724 3154 damnato
2754 3098 2946 3168 ﬁdem,
2976 3117 3168 3155 veram
3198 3101 3569 3173 singularem-

269 3196 528 3268 Acceptis
550 3195 865 3250 clementiae
895 3200 1092 3249 vestra?
1114 3194 1336 3261 litteris,
1359 3198 1415 3247 et
1442 3193 1690 3247 multum
1710 3190 1837 3246 uni-
1854 3233 1908 3307 Ο
1935 3209 2047 3264 que
2076 3193 2409 3264 suscipiunt,
2446 3194 2831 3251 misericordia
2856 3194 3069 3250 eisdem
3104 3194 3437 3267 episcopalis
3464 3196 3564 3251 be-

363 3290 395 3307 ιο
445 3289 697 3307 n,,I_,',,
764 3290 903 3307 μία]
1005 3289 1115 3307 ικκκ-
1182 3304 1287 3307 Α---
1345 3286 1602 3307 -----..Α..Ξ
1686 3285 1827 3307 μ---]
1934 3286 2265 3307 _____l__12._
2291 3304 2395 3307 ---μ
2433 3292 2673 3307 M_k_1,,,r
2716 3304 2975 3307 ,,,_,,,A_--
3011 3288 3207 3307 iujfnf,
3257 3305 3349 3307 hn,
3382 3290 3396 3307 I
3482 3306 3485 3307 ,

198 3290 399 3345 versali
445 3289 705 3343 Ecclesia:
755 3289 1123 3359 gaudendum
1174 3304 1292 3341 esse
1345 3286 1628 3357 prospexi,
1679 3285 1832 3356 quod

199 3382 577 3441 Christianam
605 3383 778 3437 ﬁdem
818 3400 927 3454 qua
954 3382 1218 3436 divinitas
1248 3382 1581 3446 honoratur,
1614 3382 1671 3433 et
1693 3378 1829 3433 coli-

199 3483 314 3544 tur,
330 3478 394 3531 in
412 3476 567 3531 nullo
590 3477 941 3543 dissimilem,
960 3477 1020 3531 in
1042 3477 1197 3531 nullo
1216 3476 1332 3531 vult
1352 3490 1473 3529 esse
1493 3472 1827 3527 discordem.

200 3571 347 3636 Quid
368 3570 524 3625 enim
548 3571 718 3625 rebus
744 3571 1005 3625 humanis
1030 3571 1101 3624 ad
1131 3569 1476 3625 exorandam
1505 3566 1828 3622 misericor-

200 3665 353 3720 diam
384 3665 484 3720 Dei
510 3664 792 3718 efﬁcacius
822 3664 1186 3735 suffragetur,
1212 3680 1381 3734 quam
1408 3662 1452 3716 si
1488 3677 1597 3715 una
1625 3659 1831 3732 gratia-

200 3776 331 3813 rum
342 3759 513 3825 actio,
535 3762 590 3813 et
606 3757 772 3812 unius
787 3757 1158 3812 confessionis
1181 3755 1519 3811 sacriﬁcium
1545 3754 1831 3825 majestati

199 3853 323 3924 ejus
348 3851 422 3907 ab
449 3852 714 3906 omnibus
756 3851 1067 3906 offeratur?
1095 3854 1155 3907 In
1194 3867 1307 3922 quo
1345 3855 1402 3905 et
1446 3849 1826 3909 sacerdotum,

200 3952 258 4002 et
287 3952 629 4001 cunctorum
656 3945 931 4013 ﬁdelium,
968 3945 1039 3999 ita
1072 3945 1305 3998 demum
1338 3944 1445 3998 erit
1475 3944 1640 4014 plena
1665 3942 1831 3997 devo-

198 4042 302 4109 tio,
330 4041 374 4095 si
397 4040 457 4094 in
478 4038 568 4094 his
592 4056 719 4111 quae
749 4054 851 4110 per
878 4039 1110 4093 unicum
1141 4038 1236 4092 Dei
1260 4038 1460 4092 Filium
1491 4039 1670 4091 Deum
1697 4038 1828 4090 Ver-

199 4137 354 4205 bum,
379 4150 483 4206 pro
510 4136 703 4187 nostra
732 4132 1122 4203 redemptione
1150 4137 1281 4186 sunt
1312 4135 1493 4203 gesta,
1513 4131 1655 4185 nihil
1674 4130 1827 4185 aliud

198 4229 498 4295 sentiatur,
522 4243 696 4298 quam
720 4226 877 4298 quod
904 4227 1022 4297 ipse
1048 4225 1344 4297 praedicari
1376 4225 1447 4279 de
1479 4241 1535 4279 se
1555 4225 1744 4296 jussit,
1775 4229 1832 4278 et

196 4322 373 4378 credi.
418 4322 578 4376 Unde
622 4320 877 4392 quamvis
918 4320 990 4375 ad
1031 4320 1185 4374 diem
1233 4318 1459 4373 concilii
1502 4319 1832 4389 episcopalis

196 4433 371 4489 quem
419 4416 596 4487 pietas
639 4417 825 4468 vestra
869 4413 1161 4469 constituit
1203 4428 1500 4467 occurrere
1544 4428 1635 4465 me
1684 4412 1829 4467 ratio

200 4510 353 4564 nulla
398 4507 709 4580 permittat,
742 4524 871 4561 cum
924 4523 1029 4561 nec
1075 4507 1262 4578 aliqua
1300 4523 1369 4560 ex
1419 4506 1526 4560 hoc
1570 4505 1829 4576 exempla

1934 3286 2271 3341 nevolentiae
2291 3304 2402 3340 non
2433 3292 2693 3358 negetur,
2714 3304 2984 3343 mansuro
3003 3288 3218 3359 judicio
3248 3290 3398 3359 quod
3420 3306 3568 3362 pree-

1932 3380 2115 3447 ccssit,
2144 3380 2192 3434 si
2216 3380 2478 3451 impietas
2522 3382 2727 3436 merito
2754 3382 3135 3436 condemnata
3159 3381 3217 3435 in
3245 3398 3345 3437 sua
3370 3384 3562 3455 pravi-

1930 3477 2043 3528 tate
2092 3473 2420 3544 perstiterit.
2461 3476 2595 3528 Data
2645 3492 2676 3528 x
2722 3474 3002 3529 Kalendas
3049 3476 3306 3545 Augusti,
3339 3476 3564 3532 Asturio

1932 3572 1988 3621 et
2011 3568 2324 3638 Protogene
2365 3567 2708 3622 consulibus.
2729 3553 2760 3575 ⁸

1933 3672 2167 3726 LXXVII.
2196 3702 2263 3711 —
2290 3674 2489 3727 Iterum
2516 3672 2591 3726 ad
2634 3672 2874 3757 eumdem
2912 3673 3562 3742 Constantinopolitanum

2581 3759 2903 3813 episcopum.

2000 3840 2187 3909 Auget
2206 3836 2646 3892 sollicitudinem
2670 3842 2923 3891 nostram
2945 3818 3299 3892 taciturnitas
3320 3842 3438 3909 tua,
3462 3839 3561 3912 qui

1924 3931 2145 4001 jamdiu
2194 3931 2351 3986 nulla
2395 3931 2709 3986 dilectionis
2758 3936 2873 3985 tute
2925 3931 3133 4004 scripta
3187 3933 3557 4004 suscepimus,

1932 4042 2061 4079 cum
2099 4041 2205 4080 nos
2247 4042 2515 4081 curarum
2552 4030 2780 4080 tuarum
2826 4025 3129 4098 participes
3172 4043 3275 4098 pro
3299 4025 3431 4081 ﬁdei
3461 4027 3558 4082 de-

1932 4119 2183 4173 fensione
2215 4119 2434 4173 solliciti
2462 4120 2792 4191 frequenter
2836 4136 2938 4191 per
2976 4120 3294 4175 occasiones
3332 4121 3563 4176 idoneas

1931 4213 2002 4266 ad
2028 4213 2389 4267 dilectionem
2415 4218 2576 4266 tuam
2607 4212 2819 4266 litteras
2849 4213 3192 4283 miserimus,
3218 4219 3279 4268 ut
3302 4214 3562 4268 adhorta-

1931 4306 2150 4360 tionum
2178 4312 2503 4359 nostrarum
2529 4305 3009 4360 consolationibus
3047 4310 3102 4359 te
3121 4307 3468 4377 juvaremus,
3499 4311 3566 4361 ut

1933 4399 2381 4453 adversariorum
2407 4397 2649 4451 stimulis
2679 4415 2780 4468 pro
2806 4398 2937 4453 ﬁdei
2967 4399 3299 4455 defensione
3326 4417 3444 4455 non
3468 4418 3559 4455 ce-

1932 4491 2117 4560 deres,
2143 4508 2273 4545 cum
2306 4490 2509 4544 laboris
2540 4491 2620 4544 tui
2649 4491 2950 4562 participes
2976 4507 3076 4545 nos
3102 4492 3392 4563 probares.
3413 4493 3561 4549 Olim

199 4602 612 4675 praecesserint,
644 4605 701 4656 et
734 4601 1069 4672 temporalis
1111 4600 1411 4654 necessitas
1447 4616 1540 4654 me
1572 4616 1689 4654 non
1724 4616 1825 4671 pa-
1849 4607 1908 4679 D
1931 4585 2003 4639 ad
2026 4585 2441 4639 fraternitatem
2472 4588 2630 4638 tuam
2662 4588 2882 4638 nostros
2912 4584 3195 4639 credimus
3215 4587 3559 4657 pervenisse,

197 4698 372 4752 tiatur
398 4697 664 4751 deserere
700 4694 1009 4761 civitatem,
1039 4694 1355 4765 praesertim
1395 4710 1525 4748 cum
1564 4698 1679 4748 tam
1715 4694 1827 4746 evi-

192 4792 334 4847 dens
364 4790 498 4844 ﬁdei
530 4805 700 4843 causa
738 4788 828 4855 sit,
865 4792 926 4842 ut
955 4787 1316 4842 rationalibus
1362 4787 1539 4842 causis
1574 4788 1644 4841 ab
1681 4787 1828 4841 indi-

193 4884 381 4940 cenda
401 4883 618 4954 synodo
634 4881 1263 4947 fuissetabstinendum,
1279 4884 1474 4936 tamen
1491 4881 1829 4951 inquantum

194 4977 472 5033 Dominus
480 4976 678 5047 juvare
693 4975 965 5047 dignatur
977 4991 1168 5029 meum
1185 4974 1434 5029 studium
1451 4975 1828 5043 commodavi,

196 5076 258 5126 ut
292 5069 613 5126 clementia:
638 5074 838 5124 vestrae
883 5069 1107 5124 statutis
1146 5068 1506 5139 aliquatenus
1544 5071 1828 5139 pareatur,

193 5163 474 5219 ordinatis
502 5163 636 5218 hinc
662 5162 935 5217 fratribus
960 5162 1104 5217 meis
1133 5179 1260 5233 qua:
1292 5162 1659 5233 amputandis
1679 5178 1833 5216 scan-

194 5258 359 5325 dalis,
387 5273 493 5328 pro
531 5273 713 5310 causae
766 5256 1035 5328 aequitate
1081 5256 1383 5324 sufﬁciant,
1423 5255 1634 5326 quique
1681 5272 1829 5325 pree-

192 5351 395 5408 sentiae
426 5366 574 5405 mete
606 5349 885 5421 impleant
911 5349 1113 5418 vicem,
1142 5350 1276 5421 quia
1300 5366 1413 5404 non
1443 5349 1568 5404 talis
1596 5350 1831 5421 quaestio

192 5450 321 5501 orta
346 5448 452 5511 est,
480 5443 633 5499 unde
678 5448 778 5499 aut
816 5444 1010 5515 possit,
1035 5449 1133 5499 aut
1158 5444 1362 5499 debeat
1400 5443 1663 5498 dubitari.
1697 5444 1833 5499 Data

195 5555 271 5595 xu
301 5536 592 5593 Kalendas
617 5536 767 5605 Julii,
797 5538 1026 5592 Asturio
1062 5542 1117 5592 et
1142 5538 1458 5608 Protogene
1490 5536 1829 5593 consulibus.

270 5631 483 5686 LXXVI.
530 5661 599 5671 —
649 5631 908 5700 Ejusdem
951 5631 1027 5686 ad
1065 5631 1392 5685 Flavianum
1438 5634 1759 5702 episcopum.

268 5724 540 5781 Profectis
564 5724 685 5796 jam
730 5725 958 5794 nostris,
989 5740 1132 5797 quos
1157 5723 1228 5778 ad
1258 5740 1353 5778 vos
1387 5723 1447 5778 in
1494 5724 1626 5779 ﬁdei
1665 5742 1834 5779 causa

194 5818 530 5884 direximus,
552 5834 658 5890 per
676 5818 861 5874 ﬁlium
881 5823 1140 5873 nostrum
1171 5817 1473 5873 diaconum
1494 5817 1701 5889 scripta
1720 5824 1832 5873 tuae

196 5911 518 5966 dilectionis
548 5911 888 5983 accepimus,
918 5911 1120 5986 quibus
1160 5911 1361 5965 merito
1402 5928 1603 5984 parum
1635 5911 1701 5965 de
1733 5927 1830 5966 ne-

1931 4697 2036 4751 per
2065 4696 2205 4750 quos
2245 4677 2468 4750 plenius
2512 4678 2752 4749 scriptis,
2783 4678 3174 4749 mandatisque
3223 4679 3427 4734 nostris
3473 4680 3561 4734 in-

1934 4777 2211 4828 structum
2252 4778 2303 4826 te
2345 4789 2465 4826 esse
2508 4772 2739 4840 retines,
2769 4777 2825 4827 et
2868 4771 3132 4827 Basiliam
3162 4772 3233 4827 ad
3269 4776 3325 4827 te
3355 4773 3438 4844 (ut
3469 4790 3559 4828 vo«

1933 4868 2134 4937 lueras)
2161 4866 2267 4938 ipsi
2286 4866 2627 4921 remisimus.
2647 4867 2805 4922 Nunc
2821 4882 2891 4921 ne
2908 4866 3092 4938 aliqua
3114 4864 3563 4939 praetermissum

1935 4961 2229 5016 occasione
2258 4967 2311 5015 te
2338 4959 2616 5028 crederes,
2642 4977 2745 5031 per
2769 4959 2951 5014 ﬁlium
2978 4963 3239 5015 nostrum
3263 4960 3565 5016 honorabi-

1936 5056 2045 5109 lem
2063 5058 2118 5110 et
2137 5055 2443 5110 amabilem
2465 5054 2629 5109 nobis
2647 5054 2831 5109 virum
2862 5054 3098 5110 Esitium
3126 5054 3273 5109 hanc
3293 5055 3563 5127 paginam

1932 5148 2215 5217 dedimus,
2250 5153 2315 5203 ut
2364 5151 2477 5202 tota
2520 5148 2807 5202 celeritate
2853 5148 2924 5201 ad
2978 5147 3187 5219 scripta
3232 5152 3431 5204 nostra
3472 5166 3564 5205 re-

1933 5242 2230 5313 spondeas,
2262 5257 2480 5313 nosque
2523 5240 2761 5295 subinde
2800 5241 2868 5297 de
2912 5241 3024 5295 tuis
3068 5242 3308 5313 actibus,
3339 5248 3565 5299 nostro-

1932 5351 2193 5407 rumque,
2225 5341 2280 5391 et
2312 5335 2382 5390 de
2411 5335 2584 5390 totius
2626 5351 2812 5390 causae
2857 5334 3211 5391 absolutione
3241 5336 3417 5393 facias
3444 5354 3565 5393 cer-

1932 5429 2123 5496 tiores,
2147 5435 2209 5484 ut
2233 5428 2672 5483 sollicitudinem
2704 5446 2878 5501 quam
2909 5446 3061 5485 nunc
3090 5447 3193 5502 pro
3221 5431 3350 5487 ﬁdei
3378 5430 3569 5485 defen-

1935 5523 2093 5578 sione
2107 5522 2376 5593 gerimus,
2390 5522 2847 5594 prosperioribus
2858 5525 3073 5579 nuntiis
3086 5524 3422 5579 molliamus.
3432 5526 3568 5579 Data

1938 5633 1995 5673 ιιι
2021 5617 2151 5672 ldus
2177 5616 2436 5688 Augusti,
2462 5617 2688 5673 Asturio
2719 5622 2774 5688 et
2801 5620 3121 5689 Protogene
3150 5616 3493 5673 consulibus.

2176 5723 2439 5779 LXXVIII.
2470 5754 2537 5762 —
2568 5723 2661 5778 Ad
2687 5725 2884 5780 clerum
2911 5730 2961 5780 et
2982 5725 3194 5795 plebem
3220 5725 3320 5781 ΟΡ.

2008 5818 2113 5873 Leo
2164 5821 2221 5871 et
2275 5820 2467 5872 sancta
2516 5818 2764 5889 synodus
2808 5835 2934 5890 qum
2981 5818 3039 5871 in
3082 5816 3229 5872 Urbe
3278 5817 3566 5885 convenit,

1939 5911 2105 5966 cleris
2137 5912 2444 5969 honoratis.
2476 5917 2529 5965 et
2560 5913 2707 5987 plebi
2735 5911 3390 5983 Constantinopolitanae.
