4040 6346
462 346 561 399 illi?

1344 335 1625 391 APPEND.
1668 334 1754 389 Al)
1792 335 1953 388 SASC.
1999 330 2080 385 IX.
2115 358 2182 369 —-
2225 329 2469 386 ISIDOHI
2510 331 2933 386 )lEltCA'l'ORlS

3725 335 3840 385 908

538 453 597 505 ln
613 448 875 505 notitiam
895 449 1165 510 nostram,
1184 460 1310 515 quae
1326 442 1529 514 Ephesi
1551 447 1743 497 contra
1757 441 2089 512 opinionem
2111 450 2170 522 Α
2189 457 2222 493 a
2251 444 2404 495 tanto
2433 441 2644 495 scelere
2676 439 2922 510 indignis
2948 439 3171 511 injuriis
3201 440 3541 511 suhjaceres,
3564 444 3621 496 et
3644 440 3841 496 furori

461 544 721 600 omnium
768 544 901 595 sunt
941 541 1085 604 acta,
1112 536 1382 609 praelatis,
1416 552 1630 607 magno
1675 535 1936 590 animum
1980 552 2088 590 no-

462 645 578 695 stru
587 654 642 691 m
656 637 903 691 fatemur
914 647 1154 687 maerore
1170 631 1491 699 confusum,
1507 645 1610 684 nec
1622 631 1848 684 tantum
1866 629 2090 685 licuisse

464 728 748 802 iniquitati
780 726 939 781 facile
965 723 1345 796 potuissemus
1386 722 1641 792 credere,
1669 722 1779 777 nisi
1810 722 1958 777 ﬁlius
1990 738 2088 777 no-

465 832 578 881 ster
603 822 842 878 Hilarius
885 818 1178 886 diaconus,
1208 818 1307 891 qui
1338 834 1371 873 a
1394 816 1560 874 nobis
1586 816 1704 873 vice
1738 820 1935 874 nostra
1961 832 2092 872 cum

465 917 606 983 aliis,
640 919 704 970 ut
745 915 1045 970 interesset
1088 911 1324 984 synodo,
1375 911 1579 966 missus
1619 911 1824 978 fuerat,
1867 910 2093 982 fugiens

464 1009 803 1074 revertisset,
831 1005 1121 1062 declinans
1158 1004 1367 1077 injuste
1408 1004 1690 1076 particeps
1716 1019 1832 1059 esse
1863 1007 2090 1060 senten-

464 1104 578 1158 tiae.
613 1101 835 1173 Quippe
868 1115 998 1155 cum
1037 1114 1140 1153 vox
1171 1097 1284 1153 illic
1313 1114 1346 1152 a
1382 1096 1588 1153 nostris
1633 1096 2094 1153 contradictionis

466 1182 670 1253 einissa
703 1195 793 1264 sit,
824 1209 1001 1266 quam
1031 1191 1451 1247 Alexandrinus
1491 1190 1746 1260 antistes,
1773 1190 1871 1262 qui
1908 1194 2094 1245 totum

466 1292 619 1346 solus
638 1288 909 1361 potentiae
936 1304 1053 1342 suae
1073 1284 1398 1351 vindicavit,
1426 1283 1622 1339 audire
1648 1284 2013 1357 contempsit,
2035 1283 2093 1339 in

466 1384 814 1440 consortium
857 1398 972 1436 suae
1012 1378 1316 1435 voluntatis
1359 1377 1563 1433 invitos
1620 1379 1962 1450 protrahens
2006 1395 2090 1432 sa-

465 1478 744 1546 cerdotes,
774 1480 839 1530 ut
882 1491 986 1548 per
1010 1473 1123 1528 vim
1152 1472 1329 1527 coacti
1370 1471 1804 1540 subscriberent,
1836 1472 1933 1544 qui
1977 1473 2098 1526 nul-

467 1574 581 1628 lam
596 1568 985 1627 damnationis
1004 1583 1238 1622 causam
1249 1566 1466 1621 idoneae
1482 1566 1843 1637 reperissent.
1867 1566 1975 1622 Sed
1994 1567 2096 1620 hos

463 1682 632 1720 ausus
680 1664 774 1735 pio
815 1667 871 1717 et
911 1658 1398 1735 Christianissimo
1444 1658 1690 1730 principi
1734 1659 2093 1727 conﬁdimus,

2191 534 2368 606 impio
2394 534 2666 590 militibus
2705 538 2984 606 quantum
3030 533 3335 589 didicimus
3385 534 3671 606 armisque
3706 536 3838 589 suf-

2193 630 2330 685 fulto
2370 628 2652 684 contraire
2684 644 2796 682 non
2834 643 3048 699 posses.
3095 628 3234 693 Quia
3280 644 3417 699 ergo
3460 629 3727 700 prorupit
3769 629 3839 682 in

2193 729 2387 794 aptum
2435 722 2677 794 perﬁdia
2715 738 2843 793 quae
2883 721 3117 791 latebat,
3147 725 3205 776 et
3247 723 3305 776 in
3350 711 3839 778 nefandissimarn

2195 818 2455 872 haeresim
2486 815 2653 870 unius
2689 815 3103 887 imperitissimi
3143 815 3292 871 senis
3329 818 3554 871 asseclae
3582 818 3833 873 transie-

2194 914 2347 977 runt,
2364 915 2588 982 tempus
2604 908 2951 982 probationis
2967 912 3179 966 nostra;
3191 911 3467 966 debemus
3487 927 3811 982 agnoscere
3822 954 3836 976 ,

2194 1012 2249 1061 et
2269 1009 2466 1060 contra
2495 1005 2745 1076 impetus
2770 1004 3196 1061 adversantium
3222 1005 3641 1061 munitionibus
3665 1006 3840 1060 cccle-

2194 1100 2300 1155 stib
2307 1116 2369 1154 us
2381 1099 2509 1154 freti
2522 1099 2577 1153 in
2585 1115 2770 1153 comm
2778 1098 3061 1153 utabiliter
3073 1098 3280 1154 animis
3291 1100 3662 1155 constantiam
3682 1117 3840 1171 prae-

2193 1210 2412 1265 parare.
2444 1192 2686 1259 Scimus,
2714 1191 2892 1246 frater
2915 1192 3264 1260 charissime,
3290 1192 3426 1265 quia
3468 1200 3837 1249 sacramento

2196 1304 2421 1358 magna:
2444 1286 2668 1358 pietatis
2698 1302 2816 1341 suae
2841 1286 3025 1341 aderit
3050 1286 3242 1341 divina
3266 1288 3562 1359 protectio.
3597 1288 3653 1343 Si
3683 1288 3837 1359 quid

2196 1382 2372 1452 igitur
2412 1380 2749 1437 fraternitati
2810 1384 2922 1434 tua:
2970 1381 3040 1435 de
3094 1380 3284 1453 impiis
3331 1381 3839 1437 constitutionibus

2198 1475 2372 1530 fuerit
2408 1475 2721 1546 ingestum,
2753 1476 3133 1545 protestamur
3162 1475 3375 1547 pariter
3408 1492 3471 1530 ac
3499 1492 3833 1543 monemus,

2199 1587 2270 1625 ne
2299 1570 2385 1625 vel
2425 1569 2483 1623 in
2526 1567 2889 1623 damnatione
2926 1567 3115 1623 fratris
3151 1568 3413 1637 insontis,
3440 1569 3530 1624 vel
3568 1570 3628 1625 in
3670 1586 3832 1626 rece-

2196 1663 2390 1735 ptione
2416 1661 2616 1717 nefarii
2641 1661 2920 1732 dogmatis
2945 1678 3285 1716 consensum
3310 1662 3394 1716 tui
3409 1662 3593 1718 cordis
3612 1662 3840 1718 immis-

461 1732 701 1814 minime
734 1754 1070 1827 placituros.
1090 1732 1279 1854 ’Nunc
1325 1751 1458 1824 quia
1496 1751 1801 1807 Ecclesiam
1850 1756 2095 1807 vestram
2120 1819 2170 1854 ο
2198 1773 2339 1811 ceas.
2384 1755 2563 1827 Major
2595 1758 2679 1810 est
2719 1755 2874 1809 enim
2918 1753 3015 1825 qui
3062 1755 3119 1809 in
3167 1755 3330 1810 nobis
3376 1759 3480 1823 est,
3510 1772 3683 1829 quam
3728 1757 3834 1828 qui

465 1852 571 1907 hac
622 1849 840 1904 ratione
894 1819 1266 1919 cognoirimus
1314 1843 1665 1917 dissipatam,
1717 1846 2097 1901 consolandos
2120 1819 2173 1893 Β
2198 1850 2463 1905 adversus
2493 1864 2615 1902 nos.
2647 1848 2915 1902 Annitere
2954 1847 3141 1918 potius
3178 1853 3453 1920 quantum
3485 1853 3536 1904 te
3562 1849 3682 1921 ipse
3724 1867 3833 1905 na-

463 1942 958 2013 adhortandosque
985 1957 1081 1994 vos
1111 1956 1233 1995 esse
1276 1938 1561 1994 credimus
1594 1938 1799 1993 nostris
1828 1939 2094 2011 epistolis,

463 2043 528 2094 ut
544 2054 647 2109 pro
664 2035 953 2092 catholicae
965 2033 1102 2088 ﬁdei
1118 2031 1446 2087 defensione
1462 2032 1811 2104 perﬁdorum
1831 2034 2099 2105 nequitia:

467 2130 756 2188 resistatis.
798 2130 1076 2184 Nolumus
1124 2126 1281 2182 enim
1321 2126 1686 2181 dilectionem
1713 2131 1956 2182 vestram
1991 2128 2098 2182 hoc

466 2241 712 2281 mmrore
741 2222 991 2296 percelli,
1018 2236 1147 2275 cum
1187 2218 1376 2289 major
1406 2219 1587 2291 gloria
1619 2224 1802 2275 vestra
1827 2220 2095 2275 subsecu-

468 2324 597 2374 tura
644 2315 1021 2372 constantiam
1064 2313 1107 2368 si
1158 2330 1193 2367 a
1235 2312 1513 2383 probabili
1574 2314 1865 2369 sacerdote
1914 2318 2099 2369 vestro

469 2413 639 2469 milia:
682 2409 855 2464 minae
882 2425 978 2464 vos
1016 2406 1175 2462 nulla
1217 2406 1466 2462 formido
1496 2407 1809 2463 divulserit.
1840 2408 2100 2480 Quisquis

466 2507 622 2562 enim
665 2505 938 2562 incolumi
972 2508 1142 2576 atque
1187 2502 1489 2576 superstite
1538 2502 1797 2557 Flaviano
1836 2504 2099 2574 episcopo

465 2605 649 2658 vestro
673 2599 1051 2655 sacerdotium
1082 2599 1205 2670 ejus
1226 2597 1397 2654 fuerit
1427 2612 1598 2652 ausus
1624 2596 1916 2665 invadere,
1947 2613 2096 2652 nun-

466 2712 636 2766 quam
668 2694 726 2749 in
766 2692 1171 2748 communione
1216 2696 1410 2747 nostra
1456 2690 1781 2756 habebitur,
1811 2706 1915 2744 nec
1952 2690 2103 2745 inter

468 2788 763 2860 episcOpos
806 2786 1016 2858 poterit
1053 2785 1366 2841 numerari.
1416 2785 1526 2839 Nos
1554 2784 1707 2838 enim
1733 2783 1876 2838 sicut
1901 2784 2097 2839 Nesto-

468 2883 617 2937 rium
669 2880 726 2935 in
780 2897 883 2934 sua
937 2879 1305 2951 perversitate
1361 2877 1976 2944 anathematizavimus,
2020 2878 2103 2934 ita

470 2993 570 3030 eos
611 2974 710 3046 qui
754 2974 1056 3029 veritatem
1103 2972 1289 3026 carnis
1332 2975 1540 3025 nostras
1583 2971 1638 3025 in
1689 2971 1927 3026 Domino
1973 2973 2099 3027 Jesu

466 3068 687 3124 Christo
752 3068 1059 3138 denegant,
1111 3067 1232 3137 pari
1295 3064 1675 3120 exsecratione
1737 3064 2100 3122 damnamus.

2197 1949 2341 1999 tura:
2367 1947 2576 1998 nostra:
2620 1945 2909 2013 susceptor
2955 1946 3012 1997 et
3053 1942 3399 2013 gloriﬁcator
3435 1943 3736 2013 adjuverit,
3769 1949 3838 1999 ut

2197 2037 2455 2093 omnium
2480 2036 2719 2091 fratrum
2745 2040 3072 2091 nostrorum
3102 2036 3274 2091 corda
3310 2036 3836 2094 confirmesJNobis

2199 2132 2352 2187 enim
2384 2131 2455 2186 ab
2481 2129 2784 2201 Evangelio
2816 2129 3198 2201 generationis
3225 2135 3282 2185 et
3306 2130 3510 2186 mortis
3538 2148 3604 2186 ac
3633 2129 3833 2187 resur-

2170 2225 2463 2280 rrectionis
2493 2224 2719 2279 Domini
2745 2224 2872 2278 Jesu
2899 2223 3106 2279 Christi
3143 2224 3468 2280 nullatenus
3502 2226 3832 2281 recedenti-

2198 2319 2322 2386 bus,
2352 2318 2821 2374 difﬁnitissimum
2848 2322 2932 2373 est
2957 2317 3016 2372 in
3046 2322 3251 2373 nostra:
3280 2319 3697 2374 communionis
3726 2337 3839 2375 nu-

2200 2429 2357 2468 mero
2384 2429 2501 2467 non
2532 2413 2751 2467 futuros
2778 2428 2875 2466 eos
2903 2411 3001 2483 qui
3041 2415 3320 2468 conantur
3349 2412 3600 2485 antiquae
3629 2414 3833 2469 catho-

2201 2507 2320 2561 licae
2344 2505 2476 2560 ﬁdei
2510 2505 2880 2560 fundamenta
2907 2506 3241 2561 convellere.
3272 2507 3406 2561 Data
3433 2523 3492 2562 iu
3520 2507 3649 2563 ldus
3667 2508 3839 2563 Octo-

2200 2601 2334 2670 bris,
2368 2599 2594 2655 Asturio
2622 2602 2680 2653 et
2708 2600 3018 2669 Protogene
3044 2599 3385 2654 consulibus.

2243 2708 2391 2762 XXX.
2424 2738 2491 2746 —
2530 2709 2660 2762 Item
2703 2706 2942 2775 ejusdem
2982 2707 3056 2761 ad
3101 2707 3454 2762 Theodosium
3499 2709 3832 2778 Augustum.

2271 2802 2377 2855 Pro
2418 2801 2739 2871 integritate
2784 2798 2914 2854 ﬁdei
2961 2800 3248 2855 catholica:
3288 2800 3837 2858 Christianissimum

2205 2895 2519 2966 principem
2541 2894 2800 2949 convenit
2828 2911 2946 2948 esse
2973 2893 3296 2961 sollicitum,
3319 2898 3376 2949 et
3405 2895 3511 2951 hoc
3534 2895 3837 2953 indefessis

2202 2988 2465 3060 precibus
2515 2988 2763 3043 divinam
2819 2987 3268 3043 misericordiam
3316 3006 3506 3060 posco,
3558 2993 3621 3044 ut
3670 2992 3837 3046 cordi

2202 3089 2390 3139 vestro
2414 3082 2473 3137 id
2501 3082 2651 3154 quod
2691 3086 2777 3136 est
2803 3082 3056 3138 veritatis
3085 3082 3345 3155 inspiret,
3372 3100 3559 3155 neque
3589 3083 3707 3139 falli
3730 3102 3836 3140 vos

467 3166 621 3218 State
651 3161 826 3233 igitur
852 3160 911 3215 in
936 3159 1138 3231 spiritu
1175 3159 1469 3214 catholica:
1497 3158 1764 3226 veritatis,
1796 3163 1854 3213 et
1878 3164 2099 3231 aposto-

2205 3177 2260 3231 in
2286 3176 2474 3248 aliquo
2504 3177 2884 3231 humanarum
2925 3175 3295 3232 calliditatum
3338 3178 3694 3234 mmulatione
3728 3197 3834 3252 pa-

465 3257 631 3311 licam
661 3254 1115 3310 cohortationem
1148 3252 1463 3308 ministerio
1498 3253 1665 3307 vestri
1698 3254 1814 3309 oris
1844 3254 2099 3324 accipite,

468 3371 495 3402 «
520 3349 653 3422 quia
670 3348 823 3404 vobis
852 3348 1122 3403 donatum
1150 3350 1254 3415 est,
1277 3363 1383 3419 pro
1412 3346 1635 3402 Christo
1666 3364 1782 3402 non
1812 3348 2016 3415 solum,
2040 3352 2105 3402 ut

468 3446 525 3499 in
564 3460 697 3499 eum
737 3441 999 3509 credatis,
1031 3440 1130 3496 sed
1178 3441 1353 3495 etiam
1402 3446 1463 3496 ut
1508 3457 1616 3512 pro
1666 3441 1759 3495 illo
1804 3441 2103 3512 patiamini

468 3538 625 3592 (Phil.
669 3554 707 3604 ι,
745 3537 855 3605 29).
905 3555 932 3586 »
980 3534 1162 3590 Nolite
1204 3534 1492 3603 arbitrari,
1536 3534 1904 3602 dilectissimi,
1949 3536 2103 3608 quod

470 3634 680 3685 sancta:
717 3628 975 3684 Ecclesiae
1015 3645 1131 3683 sua:
1173 3627 1334 3697 desit,
1366 3631 1464 3682 aut
1495 3627 1761 3683 defutura
1804 3629 1877 3683 sit
1914 3630 2105 3685 divina

468 3722 767 3795 protectio.
797 3721 1150 3793 Splendescit
1179 3722 1333 3776 enim
1361 3721 1493 3776 ﬁdei
1526 3722 1764 3792 puritas,
1793 3739 1922 3777 cum
1942 3723 2013 3777 ab
2039 3740 2106 3778 ea

467 3818 662 3873 sordes
684 3819 1020 3888 separantur
1047 3831 1331 3869 errorum.
1357 3816 1517 3869 Unde
1540 3816 1750 3869 iterum
1779 3815 2105 3888 iterumque

466 3928 566 3966 vos
593 3912 727 3963 ante
754 3912 1120 3980 conspectum
1161 3907 1388 3962 Domini
1429 3909 1779 3963 obtestamur
1811 3909 2021 3980 pariter
2050 3915 2107 3965 et

469 4018 793 4071 monemus,
823 4005 890 4056 ut
915 4018 949 4056 a
974 4002 1085 4056 ﬁde
1128 4001 1183 4054 in
1224 4017 1335 4071 qua
1365 4001 1590 4055 fundati
1626 4001 1779 4071 estis,
1812 4007 1869 4057 et
1908 4003 1963 4056 in
1994 4020 2107 4074 qua

470 4094 1016 4152 Christianissimum
1064 4093 1382 4165 principem
1432 4094 1698 4150 novimus
1746 4112 2103 4167 permanere,

471 4206 585 4244 non
615 4187 856 4254 insidiis,
890 4204 1005 4243 non
1031 4189 1370 4259 cujusquam
1400 4188 1859 4260 persuasionibus
1886 4208 2106 4247 movea-

473 4282 634 4347 mini.
688 4282 786 4339 sed
833 4281 890 4336 in
945 4299 1247 4352 personam
1297 4282 1545 4354 episcopi
1594 4284 1762 4339 vestri
1826 4284 1987 4340 illum
2050 4286 2107 4341 in

472 4377 655 4431 cordis
700 4376 876 4431 oculis
926 4376 1204 4444 habeatis,
1237 4393 1342 4448 pro
1397 4392 1513 4449 quo
1556 4377 1711 4433 idem
1760 4380 1955 4434 omnia
1992 4380 2107 4451 pati

472 4487 601 4543 qua:
658 4469 867 4525 fuerint
905 4470 1081 4539 illata,
1128 4486 1245 4526 non
1291 4471 1537 4539 metuit;
1569 4472 1730 4544 cujus
1773 4490 1876 4544 per
1913 4475 2109 4529 omnia

2205 3271 2394 3325 tiatur.
2439 3274 2481 3325 A
2527 3287 2616 3325 me
2665 3274 2858 3325 autem
2906 3275 3075 3341 atque
3116 3270 3186 3325 ab
3231 3271 3495 3326 omnibus
3537 3272 3835 3329 catholicis

2205 3364 2587 3419 sacerdotibus
2612 3381 2739 3435 quia
2754 3363 3027 3435 angelica}
3045 3363 3175 3420 ﬁdei
3195 3364 3374 3436 pietas
3400 3365 3682 3437 defendat,
3698 3368 3837 3422 satis

2204 3458 2371 3529 plene
2397 3474 2459 3512 ac
2490 3457 2676 3512 lucide
2720 3457 2924 3512 litteris
2968 3458 3108 3513 meis
3154 3475 3296 3530 quas
3345 3460 3702 3528 clementiam
3732 3477 3834 3516 ve-

2204 3555 2375 3605 stram
2396 3551 2739 3622 jamdudum
2764 3567 2864 3622 per
2882 3552 3158 3606 famulum
3178 3555 3425 3608 vestrum
3446 3554 3834 3625 Epiphanium

2205 3644 2518 3713 tribunum,
2554 3645 2651 3716 qui
2697 3661 2798 3716 pro
2841 3646 2944 3700 hac
2994 3662 3161 3701 causa
3203 3646 3410 3701 missus
3449 3651 3552 3713 est,
3582 3649 3837 3704 arbitror

2203 3739 2500 3809 accepisse.
2551 3739 2759 3793 Ratum
2805 3743 2907 3806 est,
2940 3756 3046 3794 nec
3091 3739 3305 3810 ambigi
3348 3744 3535 3811 potest
3580 3742 3687 3797 hoc
3729 3760 3837 3797 nos

2205 3832 2504 3904 purissime
2557 3833 2806 3899 credere,
2850 3833 2957 3887 hoc
3002 3836 3327 3889 constanter
3372 3852 3622 3891 asserere
3679 3840 3837 3907 quod

2205 3926 2374 3981 etiam
2401 3926 2707 3981 venerandi
2738 3933 2927 3997 patres
2951 3928 3238 3999 quondam
3267 3928 3419 4013 apud
3440 3929 3680 3985 Nicaeam
3700 3948 3838 3987 con-

2206 4020 2425 4091 gregati
2448 4020 2763 4074 secundum
2792 4021 2959 4075 ﬁdem
2992 4022 3233 4092 symboli
3258 4022 3610 4078 credendum
3629 4029 3685 4079 et
3704 4042 3836 4079 con-

2196 4114 2482 4167 «titendum
2527 4114 2901 4169 sacratissima
2961 4116 3293 4171 auctoritate
3350 4122 3674 4173 sanxerunt.
3726 4121 3838 4175 Nos

2208 4208 2383 4276 enim,
2412 4207 2744 4263 venerabilis
2787 4210 3117 4279 imperator,
3158 4211 3301 4267 sicut
3343 4211 3577 4266 Nestorii
3624 4212 3838 4283 dogma

2206 4318 2532 4373 perversum
2604 4302 2805 4357 merito
2872 4304 3482 4371 anathematizavimus,
3545 4306 3626 4361 ita
3680 4307 3837 4377 juste

2208 4395 2377 4450 etiam
2399 4396 2601 4450 horum
2621 4395 2972 4467 impietatem
2993 4397 3091 4467 qui
3107 4397 3403 4453 veritatem
3422 4399 3610 4453 carnis
3624 4404 3835 4455 nostras

2210 4492 2420 4559 negant
2448 4506 2481 4543 a
2507 4490 2744 4545 Domino
2765 4491 2894 4544 .lesu
2919 4490 3138 4545 Christo
3169 4497 3488 4564 susceptam
3520 4510 3636 4548 esse
3664 4494 3834 4549 dam-

475 4564 785 4620 imitatores
814 4581 910 4619 vos
939 4582 1059 4619 esse
1084 4565 1367 4637 cupimus,
1398 4568 1461 4620 ut
1482 4582 1792 4622 commune
1828 4585 1958 4623 cum
1984 4568 2107 4640 ipso

2209 4600 2430 4637 namus.
2465 4583 2623 4638 Unde
2654 4584 2698 4637 si
2728 4584 2903 4654 pietas
2937 4588 3119 4639 vestra
3146 4587 3497 4656 suggestioni
3522 4604 3587 4642 ac
3613 4590 3835 4659 suppli-

472 4658 772 4729 praemium
800 4658 931 4714 ﬁdei
970 4658 1178 4717 habere
1218 4658 1461 4731 possitis.
1497 4661 1641 4716 Data
1671 4661 1799 4718 ldus
1829 4662 2104 4730 Octobris,

473 4752 699 4807 Asturio
729 4757 786 4807 et
815 4754 1128 4823 Protogene
1156 4753 1503 4809 consulibus.

476 4924 687 4980 LXXIX.
720 4955 787 4963 ——
813 4926 945 4979 Item
986 4927 1083 4979 Leo
1105 4941 1259 4995 papa
1294 4926 1369 4980 ad
1410 4928 1761 4981 Anustusium
1805 4929 2107 4997 episcopum

1026 4997 1551 5053 Thessalonicensem.

542 5130 832 5192 Quantum
863 5131 1134 5186 relatione
1164 5131 1357 5186 Hilarii
1388 5132 1611 5187 diaconi
1640 5132 1823 5186 nostri
1846 5131 2107 5202 cognovi-

476 5238 622 5285 mus,
649 5238 926 5294 magnum
946 5224 1165 5279 facinus
1186 5224 1572 5282 Alexandrino
1595 5224 1862 5295 episcopo
1879 5230 2105 5279 auctore

477 5315 561 5368 vel
590 5319 921 5372 cxsecutore
965 5319 1333 5374 commissum
1366 5322 1469 5384 est,
1501 5320 1563 5371 ut
1593 5317 1728 5371 dum
1772 5318 1828 5372 in
1866 5317 2103 5373 fratrem

474 5413 736 5464 nostrum
777 5410 1124 5482 Flavianum,
1158 5418 1379 5467 veteres
1423 5409 1837 5479 aemulationes,
1880 5415 1936 5466 et
1979 5412 2106 5467 odia

476 5502 692 5573 privata
726 5503 1060 5576 desaaviunt,
1087 5522 1189 5560 nec
1228 5504 1567 5559 innocentia:
1612 5505 1989 5575 probatissimi
2016 5523 2100 5562 sa-

472 5597 735 5665 cerdotis,
790 5616 895 5654 nec
959 5599 1298 5657 Christiana:
1352 5597 1480 5653 ﬁdei
1542 5604 1886 5670 parceretur.
1944 5601 2102 5655 Unde

472 5691 721 5746 multum
754 5691 1040 5747 dilectioni
1089 5697 1201 5747 tua;
1245 5694 1736 5764 congratulamur,
1768 5695 1916 5765 quod
1947 5700 2002 5749 te
2030 5696 2103 5748 ad

472 5783 621 5835 illam
658 5785 936 5854 synodum
964 5784 1045 5839 ire
1072 5785 1396 5856 cupientem
1443 5788 1777 5858 opportunis
1803 5788 2103 5842 obstaculis

467 5890 664 5929 manus
689 5876 875 5931 divina
908 5875 1173 5933 obtinuit.
1209 5880 1286 5934 Ne
1312 5880 1671 5937 abstenturus
1700 5881 1894 5953 procul
1924 5880 2095 5935 dubio

2207 4676 2415 4731 cationi
2443 4681 2650 4731 nostra;
2693 4677 2963 4747 dignetur
3007 4695 3281 4746 annuere,
3314 4683 3379 4733 ut
3422 4681 3573 4734 intra
3617 4682 3833 4738 Italiam

2207 4770 2407 4825 haberi
2424 4771 2673 4841 jubeatis
2694 4771 3015 4841 episcopale
3035 4772 3360 4840 concilium,
3385 4775 3493 4829 cito
3507 4774 3836 4845 (auxiliante

2209 4865 2338 4933 Deo)
2351 4868 2627 4936 poterunt
2640 4866 2834 4920 omnia
2849 4866 3117 4920 scandala
3137 4882 3265 4937 quae
3280 4866 3337 4921 in
3351 4868 3833 4938 perturbationem

2210 4958 2379 5012 totius
2415 4959 2675 5013 Ecclesiae
2708 4963 2842 5014 sunt
2875 4963 3159 5014 commota
3188 4962 3447 5029 resecari,
3478 4965 3543 5016 ut
3570 4980 3674 5033 per
3706 4965 3832 5019 uni-

2208 5067 2425 5106 versum
2453 5067 2694 5123 regnum
2722 5055 2971 5107 vestrum
3009 5053 3301 5109 catholicas
3344 5055 3475 5110 ﬁdei
3510 5056 3835 5129 integritate

2208 5150 2443 5211 servata,
2478 5150 2534 5200 et
2567 5162 2767 5217 pacem
2796 5146 3175 5203 Christianam
3214 5165 3465 5219 manere,
3501 5155 3557 5204 et
3582 5156 3832 5207 vestram

2208 5238 2356 5308 apud
2386 5239 2563 5293 Deum
2595 5256 2846 5295 crescere
2877 5240 3119 5310 gloriam
3168 5242 3536 5312 gaudeamus.
3566 5244 3711 5298 Data
3741 5261 3831 5299 vm

2207 5332 2485 5387 Kalendas
2524 5334 2738 5401 Junias,
2768 5334 2993 5389 Asturio
3032 5340 3088 5390 et
3124 5337 3443 5406 Protogene
3487 5338 3830 5393 consulibus.

2209 5434 2418 5489 LXXXI.
2473 5466 2539 5473 —-
2589 5435 2847 5510 Ejusdem
2894 5437 2969 5490 ad
3018 5438 3338 5492 Flavianum
3385 5437 3831 5510 Constantinopo-

2729 5508 2959 5562 litanum
2987 5511 3310 5578 episcopum.

2278 5604 2413 5663 Quae
2447 5605 2503 5653 ct
2538 5603 2751 5669 quanta
2799 5600 3025 5656 dilectio
3068 5606 3168 5657 tua
3212 5618 3315 5672 pro
3357 5602 3652 5657 catholictr
3706 5605 3832 5658 lidei

2206 5692 2532 5747 defensione
2577 5694 2842 5763 patiatur,
2874 5711 2973 5765 per
3012 5695 3313 5750 diaconum
3355 5696 3453 5768 qui
3497 5695 3568 5749 ab
3611 5697 3832 5767 Epheso

2202 5786 2397 5841 furtim
2445 5790 2529 5839 est
2566 5787 2773 5856 lapsus,
2801 5788 3193 5857 cognovimus.
3232 5791 3297 5844 Et
3334 5789 3464 5844 licet
3506 5790 3833 5859 magniﬁce-

2204 5896 2331 5934 mus
2357 5880 2532 5933 Deum
2561 5879 2656 5952 qui
2687 5884 2738 5934 te
2771 5882 2968 5949 gratia:
3005 5899 3121 5936 suae
3154 5882 3355 5939 virtute
3605 5885 3828 5940 confor-
