4040 6304
183 342 284 392 909

1424 339 1597 394 Illitth
1605 341 1791 395 E'l‘.\Ll
1802 342 1838 395 [Ι
1847 342 1888 394 Μ
1931 342 2269 398 COLLECTII
2282 349 2314 396 ).

3447 341 3549 391 ulu

185 450 279 511 tat,
333 463 568 501 necesse
615 452 699 501 est
742 452 932 502 tamen
979 464 1083 502 nos
1128 448 1318 502 dolere
1358 465 1554 503 eorum
1602 449 1819 517 ruinas,
1845 461 1902 534 Α
1924 454 2191 508 universa
2239 454 2496 525 corporis
2539 451 2743 506 Christi
2788 450 3047 505 nu-mbra
3086 449 3404 521 pulsantur.
3438 448 3546 502 Sed

182 556 282 609 per
306 557 456 612 quos
482 542 690 596 veritas
711 541 1105 613 impugnatur,
1136 547 1192 596 et
1219 543 1345 613 ipsa
1358 542 1527 597 totius
1557 544 1816 599 Ecclesiae

178 608 557 691 fundamenta
593 608 1136 710 quatiuntur.\Quia
1166 608 1300 691 vero
1330 637 1692 707 providentia
1718 638 1815 693 Dei

180 745 411 800 semper
458 729 574 784 suis
628 729 1009 785 necessarium
1054 735 1282 802 praestat
1329 731 1620 800 auxilium,
1675 732 1815 787 scire

179 822 351 878 debet
381 822 713 879 fraternitas
739 828 833 879 tua
874 842 975 879 nos
1015 842 1116 895 pro
1144 827 1437 880 communi
1482 843 1640 881 causa
1672 826 1817 882 nihil

182 934 384 973 eorum
418 935 548 989 quas
582 918 804 989 agenda
834 924 967 974 sunt
997 920 1306 990 praeterire,
1351 925 1412 975 ut
1454 921 1716 991 primitus
1744 921 1816 975 ad

182 1030 248 1066 ea
296 1028 434 1082 quas
491 1012 847 1068 universitati
899 1013 1155 1067 ﬁdelium
1210 1013 1460 1085 prosint,
1520 1016 1819 1085 pervenire

185 1121 540 1161 mereamur.
580 1106 676 1161 Sin
716 1110 799 1160 est
838 1109 903 1160 ut
936 1106 1161 1161 fortiter
1200 1106 1431 1161 interim
1462 1106 1690 1162 dilectio
1722 1117 1818 1163 tua

185 1200 413 1268 toleret,
447 1215 577 1271 quae
604 1199 709 1254 sibi
755 1200 824 1254 ad
869 1203 1143 1255 teternam
1177 1200 1413 1271 gloriam
1450 1217 1564 1256 non
1595 1201 1818 1256 dubitat

184 1295 507 1365 profutura.
543 1295 802 1350 Perlator
828 1310 965 1349 sane
996 1294 1183 1349 brevis
1213 1295 1382 1366 hujus
1409 1294 1663 1365 epistolae
1683 1295 1816 1350 ﬁdei

183 1403 457 1443 sermone
509 1388 717 1459 poterit
764 1404 1029 1443 enarrare
1073 1387 1355 1459 quidquid
1397 1388 1532 1444 illud
1584 1393 1687 1456 est,
1746 1390 1817 1444 ad

179 1482 333 1552 quod
372 1482 683 1552 adjuvante
720 1482 983 1549 Domino,
1026 1482 1214 1536 studio
1253 1482 1388 1536 ﬁdei
1428 1488 1481 1537 et
1524 1482 1818 1538 charitatis

178 1576 561 1631 intendimus.
595 1578 734 1631 Data
763 1592 822 1632 ul
854 1575 1134 1632 Kalendas
1176 1576 1452 1644 Octobris,
1497 1576 1721 1632 Asturio
1761 1582 1820 1631 et

181 1672 506 1741 Protogene
534 1669 878 1725 consulibus.

184 1777 426 1832 LXXXII.
474 1808 540 1815 —
591 1776 752 1847 Cujus
789 1780 1032 1847 superior
1074 1778 1148 1831 ad
1176 1778 1457 1833 Iulianum
1492 1779 1814 1846 episcopum.

255 1869 513 1940 Cognitis
543 1885 670 1940 qua:
699 1870 849 1940 apud
875 1870 1158 1941 Ephesum
1186 1870 1355 1924 unius
1380 1869 1630 1924 hominis
1670 1886 1817 1941 prae-

176 1964 506 2035 sumptione
537 1968 667 2018 sunt
697 1967 878 2034 gesta,
912 1981 1124 2035 magno
1146 1964 1379 2035 quidem
1408 1963 1602 2018 dolore
1630 1964 1819 2019 affecti

178 2058 398 2123 sumus,
427 2058 498 2111 de
522 2057 607 2111 his
635 2073 760 2128 quae
785 2057 958 2128 impie
980 2057 1304 2128 furioseque
1326 2057 1633 2112 commissa
1649 2061 1781 2111 sunt
1804 2076 1816 2123 ;

182 2152 283 2205 sed
314 2151 387 2206 ad
416 2151 723 2205 Dominum
752 2154 1003 2206 nostrum
1032 2152 1258 2206 animos
1299 2150 1633 2222 dirigentes,
1666 2152 1815 2206 mul-

184 2251 307 2299 tam
348 2245 612 2300 ﬁduciam
641 2246 713 2299 ab
738 2246 856 2317 ipsa
889 2261 1062 2317 quam
1092 2246 1388 2316 sequimur
1417 2245 1649 2299 veritate
1682 2261 1814 2299 con-

183 2341 447 2409 cipimus,
469 2355 585 2393 non
600 2341 927 2394 omittentes
946 2339 1142 2394 omnia
1162 2356 1351 2409 agere,
1377 2355 1502 2409 quae
1518 2338 1820 2393 auxiliante

186 2433 283 2488 Dei
305 2432 511 2504 gratia,
542 2432 823 2488 credimus
850 2434 1167 2504 profutura.
1198 2432 1535 2486 Tenendum
1561 2448 1701 2503 ergo
1725 2449 1818 2486 no-

184 2527 269 2581 bis
312 2532 399 2581 est
437 2527 589 2597 quod
632 2532 914 2594 tenemus,
963 2530 1021 2581 et
1074 2526 1342 2580 saeviente
1372 2526 1537 2580 unius
1578 2526 1820 2580 turbinis

186 2622 454 2692 procella,
484 2620 847 2675 serenissima
864 2620 995 2675 ﬁdei
1018 2624 1103 2675 est
1122 2619 1526 2691 amplectenda
1542 2620 1816 2691 tranquil-

185 2718 331 2783 litas,
377 2716 558 2771 donec
585 2716 776 2771 radios
806 2733 935 2770 suos
960 2716 1167 2771 veritas
1194 2731 1295 2786 per
1324 2715 1589 2769 universa
1616 2713 1820 2770 diffun-

188 2811 304 2879 dat,
333 2814 391 2865 et
406 2809 710 2881 caliginem
743 2809 1092 2865 inﬁdelitatis
1118 2812 1435 2864 consumat.
1467 2810 1603 2873 Qua:
1624 2812 1819 2863 autem

188 2904 464 2975 disposita
485 2909 616 2958 sunt
632 2919 731 2974 per
744 2904 939 2958 latoris
955 2919 1283 2957 sermonem
1296 2919 1587 2973 agnosces.
1606 2903 1745 2957 Data
1760 2919 1820 2957 ιιι

190 2998 318 3052 ldus
332 2996 608 3067 Octobris,
634 2996 855 3052 Asturio
884 3002 938 3052 et
969 2999 1288 3067 Protogene
1318 2995 1663 3051 consulibus.

191 3101 452 3156 LXXXIII.
511 3132 579 3142 —
620 3101 709 3157 Ad
744 3103 997 3156 Faustum
1036 3104 1085 3155 et
1111 3105 1321 3154 caeteros
1348 3100 1820 3157 Archimandrz'tas

671 3173 1312 3242 Constantinopolitanos.

261 3270 373 3322 Leo
401 3271 459 3321 et
485 3270 680 3321 sancta
711 3266 961 3337 synodus
991 3282 1119 3336 quae
1152 3265 1210 3318 in
1246 3264 1383 3319 urbe
1418 3266 1597 3320 Roma
1622 3282 1822 3320 conve-

190 3362 296 3427 nit,
328 3362 556 3428 Fwsro,
586 3360 855 3428 MARTINO,
906 3361 1105 3426 Pareo,
1145 3360 1360 3428 MAGNO,
1396 3364 1453 3413 et
1488 3360 1629 3413 Eua
1660 3377 1817 3431 pres-

187 3455 422 3527 byteris,
451 3458 509 3509 et
530 3453 1005 3509 Archimandritis
1046 3453 1697 3524 Constantinopolitanis,
1735 3454 1817 3507 di-

190 3548 511 3603 lectissimis
540 3547 693 3613 ﬁliis,
724 3548 780 3601 in
813 3546 1056 3601 Domino
1091 3547 1352 3601 salutem.

258 3642 531 3708 Quamvis
561 3658 627 3696 ca
652 3658 779 3713 quae
805 3641 875 3696 ad
900 3640 1588 3711 Constantinopolitanam
1632 3642 1818 3697 Eccle-

189 3739 330 3793 siam
372 3736 724 3808 scripsimus,
772 3734 1212 3789 sollicitudinem
1263 3734 1580 3789 devotionis
1624 3739 1823 3790 vestra:

189 3834 367 3887 latere
404 3847 520 3886 non
565 3834 821 3902 possunt,
871 3834 1063 3884 tamen
1107 3828 1280 3883 etiam
1307 3828 1641 3899 specialibus
1679 3829 1820 3884 dile-

192 3927 437 3981 ctionem
479 3927 723 3979 vestram
753 3924 953 3978 litteris
1000 3924 1414 3979 eohortandam
1446 3939 1563 3978 esse
1589 3922 1825 3978 credidi-

192 4038 340 4089 mus,
396 4023 459 4074 ut
500 4035 786 4073 memores
837 4022 1045 4072 sanctae
1086 4016 1447 4088 professionis
1470 4023 1668 4072 vestra:
1695 4034 1825 4089 quae

192 4114 423 4186 proprie
450 4114 507 4168 in
540 4113 651 4168 ﬁde
673 4117 728 4168 et
754 4112 1026 4167 charitate
1053 4110 1326 4177 consistit,
1357 4111 1548 4166 omnia
1567 4111 1825 4166 scandala

189 4225 317 4281 quae
336 4212 537 4262 contra
564 4224 763 4278 pacem
797 4206 1054 4260 Ecclesiae
1085 4210 1207 4259 orta
1236 4208 1388 4272 sunt,
1421 4222 1453 4258 a
1484 4205 1682 4259 vestris
1711 4221 1826 4259 cor-

189 4302 354 4357 dibus
377 4301 659 4372 repellatis
683 4300 835 4354 beati
864 4300 1112 4370 Apostoli
1139 4299 1486 4354 sententiam
1516 4297 1609 4370 pia
1635 4304 1826 4353 mente

192 4396 508 4451 retinentes
536 4412 550 4449 :
584 4417 609 4445 ‹‹
643 4394 701 4449 Si
722 4393 850 4466 quis
872 4394 1031 4449 vobis
1055 4392 1524 4463 evangelizaverit
1544 4395 1749 4462 pra-ter
1769 4391 1826 4445 id

188 4491 343 4562 quod
394 4489 710 4560 accepistis,
764 4489 1076 4542 anathema
1119 4488 1189 4542 sit
1235 4488 1375 4555 (Gal.
1413 4486 1550 4556 1,8),
1582 4507 1609 4535 ››
1645 4490 1827 4540 custo-

191 4584 416 4638 dientes
453 4583 734 4637 uuitatem
763 4598 895 4636 cum
946 4584 1115 4636 fratre
1153 4584 1351 4636 nostro
1393 4580 1674 4647 Flaviano,
1705 4579 1903 4653 epi-D

188 4694 380 4749 scopo,
412 4693 586 4749 quem
624 4677 693 4730 ad
742 4680 962 4747 tempus
1008 4675 1283 4730 Dominus
1324 4674 1587 4746 permisit
1618 4674 1823 4745 impio-

190 4789 321 4827 rum
348 4770 599 4827 factione
631 4770 859 4839 tentari,
901 4774 966 4825 ut
994 4770 1297 4841 probatum
1344 4769 1450 4823 sibi
1479 4769 1826 4823 sacerdotem

192 4883 360 4921 suum
378 4865 813 4937 perseverantiae
830 4865 1034 4920 merito
1047 4864 1258 4917 faceret
1269 4862 1589 4917 clariorem.
1612 4864 1704 4916 Hae
1724 4879 1793 4916 au
1805 4893 1820 4901 -

194 4964 307 5015 tem
321 4958 800 5031 perturbationes,
816 4974 1045 5013 necesse
1060 4962 1163 5026 est,
1178 4957 1492 5011 auxiliante
1510 4956 1603 5011 Dei
1625 4955 1826 5026 gratia,

195 5053 460 5109 celeriter
480 5052 867 5119 destruantur,
885 5055 942 5107 et
958 5068 1132 5106 omne
1156 5051 1311 5122 quod
1331 5050 1643 5121 reprobum
1660 5054 1742 5103 est
1761 5049 1831 5103 ab

196 5147 461 5203 Ecclesiae
506 5146 770 5217 puritate,
814 5163 943 5217 qua:
995 5163 1101 5200 nec
1145 5144 1450 5213 maculam,
1494 5161 1596 5198 nec
1628 5160 1832 5215 rugam

195 5241 421 5313 recipit,
454 5246 777 5311 respuatur,
800 5240 1051 5295 maxime
1070 5255 1201 5294 cum
1233 5239 1305 5294 ab
1327 5238 1526 5293 insana
1546 5236 1833 5309 imperitia

194 5338 255 5391 in
288 5336 399 5390 hoc
421 5350 602 5405 usque
620 5339 974 5406 praeruptum
996 5333 1087 5401 sit,
1110 5335 1398 5388 utcontra
1418 5336 1832 5387 sacramentum

194 5429 396 5485 salutis
457 5429 725 5483 humanae
766 5427 1171 5483 incarnationis
1201 5427 1431 5481 Domini
1487 5426 1666 5481 nostri
1706 5426 1834 5480 Jesu

196 5522 405 5579 Christi
444 5522 652 5577 veritas
677 5521 1014 5594 denegetur,
1042 5526 1213 5592 atque
1245 5522 1497 5592 antiquae
1527 5519 1658 5575 ﬁdei
1688 5535 1832 5592 prae-

201 5616 423 5672 dicator
447 5619 619 5688 atque
642 5615 930 5683 defensor,
965 5615 1100 5688 quia
1129 5630 1245 5669 non
1270 5615 1552 5686 acquievit
1571 5613 1835 5685 blasphe-

202 5710 352 5780 miis,
393 5727 532 5782 quas
561 5710 697 5765 olim
725 5710 903 5766 sancti
932 5712 1125 5766 Patres
1150 5709 1327 5763 nostri
1355 5709 1417 5764 in
1438 5708 1635 5764 multis
1664 5708 1841 5763 haere-

1924 548 2060 620 quia
2090 548 2403 619 gloriosum
2441 546 2599 601 nobis
2642 550 2744 613 est,
2785 543 3057 615 quidquid
3100 560 3203 597 nos
3251 542 3359 613 pati
3410 543 3569 595 [lens

1919 642 2172 708 voluerit,
2223 658 2326 713 pro
2369 640 2602 695 veritate
2640 640 2881 694 tolerare
2909 680 2921 704 ,
2972 637 3027 691 in
3067 636 3420 692 consortium
3459 652 3551 689 vos

1918 736 2201 807 patientiae
2244 735 2499 807 paternis
2542 732 3035 789 exhortationibus
3072 731 3433 798 advocemus,
3489 734 3549 784 ut

1918 848 2020 904 per
2044 831 2404 887 dilectionem
2434 833 2704 896 vestram,
2726 826 2989 882 omnibus
3012 827 3130 881 Deo
3152 823 3545 891 servientibus,

1920 943 2050 998 quae
2095 925 2426 997 scripsimus
2469 924 2844 989 innotescant,
2886 923 2943 976 et
2982 919 3226 975 inimicis
3256 918 3549 987 Evangelii

1921 1020 2262 1089 resistentes,
2291 1035 2394 1073 nec
2423 1017 2670 1090 pastoris
2695 1016 2864 1072 vestri
2892 1014 3272 1082 dilectionem,
3297 1029 3401 1068 nec
3428 1012 3548 1066 uni-

1918 1109 2093 1170 tatem
2119 1113 2411 1169 catholica:
2440 1111 2576 1166 ﬁdei
2603 1109 2898 1165 deseratis.
2929 1107 3211 1173 Quoniam
3243 1123 3310 1161 ea
3330 1122 3455 1178 quae
3488 1106 3545 1160 in

1918 1209 2139 1279 Epheso
2182 1223 2365 1278 nuper
2404 1209 2601 1260 contra
2640 1203 2924 1277 justitiam
2950 1202 3037 1258 vel
3067 1217 3353 1257 canonum
3385 1200 3546 1255 disci-

1920 1302 2131 1373 plinam
2162 1318 2265 1372 per
2288 1300 2461 1354 unius
2490 1298 2738 1353 hominis
2765 1296 3179 1369 impudentiam
3210 1298 3368 1367 gesta
3393 1298 3543 1361 sunt,

1915 1396 2071 1450 nulla
2100 1394 2391 1449 catholicas
2416 1393 2547 1447 ﬁdei
2579 1392 2724 1447 ratio
2758 1395 2881 1447 rata
2911 1406 3033 1445 esse
3060 1388 3359 1461 permittit.
3404 1390 3544 1444 Data

1919 1506 2014 1544 VIII
2047 1489 2171 1543 Idus
2200 1486 2476 1551 Octobris,
2515 1485 2740 1541 Asturio
2772 1490 2828 1539 et
2859 1487 3176 1555 Protogene
3203 1483 3544 1538 consulibus.

1953 1633 2205 1687 LXXXIV.
2269 1658 2323 1668 —
2376 1634 2506 1687 Item
2564 1632 2749 1756 Lectmis
2816 1630 2890 1684 ad
2951 1632 3251 1685 Martinam
3301 1628 3515 1698 presby-

2665 1717 2832 1755 crum.

2665 1717 2832 1755 crum.

1844 1835 1895 1906 Β
1990 1820 2206 1874 Gratias
2236 1818 2459 1889 agimus
2499 1819 2638 1885 Deo,
2672 1820 2729 1871 et
2756 1818 2996 1871 multam
3025 1814 3290 1870 ﬁduciam
3322 1815 3430 1887 piae
3453 1831 3550 1870 ex-

1920 1912 2237 1967 sultationis
2266 1912 2612 1983 accepimus,
2644 1927 2774 1965 cum
2806 1909 3169 1964 dilectionem
3199 1913 3352 1964 tuam
3378 1912 3435 1964 et
3458 1926 3552 1963 ca-

1918 2007 2189 2061 tholicam
2233 2005 2676 2071 fraternitatem,
2728 2004 2807 2058 ita
2862 2003 3127 2074 spiritum
3175 2002 3305 2057 ﬁdei
3359 2003 3552 2073 vigere

1921 2101 2332 2171 cognoscimus,
2383 2102 2448 2153 ut
2486 2098 2750 2153 cordibus
2799 2096 2997 2151 vestris
3038 2096 3180 2151 nihil
3210 2096 3555 2151 inﬁrmitatis

1921 2194 2185 2249 hmretica
2216 2192 2391 2265 possit
2428 2192 2643 2248 inferre
2684 2190 2941 2257 tentatio,
2976 2190 3048 2244 ad
3079 2206 3255 2261 quam
3286 2189 3554 2245 divinitus

1920 2288 2346 2353 destruendam,
2392 2304 2495 2341 nec
2536 2286 2739 2353 defuit,
2782 2286 2862 2356 (ut
2904 2284 3075 2356 scitis)
3104 2283 3422 2347 sollicitudo
3448 2301 3550 2338 no-

1922 2386 2057 2463 stra,
2103 2398 2207 2435 nec
2241 2381 2440 2446 deerit,
2468 2380 2647 2435 donec
2673 2379 3045 2450 Omnipotens
3076 2378 3310 2433 dextera
3359 2378 3556 2433 omnia

1923 2474 2131 2530 diaboli
2166 2491 2326 2529 arma
2366 2474 2714 2544 confringat.
2745 2472 2845 2529 Cui
2876 2473 2946 2526 ob
2972 2472 3079 2527 hoc
3108 2471 3321 2543 aliquid
3345 2472 3554 2527 audere

1921 2568 2286 2640 permittitur,
2320 2573 2379 2623 ut
2406 2585 2439 2621 a
2467 2567 2732 2621 ﬁdelibus
2761 2565 2967 2621 Christi
2996 2565 3175 2637 gloria
3203 2565 3418 2636 majore
3437 2565 3555 2620 vin-

1920 2667 2098 2717 catur.
2129 2661 2240 2716 Sed
2271 2661 2409 2732 quid
2440 2663 2631 2714 autem
2662 2659 3064 2713 difﬁcultatum
3105 2658 3431 2727 intervenit,
3458 2662 3556 2712 aut

1922 2772 2232 2822 morarum,
2266 2772 2396 2809 eum
2424 2753 2847 2825 mquanimitate
2878 2753 3243 2808 tolerandum
3274 2755 3377 2821 est,
3410 2769 3550 2824 quo-

1922 2850 2074 2904 niam
2102 2849 2195 2903 ubi
2230 2849 2433 2903 veritas
2463 2851 2549 2902 est
2571 2847 2869 2919 magistra,
2900 2862 3199 2918 nunquam
3228 2846 3436 2901 desunt
3463 2846 3551 2900 di-

1919 2943 2051 2997 vina
2070 2942 2287 3009 solatia,
2307 2942 2512 2997 fratres
2533 2940 2867 2996 charissimi.
2897 2940 3161 3005 Quamvis
3181 2956 3322 3012 ergo
3347 2956 3555 3011 magna

1923 3038 2176 3091 locorum
2206 3036 2498 3091 intervalla
2523 3052 2625 3090 nos
2651 3034 2923 3101 dividant,
2953 3033 3174 3088 unitate
3202 3037 3395 3088 tamen
3422 3033 3556 3088 ﬁdei

1923 3131 2209 3185 vobiscum
2252 3147 2470 3198 sumus,
2501 3134 2556 3184 et
2578 3133 2695 3184 toto
2726 3128 2895 3184 corde
2922 3129 3110 3183 Iesum
3140 3127 3422 3182 Christum
3448 3128 3555 3181 Do-

1841 3205 1895 3279 C
1922 3224 2145 3278 minum
2170 3227 2429 3279 nostrum
2474 3239 2669 3277 verum
2714 3224 2913 3290 Deum,
2955 3227 3010 3276 et
3034 3238 3233 3275 verum
3262 3220 3555 3275 hominem

1921 3319 2273 3386 conﬁtentes,
2326 3318 2475 3371 nulla
2516 3317 2575 3370 in
2620 3316 2779 3370 vobis
2807 3315 3147 3370 detrimenta
3179 3314 3551 3385 perpetimur,

1920 3428 2050 3465 cum
2099 3411 2167 3464 de
2216 3413 2415 3464 vestrae
2459 3408 2820 3479 professionis
2864 3406 3170 3461 concordia
3214 3406 3552 3477 gloriamur,

1919 3508 2145 3560 tantum
2171 3509 2233 3557 ut
2249 3504 2338 3569 sit,
2370 3503 2696 3573 (auxiliante
2721 3501 3005 3570 Domino),
3027 3501 3344 3555 constantia
3371 3516 3555 3571 perse-

1921 3615 2142 3665 verans,
2172 3596 2392 3651 dicente
2419 3596 2687 3667 Apostolo
2720 3613 2733 3650 :
2773 3618 2799 3643 ‹‹
2830 3595 2998 3649 Vobis
3032 3593 3187 3649 enim
3230 3593 3428 3647 datum
3472 3596 3557 3648 est

1924 3708 2024 3761 pro
2047 3689 2264 3748 Christo
2297 3706 2410 3743 non
2437 3690 2621 3744 solum
2646 3691 2709 3743 ut
2732 3688 2792 3742 in
2816 3704 2947 3743 eum
2968 3686 3228 3753 credatis,
3259 3685 3357 3741 sed
3377 3685 3551 3741 etiam

1922 3792 1985 3839 ut
2010 3801 2112 3856 pro
2151 3784 2244 3838 illo
2274 3782 2573 3855 patiamini
2600 3782 2820 3853 (Philip.
2854 3800 2891 3851 ι,
2923 3782 3034 3851 29).
3068 3800 3095 3829 »
3126 3780 3209 3836 Ad
3237 3796 3411 3851 quam
3441 3781 3554 3834 for-

1925 3878 2229 3934 titudinem
2265 3880 2586 3933 sanctarum
2615 3876 2897 3931 mentium
2927 3874 3332 3942 roborandam,
3354 3875 3559 3929 fratres

1926 3975 2151 4028 nostros
2173 3976 2344 4045 atque
2371 3971 2610 4044 legatos,
2642 3987 2785 4043 quos
2818 3986 2926 4043 pro
2967 3968 3291 4042 apostolicae
3326 3967 3458 4025 ﬁdei
3487 3968 3555 4024 li-

1924 4068 2143 4123 bertate
2179 4065 2492 4122 direximus
2518 4108 2533 4135 ,
2574 4068 2631 4120 et
2669 4082 2810 4136 quos
2851 4064 3071 4119 dudum
3116 4063 3267 4136 apud
3310 4079 3409 4118 vos
3438 4079 3557 4119 esse

1925 4161 2286 4229 conﬁdimus,
2330 4159 2639 4231 plurimum
2681 4159 2966 4214 credimus
3010 4158 3369 4229 profuturos,
3428 4174 3558 4212 cum

1923 4255 2098 4308 totius
2122 4253 2359 4307 actionis
2384 4257 2591 4307 nostrae
2608 4251 2933 4306 didiceretis
2959 4250 3252 4315 affectum,
3282 4252 3337 4304 et
3366 4266 3559 4304 curam

1926 4351 2170 4401 vestram
2198 4350 2367 4417 atque
2397 4345 2695 4400 consilium
2726 4344 2881 4416 operi
2900 4344 3229 4414 junxeritis,
3259 4343 3327 4398 de
3361 4360 3473 4415 qua
3499 4361 3560 4399 re

1927 4458 2040 4494 non
2072 4457 2301 4495 necesse
2335 4444 2418 4495 est
2461 4455 2612 4493 nunc
2642 4439 2812 4517 latius
2843 4436 3111 4506 scribere,
3144 4453 3274 4491 cum
3304 4437 3429 4507 jam
3459 4454 3561 4509 per

1927 4534 2273 4605 supradictus
2297 4532 2651 4600 sufﬁcientes
2679 4532 2948 4604 epistolas
2976 4530 3319 4600 miserimus,
3349 4530 3558 4603 quibus

1927 4627 2413 4683 abundantissime
2443 4626 2630 4681 omnis
2659 4625 2931 4681 catholica
2962 4624 3284 4680 fraternitas
3312 4623 3558 4680 instrua-

1929 4730 2039 4791 tur,
2092 4721 2299 4777 divince
2355 4720 2463 4775 erit
2508 4720 2733 4775 virtutis
2786 4723 2844 4773 et
2891 4718 3112 4789 gratias,
3146 4722 3207 4772 ut
3235 4718 3336 4773 Dei
3367 4718 3558 4786 Filius,

1931 4816 2027 4888 qui
2054 4819 2319 4871 naturam
2350 4814 2590 4869 humani
2630 4814 2859 4886 generis
2903 4830 3065 4867 suam
3112 4811 3266 4881 fecit,
3316 4812 3560 4882 amplius

1930 4927 2103 4982 quam
2144 4911 2426 4979 videmus,
2458 4912 2558 4963 aut
2586 4909 2856 4981 sapimus,
2889 4923 3163 4977 magnum
3194 4905 3419 4977 pietatis
3445 4922 3562 4960 sum

1929 5009 2142 5060 asserat
2162 5009 2604 5073 sacramentum,
2634 5002 2786 5073 quod
2809 5001 2987 5072 impia
3006 5000 3295 5056 temeritas
3319 5001 3424 5055 sibi
3446 5002 3565 5072 qui-

1932 5100 2063 5154 dem
2089 5099 2386 5169 fraudavit,
2418 5098 2511 5153 sed
2543 5097 2713 5152 rectis
2743 5095 3007 5151 cordibus
3037 5110 3154 5150 non
3185 5095 3409 5174 potuit.
3432 5096 3564 5151 Data

1934 5191 2062 5245 ldus
2094 5192 2462 5265 Septembris,
2506 5189 2905 5246 Valentiniano
2937 5193 2993 5245 et
3030 5187 3282 5245 Avennio
3322 5190 3565 5244 consuli-

1935 5285 2060 5339 bus.

2028 5406 2262 5462 LXXXV.
2296 5436 2363 5447 —
2391 5406 2647 5476 Eiusdem
2672 5407 2748 5460 ad
2776 5408 3113 5462 Martianum
3152 5406 3478 5477 Augustum.

2012 5518 2245 5572 Litteras
2288 5519 2513 5589 pietatis
2550 5522 2748 5574 vestrae
2787 5518 3066 5589 accepisse
3104 5535 3197 5572 me
3240 5518 3482 5589 gaudeo,
3517 5521 3573 5570 et

1940 5613 2010 5668 ad
2036 5611 2521 5683 signiﬁcationem
2555 5613 2726 5669 totius
2756 5612 3142 5685 prosperitatis
3170 5612 3453 5683 pertinere
3486 5628 3574 5664 co-

1944 5723 2169 5778 gnosco,
2188 5723 2332 5783 eum
2359 5723 2659 5764 sermones
2689 5708 2860 5763 vestri
2887 5724 2980 5761 vos
3012 5705 3221 5761 faciant
3246 5703 3572 5769 integritate

194 5804 330 5885 'tieis
355 5804 718 5874 damnavere,
765 5804 1100 5876 subjiciatur
1138 5802 1386 5874 injuriis.
1420 5804 1480 5858 In
1510 5819 1622 5874 qua
1648 5801 1842 5873 utique
1945 5791 2456 5901 securosII’Quantas
2477 5802 2672 5874 itaque
2698 5800 3017 5857 clementiae
3036 5802 3233 5853 vestra:
3258 5798 3470 5869 gratias
3494 5815 3574 5853 re-
3615 5864 3621 5869 θ

210 5898 475 5955 omnium
504 5899 733 5956 Domini
766 5898 1127 5956 sacerdotum
1162 5895 1474 5954 reverentia
1517 5896 1755 5965 ceditur,
1787 5898 1845 5951 et

1947 5891 2218 5969 feramus,
2261 5913 2376 5954 non
2421 5914 2489 5955 ex
2540 5897 2721 5955 verbis
2759 5894 2985 5966 nostris,
3032 5892 3128 5951 sed
3175 5909 3238 5949 ex
3288 5891 3575 5950 beneﬁciis
