4040 6332
453 346 548 400 9H

1348 345 1629 401 APPEND.
1670 345 1759 398 AD
1794 344 1957 399 SIEC.
2004 342 2088 397 IX.
2111 370 2179 381 -—-
2219 343 2465 399 lSlDUl’d
2506 341 2927 399 MERCATURIS

3721 346 3839 398 912

453 449 808 528 vestris,qua3
822 453 1077 510 Ecclesiae
1090 451 1751 524 contulistis,agnoscite,
1772 469 1887 507 non
1901 450 2085 507 ambi-
2107 461 2164 536 Α
2186 451 2522 508 clericorum
2553 452 2677 523 ejus
2702 449 3098 523 suggestiones
3131 452 3479 523 patefactum
3505 457 3608 519 est,
3637 454 3838 508 multa

454 553 653 621 gentes
673 549 897 621 qualem
918 548 1076 603 illum
1097 546 1497 602 retributorem
1516 546 1578 602 in
1597 545 1864 601 omnibus
1885 545 2088 601 habea-

2184 550 2335 615 sunt,
2372 562 2503 618 qum
2539 544 2931 617 indulgentius
2975 549 3111 600 sunt
3150 545 3425 614 curanda,
3467 547 3648 603 multa
3692 563 3836 619 qua

457 642 548 709 tis,
578 659 683 715 pro
711 642 869 713 cujus
886 640 1019 697 estis
1038 644 1157 696 tam
1176 639 1272 712 pia
1292 640 1570 712 religione
1592 640 1884 706 sollicitus,
1914 642 1973 694 et
1988 640 2086 712 qui
2178 641 2388 711 justius
2414 639 2747 706 coercenda,
2774 644 2839 694 ut
2873 638 2932 693 in
2961 656 3128 694 causa
3151 643 3323 695 tantae
3351 641 3835 713 perturbationis,

456 753 553 792 vos
579 738 661 806 (ut
689 753 779 791 res
806 736 927 807 ipsa
956 735 1327 805 demonstrat)
1357 734 1429 789 ad
1454 735 1561 789 hoc
1584 739 1649 790 ut
1676 734 1819 789 ﬁdes
1845 733 2084 789 catholi-

456 848 518 885 ca
545 830 617 885 ab
641 829 858 886 insidiis
881 828 1243 884 inimicorum
1270 845 1507 884 suorum
1529 827 1949 895 defenderetur,
1971 828 2085 883 ele-

457 924 559 997 git.
580 926 708 979 Haec
733 941 767 978 a
794 940 887 979 me
911 940 1062 979 nunc
1088 923 1334 979 breviter
1360 939 1462 995 per
1480 923 1671 978 fratris
1697 922 1812 978 mei
1837 921 2087 977 Anatolii

454 1017 686 1074 clericos
729 1017 909 1089 pietas
950 1022 1137 1072 vestra
1178 1017 1485 1088 dignanter
1514 1015 1770 1088 accipiat.
1825 1015 2090 1070 Pleniora

456 1115 648 1167 autem
691 1111 762 1167 de
801 1111 1068 1167 omnibus
1102 1127 1233 1183 quas
1263 1110 1339 1165 ad
1368 1127 1564 1165 curam
1590 1126 1777 1165 meam
1802 1125 1907 1181 pro
1938 1112 2087 1164 statu

452 1205 817 1261 ecclesiarum
844 1209 901 1260 et.
922 1204 1225 1260 concordia
1250 1203 1542 1276 pertinent
1564 1203 1793 1258 Domini
1830 1202 2090 1258 sacerdo-

453 1303 597 1366 tum,
619 1315 723 1371 per
742 1301 957 1372 legatos
977 1304 1204 1355 nostros
1220 1298 1426 1371 scripta
1441 1297 1776 1353 direximus.
1798 1298 1943 1353 Data
1965 1297 2090 1352 ldus

456 1393 675 1466 Aprilis,
702 1393 982 1466 Adelphio
1013 1393 1267 1449 consule.

524 1489 786 1545 LXXXVI.
809 1519 878 1529 ——
905 1487 1073 1558 Cujus
1098 1503 1266 1559 supra
1287 1487 1363 1542 ad
1388 1487 1669 1542 Iulianum
1693 1488 2016 1556 episcoPum.

528 1582 766 1639 Litteras
787 1581 1157 1638 fraternitatis
1176 1582 1409 1653 tuaa'per
1422 1580 1571 1635 ﬁlios
1583 1584 1803 1634 nostros
1824 1581 2091 1636 Constan-

453 1674 865 1747 tinopolitanos
916 1674 1152 1729 clericos
1198 1672 1428 1728 nuntias
1470 1677 1583 1728 tua:
1635 1670 1829 1726 salutis
1874 1672 2086 1742 accepi,

2188 751 2294 789 nec
2337 732 2609 790 districtio
2640 732 2810 787 nimis
2845 733 2919 787 sit
2947 750 3167 805 aspera,
3198 750 3302 790 nec
3330 735 3587 790 remissio
3616 752 3837 806 parum

2187 830 2370 895 cauta,
2400 843 2529 883 cum
2557 826 2711 881 aliud
2731 826 3228 895 satisfacientibus,
3259 828 3414 883 aliud
3437 829 3837 900 pertinacibus

2189 920 2481 977 debeatur.
2502 920 2753 976 Oﬁ'ertur
2770 937 2910 993 ergo
2924 920 3120 993 pietati
3141 924 3344 977 vestrm
3367 922 3542 994 digna
3557 922 3832 983 materia,

2188 1032 2315 1088 quas
2344 1014 2606 1087 placitam
2633 1014 2873 1069 Domino
2901 1031 3097 1070 curam
3124 1015 3299 1071 sancti
3324 1016 3511 1071 cordis
3540 1021 3834 1083 exerceat,

2189 1114 2245 1165 et
2274 1108 2720 1180 praecedentium
2750 1108 3094 1164 meritorum
3114 1126 3348 1164 coronas
3374 1109 3548 1165 etiam
3568 1110 3641 1165 de
3667 1127 3834 1182 pras-

2190 1203 2363 1259 sentis
2394 1202 2601 1257 erroris
2626 1200 2933 1258 abolitione
2959 1202 3318 1274 multiplicet.
3353 1203 3509 1259 Sicut
3532 1204 3835 1259 Nestoria-

2188 1296 2539 1368 naimpietas
2560 1295 2641 1349 ita
2663 1298 2721 1350 et
2741 1295 3078 1351 Eutichiana
3093 1295 3453 1368 blasphemia
3472 1297 3541 1351 ab
3561 1298 3837 1353 omnium

2190 1395 2274 1447 est
2317 1388 2723 1446 catholicorum
2778 1389 3126 1445 eliminanda
3173 1391 3483 1446 consortio.
3537 1391 3679 1456 Quia
3704 1395 3838 1447 tam

2190 1485 2433 1556 impium
2479 1488 2564 1539 est
2614 1483 3158 1540 consubstantialem
3202 1488 3258 1539 et
3304 1485 3836 1557 consempiternam

2189 1578 2344 1634 Patri
2381 1578 2507 1633 Filii
2543 1578 2813 1633 deitatem
2865 1577 3036 1633 etiam
3065 1594 3131 1633 ex
3158 1582 3321 1633 utero
3348 1579 3593 1650 Virginis
3617 1580 3833 1634 matris

2189 1676 2359 1745 partu
2390 1672 2600 1728 editam
2629 1688 2844 1744 negare
2896 1687 3185 1742 corporeo,
3228 1688 3400 1743 quam
3431 1689 3603 1727 unam
3632 1674 3693 1728 in
3727 1674 3837 1729 Dei

458 1769 662 1841 quibus
709 1771 763 1823 te
811 1767 1037 1839 magnis
1085 1766 1549 1822 tribulationibus
1592 1768 1890 1837 gravatum
1916 1764 2153 1841 fuisse_
2193 1766 2330 1822 Filio
2357 1771 2486 1837 post
2510 1764 2918 1821 incarnationis
2948 1768 3376 1820 sacramentum
3402 1766 3684 1822 afﬁrmare
3716 1784 3833 1822 na-

457 1836 764 1933 signiﬁcas,
795 1836 936 1915 cum:
952 1860 1152 1932 utique
1178 1876 1294 1914 non
1334 1859 1584 1914 defuerit
1606 1836 1853 1913 materia
1878 1858 2086 1912 sollici-
2108 1836 2167 1909 Β
2190 1836 2397 1926 turam,
2428 1861 2493 1915 ut
2516 1858 2732 1914 scilicet
2756 1864 2856 1914 aut
2891 1858 3215 1913 humanitas
3251 1859 3300 1929 ej
3312 1876 3373 1913 us
3403 1859 3698 1930 refutetur,
3728 1867 3840 1916 aut

456 1953 641 2010 tudini
687 1959 743 2009 et
786 1953 1097 2021 laboribus,
1147 1970 1275 2026 quae
1319 1953 1466 2008 inter
1494 1968 1764 2024 procaces
1799 1951 2090 2007 catholicae

457 2049 589 2105 ﬁdei
611 2049 959 2104 adversarios
976 2047 1353 2102 inhaerentem
1373 2045 1599 2101 veritati
1617 2045 1878 2101 animum
1896 2044 2093 2116 fatiga-

457 2145 603 2211 rent,
633 2142 829 2214 idque,
858 2144 922 2196 ut
950 2140 1164 2209 scribis,
1196 2140 1369 2195 fuerit
1398 2139 1594 2195 animo
1624 2145 1686 2194 ut
1711 2155 1814 2210 per
1841 2138 2089 2194 occasio-

452 2253 588 2292 nem
626 2234 978 2291 necessitatis
1015 2239 1073 2289 et
1108 2233 1272 2289 nobis
1296 2240 1350 2289 te
1376 2239 1432 2288 et
1460 2233 1659 2305 patriae
1686 2235 2086 2304 praesentares.

460 2330 623 2395 Quod
654 2346 783 2384 vero
815 2329 1072 2384 futurum
1110 2343 1490 2399 speraveram,
1531 2332 1593 2382 ut
1614 2326 1801 2398 aptius
1827 2327 2093 2382 omnium

461 2423 865 2480 haereticorum
906 2422 1176 2493 ambages
1218 2427 1317 2477 tuo
1364 2437 1460 2477 ore
1507 2436 1928 2492 cognoscerem.
1981 2419 2093 2476 Sed

460 2517 668 2590 gratias
687 2533 799 2588 ago
821 2517 954 2584 Deo,
978 2515 1135 2587 quod
1154 2515 1233 2570 ita
1254 2514 1612 2570 incolumitas
1633 2518 1731 2569 tua
1751 2519 1808 2569 et
1834 2514 2093 2569 Ecclesia:

459 2628 632 2667 causa
662 2609 919 2683 perfecit,
954 2614 1016 2665 ut
1043 2609 1287 2665 liberum
1313 2608 1417 2664 tibi
1444 2609 1617 2664 fuerit
1641 2607 1793 2680 apud
1822 2624 1918 2663 eos
1944 2607 2089 2663 inte-

460 2703 568 2760 rim
596 2705 821 2775 degere,
852 2719 1096 2775 quorum
1115 2702 1278 2758 nobis
1298 2702 1586 2775 parabolis
1606 2718 1914 2756 consensus
1932 2701 2095 2756 inno-

2190 1954 2368 2009 deitas
2394 1970 2526 2009 cum
2554 1953 2765 2008 unione
2793 1951 3087 2024 utriusque
3117 1953 3396 2021 essentiae,
3418 1970 3525 2008 nec
3547 1953 3731 2009 altera
3755 1955 3837 2009 sit

2190 2047 2249 2101 in
2281 2049 2615 2102 alterutram
2641 2063 2821 2114 versa,
2852 2063 2955 2101 nec
2994 2050 3285 2118 assumpta
3313 2046 3373 2101 in
3407 2052 3730 2103 assumente
3754 2047 3832 2102 ﬁ-

2192 2140 2332 2196 nita.
2365 2141 2475 2197 Sed
2496 2145 2552 2196 et
2578 2140 2745 2196 Verbi
2778 2140 3339 2208 incommutabilitas,
3369 2146 3427 2196 et
3444 2142 3632 2196 carnis
3649 2145 3833 2214 atque

2191 2234 2398 2290 animae
2427 2234 2631 2289 veritas
2680 2239 2948 2290 maneant
2987 2233 3443 2304 inseparabiliter
3493 2236 3552 2289 in
3602 2235 3838 2290 unitate

2192 2345 2467 2401 personae,
2509 2328 2662 2400 quod
2714 2328 2833 2399 qui,
2888 2327 3220 2383 testiﬁcante
3262 2328 3412 2400 lege,
3464 2329 3837 2384 credentibus

2191 2421 2531 2494 patriarchis
2555 2465 2568 2489 ,
2630 2422 3015 2477 annuentibus
3086 2421 3419 2493 prophetis,
3485 2422 3840 2494 praedicante

2194 2515 2502 2587 Evangelio
2530 2558 2543 2583 ,
2618 2515 2954 2570 docentibus
2992 2515 3278 2587 apostolis,
3325 2520 3381 2571 et
3432 2518 3552 2571 toto
3609 2517 3837 2572 mundo

2192 2608 2517 2675 conﬁtente,
2544 2626 2662 2664 non
2693 2609 2953 2676 credunt,
2986 2611 3147 2664 extra
3174 2615 3601 2665 sacramentum
3626 2626 3834 2681 corpo-

2193 2704 2271 2758 ris
2295 2702 2520 2772 Christi,
2550 2706 2708 2758 extra
2736 2702 3017 2757 unitatem
3051 2705 3185 2757 sunt
3209 2703 3466 2758 nominis
3504 2703 3833 2762 Christiani.

454 2799 585 2868 tuit,
618 2798 765 2853 sicut
790 2800 846 2851 et
878 2798 1066 2852 fratris
1092 2795 1374 2853 Anatholii
1399 2795 1609 2868 scripta
1638 2796 2004 2867 proﬁtentur,
2036 2800 2094 2850 et
2176 2785 2447 2861 [Quorum
2467 2796 2613 2851 sicut
2630 2796 2857 2850 ruinam
2873 2796 3150 2865 dolemus,
3174 2796 3256 2851 ita
3272 2796 3570 2867 perﬁdiam
3591 2796 3837 2883 detesta-

455 2896 614 2964 gesta
653 2907 782 2962 quae
810 2891 961 2962 apud
988 2891 1179 2962 ipsum
1205 2905 1403 2945 coram
1434 2889 1648 2964 nostris
1673 2892 1809 2943 sunt
1835 2888 2093 2943 confecta
2192 2906 2340 2944 mur.
2371 2891 2440 2945 Ut
2463 2892 2658 2944 autem
2685 2889 2835 2944 circa
2866 2889 3065 2944 talium
3095 2905 3367 2961 personas
3395 2890 3686 2945 sincerum
3716 2908 3838 2946 ser-

460 2954 865 3040 demon-strant
893 2954 1165 3039 fratribus
1192 2954 1780 3074 remeantibus.’Ergo
1809 2981 2095 3053 praedictis
2193 2988 2356 3038 vetur
2395 2983 2610 3054 ubique
2645 2982 2953 3054 judicium,
2992 2988 3049 3038 et
3091 2954 3246 3038 aliud
3273 2985 3564 3053 correctis,
3593 2992 3649 3040 et
3673 2985 3835 3039 aliud

466 3077 904 3133 salutationibus
925 3076 1372 3132 vicissitudinem
1392 3076 1598 3143 reddo;
1626 3079 1683 3131 et
1703 3076 1979 3131 utcontra
1995 3074 2096 3130 fal-
2192 3076 2582 3149 pertinacibus
2619 3077 2991 3149 rependatur,
3034 3082 3220 3132 vestra
3244 3078 3425 3150 pietas
3452 3084 3697 3146 nostros,
3729 3080 3833 3150 qui

462 3171 647 3226 sitatis
675 3171 907 3225 astutias
932 3173 1393 3242 perseverantem
1419 3168 1781 3240 diligentiam
1810 3174 2006 3224 teneas
2034 3169 2097 3222 ﬁ-
2114 3206 2170 3282 Ο
2193 3171 2263 3225 ab
2291 3171 2600 3244 apostolica
2630 3171 2761 3226 sede
2807 3176 2941 3227 sunt
2971 3171 3150 3240 missi,
3190 3172 3384 3227 fovere
3416 3172 3708 3244 dignetur,
3736 3188 3834 3227 eo-

459 3267 665 3321 denter
689 3264 976 3334 exhortor,
1007 3280 1138 3319 cum
1170 3263 1272 3319 tibi
1300 3264 1370 3318 ad
1409 3263 1514 3319 hoc
1542 3266 1601 3319 et
1628 3266 1761 3318 tuus
1788 3262 2017 3317 animus
2040 3268 2096 3319 et
2119 3262 2170 3282 υ
2193 3280 2436 3337 rumque
2481 3281 2682 3319 omnes
2726 3281 2863 3336 quas
2905 3264 3261 3336 injunximus
3306 3265 3533 3337 adjuvet
3561 3265 3834 3333 actiones,

458 3361 653 3415 nostra
679 3358 985 3414 auctoritas
1013 3358 1377 3429 suffragetur.
1406 3356 1684 3422 Quoniam
1708 3356 1839 3412 licet
1858 3356 1929 3411 de
1955 3356 2098 3411 mul-
2196 3375 2323 3430 quae
2351 3358 2517 3414 citius
2550 3374 2616 3414 ac
2658 3358 2896 3429 facilius,
2942 3358 3245 3414 auxiliante
3280 3360 3543 3429 Domino,
3595 3376 3723 3432 quae
3760 3362 3835 3416 ad

456 3454 526 3507 lis
555 3452 792 3507 meliora
817 3451 1063 3508 indicata
1124 3456 1275 3521 sunt,
1320 3450 1469 3523 quod
1501 3450 1715 3505 scilicet
1758 3441 1990 3505 doleant
2034 3467 2095 3505 se
2195 3454 2439 3507 vestram
2469 3452 2729 3524 gloriam,
2759 3459 2815 3507 et
2838 3453 2907 3507 ad
2933 3453 3108 3508 totius
3139 3453 3398 3508 Ecclesiae
3426 3470 3629 3524 pacem
3657 3454 3834 3525 proﬁ-

462 3547 745 3618 deceptos,
789 3550 846 3601 et
886 3546 1162 3601 damnata
1197 3544 1435 3618 perﬁdia
1472 3561 1603 3600 cum
1631 3543 1954 3599 auctoribus
1981 3543 2096 3599 suis
2195 3546 2366 3614 ciant,
2390 3550 2795 3617 exsequantur.
2822 3547 2900 3601 De
2918 3547 3156 3602 Eutiche
3174 3551 3367 3603 autem
3390 3548 3558 3602 totius
3576 3549 3829 3603 scandali

461 3640 704 3705 gratiam
730 3643 937 3695 nostras
965 3639 1390 3696 communionis
1434 3643 1765 3711 exposcam,
1802 3638 1953 3710 quod
1992 3655 2096 3694 nos
2194 3643 2248 3694 et
2275 3640 2562 3711 pravitatis
2583 3645 2833 3707 auctore,
2857 3641 2964 3695 hoc
2980 3641 3285 3696 clementia
3304 3647 3490 3695 vestra
3511 3641 3830 3713 prmcipiat,

462 3733 608 3790 adeo
636 3733 881 3789 libenter
910 3733 1253 3806 accepimus,
1294 3732 1575 3788 reddituri
1618 3732 1709 3794 his.
1742 3732 1893 3787 hanc
1920 3748 2095 3803 quam
2198 3737 2260 3788 ut
2283 3734 2352 3789 ab
2384 3750 2449 3788 eo
2472 3735 2596 3789 loco
2617 3734 2713 3805 qui
2740 3734 3389 3806 Constantinopolitanae
3412 3734 3535 3789 urbi
3550 3735 3725 3790 nimis
3744 3736 3832 3789 vi-

463 3828 785 3884 desiderant
811 3827 1298 3894 communionem,
1323 3842 1454 3881 cum
1476 3825 1759 3898 promissa
1778 3825 2099 3898 compleve-
2196 3828 2355 3883 cinus
2388 3833 2491 3895 est,
2550 3828 2777 3899 longius
2804 3829 3201 3895 transferatur,
3248 3846 3318 3884 ne
3349 3829 3831 3900 frequentioribus

462 3921 596 3990 rint,
628 3921 905 3991 quosdam
934 3920 1234 3991 persistere
1260 3919 1318 3974 in
1345 3936 1447 3973 sua
1475 3919 1851 3974 obduratione
1877 3935 2092 3987 cogno-
2194 3920 2406 3976 solatiis
2424 3937 2625 3975 eorum
2650 3938 2790 3993 quos
2818 3922 2888 3976 ad
2916 3921 3273 3993 impietatem
3302 3939 3464 3977 suam
3488 3921 3679 3988 traxit,
3713 3926 3834 3976 uta-

461 4013 667 4081 vimus,
714 4029 859 4084 quos
901 4015 1123 4084 oportet
1163 4011 1472 4067 districtius
1521 4012 1846 4083 comprimi,
1892 4012 1936 4066 si
1992 4029 2093 4067 ne-
2197 4018 2309 4069 tur.
2328 4014 3096 4086 Monasterioquoqueipsius
3116 4016 3205 4070 cui
3227 4016 3537 4087 perniciose
3560 4016 3830 4086 indigne—

465 4110 686 4178 queunt
723 4104 1077 4178 benignitate
1121 4106 1329 4161 sanari.
1379 4105 1461 4161 Ad
1502 4122 1679 4178 quam
1721 4122 1843 4160 rem
1872 4110 2096 4161 nostros
2195 4124 2306 4180 que
2329 4108 2615 4179 praesedit,
2648 4108 2987 4163 catholicum
3016 4110 3283 4191 abbatem
3307 4109 3502 4180 jubete
3548 4110 3829 4181 praeponi,

461 4204 591 4273 post
615 4198 767 4255 diem
796 4199 1179 4255 venerabilem
1206 4199 1538 4271 dirigemus,
1570 4199 1666 4271 qui
1696 4201 1887 4254 tecum
1914 4200 2095 4272 parti-

460 4295 649 4367 cipato
677 4292 909 4349 consilio
935 4310 1003 4349 ea
1033 4310 1161 4365 quae
1181 4311 1214 4348 a
1238 4293 1405 4349 nobis
1431 4294 1735 4349 constituta
1766 4294 1980 4349 fuerint
2006 4311 2098 4349 ex-

463 4392 789 4460 sequantur.
819 4388 961 4443 Data
990 4389 1119 4443 ldus
1137 4388 1362 4460 Aprilis,
1397 4387 1687 4458 Adelphio,
1709 4386 1831 4443 viro
1852 4386 2095 4444 clarissi-

464 4498 578 4547 mo,
601 4482 857 4537 consule.

621 4576 900 4632 LXXXVII.
935 4607 1001 4615 —
1029 4578 1131 4632 Leo
1157 4578 1233 4631 ad
1255 4578 1596 4633 Pulcheriam
1617 4580 1938 4648 Augustam.

534 4669 878 4742 Heligiosam
935 4670 1159 4741 pietatis
1215 4673 1415 4725 vestrae
1473 4670 1938 4743 sollicitudinem,
1991 4688 2102 4744 qua

464 4765 729 4820 universo
757 4763 1000 4833 mundo,
1033 4765 1141 4819 Deo
1169 4763 1506 4836 inspirante,
1535 4766 1826 4822 consulitis
1853 4765 2097 4822 crebrio-

464 4858 623 4913 ribus
668 4857 931 4930 alloquiis
978 4857 1212 4913 incitare
1259 4875 1564 4929 praesumo,
1606 4862 1671 4914 ut
1714 4876 1955 4932 operum
2007 4876 2097 4914 ve-

462 4957 709 5007 strorum
727 4952 1046 5023 profectum
1073 4952 1387 5007 necessaria
1404 4953 1676 5024 perfectio
1701 4954 2098 5025 subsequatur,

462 5063 525 5099 uc
552 5044 698 5101 sicut
724 5045 795 5100 de
834 5048 983 5101 statu
1009 5045 1649 5118 Constantinopolitanae
1683 5047 1941 5102 Ecclesiae
1965 5062 2098 5117 gra-

464 5139 735 5207 tulamur,
766 5138 928 5209 cujus
959 5142 1015 5194 et
1041 5141 1301 5196 sacerdos
1328 5146 1384 5195 et
1410 5140 1656 5213 populus
1682 5139 1972 5195 catholica:
2000 5156 2101 5211 pu-

462 5231 643 5286 ritatis
669 5222 843 5287 ﬁdem
865 5233 992 5303 jam
1026 5237 1216 5290 tenere
1246 5234 1628 5306 cognoscitur,
1659 5233 1740 5289 ita
1763 5232 1932 5288 etiam
1960 5233 2095 5287 alio-

464 5341 590 5381 rum
647 5342 885 5381 concors
932 5328 1227 5383 nobiscum
1271 5329 1343 5383 sit
1382 5329 1453 5383 de
1495 5326 1653 5382 verbi
1704 5326 2098 5382 incarnatione

463 5417 763 5475 confessio.
809 5418 966 5476 Unde
1004 5423 1155 5493 quod
1194 5423 1482 5477 facturum
1512 5436 1606 5475 me
1634 5419 1759 5474 aliis
1786 5420 1986 5476 litteris
2017 5421 2098 5475 in-

460 5514 781 5570 dicaveram
828 5514 1141 5571 Lucensem
1189 5515 1547 5588 episcopum,
1595 5517 1649 5568 et
1678 5513 1943 5570 Basilium
1966 5530 2093 5587 pre-

457 5608 753 5680 sbyterum
797 5609 1006 5663 fratres
1044 5624 1203 5664 meos
1233 5607 1481 5679 dirigere
1509 5609 1843 5680 praeparavi,
1872 5609 1971 5681 qui
2007 5608 2090 5665 di-

456 5701 792 5771 spositiones
832 5717 988 5756 meas
1026 5701 1217 5756 fratris
1245 5701 1359 5757 mei
1404 5702 1645 5759 Anatolii
1670 5704 1970 5760 devotione
1996 5721 2087 5759 so-

455 5794 602 5849 ciata
625 5794 940 5850 secundum
965 5809 1061 5848 eas
1090 5811 1232 5866 quas
1269 5803 1612 5868 acceperunt
1653 5798 1882 5870 regulas
1923 5814 2087 5853 exse-

452 5889 720 5956 quantur.
766 5886 921 5941 Sicut
959 5886 1111 5942 enim
1158 5889 1409 5958 prmdieti
1451 5891 1696 5964 episcOpi
1750 5890 1993 5964 scriptis,
2034 5895 2085 5945 et

2196 4202 2296 4274 qui
2325 4201 2479 4256 illam
2508 4218 2802 4257 servorum
2834 4202 2928 4257 Dei
2960 4203 3484 4274 congregationem,
3517 4209 3574 4259 et
3600 4220 3635 4257 a
3660 4218 3833 4274 pravo

2198 4297 2462 4367 dogmate
2475 4295 2801 4364 liberare,et
2811 4296 3084 4351 institutis
3095 4296 3348 4352 veritatis
3359 4297 3538 4368 possit
3549 4296 3834 4351 imbuere.

2200 4390 2337 4444 Data
2375 4389 2503 4444 Idus
2536 4389 2705 4457 Junii,
2741 4389 3040 4462 Adelphio,
3070 4390 3192 4445 viro
3219 4390 3553 4457 clarissimo,
3581 4392 3832 4445 consule.

2200 4483 2498 4537 LXXXVIII.
2527 4514 2595 4523 —
2624 4487 2755 4540 Item
2789 4484 3029 4552 ejusdem
3059 4485 3134 4539 ad
3162 4485 3482 4539 Anatolium
3505 4487 3834 4555 episcopum.

2118 4581 2178 4652 D
2273 4575 2465 4650 226
2485 4577 2569 4634 Ad
2589 4577 2984 4632 declinandam
3005 4578 3215 4633 erroris
3233 4579 3539 4645 maculam,
3561 4594 3673 4649 qua
3691 4594 3833 4632 non-

2200 4671 2390 4726 nullos
2403 4673 2502 4726 aut
2516 4671 2845 4726 Nestoriana
2854 4672 2933 4725 im
2943 4671 3144 4742 pietas,
3157 4674 3257 4726 aut
3268 4671 3602 4727 Eutichiana
3617 4671 3802 4726 labefa
3811 4702 3831 4712 -

2201 4765 2371 4820 ctavit
2396 4764 2632 4834 insania,
2671 4764 3012 4820 laudabilem
3038 4782 3233 4821 curam
3256 4765 3355 4820 ﬁlii
3381 4765 3557 4821 nostri
3596 4765 3834 4820 Basilius

2202 4864 2258 4914 et
2278 4861 2526 4915 Joannes
2553 4859 2888 4931 presbyteri,
2921 4876 3040 4914 sua:
3071 4859 3465 4915 aestimationis
3484 4859 3829 4923 habuerunt,

2201 4958 2264 5007 ut
2287 4952 2439 5007 inter
2457 4953 2772 5024 pugnantia
2795 4952 3070 5024 dogmata
3084 4952 3360 5021 falsitatis,
3385 4970 3516 5008 vera
3536 4953 3832 5009 catholicae

2203 5045 2331 5101 ﬁdei
2357 5062 2496 5116 pace
2517 5046 2850 5118 gauderent.
2883 5046 2942 5102 Si
2967 5046 3201 5118 quidem
3231 5047 3548 5119 longinquo
3582 5047 3832 5119 peregri-

2200 5138 2447 5195 nationis
2474 5139 2665 5195 labore
2696 5144 2977 5211 suscepto,
3009 5156 3241 5196 sensum
3273 5141 3459 5196 cordis
3484 5141 3570 5196 sui
3597 5140 3657 5195 in
3688 5157 3826 5213 apo-

2200 5231 2398 5288 stolica
2422 5232 2555 5288 sede
2581 5234 2918 5304 patefecere,
2952 5234 3285 5290 damnantes
3314 5240 3619 5306 utramque
3647 5234 3827 5289 haere-

2199 5325 2326 5396 sim,
2350 5343 2593 5398 quarum
2620 5343 2789 5399 supra
2808 5327 3049 5383 fecimus
3074 5329 3455 5397 mentionem,
3482 5334 3539 5384 et
3562 5328 3633 5383 de
3653 5330 3832 5383 incar-

2197 5420 2428 5476 natione
2458 5420 2685 5476 Domini
2727 5421 2905 5477 nostri
2941 5423 3071 5477 Jesu
3110 5422 3317 5478 Christi
3358 5438 3473 5477 non
3500 5421 3656 5477 aliud
3685 5423 3827 5477 reci-

2197 5514 2415 5587 pientes
2436 5532 2608 5587 quam
2630 5515 2785 5586 quod
2800 5515 3120 5571 instruente
3143 5518 3339 5571 sancto
3357 5515 3593 5588 Spiritu,
3614 5520 3673 5570 et
3692 5515 3831 5570 didi-

2196 5608 2376 5663 cimus
2403 5613 2461 5663 et
2495 5608 2788 5664 docemus.
2818 5610 2924 5665 Per
2946 5609 3052 5664 hos
3083 5625 3244 5681 ergo,
3272 5610 3450 5665 frater
3476 5609 3826 5674 charissima,

2195 5720 2322 5757 cum
2351 5701 2678 5757 testimonio
2705 5706 2900 5759 nostro
2918 5704 2988 5759 ad
3017 5704 3250 5776 propria
3276 5707 3650 5771 revertentes,
3682 5703 3825 5758 dile-

2194 5796 2364 5851 ctioni
2390 5799 2503 5850 tua:
2522 5798 2719 5852 nostra
2744 5796 2951 5870 scripta
2967 5798 3298 5865 direximus,
3326 5798 3577 5854 ﬁdenter
3603 5802 3829 5852 orantes
3857 5817 3863 5821 ·

2197 5894 2257 5945 ut
2296 5889 2393 5961 qui
2440 5888 2619 5959 gratia
2678 5891 3000 5962 apostolica:
3047 5891 3469 5949 communionis
3524 5895 3822 5957 ornantur,
