4040 6312
177 353 278 404 913

1421 359 1888 418 DECRETALIUM
1927 363 2312 419 COLLECTIO.

3443 369 3544 424 9M

177 462 360 518 etiam
393 467 494 517 tuo
535 463 724 518 favore
755 480 856 535 per
883 465 1080 520 omnia
1118 483 1176 520 se
1221 467 1506 536 gaudeant
1536 470 1810 540 adjuvari.
1837 471 2180 556 Aberrima:
2201 471 2524 527 sanctiones
2544 473 2750 544 quibus
2772 473 3040 530 insanam
3059 475 3406 547 imperitiam
3429 495 3546 532 mu-

173 557 320 612 Data
361 573 459 613 xm
499 557 776 612 Kalendas
813 558 962 628 Julii,
995 560 1294 632 Adelphio,
1325 562 1446 616 viro
1479 562 1810 634 clarissimo,

174 651 436 706 consule.
1793 669 1862 708 ς,

173 745 440 802 LXXXIX.
472 779 538 786 ——
578 748 746 816 Cujus
773 763 944 818 supra
988 750 1064 803 ad
1103 751 1440 805 Martianum
1483 753 1810 822 Augustum.

243 840 639 896 Credebamus
703 842 1068 898 clementiam
1121 846 1365 898 vestram
1419 843 1472 900 id
1529 845 1812 901 desiderio

173 937 375 989 nostro
441 951 604 1006 posse
677 939 967 1008 praestare,
1027 941 1107 1004 ut,
1165 938 1430 1010 praesenti
1478 941 1812 996 necessitate

173 1033 442 1100 respecta
479 1029 696 1085 differri
740 1031 807 1086 ad
860 1031 1236 1102 opportunius
1279 1037 1506 1104 tempus
1545 1035 1809 1091 sacerdo-

169 1125 348 1177 talem
406 1124 688 1194 synodum
745 1125 1045 1196 juberetis,
1105 1129 1167 1181 ut
1217 1127 1424 1181 vocatis
1475 1127 1546 1182 de
1598 1129 1812 1184 cunctis

169 1214 486 1284 provinciis
531 1216 915 1270 sacerdotibus
945 1233 1076 1270 vere
1105 1220 1296 1287 posset
1325 1233 1446 1272 esse
1489 1219 1810 1274 universale

171 1299 516 1378 conciliumj
533 1309 664 1376 Sed,
691 1310 825 1380 quia
851 1327 950 1365 vos
977 1327 1170 1366 amore
1197 1311 1486 1366 catholicae
1513 1313 1643 1368 fidei
1670 1330 1808 1368 con-

171 1389 576 1472 gregationem
608 1420 761 1458 nunc
789 1404 914 1459 fieri
949 1404 1220 1472 voluistis,
1251 1421 1324 1459 ne
1356 1405 1554 1460 devoto
1583 1407 1809 1462 obviare

165 1496 404 1550 viderer
459 1497 712 1566 arbitrio,
756 1497 992 1552 fratrem
1048 1503 1108 1553 et.
1163 1499 1567 1570 coepiscopum
1617 1517 1810 1556 meum

169 1591 540 1646 Paschasium
582 1591 654 1645 de
703 1592 902 1647 eadem
947 1594 1241 1664 provincia
1283 1611 1410 1664 qua:
1437 1594 1660 1649 videtur
1686 1612 1808 1650 esse

167 1685 450 1753 securior,
508 1689 828 1752 evocatum,
887 1687 985 1758 qui
1033 1688 1216 1742 vicem
1278 1688 1596 1760 praesentiae
1666 1705 1807 1744 mea!

167 1777 352 1848 possit
425 1779 662 1850 implere
737 1780 934 1848 direxi,
1001 1781 1316 1850 Bonifacio,
1383 1783 1553 1836 fratre
1615 1787 1808 1838 nostro

1915 565 2226 619 nachorum
2246 565 2464 638 dignati
2483 566 2615 620 estis
2631 567 2918 638 parcendo
2934 569 3203 640 plectere,
3217 575 3272 624 et
3291 569 3545 626 docendo

1913 659 2138 730 punire,
2169 662 2230 713 ut
2267 659 2310 714 si
2351 676 2448 714 eos
2491 661 2560 715 ad
2601 661 2992 732 pcenitentiam
3039 663 3328 719 miseratio
3359 665 3548 722 divina

1913 754 2272 822 converterit,
2306 753 2501 808 multis
2529 755 2812 826 lacrymis,
2845 761 2902 810 et
2926 773 2958 810 a
2987 757 3252 812 nefandis
3275 759 3545 828 caedibus,

1913 851 1970 901 et
1987 846 2057 900 ab
2079 847 2483 902 haereticorum
2509 848 2874 920 blasphemiis
2901 849 3209 906 diluantur.
3231 851 3394 915 Quod
3415 869 3546 907 vero

1912 939 2200 1011 piissimus
2223 941 2536 1012 imperator
2562 942 2630 996 ad
2658 959 2853 998 omnes
2881 943 3172 1015 episcopos
3201 946 3298 1018 qui
3319 946 3547 1001 Chalce-

1913 1033 2150 1088 donensi
2167 1034 2723 1105 synodointerfuere,
2739 1035 2914 1091 voluit
2930 1053 3022 1091 me
3045 1038 3250 1108 scripta
3273 1039 3544 1111 dirigere,

1912 1127 2115 1199 quibus
2129 1144 2254 1198 quae
2269 1127 2382 1182 illic
2395 1128 2468 1182 de
2481 1128 2609 1183 fidei
2628 1134 2760 1184 sunt
2771 1131 2970 1200 regula
2983 1131 3216 1186 definita
3229 1133 3541 1202 ﬁrmarem,

1911 1221 2156 1276 libenter
2183 1221 2434 1292 implevi,
2457 1239 2560 1277 nec
2585 1223 2758 1276 fallax
2781 1223 3082 1294 quisquam
3113 1225 3400 1280 simulatio
3421 1243 3545 1280 sen-

1911 1315 2152 1369 tentiam
2218 1331 2410 1369 meam
2463 1315 2660 1370 haberi
2707 1317 2872 1370 vellet
2917 1317 3213 1387 incertam,
3261 1335 3390 1374 cum
3441 1337 3542 1391 per

1911 1408 2600 1480 ConstantinOpolitanum
2615 1410 2967 1482 episcopum,
2981 1411 3070 1464 cui
3081 1413 3336 1467 laetitiam
3349 1429 3540 1468 meam

1911 1502 2145 1573 largiter
2171 1502 2433 1569 iudicavi,
2447 1503 2506 1557 in
2527 1504 2787 1558 omnium
2809 1505 3059 1575 potuerit
3071 1505 3334 1560 notitiam
3353 1523 3544 1578 perve-

1911 1595 2034 1650 nire
2049 1596 2206 1667 quod
2231 1596 2590 1667 scripseram,
2607 1597 2714 1651 nisi
2731 1598 3026 1654 maluisset
3051 1615 3246 1653 meum
3269 1599 3544 1670 gaudium

1909 1694 2094 1743 tacere
2124 1705 2300 1760 quam
2335 1691 2623 1760 repulsam
2653 1691 2740 1744 sui
2769 1691 3016 1746 ambitus
3041 1692 3350 1762 publicare,
3379 1693 3544 1748 fratri

1909 1785 1964 1836 et
1990 1781 2322 1854 coepiscopo
2349 1800 2479 1838 meo
2504 1783 2730 1839 Juliano
2760 1785 2852 1839 cui
2883 1784 3328 1840 sollicitudinem
3353 1803 3543 1841 meam

169 1873 638 1943 compresbytero
663 1873 893 1941 sociato,
919 1879 976 1928 et
995 1875 1083 1929 his
1109 1893 1254 1947 quos
1279 1881 1448 1930 antea
1475 1875 1807 1931 miseramus
1829 1859 1883 1930 Β
1906 1875 1966 1929 in
2007 1892 2236 1930 causam
2281 1875 2418 1930 ﬁdei
2467 1861 2744 1947 delegavi,
2795 1893 2935 1948 rogo
2987 1883 3048 1933 ut
3099 1895 3231 1932 eam
3279 1879 3540 1934 fiduciam

171 1965 478 2036 adiunctis,
498 1971 823 2021 consortem
845 1967 959 2021 illis
977 1969 1213 2024 fratrem
1244 1985 1468 2041 quoque
1495 1985 1691 2024 meum
1717 1972 1808 2025 Ju-

167 2059 260 2113 lia-
293 2077 390 2114 um
431 2061 702 2116 addentes
747 2062 1094 2133 episcopum.
1127 2063 1278 2127 Quos
1307 2080 1372 2118 ea
1415 2064 1806 2119 moderatione

169 2153 454 2220 universa,
471 2154 714 2208 Domino
738 2157 1070 2223 auxiliante,
1091 2158 1373 2212 credimus
1405 2173 1525 2212 esse
1546 2162 1806 2228 gesturos

171 2253 228 2300 ut
247 2264 610 2319 quaecunque
627 2248 684 2302 in
703 2251 996 2320 querelam
1015 2251 1623 2322 perturbationemque
1639 2268 1805 2306 vene-

171 2347 306 2395 runt
345 2341 418 2396 ad
461 2341 738 2396 unitatem
793 2343 950 2414 pacis
991 2349 1047 2398 et
1089 2345 1243 2412 ﬁdei,
1273 2362 1598 2416 compressa
1648 2345 1802 2400 omni

169 2433 520 2490 dissensione
575 2439 928 2503 revocentur,
981 2455 1086 2492 nec
1137 2439 1312 2492 ullum
1371 2439 1428 2492 in
1480 2439 1800 2510 aliquorum

169 2528 434 2583 cordibus
454 2529 827 2598 sacerdotum,
847 2532 936 2584 vel
959 2532 1319 2600 Nestorianae,
1339 2533 1426 2586 vel
1451 2533 1802 2587 Eutichianae

171 2621 478 2692 impietatis
505 2623 808 2694 vestigium
829 2623 1205 2696 relinquatur,
1233 2627 1503 2697 quoniam
1532 2626 1805 2680 catholica

169 2715 307 2769 ﬁdes
338 2732 516 2786 quam
555 2717 870 2771 instruente
918 2734 1023 2772 nos
1071 2719 1286 2789 Spiritu
1317 2720 1410 2772 Dei
1443 2737 1545 2789 per
1579 2724 1816 2794 sanctos

169 2810 360 2864 Patres
409 2825 442 2862 a
483 2809 660 2864 beatis
709 2811 978 2882 apostolis
1042 2811 1363 2880 didicimus,
1411 2817 1467 2868 et
1510 2801 1820 2882 docemus,l

169 2905 438 2956 neutrum
469 2903 772 2974 subrepere
802 2904 1096 2974 permittat
1123 2923 1397 2961 errorem.
1425 2906 1482 2961 Si
1509 2907 1642 2978 quid
1666 2924 1803 2978 ergo

167 2996 525 3065 morborum,
545 2997 592 3050 si
608 2997 763 3068 quod
784 3002 870 3052 est
890 3000 1210 3066 vulnerum,
1232 3000 1367 3070 quid
1384 2999 1602 3054 sincera
1627 3001 1805 3072 possit

167 3090 510 3144 correctione
534 3091 741 3158 curari,
767 3096 830 3146 ut
850 3093 920 3147 ad
939 3109 1136 3147 veram
1160 3095 1458 3148 sanitatem
1485 3101 1799 3162 revocetur,

169 3189 448 3255 optamus.
490 3183 628 3248 Quae
667 3201 818 3240 nunc
853 3187 1051 3258 utique
1097 3205 1212 3242 non
1261 3193 1427 3242 erant
1471 3187 1659 3258 dubia,
1695 3205 1802 3243 nec

163 3277 500 3348 cujusquam
531 3278 880 3350 simplicitati
925 3281 1192 3352 deinceps
1229 3282 1508 3348 nocitura,
1539 3283 1584 3336 si
1627 3282 1801 3336 nullis

167 3387 220 3426 se
250 3371 712 3426 excusationibus
741 3374 988 3428 voluerit
1017 3375 1382 3444 obumbrare,
1415 3391 1544 3429 cum
1577 3375 1802 3430 absolu-

167 3465 382 3519 tionem
433 3465 654 3536 peccati
701 3483 812 3521 non
867 3468 1134 3534 obtineat,
1181 3469 1284 3522 nisi
1331 3485 1462 3524 vera
1503 3470 1796 3523 confessio.

168 3560 310 3623 Quia
329 3575 460 3614 vero
487 3560 720 3631 quidam
746 3561 816 3615 de
845 3561 1114 3616 fratribus
1137 3563 1308 3634 (quod
1332 3564 1452 3617 sine
1471 3563 1660 3617 dolore
1683 3580 1796 3618 non

169 3653 426 3723 dicimus)
454 3657 656 3708 contra
695 3655 951 3710 turbines
999 3656 1258 3711 falsitatis
1299 3675 1416 3712 non
1443 3658 1666 3712 valuere
1703 3675 1797 3712 ca-

171 3747 434 3802 tholicam
461 3753 662 3802 tenere
691 3749 1088 3816 constantiam,
1121 3751 1456 3822 praedictum
1487 3751 1722 3806 fratrem
1743 3756 1801 3806 et

165 3841 562 3912 coepiscopum
593 3859 788 3897 meum
811 3843 926 3898 vice
953 3860 1082 3898 mea
1110 3845 1324 3915 synodo
1364 3845 1632 3900 convenit
1657 3863 1800 3916 prae-

167 3935 368 4002 sidere,
398 3941 586 3990 certus
613 3936 764 4007 quod
796 3937 1010 4009 absque
1036 3939 1163 3992 odio
1195 3943 1252 3993 et
1281 3940 1462 4010 gratia
1491 3939 1702 3994 ibidem
1726 3940 1798 3994 ab

169 4029 270 4096 his,
315 4029 524 4100 quibus
578 4029 686 4084 hoc
737 4031 1154 4098 commisimus,
1201 4033 1509 4102 laboretur,
1563 4039 1624 4088 ut
1669 4051 1796 4088 cum

168 4121 338 4177 solius
401 4123 680 4178 haeretica;
759 4125 1064 4196 impietatis
1139 4126 1352 4181 excidio
1413 4127 1468 4180 in
1537 4127 1800 4182 omnibus

171 4215 422 4270 Ecclesiis
469 4215 562 4270 Dei
610 4217 816 4271 veritas
865 4222 1066 4289 regnet
1123 4223 1180 4273 et
1229 4220 1494 4274 Charitas.
1562 4222 1700 4275 Data
1745 4237 1797 4274 v1

169 4309 440 4364 Kalendas
464 4310 618 4378 Julii,
647 4311 926 4383 Adelphio
955 4312 1076 4366 viro
1106 4313 1412 4368 clarissimo
1444 4315 1687 4368 consule.

271 4403 376 4458 XC.
403 4433 473 4444 -—
500 4403 662 4472 Cujus
686 4420 856 4476 supra
884 4406 958 4460 ad
983 4407 1322 4461 Pulcheriam
1364 4407 1688 4476 Augustam.

236 4497 506 4560 Quamvis
533 4499 716 4552 nullas
747 4517 898 4554 nunc
927 4500 1146 4554 litteras
1170 4504 1283 4554 tute
1313 4500 1540 4570 pietatis
1564 4517 1794 4572 accepe-

1821 3231 1876 3305 C

1906 1969 2166 2040 praebere
2213 1969 2528 2040 dignemini
2565 1987 2677 2041 qua
2723 1971 2915 2041 pietati
2955 1977 3154 2026 vestrm
3199 1973 3377 2043 possit
3416 1989 3544 2044 quae

1905 2063 2208 2118 universali
2243 2063 2504 2117 Ecclesia;
2549 2063 2660 2117 sint
2709 2065 3002 2134 profutura
3045 2081 3372 2136 suggerere.
3403 2067 3542 2120 Data

1907 2174 1982 2212 x11
2012 2156 2290 2210 Kalendas
2319 2156 2546 2228 Aprilis,
2579 2155 2840 2228 Opilione
2879 2157 2998 2211 viro
3049 2157 3363 2213 clarissimo
3401 2175 3532 2212 con-

1907 2252 2041 2305 sule.

2011 2345 2136 2399 XCI.
2155 2375 2223 2385 —-
2243 2345 2336 2400 Ad
2359 2347 2658 2401 Mamimum
2677 2347 3070 2402 Antiochenam
3101 2349 3429 2419 episcopum.

1975 2439 2266 2502 Quantum
2314 2437 2602 2493 dilectioni
2641 2442 2750 2493 tum
2789 2441 3010 2510 placeat
3045 2441 3367 2495 communis
3407 2439 3538 2496 fidei

1903 2532 2284 2587 sacratissima
2315 2532 2521 2599 unitas,
2555 2537 2612 2586 et
2636 2533 2790 2603 pacis
2813 2534 3204 2588 ecclesiasticas
3239 2535 3542 2605 tranquilla

1904 2626 2227 2692 concordia,
2259 2625 2578 2680 litterarum
2609 2631 2840 2680 tuarum
2877 2629 3064 2681 textus
3103 2627 3368 2696 ostendit,
3397 2644 3538 2699 quas

1903 2720 1972 2774 ad
2000 2735 2103 2773 nos
2131 2718 2230 2772 ﬁlii
2259 2719 2436 2773 nostri
2461 2719 2766 2774 Martianus
2809 2721 3128 2792 presbyter,
3158 2727 3214 2775 et
3241 2719 3538 2792 Olympius

1903 2813 2172 2868 diaconus
2203 2812 2480 2881 detulere,
2509 2829 2577 2867 eo
2607 2813 2770 2867 nobis
2799 2813 3074 2883 gratiores
3097 2813 3234 2885 quid
3261 2830 3362 2886 per
3391 2813 3542 2886 ipsas

1903 2907 2152 2978 alloquia
2173 2907 2398 2962 alterna
2427 2906 2751 2974 miscemus,
2773 2911 2832 2962 et
2851 2907 3039 2978 magis
3063 2907 3360 2980 magisque
3379 2907 3542 2962 inno-

1903 3005 2118 3055 tescere
2148 2999 2392 3070 gratiam
2419 2999 2540 3068 Dei,
2568 3017 2684 3071 qua
2709 2999 2772 3055 fit
2799 3005 2866 3055 ut
2903 3017 3004 3071 per
3029 3004 3216 3056 totum
3255 2999 3540 3055 mundum

1904 3093 1972 3148 de
2007 3093 2307 3148 manifesto
2347 3093 2641 3148 catholicae
2665 3093 2918 3149 veritatis
2947 3093 3164 3149 lumine
3201 3093 3536 3165 gaudeatur.

1903 3186 2163 3251 Quamvis
2217 3187 2390 3258 (quod
2437 3187 2686 3241 multum
2738 3187 3018 3257 dolemus)
3065 3186 3300 3258 quidam
3356 3187 3542 3242 adhuc

1902 3279 2044 3335 sicut
2103 3297 2289 3334 sermo
2353 3280 2564 3334 indicat
2643 3280 3011 3342 nuntiorum,
3070 3279 3337 3334 tenebras
3411 3296 3541 3334 suas

1902 3373 2160 3444 diligant,
2195 3377 2252 3427 et
2290 3389 2420 3427 cum
2466 3373 2678 3444 ubique
2709 3373 2822 3427 diei
2863 3372 3138 3444 splendor
3180 3375 3414 3428 exortus
3443 3373 3534 3440 sit,

1901 3466 2070 3521 etiam
2111 3483 2262 3521 nunc
2309 3466 2572 3521 caecitatis
2617 3483 2734 3521 sum
2783 3467 3135 3520 delectentur
3183 3466 3448 3534 obscuro,
3477 3469 3538 3520 et

1899 3560 2118 3632 perdita
2141 3559 2252 3614 fide
2271 3559 2392 3614 solo
2415 3564 2470 3614 et
2491 3576 2664 3614 vacuo
2685 3559 3067 3614 remanserint
3093 3559 3322 3614 nomine
3351 3559 3538 3614 Chris-

1898 3654 2056 3723 tiani,
2099 3671 2218 3708 non
2273 3654 2548 3708 habentes
2603 3653 3067 3724 intelligentiam,
3119 3670 3232 3725 qua
3276 3669 3536 3708 errorem

1899 3748 1968 3802 ab
2011 3764 2204 3802 errore
2255 3747 2595 3814 discernant,
2629 3752 2684 3801 et
2729 3746 3142 3818 blasphemiam
3187 3745 3428 3801 Nestorii
3465 3745 3536 3800 ab

1901 3841 2150 3896 Eutichis
2209 3840 2501 3912 impietate
2567 3840 2939 3912 distinguant.
2999 3841 3111 3894 Nec
3173 3839 3331 3894 enim
3397 3839 3532 3894 ideo

1899 3935 2234 3990 excusabilis
2259 3934 2438 3990 videri
2463 3934 2656 4006 aliqua
2695 3950 2895 3989 eorum
2921 3933 3140 3989 falsitas
3169 3937 3375 4005 potest,
3404 3933 3538 4005 quia

1898 4030 2004 4101 ipsi
2051 4035 2184 4084 sunt
2211 4029 2272 4083 in
2319 4045 2424 4084 sua
2467 4031 2833 4100 perversitate
2877 4028 3167 4084 contrarii.
3215 4029 3362 4083 Nam
3406 4043 3538 4082 cum

1898 4123 2224 4178 Nestorium
2261 4123 2572 4178 Eutichetis
2603 4122 2862 4194 discipuli
2895 4122 3268 4191 detestentur,
3299 4125 3356 4176 et
3384 4121 3534 4176 Euti-

1899 4217 2046 4272 chen
2077 4217 2566 4272 anathematizent
2593 4216 2828 4270 Nestorii
2864 4219 3189 4282 sectatores,
3224 4215 3534 4270 catholico-

1899 4328 2028 4365 rum
2051 4310 2266 4382 judicio
2297 4326 2428 4380 pars
2457 4313 2697 4380 utraque
2724 4310 3050 4377 damnatur,
3076 4313 3132 4362 et
3155 4309 3337 4362 ambas
3367 4308 3538 4363 simul

1897 4405 2144 4458 haereses
2167 4421 2200 4456 a
2223 4419 2461 4473 corpore
2495 4402 2755 4457 Ecclesiae
2781 4407 3129 4468 resecantur,
3157 4401 3294 4472 quia
3321 4405 3528 4456 neutra

1897 4497 2108 4551 falsitas
2151 4496 2450 4551 nobiscum
2493 4499 2678 4566 potest
2726 4495 2938 4550 habere
2993 4494 3372 4550 concordiam.
3421 4495 3532 4549 Nec

171 4589 294 4660 rim,
337 4591 620 4646 scribente
669 4598 862 4647 tamen
913 4593 1321 4664 gloriosissimo
1366 4595 1640 4665 principe,
1681 4591 2132 4676 nonDinterest
2171 4607 2284 4662 quo
2327 4589 2618 4660 sacrilegio
2665 4589 2734 4643 ab
2777 4587 3184 4644 incarnationis
3229 4587 3538 4642 Dominicae

167 4685 326 4738 aliter
351 4684 683 4756 dignatione
709 4687 886 4758 ipsius
913 4704 1038 4742 sum
1067 4689 1308 4758 gavisus,
1338 4705 1510 4759 quam
1553 4689 1599 4742 si
1629 4689 1800 4743 etiam

167 4785 274 4832 tua:
315 4778 640 4832 serenitatis
671 4779 1048 4835 redderentur
1077 4781 1338 4852 alloquia.
1371 4783 1529 4836 Unde
1559 4798 1794 4836 consue-

169 4871 422 4928 tudinem
457 4889 550 4926 me
576 4873 828 4928 debitam
857 4875 970 4928 mei
1011 4875 1181 4929 ofﬁcii
1213 4875 1466 4946 oportuit
1494 4875 1795 4946 custodire,

169 4982 262 5034 per
299 4983 474 5037 quam
519 4966 903 5037 signiﬁcarem
955 4969 1271 5024 clementiae
1303 4973 1504 5022 vestrm
1544 4970 1798 5024 absolute

169 5076 250 5114 me
281 5059 552 5131 gaudere,
587 5067 644 5114 et
687 5061 1112 5117 incessabilibus
1143 5079 1176 5117 a
1221 5064 1339 5118 Deo
1389 5062 1650 5133 precibus
1693 5079 1796 5134 po-

165 5155 388 5222 stulare,
417 5157 484 5208 ut
509 5171 606 5208 vos
635 5158 692 5210 et
718 5157 988 5212 Romana:
1019 5157 1343 5228 reipublicae
1371 5157 1664 5212 catholica:
1695 5159 1796 5212 Ec-

166 5247 340 5302 clesia!
389 5247 450 5302 in
497 5249 654 5303 omni
705 5251 1084 5321 prosperitate
1127 5256 1440 5306 conservet.
1481 5252 1558 5304 De
1603 5251 1798 5321 vigore

163 5345 348 5396 autem
379 5341 510 5397 ﬁdei
539 5347 736 5396 vestrae
768 5344 924 5416 quod
951 5344 1343 5400 indesinenter
1366 5345 1604 5400 Domino
1634 5345 1798 5399 sacri-

165 5435 352 5490 ticium
406 5435 592 5491 laudis
637 5436 868 5504 offertis,
923 5443 1160 5508 quantas
1203 5441 1318 5494 Deo
1368 5439 1576 5510 gratias
1625 5455 1796 5510 agam

165 5545 422 5585 enarrare
453 5541 572 5584 neu
601 5531 776 5600 valeo,
809 5537 1086 5603 quantum
1131 5533 1484 5604 principibus
1519 5532 1796 5604 temporis

161 5623 334 5678 nostri
359 5641 476 5679 non
501 5624 688 5678 solum
735 5625 1048 5696 potentiam
1093 5626 1336 5692 regiam,
1367 5626 1464 5681 sed
1504 5627 1676 5681 etiam
1709 5644 1792 5681 sa-

164 5717 504 5773 cerdotalem
525 5719 918 5790 cognoscimus
935 5719 1120 5774 inesse
1147 5700 1796 5784 doctrinam.\1udicante

164 5811 310 5866 enim
341 5811 516 5867 fratre
557 5829 688 5867 meo
713 5813 940 5868 Iuliano
985 5813 1274 5886 episcopo,
1305 5818 1686 5886 pervenerunt
1722 5815 1796 5868 ad

165 5921 262 5958 nos
289 5905 340 5960 in
378 5906 802 5977 exemplaribus
833 5908 1266 5978 perceptinnum
1299 5914 1612 5962 vestrarum
1641 5909 1790 5962 salu-

1901 4686 2132 4740 veritate
2145 4683 2491 4750 discordent,
2512 4683 2646 4738 dum
2661 4683 2719 4737 id
2733 4682 2888 4754 quod
2903 4681 3238 4754 pravissime
3259 4681 3530 4744 sentiunt,

1900 4796 2006 4834 nec
2045 4777 2352 4833 auctoritas
2395 4776 2708 4848 Evangelii,
2743 4791 2848 4830 nec
2897 4775 3039 4830 ratio
3069 4774 3306 4846 recipiat
3343 4791 3531 4830 sacra-

1899 4873 2097 4929 menti.
2119 4875 2186 4929 Et
2207 4871 2907 4940 ideo,fratercharissime,
2923 4874 3146 4940 oportet
3171 4868 3532 4924 dilectionem

1897 4971 2057 5022 tuam
2077 4970 2198 5023 toto
2220 4967 2390 5021 corde
2411 4965 2754 5036 perspicere,
2778 4965 2937 5034 cujus
2965 4963 3226 5018 Ecclesiae
3249 4962 3528 5034 guberna-
3557 4951 3576 5033 ᾗ

1899 5061 2039 5116 culis
2053 5064 2107 5116 te
2124 5060 2394 5115 Dominus
2405 5059 2644 5114 voluerit
2656 5057 2982 5130 praesidere,
2997 5060 3054 5111 et
3065 5057 3187 5128 ejus
3205 5055 3533 5111 meminisse

1901 5155 2192 5222 doctrinae,
2239 5170 2414 5225 quam
2473 5152 2790 5225 praecipuus
2837 5150 3226 5222 apostolorum
3275 5149 3532 5205 omnium

1897 5248 2256 5304 beatissimus
2315 5249 2512 5303 Petrus
2569 5261 2671 5318 per
2713 5247 2900 5300 totum
2957 5243 3244 5300 mundum
3301 5244 3532 5316 quidem

1901 5341 2170 5397 uniformi
2215 5340 2642 5413 praedicatione,
2687 5339 2786 5394 sed
2829 5338 3058 5410 speciali
3099 5338 3432 5410 magisterio
3477 5337 3535 5392 in

1895 5435 2246 5490 Antiochena
2292 5441 2350 5489 et
2384 5435 2640 5488 Romana
2687 5433 2826 5488 urbe
2869 5431 3148 5501 fundavit,
3180 5438 3242 5487 ut
3283 5432 3444 5486 illum
3477 5431 3533 5484 in

1898 5546 2013 5584 suae
2032 5527 2457 5600 gloriﬁcationis
2471 5526 2758 5582 domicilio
2773 5526 3268 5597 praeminentem,
3287 5541 3350 5579 ea
3371 5523 3532 5578 intel-

1896 5623 2041 5696 ligas
2069 5637 2362 5694 reposcere
2389 5622 2646 5677 instituta
2683 5637 2812 5692 quae
2851 5619 3103 5684 tradidit,
3133 5619 3280 5674 sicut
3309 5617 3380 5672 ab
3407 5617 3533 5687 ipsa

1899 5735 2070 5790 quam
2115 5717 2406 5772 confessus
2451 5719 2536 5770 est
2581 5715 2820 5770 veritate
2865 5712 3129 5783 suscepit.
3181 5712 3374 5781 Neque
3419 5710 3532 5764 ullo

1899 5813 2067 5868 modo
2111 5811 2262 5867 sinas
2289 5811 2348 5866 in
2377 5809 2756 5866 Orientalibus
2791 5807 3052 5862 Ecclesiis
3083 5802 3444 5876 maximeque
3473 5804 3532 5858 in

1899 5906 1986 5962 his
2017 5923 2158 5978 quas
2185 5905 2554 5962 Antiocheam
2601 5903 2718 5958 sedi
2755 5898 3262 5956 sacratissimorum
3299 5899 3532 5956 Patrum
