  <div class='ocr_page' id='page_1' title='image "/cluster/home/n/w/nwhite01/storage/ocr_20150623/130/umn.319510024774230/533.png"; bbox 0 0 4040 6332; ppageno 0'>
   <div class='ocr_carea' id='block_1_1' title="bbox 479 370 579 422">
    <p class='ocr_par' dir='ltr' id='par_1_1' title="bbox 479 370 579 422">
     <span class='ocr_line' id='line_1_1' title="bbox 479 370 579 422; baseline -0.03 0"><span class='ocrx_word' id='word_1_1' title='bbox 479 370 579 422; x_wconf 73' lang='grc' dir='ltr'><strong>91ῖὶ</strong></span> 
     </span>
    </p>
   </div>
   <div class='ocr_carea' id='block_1_2' title="bbox 1380 366 2956 423">
    <p class='ocr_par' dir='ltr' id='par_1_2' title="bbox 1380 366 2956 423">
     <span class='ocr_line' id='line_1_2' title="bbox 1380 366 2956 423; baseline -0.001 -1"><span class='ocrx_word' id='word_1_2' title='bbox 1380 369 1660 423; x_wconf 72' lang='lat' dir='ltr'><strong>.U’I’END.</strong></span> <span class='ocrx_word' id='word_1_3' title='bbox 1705 368 1790 423; x_wconf 71' lang='lat' dir='ltr'><strong>AD</strong></span> <span class='ocrx_word' id='word_1_4' title='bbox 1830 367 1991 422; x_wconf 62' lang='lat' dir='ltr'><strong>SJ‘LC.</strong></span> <span class='ocrx_word' id='word_1_5' title='bbox 2038 367 2122 420; x_wconf 85' lang='grc' dir='ltr'><strong>ΙΧ.</strong></span> <span class='ocrx_word' id='word_1_6' title='bbox 2151 396 2216 403; x_wconf 77' lang='lat'><strong>———</strong></span> <span class='ocrx_word' id='word_1_7' title='bbox 2256 366 2499 421; x_wconf 76' lang='lat' dir='ltr'><strong>ISIDUHI</strong></span> <span class='ocrx_word' id='word_1_8' title='bbox 2538 367 2956 423; x_wconf 74' lang='lat' dir='ltr'><strong>MERCA’I&#39;UIUS</strong></span> 
     </span>
    </p>
   </div>
   <div class='ocr_carea' id='block_1_3' title="bbox 3745 372 3849 421">
    <p class='ocr_par' dir='ltr' id='par_1_3' title="bbox 3745 372 3849 421">
     <span class='ocr_line' id='line_1_3' title="bbox 3745 372 3849 421; baseline -0.019 0"><span class='ocrx_word' id='word_1_9' title='bbox 3745 372 3849 421; x_wconf 65' lang='lat' dir='ltr'><strong>9H3</strong></span> 
     </span>
    </p>
   </div>
   <div class='ocr_carea' id='block_1_4' title="bbox 480 472 3850 559">
    <p class='ocr_par' dir='ltr' id='par_1_4' title="bbox 480 472 3850 559">
     <span class='ocr_line' id='line_1_4' title="bbox 480 472 3850 559; baseline 0 -29"><span class='ocrx_word' id='word_1_10' title='bbox 480 472 689 531; x_wconf 82' lang='lat' dir='ltr'><strong>Nicani</strong></span> <span class='ocrx_word' id='word_1_11' title='bbox 744 491 995 531; x_wconf 81' lang='lat' dir='ltr'><strong>canones</strong></span> <span class='ocrx_word' id='word_1_12' title='bbox 1047 477 1317 547; x_wconf 82' lang='lat' dir='ltr'><strong>deputare</strong></span> <span class='ocrx_word' id='word_1_13' title='bbox 1365 476 1434 531; x_wconf 90' lang='lat' dir='ltr'><strong>ab</strong></span> <span class='ocrx_word' id='word_1_14' title='bbox 1488 477 1762 548; x_wconf 84' lang='lat' dir='ltr'><strong>improbis</strong></span> <span class='ocrx_word' id='word_1_15' title='bbox 1828 476 2108 532; x_wconf 82' lang='lat' dir='ltr'><strong>hareticis</strong></span> <span class='ocrx_word' id='word_1_16' title='bbox 2129 486 2188 559; x_wconf 78' lang='grc' dir='ltr'><strong>Α</strong></span> <span class='ocrx_word' id='word_1_17' title='bbox 2207 475 2593 530; x_wconf 89' lang='lat' dir='ltr'><strong>authenticam</strong></span> <span class='ocrx_word' id='word_1_18' title='bbox 2623 475 2844 530; x_wconf 86' lang='lat' dir='ltr'><strong>noveris</strong></span> <span class='ocrx_word' id='word_1_19' title='bbox 2869 474 3168 547; x_wconf 88' lang='lat' dir='ltr'><strong>reperisse,</strong></span> <span class='ocrx_word' id='word_1_20' title='bbox 3192 476 3299 530; x_wconf 91' lang='lat' dir='ltr'><strong>hoc</strong></span> <span class='ocrx_word' id='word_1_21' title='bbox 3322 477 3513 532; x_wconf 89' lang='lat' dir='ltr'><strong>tamen</strong></span> <span class='ocrx_word' id='word_1_22' title='bbox 3538 474 3850 548; x_wconf 87' lang='lat' dir='ltr'><strong>proprium</strong></span> 
     </span>
    </p>
   </div>
   <div class='ocr_carea' id='block_1_5' title="bbox 480 569 2107 640">
    <p class='ocr_par' dir='ltr' id='par_1_5' title="bbox 480 569 2107 640">
     <span class='ocr_line' id='line_1_5' title="bbox 480 569 2107 640; baseline 0.002 -16"><span class='ocrx_word' id='word_1_23' title='bbox 480 569 786 640; x_wconf 87' lang='lat' dir='ltr'><strong>Evangelio</strong></span> <span class='ocrx_word' id='word_1_24' title='bbox 814 570 1087 637; x_wconf 88' lang='lat' dir='ltr'><strong>resultari,</strong></span> <span class='ocrx_word' id='word_1_25' title='bbox 1116 576 1173 625; x_wconf 89' lang='lat' dir='ltr'><strong>et</strong></span> <span class='ocrx_word' id='word_1_26' title='bbox 1197 570 1281 625; x_wconf 87' lang='lat' dir='ltr'><strong>vel</strong></span> <span class='ocrx_word' id='word_1_27' title='bbox 1308 570 1572 640; x_wconf 89' lang='lat' dir='ltr'><strong>Nestorii,</strong></span> <span class='ocrx_word' id='word_1_28' title='bbox 1604 572 1693 626; x_wconf 88' lang='lat' dir='ltr'><strong>vel</strong></span> <span class='ocrx_word' id='word_1_29' title='bbox 1737 572 2049 628; x_wconf 85' lang='lat' dir='ltr'><strong>Euticlietis</strong></span> <span class='ocrx_word' id='word_1_30' title='bbox 2073 590 2107 628; x_wconf 90' lang='lat' dir='ltr'><strong>a</strong></span> 
     </span>
    </p>
   </div>
   <div class='ocr_carea' id='block_1_6' title="bbox 478 664 2103 738">
    <p class='ocr_par' dir='ltr' id='par_1_6' title="bbox 478 664 2103 738">
     <span class='ocr_line' id='line_1_6' title="bbox 478 664 2103 738; baseline 0.002 -20"><span class='ocrx_word' id='word_1_31' title='bbox 478 680 766 737; x_wconf 87' lang='lat' dir='ltr'><strong>quoquam</strong></span> <span class='ocrx_word' id='word_1_32' title='bbox 809 665 1020 736; x_wconf 81' lang='lat' dir='ltr'><strong>dogma</strong></span> <span class='ocrx_word' id='word_1_33' title='bbox 1065 664 1319 719; x_wconf 86' lang='lat' dir='ltr'><strong>defendi.</strong></span> <span class='ocrx_word' id='word_1_34' title='bbox 1353 665 1631 728; x_wconf 84' lang='lat' dir='ltr'><strong>Quoniam</strong></span> <span class='ocrx_word' id='word_1_35' title='bbox 1666 666 1827 726; x_wconf 81' lang='lat' dir='ltr'><strong>(sicut</strong></span> <span class='ocrx_word' id='word_1_36' title='bbox 1850 666 1980 738; x_wconf 85' lang='lat' dir='ltr'>dixi)</span> <span class='ocrx_word' id='word_1_37' title='bbox 2011 684 2103 722; x_wconf 86' lang='lat' dir='ltr'><strong>ca-</strong></span> 
     </span>
    </p>
   </div>
   <div class='ocr_carea' id='block_1_7' title="bbox 477 757 2107 832">
    <p class='ocr_par' dir='ltr' id='par_1_7' title="bbox 477 757 2107 832">
     <span class='ocr_line' id='line_1_7' title="bbox 477 757 2107 832; baseline 0.003 -21"><span class='ocrx_word' id='word_1_38' title='bbox 477 758 696 813; x_wconf 85' lang='lat' dir='ltr'><strong>tholica</strong></span> <span class='ocrx_word' id='word_1_39' title='bbox 716 757 853 812; x_wconf 89' lang='lat' dir='ltr'><strong>ﬁdei</strong></span> <span class='ocrx_word' id='word_1_40' title='bbox 880 762 1057 829; x_wconf 84' lang='lat' dir='ltr'><strong>petra,</strong></span> <span class='ocrx_word' id='word_1_41' title='bbox 1078 758 1240 829; x_wconf 89' lang='lat' dir='ltr'><strong>cujus</strong></span> <span class='ocrx_word' id='word_1_42' title='bbox 1260 774 1582 829; x_wconf 83' lang='lat' dir='ltr'><strong>cognomen</strong></span> <span class='ocrx_word' id='word_1_43' title='bbox 1605 759 1801 815; x_wconf 88' lang='lat' dir='ltr'><strong>beatus</strong></span> <span class='ocrx_word' id='word_1_44' title='bbox 1822 762 2107 832; x_wconf 81' lang='lat' dir='ltr'><strong>apostolus</strong></span> 
     </span>
    </p>
   </div>
   <div class='ocr_carea' id='block_1_8' title="bbox 480 852 2107 927">
    <p class='ocr_par' dir='ltr' id='par_1_8' title="bbox 480 852 2107 927">
     <span class='ocr_line' id='line_1_8' title="bbox 480 852 2107 927; baseline 0.004 -22"><span class='ocrx_word' id='word_1_45' title='bbox 480 853 671 905; x_wconf 83' lang='lat' dir='ltr'><strong>Petrus</strong></span> <span class='ocrx_word' id='word_1_46' title='bbox 691 852 952 922; x_wconf 88' lang='lat' dir='ltr'><strong>sumpsit,</strong></span> <span class='ocrx_word' id='word_1_47' title='bbox 976 868 1008 905; x_wconf 87' lang='lat' dir='ltr'><strong>a</strong></span> <span class='ocrx_word' id='word_1_48' title='bbox 1035 852 1273 907; x_wconf 87' lang='lat' dir='ltr'><strong>Domino</strong></span> <span class='ocrx_word' id='word_1_49' title='bbox 1304 854 1527 907; x_wconf 90' lang='lat' dir='ltr'><strong>nullum</strong></span> <span class='ocrx_word' id='word_1_50' title='bbox 1552 853 1758 925; x_wconf 88' lang='lat' dir='ltr'><strong>recipit</strong></span> <span class='ocrx_word' id='word_1_51' title='bbox 1774 854 1845 909; x_wconf 90' lang='lat' dir='ltr'><strong>ab</strong></span> <span class='ocrx_word' id='word_1_52' title='bbox 1865 858 2107 927; x_wconf 90' lang='lat' dir='ltr'><strong>utraque</strong></span> 
     </span>
    </p>
   </div>
   <div class='ocr_carea' id='block_1_9' title="bbox 476 945 2106 1021">
    <p class='ocr_par' dir='ltr' id='par_1_9' title="bbox 476 945 2106 1021">
     <span class='ocr_line' id='line_1_9' title="bbox 476 945 2106 1021; baseline 0.004 -22"><span class='ocrx_word' id='word_1_53' title='bbox 476 945 771 1016; x_wconf 77' lang='lat' dir='ltr'><strong>impietate</strong></span> <span class='ocrx_word' id='word_1_54' title='bbox 799 946 1121 1019; x_wconf 82' lang='lat' dir='ltr'><strong>vestigium,</strong></span> <span class='ocrx_word' id='word_1_55' title='bbox 1151 947 1250 1001; x_wconf 91' lang='lat' dir='ltr'><strong>sed</strong></span> <span class='ocrx_word' id='word_1_56' title='bbox 1276 947 1573 1003; x_wconf 82' lang='lat' dir='ltr'><strong>evidenter</strong></span> <span class='ocrx_word' id='word_1_57' title='bbox 1598 952 1767 1020; x_wconf 89' lang='lat' dir='ltr'><strong>atque</strong></span> <span class='ocrx_word' id='word_1_58' title='bbox 1807 950 2106 1021; x_wconf 89' lang='lat' dir='ltr'><strong>perspicue</strong></span> 
     </span>
    </p>
   </div>
   <div class='ocr_carea' id='block_1_10' title="bbox 479 1040 2107 1115">
    <p class='ocr_par' dir='ltr' id='par_1_10' title="bbox 479 1040 2107 1115">
     <span class='ocr_line' id='line_1_10' title="bbox 479 1040 2107 1115; baseline 0.004 -22"><span class='ocrx_word' id='word_1_59' title='bbox 479 1043 535 1093; x_wconf 89' lang='lat' dir='ltr'><strong>ct</strong></span> <span class='ocrx_word' id='word_1_60' title='bbox 579 1040 900 1095; x_wconf 88' lang='lat' dir='ltr'><strong>Nestorium</strong></span> <span class='ocrx_word' id='word_1_61' title='bbox 947 1040 1408 1109; x_wconf 87' lang='lat' dir='ltr'><strong>anathematizat,</strong></span> <span class='ocrx_word' id='word_1_62' title='bbox 1460 1041 1558 1113; x_wconf 87' lang='lat' dir='ltr'><strong>qui</strong></span> <span class='ocrx_word' id='word_1_63' title='bbox 1597 1042 1755 1097; x_wconf 83' lang='lat' dir='ltr'><strong>verbi</strong></span> <span class='ocrx_word' id='word_1_64' title='bbox 1810 1044 2107 1115; x_wconf 85' lang='lat' dir='ltr'><strong>carnisque</strong></span> 
     </span>
    </p>
   </div>
   <div class='ocr_carea' id='block_1_11' title="bbox 476 1134 2104 1210">
    <p class='ocr_par' dir='ltr' id='par_1_11' title="bbox 476 1134 2104 1210">
     <span class='ocr_line' id='line_1_11' title="bbox 476 1134 2104 1210; baseline 0.004 -23"><span class='ocrx_word' id='word_1_65' title='bbox 476 1137 738 1189; x_wconf 88' lang='lat' dir='ltr'><strong>naturam</strong></span> <span class='ocrx_word' id='word_1_66' title='bbox 763 1134 823 1189; x_wconf 92' lang='lat' dir='ltr'><strong>in</strong></span> <span class='ocrx_word' id='word_1_67' title='bbox 855 1135 1037 1190; x_wconf 88' lang='lat' dir='ltr'><strong>beata</strong></span> <span class='ocrx_word' id='word_1_68' title='bbox 1066 1135 1308 1207; x_wconf 83' lang='lat' dir='ltr'><strong>Virginis</strong></span> <span class='ocrx_word' id='word_1_69' title='bbox 1345 1136 1747 1207; x_wconf 87' lang='lat' dir='ltr'><strong>conjunctione</strong></span> <span class='ocrx_word' id='word_1_70' title='bbox 1777 1137 2104 1210; x_wconf 88' lang='lat' dir='ltr'><strong>sejungens,</strong></span> 
     </span>
    </p>
   </div>
   <div class='ocr_carea' id='block_1_12' title="bbox 475 1228 2103 1303">
    <p class='ocr_par' dir='ltr' id='par_1_12' title="bbox 475 1228 2103 1303">
     <span class='ocr_line' id='line_1_12' title="bbox 475 1228 2103 1303; baseline 0.004 -22"><span class='ocrx_word' id='word_1_71' title='bbox 475 1244 768 1299; x_wconf 89' lang='lat' dir='ltr'><strong>unumque</strong></span> <span class='ocrx_word' id='word_1_72' title='bbox 795 1228 1082 1285; x_wconf 89' lang='lat' dir='ltr'><strong>Christum</strong></span> <span class='ocrx_word' id='word_1_73' title='bbox 1111 1229 1168 1283; x_wconf 91' lang='lat' dir='ltr'><strong>in</strong></span> <span class='ocrx_word' id='word_1_74' title='bbox 1194 1230 1334 1284; x_wconf 91' lang='lat' dir='ltr'><strong>duos</strong></span> <span class='ocrx_word' id='word_1_75' title='bbox 1361 1229 1642 1301; x_wconf 86' lang='lat' dir='ltr'><strong>dividens,</strong></span> <span class='ocrx_word' id='word_1_76' title='bbox 1667 1230 1838 1287; x_wconf 89' lang='lat' dir='ltr'><strong>aliam</strong></span> <span class='ocrx_word' id='word_1_77' title='bbox 1860 1231 2103 1303; x_wconf 88' lang='lat' dir='ltr'><strong>deitatis,</strong></span> 
     </span>
    </p>
   </div>
   <div class='ocr_carea' id='block_1_13' title="bbox 476 1321 2107 1396">
    <p class='ocr_par' dir='ltr' id='par_1_13' title="bbox 476 1321 2107 1396">
     <span class='ocr_line' id='line_1_13' title="bbox 476 1321 2107 1396; baseline 0.004 -21"><span class='ocrx_word' id='word_1_78' title='bbox 476 1325 531 1375; x_wconf 90' lang='lat' dir='ltr'><strong>et</strong></span> <span class='ocrx_word' id='word_1_79' title='bbox 574 1321 744 1376; x_wconf 87' lang='lat' dir='ltr'><strong>aliam</strong></span> <span class='ocrx_word' id='word_1_80' title='bbox 795 1322 1165 1377; x_wconf 84' lang='lat' dir='ltr'><strong>humanitatis</strong></span> <span class='ocrx_word' id='word_1_81' title='bbox 1208 1323 1389 1378; x_wconf 90' lang='lat' dir='ltr'><strong>voluit</strong></span> <span class='ocrx_word' id='word_1_82' title='bbox 1435 1340 1554 1380; x_wconf 90' lang='lat' dir='ltr'><strong>esse</strong></span> <span class='ocrx_word' id='word_1_83' title='bbox 1602 1341 1928 1396; x_wconf 85' lang='lat' dir='ltr'><strong>personam,</strong></span> <span class='ocrx_word' id='word_1_84' title='bbox 1977 1342 2107 1381; x_wconf 90' lang='lat' dir='ltr'><strong>cum</strong></span> 
     </span>
    </p>
   </div>
   <div class='ocr_carea' id='block_1_14' title="bbox 479 1414 2106 1491">
    <p class='ocr_par' dir='ltr' id='par_1_14' title="bbox 479 1414 2106 1491">
     <span class='ocr_line' id='line_1_14' title="bbox 479 1414 2106 1491; baseline 0.004 -22"><span class='ocrx_word' id='word_1_85' title='bbox 479 1414 713 1470; x_wconf 89' lang='lat' dir='ltr'><strong>omnino</strong></span> <span class='ocrx_word' id='word_1_86' title='bbox 744 1433 886 1471; x_wconf 93' lang='lat' dir='ltr'><strong>unus</strong></span> <span class='ocrx_word' id='word_1_87' title='bbox 914 1417 1181 1490; x_wconf 86' lang='lat' dir='ltr'><strong>idemque</strong></span> <span class='ocrx_word' id='word_1_88' title='bbox 1218 1418 1309 1488; x_wconf 89' lang='lat' dir='ltr'><strong>sit,</strong></span> <span class='ocrx_word' id='word_1_89' title='bbox 1341 1418 1438 1490; x_wconf 88' lang='lat' dir='ltr'><strong>qui</strong></span> <span class='ocrx_word' id='word_1_90' title='bbox 1469 1423 1527 1474; x_wconf 90' lang='lat' dir='ltr'><strong>et</strong></span> <span class='ocrx_word' id='word_1_91' title='bbox 1552 1418 1862 1474; x_wconf 90' lang='lat' dir='ltr'><strong>secundum</strong></span> <span class='ocrx_word' id='word_1_92' title='bbox 1893 1421 2106 1491; x_wconf 90' lang='lat' dir='ltr'><strong>sempi-</strong></span> 
     </span>
    </p>
   </div>
   <div class='ocr_carea' id='block_1_15' title="bbox 476 1509 2103 1585">
    <p class='ocr_par' dir='ltr' id='par_1_15' title="bbox 476 1509 2103 1585">
     <span class='ocr_line' id='line_1_15' title="bbox 476 1509 2103 1585; baseline 0.003 -22"><span class='ocrx_word' id='word_1_93' title='bbox 476 1513 700 1564; x_wconf 89' lang='lat' dir='ltr'><strong>ternam</strong></span> <span class='ocrx_word' id='word_1_94' title='bbox 744 1509 1014 1566; x_wconf 86' lang='lat' dir='ltr'><strong>deitatem</strong></span> <span class='ocrx_word' id='word_1_95' title='bbox 1046 1512 1115 1567; x_wconf 91' lang='lat' dir='ltr'><strong>de</strong></span> <span class='ocrx_word' id='word_1_96' title='bbox 1145 1514 1309 1567; x_wconf 85' lang='lat' dir='ltr'><strong>Patre</strong></span> <span class='ocrx_word' id='word_1_97' title='bbox 1340 1516 1427 1567; x_wconf 89' lang='lat' dir='ltr'><strong>est</strong></span> <span class='ocrx_word' id='word_1_98' title='bbox 1462 1517 1627 1567; x_wconf 89' lang='lat' dir='ltr'><strong>natus</strong></span> <span class='ocrx_word' id='word_1_99' title='bbox 1664 1513 1787 1569; x_wconf 89' lang='lat' dir='ltr'><strong>sine</strong></span> <span class='ocrx_word' id='word_1_100' title='bbox 1822 1516 2103 1585; x_wconf 90' lang='lat' dir='ltr'><strong>tempore,</strong></span> 
     </span>
    </p>
   </div>
   <div class='ocr_carea' id='block_1_16' title="bbox 478 1602 2110 1678">
    <p class='ocr_par' dir='ltr' id='par_1_16' title="bbox 478 1602 2110 1678">
     <span class='ocr_line' id='line_1_16' title="bbox 478 1602 2110 1678; baseline 0.004 -22"><span class='ocrx_word' id='word_1_101' title='bbox 478 1606 535 1656; x_wconf 91' lang='lat' dir='ltr'><strong>et</strong></span> <span class='ocrx_word' id='word_1_102' title='bbox 560 1602 631 1658; x_wconf 89' lang='lat' dir='ltr'><strong>de</strong></span> <span class='ocrx_word' id='word_1_103' title='bbox 655 1608 837 1659; x_wconf 88' lang='lat' dir='ltr'><strong>matre</strong></span> <span class='ocrx_word' id='word_1_104' title='bbox 866 1613 1034 1661; x_wconf 86' lang='lat' dir='ltr'><strong>natus</strong></span> <span class='ocrx_word' id='word_1_105' title='bbox 1060 1606 1120 1660; x_wconf 88' lang='lat' dir='ltr'><strong>in</strong></span> <span class='ocrx_word' id='word_1_106' title='bbox 1149 1608 1431 1678; x_wconf 88' lang='lat' dir='ltr'><strong>tempore.</strong></span> <span class='ocrx_word' id='word_1_107' title='bbox 1456 1608 1525 1661; x_wconf 89' lang='lat' dir='ltr'><strong>Et</strong></span> <span class='ocrx_word' id='word_1_108' title='bbox 1552 1607 1827 1662; x_wconf 89' lang='lat' dir='ltr'><strong>Eutichen</strong></span> <span class='ocrx_word' id='word_1_109' title='bbox 1847 1607 2110 1663; x_wconf 87' lang='lat' dir='ltr'><strong>similiter</strong></span> 
     </span>
    </p>
   </div>
   <div class='ocr_carea' id='block_1_17' title="bbox 479 1699 2109 1770">
    <p class='ocr_par' dir='ltr' id='par_1_17' title="bbox 479 1699 2109 1770">
     <span class='ocr_line' id='line_1_17' title="bbox 479 1699 2109 1770; baseline 0.004 -19"><span class='ocrx_word' id='word_1_110' title='bbox 479 1702 821 1766; x_wconf 86' lang='lat' dir='ltr'><strong>exsecratur,</strong></span> <span class='ocrx_word' id='word_1_111' title='bbox 849 1699 949 1770; x_wconf 91' lang='lat' dir='ltr'><strong>qui</strong></span> <span class='ocrx_word' id='word_1_112' title='bbox 985 1700 1044 1754; x_wconf 90' lang='lat' dir='ltr'><strong>in</strong></span> <span class='ocrx_word' id='word_1_113' title='bbox 1092 1701 1331 1755; x_wconf 91' lang='lat' dir='ltr'><strong>Domino</strong></span> <span class='ocrx_word' id='word_1_114' title='bbox 1375 1704 1502 1758; x_wconf 72' lang='lat' dir='ltr'><strong>Iesu</strong></span> <span class='ocrx_word' id='word_1_115' title='bbox 1548 1701 1770 1758; x_wconf 87' lang='lat' dir='ltr'><strong>Christo</strong></span> <span class='ocrx_word' id='word_1_116' title='bbox 1814 1702 2109 1758; x_wconf 86' lang='lat' dir='ltr'><strong>veritatem</strong></span> 
     </span>
    </p>
   </div>
   <div class='ocr_carea' id='block_1_18' title="bbox 478 1791 2107 1866">
    <p class='ocr_par' dir='ltr' id='par_1_18' title="bbox 478 1791 2107 1866">
     <span class='ocr_line' id='line_1_18' title="bbox 478 1791 2107 1866; baseline 0.003 -21"><span class='ocrx_word' id='word_1_117' title='bbox 478 1791 746 1846; x_wconf 87' lang='lat' dir='ltr'><strong>humana</strong></span> <span class='ocrx_word' id='word_1_118' title='bbox 770 1792 953 1847; x_wconf 89' lang='lat' dir='ltr'><strong>carnis</strong></span> <span class='ocrx_word' id='word_1_119' title='bbox 981 1808 1262 1849; x_wconf 88' lang='lat' dir='ltr'><strong>evacuans</strong></span> <span class='ocrx_word' id='word_1_120' title='bbox 1299 1794 1484 1866; x_wconf 91' lang='lat' dir='ltr'><strong>ipsum</strong></span> <span class='ocrx_word' id='word_1_121' title='bbox 1512 1794 1757 1849; x_wconf 86' lang='lat' dir='ltr'><strong>Verbum</strong></span> <span class='ocrx_word' id='word_1_122' title='bbox 1787 1794 1848 1849; x_wconf 90' lang='lat' dir='ltr'><strong>in</strong></span> <span class='ocrx_word' id='word_1_123' title='bbox 1876 1811 2107 1850; x_wconf 89' lang='lat' dir='ltr'><strong>carnem</strong></span> 
     </span>
    </p>
   </div>
   <div class='ocr_carea' id='block_1_19' title="bbox 2207 567 3850 641">
    <p class='ocr_par' dir='ltr' id='par_1_19' title="bbox 2207 567 3850 641">
     <span class='ocr_line' id='line_1_19' title="bbox 2207 567 3850 641; baseline 0.001 -18"><span class='ocrx_word' id='word_1_124' title='bbox 2207 567 2560 624; x_wconf 85' lang='lat' dir='ltr'><strong>difﬁnitionis</strong></span> <span class='ocrx_word' id='word_1_125' title='bbox 2585 586 2732 625; x_wconf 85' lang='lat' dir='ltr'><strong>mea</strong></span> <span class='ocrx_word' id='word_1_126' title='bbox 2758 572 2863 639; x_wconf 88' lang='lat' dir='ltr'><strong>est,</strong></span> <span class='ocrx_word' id='word_1_127' title='bbox 2890 572 2956 624; x_wconf 88' lang='lat' dir='ltr'><strong>ut</strong></span> <span class='ocrx_word' id='word_1_128' title='bbox 2980 570 3402 641; x_wconf 82' lang='lat' dir='ltr'><strong>quantumlibet</strong></span> <span class='ocrx_word' id='word_1_129' title='bbox 3439 586 3722 626; x_wconf 89' lang='lat' dir='ltr'><strong>numerus</strong></span> <span class='ocrx_word' id='word_1_130' title='bbox 3754 585 3850 624; x_wconf 87' lang='lat' dir='ltr'><strong>sa-</strong></span> 
     </span>
    </p>
   </div>
   <div class='ocr_carea' id='block_1_20' title="bbox 2207 662 3851 735">
    <p class='ocr_par' dir='ltr' id='par_1_20' title="bbox 2207 662 3851 735">
     <span class='ocr_line' id='line_1_20' title="bbox 2207 662 3851 735; baseline 0.002 -18"><span class='ocrx_word' id='word_1_131' title='bbox 2207 662 2501 717; x_wconf 90' lang='lat' dir='ltr'><strong>cerdotum</strong></span> <span class='ocrx_word' id='word_1_132' title='bbox 2545 663 2787 734; x_wconf 88' lang='lat' dir='ltr'><strong>amplior</strong></span> <span class='ocrx_word' id='word_1_133' title='bbox 2823 662 3037 735; x_wconf 77' lang='lat' dir='ltr'><strong>aliquid</strong></span> <span class='ocrx_word' id='word_1_134' title='bbox 3081 680 3184 735; x_wconf 90' lang='lat' dir='ltr'><strong>per</strong></span> <span class='ocrx_word' id='word_1_135' title='bbox 3208 664 3593 735; x_wconf 87' lang='lat' dir='ltr'><strong>quorumdam</strong></span> <span class='ocrx_word' id='word_1_136' title='bbox 3638 664 3851 720; x_wconf 87' lang='lat' dir='ltr'><strong>subre-</strong></span> 
     </span>
    </p>
   </div>
   <div class='ocr_carea' id='block_1_21' title="bbox 2208 756 3856 828">
    <p class='ocr_par' dir='ltr' id='par_1_21' title="bbox 2208 756 3856 828">
     <span class='ocr_line' id='line_1_21' title="bbox 2208 756 3856 828; baseline 0.001 -17"><span class='ocrx_word' id='word_1_137' title='bbox 2208 756 2461 827; x_wconf 90' lang='lat' dir='ltr'><strong>ptionem</strong></span> <span class='ocrx_word' id='word_1_138' title='bbox 2486 756 2777 827; x_wconf 88' lang='lat' dir='ltr'><strong>decernat,</strong></span> <span class='ocrx_word' id='word_1_139' title='bbox 2809 757 2964 828; x_wconf 89' lang='lat' dir='ltr'><strong>quod</strong></span> <span class='ocrx_word' id='word_1_140' title='bbox 2991 757 3101 813; x_wconf 89' lang='lat' dir='ltr'><strong>illis</strong></span> <span class='ocrx_word' id='word_1_141' title='bbox 3141 762 3533 813; x_wconf 90' lang='lat' dir='ltr'><strong>trecentorum</strong></span> <span class='ocrx_word' id='word_1_142' title='bbox 3558 758 3765 813; x_wconf 89' lang='lat' dir='ltr'><strong>decem</strong></span> <span class='ocrx_word' id='word_1_143' title='bbox 3794 762 3856 814; x_wconf 88' lang='lat' dir='ltr'><strong>et</strong></span> 
     </span>
    </p>
   </div>
   <div class='ocr_carea' id='block_1_22' title="bbox 2208 850 3854 923">
    <p class='ocr_par' dir='ltr' id='par_1_22' title="bbox 2208 850 3854 923">
     <span class='ocr_line' id='line_1_22' title="bbox 2208 850 3854 923; baseline 0.002 -19"><span class='ocrx_word' id='word_1_144' title='bbox 2208 854 2332 905; x_wconf 93' lang='lat' dir='ltr'><strong>octo</strong></span> <span class='ocrx_word' id='word_1_145' title='bbox 2348 850 2850 906; x_wconf 89' lang='lat' dir='ltr'><strong>constitutionibus</strong></span> <span class='ocrx_word' id='word_1_146' title='bbox 2862 851 3184 907; x_wconf 87' lang='lat' dir='ltr'><strong>inveniatur</strong></span> <span class='ocrx_word' id='word_1_147' title='bbox 3197 851 3523 920; x_wconf 90' lang='lat' dir='ltr'><strong>adversum,</strong></span> <span class='ocrx_word' id='word_1_148' title='bbox 3540 852 3596 907; x_wconf 91' lang='lat' dir='ltr'><strong>id</strong></span> <span class='ocrx_word' id='word_1_149' title='bbox 3602 851 3854 923; x_wconf 87' lang='lat' dir='ltr'><strong>justitia</strong></span> 
     </span>
    </p>
   </div>
   <div class='ocr_carea' id='block_1_23' title="bbox 2207 938 3855 1018">
    <p class='ocr_par' dir='ltr' id='par_1_23' title="bbox 2207 938 3855 1018">
     <span class='ocr_line' id='line_1_23' title="bbox 2207 938 3855 1018; baseline 0.001 -19"><span class='ocrx_word' id='word_1_150' title='bbox 2207 938 2681 999; x_wconf 82' lang='lat' dir='ltr'><strong>consideratione</strong></span> <span class='ocrx_word' id='word_1_151' title='bbox 2712 948 2982 1015; x_wconf 87' lang='lat' dir='ltr'><strong>cassetur,</strong></span> <span class='ocrx_word' id='word_1_152' title='bbox 3029 944 3303 1017; x_wconf 89' lang='lat' dir='ltr'><strong>quoniam</strong></span> <span class='ocrx_word' id='word_1_153' title='bbox 3357 945 3641 1001; x_wconf 89' lang='lat' dir='ltr'><strong>universa</strong></span> <span class='ocrx_word' id='word_1_154' title='bbox 3687 946 3855 1018; x_wconf 88' lang='lat' dir='ltr'><strong>pacis</strong></span> 
     </span>
    </p>
   </div>
   <div class='ocr_carea' id='block_1_24' title="bbox 2209 1036 3855 1111">
    <p class='ocr_par' dir='ltr' id='par_1_24' title="bbox 2209 1036 3855 1111">
     <span class='ocr_line' id='line_1_24' title="bbox 2209 1036 3855 1111; baseline 0.002 -19"><span class='ocrx_word' id='word_1_155' title='bbox 2209 1037 2588 1110; x_wconf 87' lang='lat' dir='ltr'><strong>tranquillitas</strong></span> <span class='ocrx_word' id='word_1_156' title='bbox 2632 1055 2746 1093; x_wconf 92' lang='lat' dir='ltr'><strong>non</strong></span> <span class='ocrx_word' id='word_1_157' title='bbox 2798 1036 2966 1095; x_wconf 85' lang='lat' dir='ltr'><strong>aliter</strong></span> <span class='ocrx_word' id='word_1_158' title='bbox 3005 1039 3215 1111; x_wconf 89' lang='lat' dir='ltr'><strong>poterit</strong></span> <span class='ocrx_word' id='word_1_159' title='bbox 3256 1039 3552 1109; x_wconf 85' lang='lat' dir='ltr'><strong>custodiri,</strong></span> <span class='ocrx_word' id='word_1_160' title='bbox 3588 1040 3702 1095; x_wconf 89' lang='lat' dir='ltr'><strong>nisi</strong></span> <span class='ocrx_word' id='word_1_161' title='bbox 3744 1057 3855 1095; x_wconf 90' lang='lat' dir='ltr'><strong>sua</strong></span> 
     </span>
    </p>
   </div>
   <div class='ocr_carea' id='block_1_25' title="bbox 2206 1132 3854 1209">
    <p class='ocr_par' dir='ltr' id='par_1_25' title="bbox 2206 1132 3854 1209">
     <span class='ocr_line' id='line_1_25' title="bbox 2206 1132 3854 1209; baseline 0.002 -23"><span class='ocrx_word' id='word_1_162' title='bbox 2206 1132 2519 1209; x_wconf 76' lang='lat' dir='ltr'><strong>canonibus</strong></span> <span class='ocrx_word' id='word_1_163' title='bbox 2559 1133 2877 1189; x_wconf 88' lang='lat' dir='ltr'><strong>reverentia</strong></span> <span class='ocrx_word' id='word_1_164' title='bbox 2921 1132 3261 1188; x_wconf 87' lang='lat' dir='ltr'><strong>intemerata</strong></span> <span class='ocrx_word' id='word_1_165' title='bbox 3307 1137 3580 1189; x_wconf 85' lang='lat' dir='ltr'><strong>servetur.</strong></span> <span class='ocrx_word' id='word_1_166' title='bbox 3612 1134 3673 1190; x_wconf 93' lang='lat' dir='ltr'><strong>Si</strong></span> <span class='ocrx_word' id='word_1_167' title='bbox 3703 1134 3854 1206; x_wconf 90' lang='lat' dir='ltr'><strong>quid</strong></span> 
     </span>
    </p>
   </div>
   <div class='ocr_carea' id='block_1_26' title="bbox 2209 1225 3853 1299">
    <p class='ocr_par' dir='ltr' id='par_1_26' title="bbox 2209 1225 3853 1299">
     <span class='ocr_line' id='line_1_26' title="bbox 2209 1225 3853 1299; baseline 0.001 -18"><span class='ocrx_word' id='word_1_168' title='bbox 2209 1242 2339 1281; x_wconf 85' lang='lat' dir='ltr'><strong>sane</strong></span> <span class='ocrx_word' id='word_1_169' title='bbox 2353 1226 2423 1281; x_wconf 90' lang='lat' dir='ltr'><strong>ab</strong></span> <span class='ocrx_word' id='word_1_170' title='bbox 2447 1225 2533 1281; x_wconf 88' lang='lat' dir='ltr'><strong>his</strong></span> <span class='ocrx_word' id='word_1_171' title='bbox 2559 1226 2851 1295; x_wconf 79' lang='lat' dir='ltr'><strong>fratribus,</strong></span> <span class='ocrx_word' id='word_1_172' title='bbox 2866 1226 3020 1298; x_wconf 90' lang='lat' dir='ltr'><strong>quod</strong></span> <span class='ocrx_word' id='word_1_173' title='bbox 3036 1226 3108 1281; x_wconf 89' lang='lat' dir='ltr'><strong>ad</strong></span> <span class='ocrx_word' id='word_1_174' title='bbox 3136 1230 3394 1282; x_wconf 90' lang='lat' dir='ltr'><strong>sanctam</strong></span> <span class='ocrx_word' id='word_1_175' title='bbox 3417 1228 3701 1299; x_wconf 88' lang='lat' dir='ltr'><strong>synodum</strong></span> <span class='ocrx_word' id='word_1_176' title='bbox 3722 1227 3853 1283; x_wconf 90' lang='lat' dir='ltr'><strong>vice</strong></span> 
     </span>
    </p>
   </div>
   <div class='ocr_carea' id='block_1_27' title="bbox 2208 1319 3855 1393">
    <p class='ocr_par' dir='ltr' id='par_1_27' title="bbox 2208 1319 3855 1393">
     <span class='ocr_line' id='line_1_27' title="bbox 2208 1319 3855 1393; baseline 0.001 -19"><span class='ocrx_word' id='word_1_177' title='bbox 2208 1336 2356 1389; x_wconf 90' lang='lat' dir='ltr'><strong>mea,</strong></span> <span class='ocrx_word' id='word_1_178' title='bbox 2380 1319 2485 1374; x_wconf 88' lang='lat' dir='ltr'><strong>nisi</strong></span> <span class='ocrx_word' id='word_1_179' title='bbox 2512 1324 2718 1391; x_wconf 89' lang='lat' dir='ltr'><strong>prater</strong></span> <span class='ocrx_word' id='word_1_180' title='bbox 2746 1320 2805 1375; x_wconf 93' lang='lat' dir='ltr'><strong>id</strong></span> <span class='ocrx_word' id='word_1_181' title='bbox 2830 1320 2979 1392; x_wconf 91' lang='lat' dir='ltr'><strong>quod</strong></span> <span class='ocrx_word' id='word_1_182' title='bbox 3003 1320 3072 1375; x_wconf 91' lang='lat' dir='ltr'><strong>ad</strong></span> <span class='ocrx_word' id='word_1_183' title='bbox 3098 1336 3332 1375; x_wconf 88' lang='lat' dir='ltr'><strong>causam</strong></span> <span class='ocrx_word' id='word_1_184' title='bbox 3363 1319 3497 1376; x_wconf 90' lang='lat' dir='ltr'><strong>ﬁdei</strong></span> <span class='ocrx_word' id='word_1_185' title='bbox 3517 1321 3855 1393; x_wconf 87' lang='lat' dir='ltr'><strong>pertinebat</strong></span> 
     </span>
    </p>
   </div>
   <div class='ocr_carea' id='block_1_28' title="bbox 2207 1413 3849 1486">
    <p class='ocr_par' dir='ltr' id='par_1_28' title="bbox 2207 1413 3849 1486">
     <span class='ocr_line' id='line_1_28' title="bbox 2207 1413 3849 1486; baseline 0.002 -18"><span class='ocrx_word' id='word_1_186' title='bbox 2207 1419 2433 1485; x_wconf 90' lang='lat' dir='ltr'><strong>gestum</strong></span> <span class='ocrx_word' id='word_1_187' title='bbox 2475 1414 2649 1469; x_wconf 90' lang='lat' dir='ltr'><strong>fuisse</strong></span> <span class='ocrx_word' id='word_1_188' title='bbox 2691 1414 3042 1486; x_wconf 89' lang='lat' dir='ltr'><strong>perhibetur,</strong></span> <span class='ocrx_word' id='word_1_189' title='bbox 3075 1413 3286 1469; x_wconf 88' lang='lat' dir='ltr'><strong>nullius</strong></span> <span class='ocrx_word' id='word_1_190' title='bbox 3327 1413 3437 1470; x_wconf 91' lang='lat' dir='ltr'><strong>erit</strong></span> <span class='ocrx_word' id='word_1_191' title='bbox 3474 1415 3704 1486; x_wconf 86' lang='lat' dir='ltr'><strong>penitus</strong></span> <span class='ocrx_word' id='word_1_192' title='bbox 3746 1415 3849 1471; x_wconf 86' lang='lat' dir='ltr'><strong>ﬁr-</strong></span> 
     </span>
    </p>
   </div>
   <div class='ocr_carea' id='block_1_29' title="bbox 2209 1506 3856 1579">
    <p class='ocr_par' dir='ltr' id='par_1_29' title="bbox 2209 1506 3856 1579">
     <span class='ocr_line' id='line_1_29' title="bbox 2209 1506 3856 1579; baseline 0.001 -17"><span class='ocrx_word' id='word_1_193' title='bbox 2209 1507 2445 1575; x_wconf 89' lang='lat' dir='ltr'><strong>mitatis,</strong></span> <span class='ocrx_word' id='word_1_194' title='bbox 2477 1506 2611 1579; x_wconf 90' lang='lat' dir='ltr'><strong>quia</strong></span> <span class='ocrx_word' id='word_1_195' title='bbox 2640 1506 2714 1562; x_wconf 89' lang='lat' dir='ltr'><strong>ad</strong></span> <span class='ocrx_word' id='word_1_196' title='bbox 2738 1507 2846 1562; x_wconf 93' lang='lat' dir='ltr'><strong>hoc</strong></span> <span class='ocrx_word' id='word_1_197' title='bbox 2871 1511 3097 1562; x_wconf 88' lang='lat' dir='ltr'><strong>tantum</strong></span> <span class='ocrx_word' id='word_1_198' title='bbox 3121 1508 3192 1562; x_wconf 85' lang='lat' dir='ltr'><strong>ab</strong></span> <span class='ocrx_word' id='word_1_199' title='bbox 3223 1507 3526 1579; x_wconf 88' lang='lat' dir='ltr'><strong>apostolica</strong></span> <span class='ocrx_word' id='word_1_200' title='bbox 3550 1508 3683 1564; x_wconf 90' lang='lat' dir='ltr'><strong>sede</strong></span> <span class='ocrx_word' id='word_1_201' title='bbox 3712 1512 3856 1564; x_wconf 88' lang='lat' dir='ltr'><strong>sunt</strong></span> 
     </span>
    </p>
   </div>
   <div class='ocr_carea' id='block_1_30' title="bbox 2207 1600 3849 1668">
    <p class='ocr_par' dir='ltr' id='par_1_30' title="bbox 2207 1600 3849 1668">
     <span class='ocr_line' id='line_1_30' title="bbox 2207 1600 3849 1668; baseline 0 -12"><span class='ocrx_word' id='word_1_202' title='bbox 2207 1601 2425 1668; x_wconf 89' lang='lat' dir='ltr'><strong>directi,</strong></span> <span class='ocrx_word' id='word_1_203' title='bbox 2460 1604 2522 1655; x_wconf 92' lang='lat' dir='ltr'><strong>ut</strong></span> <span class='ocrx_word' id='word_1_204' title='bbox 2549 1600 2795 1657; x_wconf 84' lang='lat' dir='ltr'><strong>excussis</strong></span> <span class='ocrx_word' id='word_1_205' title='bbox 2820 1600 3135 1656; x_wconf 83' lang='lat' dir='ltr'><strong>haresibus</strong></span> <span class='ocrx_word' id='word_1_206' title='bbox 3164 1600 3455 1656; x_wconf 76' lang='lat' dir='ltr'><strong>catholica</strong></span> <span class='ocrx_word' id='word_1_207' title='bbox 3484 1606 3675 1658; x_wconf 88' lang='lat' dir='ltr'><strong>essent</strong></span> <span class='ocrx_word' id='word_1_208' title='bbox 3704 1602 3849 1659; x_wconf 83' lang='lat' dir='ltr'><strong>ﬁdei</strong></span> 
     </span>
    </p>
   </div>
   <div class='ocr_carea' id='block_1_31' title="bbox 2207 1694 3855 1767">
    <p class='ocr_par' dir='ltr' id='par_1_31' title="bbox 2207 1694 3855 1767">
     <span class='ocr_line' id='line_1_31' title="bbox 2207 1694 3855 1767; baseline 0.001 -18"><span class='ocrx_word' id='word_1_209' title='bbox 2207 1694 2552 1750; x_wconf 85' lang='lat' dir='ltr'><strong>defensores.</strong></span> <span class='ocrx_word' id='word_1_210' title='bbox 2580 1694 2868 1766; x_wconf 88' lang='lat' dir='ltr'><strong>Quidquid</strong></span> <span class='ocrx_word' id='word_1_211' title='bbox 2912 1694 3072 1749; x_wconf 89' lang='lat' dir='ltr'><strong>enim</strong></span> <span class='ocrx_word' id='word_1_212' title='bbox 3114 1697 3327 1767; x_wconf 88' lang='lat' dir='ltr'><strong>prater</strong></span> <span class='ocrx_word' id='word_1_213' title='bbox 3349 1694 3621 1767; x_wconf 89' lang='lat' dir='ltr'><strong>speciales</strong></span> <span class='ocrx_word' id='word_1_214' title='bbox 3651 1713 3855 1751; x_wconf 86' lang='lat' dir='ltr'><strong>causas</strong></span> 
     </span>
    </p>
   </div>
   <div class='ocr_carea' id='block_1_32' title="bbox 2209 1787 3850 1861">
    <p class='ocr_par' dir='ltr' id='par_1_32' title="bbox 2209 1787 3850 1861">
     <span class='ocr_line' id='line_1_32' title="bbox 2209 1787 3850 1861; baseline 0.001 -19"><span class='ocrx_word' id='word_1_215' title='bbox 2209 1788 2564 1859; x_wconf 86' lang='lat' dir='ltr'><strong>synodalium</strong></span> <span class='ocrx_word' id='word_1_216' title='bbox 2610 1787 2980 1843; x_wconf 91' lang='lat' dir='ltr'><strong>conciliorum</strong></span> <span class='ocrx_word' id='word_1_217' title='bbox 3005 1787 3078 1841; x_wconf 90' lang='lat' dir='ltr'><strong>ad</strong></span> <span class='ocrx_word' id='word_1_218' title='bbox 3115 1803 3355 1844; x_wconf 83' lang='lat' dir='ltr'><strong>examen</strong></span> <span class='ocrx_word' id='word_1_219' title='bbox 3386 1788 3710 1861; x_wconf 88' lang='lat' dir='ltr'><strong>episcopale</strong></span> <span class='ocrx_word' id='word_1_220' title='bbox 3741 1790 3850 1846; x_wconf 86' lang='lat' dir='ltr'><strong>de-</strong></span> 
     </span>
    </p>
   </div>
   <div class='ocr_carea' id='block_1_33' title="bbox 478 1860 3850 1960">
    <p class='ocr_par' dir='ltr' id='par_1_33' title="bbox 478 1860 3850 1960">
     <span class='ocr_line' id='line_1_33' title="bbox 478 1860 3850 1960; baseline 0.003 -21"><span class='ocrx_word' id='word_1_221' title='bbox 478 1885 678 1940; x_wconf 87' lang='lat' dir='ltr'><strong>asserit</strong></span> <span class='ocrx_word' id='word_1_222' title='bbox 717 1887 1207 1956; x_wconf 89' lang='lat' dir='ltr'><strong>transformatum,</strong></span> <span class='ocrx_word' id='word_1_223' title='bbox 1235 1894 1301 1943; x_wconf 89' lang='lat' dir='ltr'><strong>ut</strong></span> <span class='ocrx_word' id='word_1_224' title='bbox 1319 1860 1519 1958; x_wconf 53' lang='lat' dir='ltr'><strong>-nasci,</strong></span> <span class='ocrx_word' id='word_1_225' title='bbox 1556 1889 1778 1957; x_wconf 88' lang='lat' dir='ltr'><strong>nutriri,</strong></span> <span class='ocrx_word' id='word_1_226' title='bbox 1807 1890 2102 1960; x_wconf 87' lang='lat' dir='ltr'><strong>perﬁcere,</strong></span> <span class='ocrx_word' id='word_1_227' title='bbox 2125 1860 2183 1933; x_wconf 88' lang='grc' dir='ltr'><strong>Β</strong></span> <span class='ocrx_word' id='word_1_228' title='bbox 2208 1883 2410 1949; x_wconf 85' lang='lat' dir='ltr'><strong>fertur,</strong></span> <span class='ocrx_word' id='word_1_229' title='bbox 2431 1884 2617 1953; x_wconf 84' lang='lat' dir='ltr'><strong>potest</strong></span> <span class='ocrx_word' id='word_1_230' title='bbox 2641 1881 2885 1952; x_wconf 82' lang='lat' dir='ltr'><strong>aliquam</strong></span> <span class='ocrx_word' id='word_1_231' title='bbox 2912 1880 3265 1952; x_wconf 82' lang='lat' dir='ltr'><strong>diiudicandi</strong></span> <span class='ocrx_word' id='word_1_232' title='bbox 3289 1881 3500 1938; x_wconf 82' lang='lat' dir='ltr'><strong>habere</strong></span> <span class='ocrx_word' id='word_1_233' title='bbox 3528 1860 3850 1949; x_wconf 57' lang='lat' dir='ltr'><strong>rationem,</strong></span> 
     </span>
    </p>
   </div>
   <div class='ocr_carea' id='block_1_34' title="bbox 476 1978 2103 2054">
    <p class='ocr_par' dir='ltr' id='par_1_34' title="bbox 476 1978 2103 2054">
     <span class='ocr_line' id='line_1_34' title="bbox 476 1978 2103 2054; baseline 0.004 -22"><span class='ocrx_word' id='word_1_234' title='bbox 476 1978 618 2050; x_wconf 88' lang='lat' dir='ltr'><strong>pati,</strong></span> <span class='ocrx_word' id='word_1_235' title='bbox 666 1979 832 2049; x_wconf 89' lang='lat' dir='ltr'><strong>mori,</strong></span> <span class='ocrx_word' id='word_1_236' title='bbox 874 1984 1045 2053; x_wconf 87' lang='lat' dir='ltr'><strong>atque</strong></span> <span class='ocrx_word' id='word_1_237' title='bbox 1091 1982 1335 2054; x_wconf 91' lang='lat' dir='ltr'><strong>sepeliri,</strong></span> <span class='ocrx_word' id='word_1_238' title='bbox 1387 1988 1443 2037; x_wconf 89' lang='lat' dir='ltr'><strong>et</strong></span> <span class='ocrx_word' id='word_1_239' title='bbox 1485 1982 1576 2037; x_wconf 90' lang='lat' dir='ltr'><strong>die</strong></span> <span class='ocrx_word' id='word_1_240' title='bbox 1621 1984 1787 2038; x_wconf 89' lang='lat' dir='ltr'><strong>tertio</strong></span> <span class='ocrx_word' id='word_1_241' title='bbox 1829 1984 2103 2054; x_wconf 85' lang='lat' dir='ltr'><strong>suscitari,</strong></span> 
     </span>
    </p>
   </div>
   <div class='ocr_carea' id='block_1_35' title="bbox 475 2072 2108 2148">
    <p class='ocr_par' dir='ltr' id='par_1_35' title="bbox 475 2072 2108 2148">
     <span class='ocr_line' id='line_1_35' title="bbox 475 2072 2108 2148; baseline 0.004 -23"><span class='ocrx_word' id='word_1_242' title='bbox 475 2072 649 2127; x_wconf 88' lang='lat' dir='ltr'><strong>solius</strong></span> <span class='ocrx_word' id='word_1_243' title='bbox 675 2072 849 2128; x_wconf 89' lang='lat' dir='ltr'><strong>fuerit</strong></span> <span class='ocrx_word' id='word_1_244' title='bbox 873 2075 1120 2145; x_wconf 88' lang='lat' dir='ltr'><strong>deitatis,</strong></span> <span class='ocrx_word' id='word_1_245' title='bbox 1146 2093 1273 2148; x_wconf 79' lang='lat' dir='ltr'><strong>qua</strong></span> <span class='ocrx_word' id='word_1_246' title='bbox 1296 2077 1512 2131; x_wconf 91' lang='lat' dir='ltr'><strong>servilis</strong></span> <span class='ocrx_word' id='word_1_247' title='bbox 1540 2078 1739 2132; x_wconf 89' lang='lat' dir='ltr'><strong>forma</strong></span> <span class='ocrx_word' id='word_1_248' title='bbox 1764 2094 1881 2133; x_wconf 90' lang='lat' dir='ltr'><strong>non</strong></span> <span class='ocrx_word' id='word_1_249' title='bbox 1908 2077 2108 2132; x_wconf 88' lang='lat' dir='ltr'><strong>verita-</strong></span> 
     </span>
    </p>
   </div>
   <div class='ocr_carea' id='block_1_36' title="bbox 478 2168 2109 2243">
    <p class='ocr_par' dir='ltr' id='par_1_36' title="bbox 478 2168 2109 2243">
     <span class='ocr_line' id='line_1_36' title="bbox 478 2168 2109 2243; baseline 0.004 -24"><span class='ocrx_word' id='word_1_250' title='bbox 478 2169 591 2221; x_wconf 87' lang='lat' dir='ltr'><strong>tem</strong></span> <span class='ocrx_word' id='word_1_251' title='bbox 612 2168 943 2238; x_wconf 86' lang='lat' dir='ltr'><strong>susceperit,</strong></span> <span class='ocrx_word' id='word_1_252' title='bbox 958 2169 1057 2224; x_wconf 89' lang='lat' dir='ltr'><strong>sed</strong></span> <span class='ocrx_word' id='word_1_253' title='bbox 1070 2168 1340 2240; x_wconf 88' lang='lat' dir='ltr'><strong>ﬁguram.</strong></span> <span class='ocrx_word' id='word_1_254' title='bbox 1358 2170 1589 2225; x_wconf 90' lang='lat' dir='ltr'><strong>Summa</strong></span> <span class='ocrx_word' id='word_1_255' title='bbox 1604 2170 1797 2242; x_wconf 81' lang='lat' dir='ltr'><strong>itaque</strong></span> <span class='ocrx_word' id='word_1_256' title='bbox 1818 2170 2109 2243; x_wconf 87' lang='lat' dir='ltr'><strong>vigilantia</strong></span> 
     </span>
    </p>
   </div>
   <div class='ocr_carea' id='block_1_37' title="bbox 478 2262 2106 2336">
    <p class='ocr_par' dir='ltr' id='par_1_37' title="bbox 478 2262 2106 2336">
     <span class='ocr_line' id='line_1_37' title="bbox 478 2262 2106 2336; baseline 0.005 -24"><span class='ocrx_word' id='word_1_257' title='bbox 478 2264 707 2313; x_wconf 92' lang='lat' dir='ltr'><strong>cautum</strong></span> <span class='ocrx_word' id='word_1_258' title='bbox 736 2263 793 2314; x_wconf 89' lang='lat' dir='ltr'><strong>te</strong></span> <span class='ocrx_word' id='word_1_259' title='bbox 822 2276 940 2314; x_wconf 89' lang='lat' dir='ltr'><strong>esse</strong></span> <span class='ocrx_word' id='word_1_260' title='bbox 973 2262 1253 2329; x_wconf 81' lang='lat' dir='ltr'><strong>convenit,</strong></span> <span class='ocrx_word' id='word_1_261' title='bbox 1280 2279 1352 2317; x_wconf 92' lang='lat' dir='ltr'><strong>ne</strong></span> <span class='ocrx_word' id='word_1_262' title='bbox 1382 2263 1517 2334; x_wconf 89' lang='lat' dir='ltr'><strong>quid</strong></span> <span class='ocrx_word' id='word_1_263' title='bbox 1548 2263 1650 2318; x_wconf 91' lang='lat' dir='ltr'><strong>sibi</strong></span> <span class='ocrx_word' id='word_1_264' title='bbox 1676 2264 1942 2319; x_wconf 87' lang='lat' dir='ltr'><strong>haretica</strong></span> <span class='ocrx_word' id='word_1_265' title='bbox 1971 2281 2106 2336; x_wconf 89' lang='lat' dir='ltr'><strong>pra-</strong></span> 
     </span>
    </p>
   </div>
   <div class='ocr_carea' id='block_1_38' title="bbox 475 2352 2107 2422">
    <p class='ocr_par' dir='ltr' id='par_1_38' title="bbox 475 2352 2107 2422">
     <span class='ocr_line' id='line_1_38' title="bbox 475 2352 2107 2422; baseline 0.004 -17"><span class='ocrx_word' id='word_1_266' title='bbox 475 2352 618 2406; x_wconf 83' lang='lat' dir='ltr'><strong>vitas</strong></span> <span class='ocrx_word' id='word_1_267' title='bbox 644 2353 849 2408; x_wconf 89' lang='lat' dir='ltr'><strong>audeat</strong></span> <span class='ocrx_word' id='word_1_268' title='bbox 872 2353 1179 2422; x_wconf 89' lang='lat' dir='ltr'><strong>vindicare,</strong></span> <span class='ocrx_word' id='word_1_269' title='bbox 1210 2372 1339 2409; x_wconf 90' lang='lat' dir='ltr'><strong>cum</strong></span> <span class='ocrx_word' id='word_1_270' title='bbox 1364 2360 1419 2410; x_wconf 89' lang='lat' dir='ltr'><strong>te</strong></span> <span class='ocrx_word' id='word_1_271' title='bbox 1447 2355 1641 2411; x_wconf 89' lang='lat' dir='ltr'><strong>deceat</strong></span> <span class='ocrx_word' id='word_1_272' title='bbox 1666 2356 1752 2411; x_wconf 92' lang='lat' dir='ltr'><strong>his</strong></span> <span class='ocrx_word' id='word_1_273' title='bbox 1779 2358 2107 2413; x_wconf 86' lang='lat' dir='ltr'><strong>sacerdotali</strong></span> 
     </span>
    </p>
   </div>
   <div class='ocr_carea' id='block_1_39' title="bbox 476 2445 2105 2522">
    <p class='ocr_par' dir='ltr' id='par_1_39' title="bbox 476 2445 2105 2522">
     <span class='ocr_line' id='line_1_39' title="bbox 476 2445 2105 2522; baseline 0.005 -23"><span class='ocrx_word' id='word_1_274' title='bbox 476 2445 811 2502; x_wconf 87' lang='lat' dir='ltr'><strong>auctoritate</strong></span> <span class='ocrx_word' id='word_1_275' title='bbox 839 2446 1119 2517; x_wconf 84' lang='lat' dir='ltr'><strong>resistere,</strong></span> <span class='ocrx_word' id='word_1_276' title='bbox 1148 2465 1363 2520; x_wconf 88' lang='lat' dir='ltr'><strong>nosque</strong></span> <span class='ocrx_word' id='word_1_277' title='bbox 1390 2450 1592 2520; x_wconf 85' lang='lat' dir='ltr'><strong>sapius</strong></span> <span class='ocrx_word' id='word_1_278' title='bbox 1621 2450 1690 2505; x_wconf 90' lang='lat' dir='ltr'><strong>de</strong></span> <span class='ocrx_word' id='word_1_279' title='bbox 1727 2452 1981 2522; x_wconf 90' lang='lat' dir='ltr'><strong>profectu</strong></span> <span class='ocrx_word' id='word_1_280' title='bbox 2005 2453 2105 2506; x_wconf 90' lang='lat' dir='ltr'><strong>Ec-</strong></span> 
     </span>
    </p>
   </div>
   <div class='ocr_carea' id='block_1_40' title="bbox 477 2539 2105 2615">
    <p class='ocr_par' dir='ltr' id='par_1_40' title="bbox 477 2539 2105 2615">
     <span class='ocr_line' id='line_1_40' title="bbox 477 2539 2105 2615; baseline 0.004 -22"><span class='ocrx_word' id='word_1_281' title='bbox 477 2539 779 2595; x_wconf 86' lang='lat' dir='ltr'><strong>clesiarum</strong></span> <span class='ocrx_word' id='word_1_282' title='bbox 818 2540 929 2595; x_wconf 89' lang='lat' dir='ltr'><strong>tuis</strong></span> <span class='ocrx_word' id='word_1_283' title='bbox 971 2541 1345 2597; x_wconf 89' lang='lat' dir='ltr'><strong>relationibus</strong></span> <span class='ocrx_word' id='word_1_284' title='bbox 1390 2542 1526 2614; x_wconf 90' lang='lat' dir='ltr'><strong>quid</strong></span> <span class='ocrx_word' id='word_1_285' title='bbox 1569 2547 1776 2615; x_wconf 84' lang='lat' dir='ltr'><strong>agatur</strong></span> <span class='ocrx_word' id='word_1_286' title='bbox 1806 2545 2105 2600; x_wconf 89' lang='lat' dir='ltr'><strong>instruere.</strong></span> 
     </span>
    </p>
   </div>
   <div class='ocr_carea' id='block_1_41' title="bbox 480 2633 2105 2707">
    <p class='ocr_par' dir='ltr' id='par_1_41' title="bbox 480 2633 2105 2707">
     <span class='ocr_line' id='line_1_41' title="bbox 480 2633 2105 2707; baseline 0.004 -20"><span class='ocrx_word' id='word_1_287' title='bbox 480 2633 727 2704; x_wconf 90' lang='lat' dir='ltr'><strong>Dignum</strong></span> <span class='ocrx_word' id='word_1_288' title='bbox 754 2638 840 2689; x_wconf 91' lang='lat' dir='ltr'><strong>est</strong></span> <span class='ocrx_word' id='word_1_289' title='bbox 864 2635 1021 2689; x_wconf 90' lang='lat' dir='ltr'><strong>enim</strong></span> <span class='ocrx_word' id='word_1_290' title='bbox 1046 2638 1100 2691; x_wconf 92' lang='lat' dir='ltr'><strong>te</strong></span> <span class='ocrx_word' id='word_1_291' title='bbox 1130 2636 1453 2707; x_wconf 86' lang='lat' dir='ltr'><strong>apostolica</strong></span> <span class='ocrx_word' id='word_1_292' title='bbox 1481 2637 1627 2692; x_wconf 89' lang='lat' dir='ltr'><strong>sedis</strong></span> <span class='ocrx_word' id='word_1_293' title='bbox 1656 2638 1717 2692; x_wconf 93' lang='lat' dir='ltr'><strong>in</strong></span> <span class='ocrx_word' id='word_1_294' title='bbox 1760 2638 1865 2693; x_wconf 91' lang='lat' dir='ltr'><strong>hac</strong></span> <span class='ocrx_word' id='word_1_295' title='bbox 1905 2639 2105 2694; x_wconf 88' lang='lat' dir='ltr'><strong>sollici-</strong></span> 
     </span>
    </p>
   </div>
   <div class='ocr_carea' id='block_1_42' title="bbox 477 2725 2108 2804">
    <p class='ocr_par' dir='ltr' id='par_1_42' title="bbox 477 2725 2108 2804">
     <span class='ocr_line' id='line_1_42' title="bbox 477 2725 2108 2804; baseline 0.004 -25"><span class='ocrx_word' id='word_1_296' title='bbox 477 2725 675 2781; x_wconf 87' lang='lat' dir='ltr'><strong>tudine</strong></span> <span class='ocrx_word' id='word_1_297' title='bbox 710 2731 1053 2795; x_wconf 88' lang='lat' dir='ltr'><strong>consortem,</strong></span> <span class='ocrx_word' id='word_1_298' title='bbox 1088 2733 1145 2784; x_wconf 90' lang='lat' dir='ltr'><strong>et</strong></span> <span class='ocrx_word' id='word_1_299' title='bbox 1173 2728 1246 2784; x_wconf 91' lang='lat' dir='ltr'><strong>ad</strong></span> <span class='ocrx_word' id='word_1_300' title='bbox 1287 2730 1612 2802; x_wconf 90' lang='lat' dir='ltr'><strong>augendam</strong></span> <span class='ocrx_word' id='word_1_301' title='bbox 1642 2730 1908 2786; x_wconf 87' lang='lat' dir='ltr'><strong>ﬁduciam</strong></span> <span class='ocrx_word' id='word_1_302' title='bbox 1937 2731 2108 2804; x_wconf 83' lang='lat' dir='ltr'><strong>privi-</strong></span> 
     </span>
    </p>
   </div>
   <div class='ocr_carea' id='block_1_43' title="bbox 477 2818 2111 2896">
    <p class='ocr_par' dir='ltr' id='par_1_43' title="bbox 477 2818 2111 2896">
     <span class='ocr_line' id='line_1_43' title="bbox 477 2818 2111 2896; baseline 0.005 -24"><span class='ocrx_word' id='word_1_303' title='bbox 477 2818 630 2889; x_wconf 89' lang='lat' dir='ltr'><strong>legia</strong></span> <span class='ocrx_word' id='word_1_304' title='bbox 656 2821 839 2877; x_wconf 89' lang='lat' dir='ltr'><strong>tertia</strong></span> <span class='ocrx_word' id='word_1_305' title='bbox 861 2821 1006 2876; x_wconf 91' lang='lat' dir='ltr'><strong>sedis</strong></span> <span class='ocrx_word' id='word_1_306' title='bbox 1031 2838 1366 2894; x_wconf 87' lang='lat' dir='ltr'><strong>agnoscere,</strong></span> <span class='ocrx_word' id='word_1_307' title='bbox 1386 2824 1446 2880; x_wconf 90' lang='lat' dir='ltr'><strong>in</strong></span> <span class='ocrx_word' id='word_1_308' title='bbox 1467 2825 1625 2879; x_wconf 88' lang='lat' dir='ltr'><strong>nullo</strong></span> <span class='ocrx_word' id='word_1_309' title='bbox 1645 2825 1980 2896; x_wconf 87' lang='lat' dir='ltr'><strong>cujusquam</strong></span> <span class='ocrx_word' id='word_1_310' title='bbox 1998 2842 2111 2880; x_wconf 90' lang='lat' dir='ltr'><strong>am-</strong></span> 
     </span>
    </p>
   </div>
   <div class='ocr_carea' id='block_1_44' title="bbox 432 2911 2110 2989">
    <p class='ocr_par' dir='ltr' id='par_1_44' title="bbox 432 2911 2110 2989">
     <span class='ocr_line' id='line_1_44' title="bbox 432 2911 2110 2989; baseline 0.005 -23"><span class='ocrx_word' id='word_1_311' title='bbox 432 2917 448 2987; x_wconf 78' lang='lat'>|</span> <span class='ocrx_word' id='word_1_312' title='bbox 477 2911 690 2968; x_wconf 85' lang='lat' dir='ltr'><strong>bitione</strong></span> <span class='ocrx_word' id='word_1_313' title='bbox 702 2914 1061 2986; x_wconf 88' lang='lat' dir='ltr'><strong>minuantur,</strong></span> <span class='ocrx_word' id='word_1_314' title='bbox 1075 2916 1212 2988; x_wconf 91' lang='lat' dir='ltr'><strong>quia</strong></span> <span class='ocrx_word' id='word_1_315' title='bbox 1223 2921 1379 2972; x_wconf 84' lang='lat' dir='ltr'><strong>tanta</strong></span> <span class='ocrx_word' id='word_1_316' title='bbox 1388 2918 1541 2989; x_wconf 89' lang='lat' dir='ltr'><strong>apud</strong></span> <span class='ocrx_word' id='word_1_317' title='bbox 1555 2934 1645 2973; x_wconf 88' lang='lat' dir='ltr'><strong>me</strong></span> <span class='ocrx_word' id='word_1_318' title='bbox 1659 2923 1743 2974; x_wconf 89' lang='lat' dir='ltr'><strong>est</strong></span> <span class='ocrx_word' id='word_1_319' title='bbox 1753 2918 2110 2974; x_wconf 86' lang='lat' dir='ltr'><strong>Nicanorum</strong></span> 
     </span>
    </p>
   </div>
   <div class='ocr_carea' id='block_1_45' title="bbox 479 3010 2109 3082">
    <p class='ocr_par' dir='ltr' id='par_1_45' title="bbox 479 3010 2109 3082">
     <span class='ocr_line' id='line_1_45' title="bbox 479 3010 2109 3082; baseline 0.005 -22"><span class='ocrx_word' id='word_1_320' title='bbox 479 3023 769 3062; x_wconf 88' lang='lat' dir='ltr'><strong>canonum</strong></span> <span class='ocrx_word' id='word_1_321' title='bbox 797 3010 1133 3078; x_wconf 86' lang='lat' dir='ltr'><strong>reverentia,</strong></span> <span class='ocrx_word' id='word_1_322' title='bbox 1153 3015 1216 3065; x_wconf 91' lang='lat' dir='ltr'><strong>ut</strong></span> <span class='ocrx_word' id='word_1_323' title='bbox 1240 3027 1309 3065; x_wconf 90' lang='lat' dir='ltr'><strong>ea</strong></span> <span class='ocrx_word' id='word_1_324' title='bbox 1336 3027 1466 3082; x_wconf 86' lang='lat' dir='ltr'><strong>qua</strong></span> <span class='ocrx_word' id='word_1_325' title='bbox 1493 3017 1625 3066; x_wconf 89' lang='lat' dir='ltr'><strong>sunt</strong></span> <span class='ocrx_word' id='word_1_326' title='bbox 1650 3030 1683 3066; x_wconf 91' lang='lat' dir='ltr'><strong>a</strong></span> <span class='ocrx_word' id='word_1_327' title='bbox 1708 3013 1918 3068; x_wconf 89' lang='lat' dir='ltr'><strong>sanctis</strong></span> <span class='ocrx_word' id='word_1_328' title='bbox 1935 3014 2109 3068; x_wconf 86' lang='lat' dir='ltr'><strong>Patri-</strong></span> 
     </span>
    </p>
   </div>
   <div class='ocr_carea' id='block_1_46' title="bbox 480 3100 2113 3178">
    <p class='ocr_par' dir='ltr' id='par_1_46' title="bbox 480 3100 2113 3178">
     <span class='ocr_line' id='line_1_46' title="bbox 480 3100 2113 3178; baseline 0.004 -23"><span class='ocrx_word' id='word_1_329' title='bbox 480 3100 585 3155; x_wconf 91' lang='lat' dir='ltr'><strong>bus</strong></span> <span class='ocrx_word' id='word_1_330' title='bbox 604 3102 930 3171; x_wconf 82' lang='lat' dir='ltr'><strong>constituta,</strong></span> <span class='ocrx_word' id='word_1_331' title='bbox 950 3119 1053 3158; x_wconf 93' lang='lat' dir='ltr'><strong>nec</strong></span> <span class='ocrx_word' id='word_1_332' title='bbox 1072 3104 1455 3175; x_wconf 90' lang='lat' dir='ltr'><strong>permiserim,</strong></span> <span class='ocrx_word' id='word_1_333' title='bbox 1473 3121 1578 3160; x_wconf 91' lang='lat' dir='ltr'><strong>nec</strong></span> <span class='ocrx_word' id='word_1_334' title='bbox 1604 3105 1786 3177; x_wconf 87' lang='lat' dir='ltr'><strong>patiar</strong></span> <span class='ocrx_word' id='word_1_335' title='bbox 1805 3106 1995 3178; x_wconf 90' lang='lat' dir='ltr'><strong>aliqua</strong></span> <span class='ocrx_word' id='word_1_336' title='bbox 2017 3123 2113 3161; x_wconf 90' lang='lat' dir='ltr'><strong>no-</strong></span> 
     </span>
    </p>
   </div>
   <div class='ocr_carea' id='block_1_47' title="bbox 478 3192 2183 3303">
    <p class='ocr_par' dir='ltr' id='par_1_47' title="bbox 478 3192 2183 3303">
     <span class='ocr_line' id='line_1_47' title="bbox 478 3192 2183 3303; baseline 0.006 -57"><span class='ocrx_word' id='word_1_337' title='bbox 478 3192 645 3250; x_wconf 81' lang='lat' dir='ltr'><strong>vitate</strong></span> <span class='ocrx_word' id='word_1_338' title='bbox 657 3195 869 3251; x_wconf 88' lang='lat' dir='ltr'><strong>violari.</strong></span> <span class='ocrx_word' id='word_1_339' title='bbox 885 3196 953 3252; x_wconf 89' lang='lat' dir='ltr'><strong>Et</strong></span> <span class='ocrx_word' id='word_1_340' title='bbox 966 3196 1010 3251; x_wconf 91' lang='lat' dir='ltr'><strong>si</strong></span> <span class='ocrx_word' id='word_1_341' title='bbox 1023 3197 1177 3252; x_wconf 89' lang='lat' dir='ltr'><strong>enim</strong></span> <span class='ocrx_word' id='word_1_342' title='bbox 1191 3197 1409 3253; x_wconf 89' lang='lat' dir='ltr'><strong>diversa</strong></span> <span class='ocrx_word' id='word_1_343' title='bbox 1419 3215 1835 3271; x_wconf 89' lang='lat' dir='ltr'><strong>nonnunquam</strong></span> <span class='ocrx_word' id='word_1_344' title='bbox 1847 3204 1980 3254; x_wconf 90' lang='lat' dir='ltr'><strong>sunt</strong></span> <span class='ocrx_word' id='word_1_345' title='bbox 1992 3216 2110 3256; x_wconf 87' lang='lat' dir='ltr'><strong>me-</strong></span> <span class='ocrx_word' id='word_1_346' title='bbox 2128 3228 2183 3303; x_wconf 63' lang='grc' dir='ltr'><strong>ρ</strong></span> 
     </span>
    </p>
   </div>
   <div class='ocr_carea' id='block_1_48' title="bbox 479 3287 2109 3366">
    <p class='ocr_par' dir='ltr' id='par_1_48' title="bbox 479 3287 2109 3366">
     <span class='ocr_line' id='line_1_48' title="bbox 479 3287 2109 3366; baseline 0.005 -25"><span class='ocrx_word' id='word_1_347' title='bbox 479 3287 582 3342; x_wconf 82' lang='lat' dir='ltr'><strong>rita</strong></span> <span class='ocrx_word' id='word_1_348' title='bbox 596 3291 928 3361; x_wconf 88' lang='lat' dir='ltr'><strong>prasulum,</strong></span> <span class='ocrx_word' id='word_1_349' title='bbox 949 3293 1141 3347; x_wconf 82' lang='lat' dir='ltr'><strong>tamen</strong></span> <span class='ocrx_word' id='word_1_350' title='bbox 1150 3291 1285 3363; x_wconf 89' lang='lat' dir='ltr'><strong>jura</strong></span> <span class='ocrx_word' id='word_1_351' title='bbox 1303 3297 1648 3364; x_wconf 88' lang='lat' dir='ltr'><strong>permanent</strong></span> <span class='ocrx_word' id='word_1_352' title='bbox 1669 3294 1887 3348; x_wconf 91' lang='lat' dir='ltr'><strong>sedium</strong></span> <span class='ocrx_word' id='word_1_353' title='bbox 1905 3294 2109 3366; x_wconf 87' lang='lat' dir='ltr'><strong>quibus</strong></span> 
     </span>
    </p>
   </div>
   <div class='ocr_carea' id='block_1_49' title="bbox 476 3384 2104 3458">
    <p class='ocr_par' dir='ltr' id='par_1_49' title="bbox 476 3384 2104 3458">
     <span class='ocr_line' id='line_1_49' title="bbox 476 3384 2104 3458; baseline 0.004 -22"><span class='ocrx_word' id='word_1_354' title='bbox 476 3387 711 3451; x_wconf 87' lang='lat' dir='ltr'><strong>possunt</strong></span> <span class='ocrx_word' id='word_1_355' title='bbox 732 3384 923 3439; x_wconf 84' lang='lat' dir='ltr'><strong>amuli</strong></span> <span class='ocrx_word' id='word_1_356' title='bbox 950 3385 1446 3457; x_wconf 89' lang='lat' dir='ltr'><strong>perturbationem</strong></span> <span class='ocrx_word' id='word_1_357' title='bbox 1471 3387 1716 3458; x_wconf 87' lang='lat' dir='ltr'><strong>aliquam</strong></span> <span class='ocrx_word' id='word_1_358' title='bbox 1744 3387 1994 3458; x_wconf 74' lang='lat' dir='ltr'><strong>fortassis</strong></span> <span class='ocrx_word' id='word_1_359' title='bbox 2020 3387 2104 3443; x_wconf 89' lang='lat' dir='ltr'><strong>in-</strong></span> 
     </span>
    </p>
   </div>
   <div class='ocr_carea' id='block_1_50' title="bbox 478 3476 2108 3552">
    <p class='ocr_par' dir='ltr' id='par_1_50' title="bbox 478 3476 2108 3552">
     <span class='ocr_line' id='line_1_50' title="bbox 478 3476 2108 3552; baseline 0.006 -24"><span class='ocrx_word' id='word_1_360' title='bbox 478 3476 646 3544; x_wconf 87' lang='lat' dir='ltr'><strong>ferre,</strong></span> <span class='ocrx_word' id='word_1_361' title='bbox 669 3494 782 3531; x_wconf 91' lang='lat' dir='ltr'><strong>non</strong></span> <span class='ocrx_word' id='word_1_362' title='bbox 802 3482 997 3534; x_wconf 89' lang='lat' dir='ltr'><strong>tamen</strong></span> <span class='ocrx_word' id='word_1_363' title='bbox 1024 3484 1261 3550; x_wconf 88' lang='lat' dir='ltr'><strong>possunt</strong></span> <span class='ocrx_word' id='word_1_364' title='bbox 1284 3480 1542 3536; x_wconf 91' lang='lat' dir='ltr'><strong>minuere</strong></span> <span class='ocrx_word' id='word_1_365' title='bbox 1565 3476 2108 3552; x_wconf 81' lang='lat' dir='ltr'><strong>dignitatem.IUnde</strong></span> 
     </span>
    </p>
   </div>
   <div class='ocr_carea' id='block_1_51' title="bbox 475 3571 2110 3647">
    <p class='ocr_par' dir='ltr' id='par_1_51' title="bbox 475 3571 2110 3647">
     <span class='ocr_line' id='line_1_51' title="bbox 475 3571 2110 3647; baseline 0.004 -24"><span class='ocrx_word' id='word_1_366' title='bbox 475 3585 602 3624; x_wconf 92' lang='lat' dir='ltr'><strong>cum</strong></span> <span class='ocrx_word' id='word_1_367' title='bbox 662 3571 879 3642; x_wconf 90' lang='lat' dir='ltr'><strong>aliquid</strong></span> <span class='ocrx_word' id='word_1_368' title='bbox 921 3588 1026 3644; x_wconf 88' lang='lat' dir='ltr'><strong>pro</strong></span> <span class='ocrx_word' id='word_1_369' title='bbox 1076 3573 1442 3630; x_wconf 86' lang='lat' dir='ltr'><strong>Antiochena</strong></span> <span class='ocrx_word' id='word_1_370' title='bbox 1493 3574 1748 3631; x_wconf 90' lang='lat' dir='ltr'><strong>Ecclesia</strong></span> <span class='ocrx_word' id='word_1_371' title='bbox 1798 3574 2110 3647; x_wconf 89' lang='lat' dir='ltr'><strong>privilegiis</strong></span> 
     </span>
    </p>
   </div>
   <div class='ocr_carea' id='block_1_52' title="bbox 476 3663 2109 3740">
    <p class='ocr_par' dir='ltr' id='par_1_52' title="bbox 476 3663 2109 3740">
     <span class='ocr_line' id='line_1_52' title="bbox 476 3663 2109 3740; baseline 0.004 -23"><span class='ocrx_word' id='word_1_372' title='bbox 476 3663 698 3720; x_wconf 90' lang='lat' dir='ltr'><strong>dilectio</strong></span> <span class='ocrx_word' id='word_1_373' title='bbox 722 3667 822 3720; x_wconf 89' lang='lat' dir='ltr'><strong>tua</strong></span> <span class='ocrx_word' id='word_1_374' title='bbox 843 3667 1131 3737; x_wconf 89' lang='lat' dir='ltr'><strong>agendum</strong></span> <span class='ocrx_word' id='word_1_375' title='bbox 1153 3684 1273 3723; x_wconf 90' lang='lat' dir='ltr'><strong>esse</strong></span> <span class='ocrx_word' id='word_1_376' title='bbox 1302 3668 1607 3725; x_wconf 86' lang='lat' dir='ltr'><strong>crediderit</strong></span> <span class='ocrx_word' id='word_1_377' title='bbox 1637 3669 1880 3740; x_wconf 91' lang='lat' dir='ltr'><strong>propriis</strong></span> <span class='ocrx_word' id='word_1_378' title='bbox 1905 3669 2109 3725; x_wconf 89' lang='lat' dir='ltr'><strong>litteris</strong></span> 
     </span>
    </p>
   </div>
   <div class='ocr_carea' id='block_1_53' title="bbox 476 3757 2107 3831">
    <p class='ocr_par' dir='ltr' id='par_1_53' title="bbox 476 3757 2107 3831">
     <span class='ocr_line' id='line_1_53' title="bbox 476 3757 2107 3831; baseline 0.004 -21"><span class='ocrx_word' id='word_1_379' title='bbox 476 3757 703 3813; x_wconf 80' lang='lat' dir='ltr'><strong>studeat</strong></span> <span class='ocrx_word' id='word_1_380' title='bbox 727 3760 1029 3831; x_wconf 84' lang='lat' dir='ltr'><strong>explicare,</strong></span> <span class='ocrx_word' id='word_1_381' title='bbox 1059 3766 1116 3816; x_wconf 90' lang='lat' dir='ltr'><strong>et</strong></span> <span class='ocrx_word' id='word_1_382' title='bbox 1156 3765 1221 3816; x_wconf 91' lang='lat' dir='ltr'><strong>ut</strong></span> <span class='ocrx_word' id='word_1_383' title='bbox 1251 3779 1353 3817; x_wconf 88' lang='lat' dir='ltr'><strong>nos</strong></span> <span class='ocrx_word' id='word_1_384' title='bbox 1378 3762 1783 3818; x_wconf 85' lang='lat' dir='ltr'><strong>consultationi</strong></span> <span class='ocrx_word' id='word_1_385' title='bbox 1811 3767 1920 3818; x_wconf 84' lang='lat' dir='ltr'><strong>tua</strong></span> <span class='ocrx_word' id='word_1_386' title='bbox 1945 3764 2107 3818; x_wconf 91' lang='lat' dir='ltr'><strong>abso-</strong></span> 
     </span>
    </p>
   </div>
   <div class='ocr_carea' id='block_1_54' title="bbox 473 3850 2107 3927">
    <p class='ocr_par' dir='ltr' id='par_1_54' title="bbox 473 3850 2107 3927">
     <span class='ocr_line' id='line_1_54' title="bbox 473 3850 2107 3927; baseline 0.006 -23"><span class='ocrx_word' id='word_1_387' title='bbox 473 3850 591 3905; x_wconf 88' lang='lat' dir='ltr'><strong>lute</strong></span> <span class='ocrx_word' id='word_1_388' title='bbox 612 3856 669 3905; x_wconf 91' lang='lat' dir='ltr'><strong>et</strong></span> <span class='ocrx_word' id='word_1_389' title='bbox 687 3868 937 3924; x_wconf 87' lang='lat' dir='ltr'><strong>congrue</strong></span> <span class='ocrx_word' id='word_1_390' title='bbox 956 3855 1297 3925; x_wconf 88' lang='lat' dir='ltr'><strong>respondere</strong></span> <span class='ocrx_word' id='word_1_391' title='bbox 1320 3856 1630 3927; x_wconf 89' lang='lat' dir='ltr'><strong>possimus.</strong></span> <span class='ocrx_word' id='word_1_392' title='bbox 1648 3858 1805 3911; x_wconf 88' lang='lat' dir='ltr'><strong>Nunc</strong></span> <span class='ocrx_word' id='word_1_393' title='bbox 1821 3861 2012 3912; x_wconf 89' lang='lat' dir='ltr'><strong>autem</strong></span> <span class='ocrx_word' id='word_1_394' title='bbox 2037 3858 2107 3913; x_wconf 91' lang='lat' dir='ltr'><strong>ad</strong></span> 
     </span>
    </p>
   </div>
   <div class='ocr_carea' id='block_1_55' title="bbox 479 3943 2109 4023">
    <p class='ocr_par' dir='ltr' id='par_1_55' title="bbox 479 3943 2109 4023">
     <span class='ocr_line' id='line_1_55' title="bbox 479 3943 2109 4023; baseline 0.006 -26"><span class='ocrx_word' id='word_1_395' title='bbox 479 3943 674 3998; x_wconf 89' lang='lat' dir='ltr'><strong>omnia</strong></span> <span class='ocrx_word' id='word_1_396' title='bbox 693 3945 1038 4015; x_wconf 88' lang='lat' dir='ltr'><strong>generaliter</strong></span> <span class='ocrx_word' id='word_1_397' title='bbox 1054 3948 1427 4018; x_wconf 90' lang='lat' dir='ltr'><strong>pronuntiare</strong></span> <span class='ocrx_word' id='word_1_398' title='bbox 1454 3949 1711 4018; x_wconf 89' lang='lat' dir='ltr'><strong>sufﬁciat,</strong></span> <span class='ocrx_word' id='word_1_399' title='bbox 1731 3951 1883 4021; x_wconf 91' lang='lat' dir='ltr'><strong>quod</strong></span> <span class='ocrx_word' id='word_1_400' title='bbox 1904 3952 1950 4005; x_wconf 91' lang='lat' dir='ltr'><strong>si</strong></span> <span class='ocrx_word' id='word_1_401' title='bbox 1970 3952 2109 4023; x_wconf 87' lang='lat' dir='ltr'><strong>quid</strong></span> 
     </span>
    </p>
   </div>
   <div class='ocr_carea' id='block_1_56' title="bbox 474 4040 2107 4107">
    <p class='ocr_par' dir='ltr' id='par_1_56' title="bbox 474 4040 2107 4107">
     <span class='ocr_line' id='line_1_56' title="bbox 474 4040 2107 4107; baseline 0.006 -19"><span class='ocrx_word' id='word_1_402' title='bbox 474 4054 507 4088; x_wconf 86' lang='lat' dir='ltr'><strong>a</strong></span> <span class='ocrx_word' id='word_1_403' title='bbox 535 4053 823 4107; x_wconf 88' lang='lat' dir='ltr'><strong>quoquam</strong></span> <span class='ocrx_word' id='word_1_404' title='bbox 868 4042 1063 4093; x_wconf 89' lang='lat' dir='ltr'><strong>contra</strong></span> <span class='ocrx_word' id='word_1_405' title='bbox 1104 4040 1462 4096; x_wconf 86' lang='lat' dir='ltr'><strong>Nicanorum</strong></span> <span class='ocrx_word' id='word_1_406' title='bbox 1503 4059 1787 4098; x_wconf 89' lang='lat' dir='ltr'><strong>canonum</strong></span> <span class='ocrx_word' id='word_1_407' title='bbox 1816 4046 2025 4099; x_wconf 83' lang='lat' dir='ltr'><strong>statuta</strong></span> <span class='ocrx_word' id='word_1_408' title='bbox 2052 4044 2107 4098; x_wconf 92' lang='lat' dir='ltr'><strong>in</strong></span> 
     </span>
    </p>
   </div>
   <div class='ocr_carea' id='block_1_57' title="bbox 478 4134 2109 4210">
    <p class='ocr_par' dir='ltr' id='par_1_57' title="bbox 478 4134 2109 4210">
     <span class='ocr_line' id='line_1_57' title="bbox 478 4134 2109 4210; baseline 0.007 -27"><span class='ocrx_word' id='word_1_409' title='bbox 478 4147 818 4203; x_wconf 82' lang='lat' dir='ltr'><strong>quacunque</strong></span> <span class='ocrx_word' id='word_1_410' title='bbox 844 4134 1058 4205; x_wconf 88' lang='lat' dir='ltr'><strong>synodo</strong></span> <span class='ocrx_word' id='word_1_411' title='bbox 1087 4137 1177 4190; x_wconf 90' lang='lat' dir='ltr'><strong>vel</strong></span> <span class='ocrx_word' id='word_1_412' title='bbox 1221 4140 1503 4191; x_wconf 87' lang='lat' dir='ltr'><strong>tentatum</strong></span> <span class='ocrx_word' id='word_1_413' title='bbox 1535 4141 1637 4207; x_wconf 91' lang='lat' dir='ltr'><strong>est,</strong></span> <span class='ocrx_word' id='word_1_414' title='bbox 1666 4137 1752 4193; x_wconf 90' lang='lat' dir='ltr'><strong>vel</strong></span> <span class='ocrx_word' id='word_1_415' title='bbox 1781 4139 1850 4194; x_wconf 86' lang='lat' dir='ltr'><strong>ad</strong></span> <span class='ocrx_word' id='word_1_416' title='bbox 1885 4143 2109 4210; x_wconf 89' lang='lat' dir='ltr'><strong>tempus</strong></span> 
     </span>
    </p>
   </div>
   <div class='ocr_carea' id='block_1_58' title="bbox 476 4225 2109 4304">
    <p class='ocr_par' dir='ltr' id='par_1_58' title="bbox 476 4225 2109 4304">
     <span class='ocr_line' id='line_1_58' title="bbox 476 4225 2109 4304; baseline 0.006 -26"><span class='ocrx_word' id='word_1_417' title='bbox 476 4225 696 4280; x_wconf 88' lang='lat' dir='ltr'><strong>videtur</strong></span> <span class='ocrx_word' id='word_1_418' title='bbox 713 4230 977 4282; x_wconf 84' lang='lat' dir='ltr'><strong>exortum</strong></span> <span class='ocrx_word' id='word_1_419' title='bbox 989 4229 1149 4298; x_wconf 89' lang='lat' dir='ltr'><strong>,nihil</strong></span> <span class='ocrx_word' id='word_1_420' title='bbox 1164 4230 1478 4302; x_wconf 81' lang='lat' dir='ltr'><strong>prajudicii</strong></span> <span class='ocrx_word' id='word_1_421' title='bbox 1491 4235 1679 4304; x_wconf 88' lang='lat' dir='ltr'><strong>potest</strong></span> <span class='ocrx_word' id='word_1_422' title='bbox 1694 4232 2109 4288; x_wconf 89' lang='lat' dir='ltr'><strong>inviolabilibus</strong></span> 
     </span>
    </p>
   </div>
   <div class='ocr_carea' id='block_1_59' title="bbox 476 4319 2109 4397">
    <p class='ocr_par' dir='ltr' id='par_1_59' title="bbox 476 4319 2109 4397">
     <span class='ocr_line' id='line_1_59' title="bbox 476 4319 2109 4397; baseline 0.007 -25"><span class='ocrx_word' id='word_1_423' title='bbox 476 4319 682 4376; x_wconf 88' lang='lat' dir='ltr'><strong>inferre</strong></span> <span class='ocrx_word' id='word_1_424' title='bbox 711 4321 974 4391; x_wconf 87' lang='lat' dir='ltr'><strong>decretis,</strong></span> <span class='ocrx_word' id='word_1_425' title='bbox 999 4328 1056 4378; x_wconf 92' lang='lat' dir='ltr'><strong>et</strong></span> <span class='ocrx_word' id='word_1_426' title='bbox 1084 4324 1305 4379; x_wconf 89' lang='lat' dir='ltr'><strong>facilius</strong></span> <span class='ocrx_word' id='word_1_427' title='bbox 1336 4326 1445 4381; x_wconf 88' lang='lat' dir='ltr'><strong>erit</strong></span> <span class='ocrx_word' id='word_1_428' title='bbox 1465 4327 1850 4397; x_wconf 88' lang='lat' dir='ltr'><strong>quarumlibet</strong></span> <span class='ocrx_word' id='word_1_429' title='bbox 1875 4344 2109 4382; x_wconf 88' lang='lat' dir='ltr'><strong>consen-</strong></span> 
     </span>
    </p>
   </div>
   <div class='ocr_carea' id='block_1_60' title="bbox 475 4413 2108 4491">
    <p class='ocr_par' dir='ltr' id='par_1_60' title="bbox 475 4413 2108 4491">
     <span class='ocr_line' id='line_1_60' title="bbox 475 4413 2108 4491; baseline 0.006 -25"><span class='ocrx_word' id='word_1_430' title='bbox 475 4413 698 4469; x_wconf 81' lang='lat' dir='ltr'><strong>sionum</strong></span> <span class='ocrx_word' id='word_1_431' title='bbox 716 4418 941 4486; x_wconf 89' lang='lat' dir='ltr'><strong>pactum</strong></span> <span class='ocrx_word' id='word_1_432' title='bbox 960 4417 1181 4473; x_wconf 88' lang='lat' dir='ltr'><strong>dissolvi</strong></span> <span class='ocrx_word' id='word_1_433' title='bbox 1195 4435 1373 4490; x_wconf 88' lang='lat' dir='ltr'><strong>quam</strong></span> <span class='ocrx_word' id='word_1_434' title='bbox 1395 4420 1795 4491; x_wconf 87' lang='lat' dir='ltr'><strong>pradictorum</strong></span> <span class='ocrx_word' id='word_1_435' title='bbox 1819 4437 2108 4477; x_wconf 89' lang='lat' dir='ltr'><strong>canonum</strong></span> 
     </span>
    </p>
   </div>
   <div class='ocr_carea' id='block_1_61' title="bbox 478 4498 2107 4586">
    <p class='ocr_par' dir='ltr' id='par_1_61' title="bbox 478 4498 2107 4586">
     <span class='ocr_line' id='line_1_61' title="bbox 478 4498 2107 4586; baseline 0.005 -24"><span class='ocrx_word' id='word_1_436' title='bbox 478 4509 700 4579; x_wconf 87' lang='lat' dir='ltr'><strong>regulas</strong></span> <span class='ocrx_word' id='word_1_437' title='bbox 741 4526 811 4564; x_wconf 83' lang='lat' dir='ltr'><strong>ex</strong></span> <span class='ocrx_word' id='word_1_438' title='bbox 843 4510 957 4565; x_wconf 90' lang='lat' dir='ltr'><strong>ulla</strong></span> <span class='ocrx_word' id='word_1_439' title='bbox 986 4517 1148 4583; x_wconf 88' lang='lat' dir='ltr'><strong>parte</strong></span> <span class='ocrx_word' id='word_1_440' title='bbox 1191 4498 1519 4584; x_wconf 53' lang='lat' dir='ltr'><strong>corrumpi.‘</strong></span> <span class='ocrx_word' id='word_1_441' title='bbox 1550 4515 1905 4586; x_wconf 89' lang='lat' dir='ltr'><strong>Subrependi</strong></span> <span class='ocrx_word' id='word_1_442' title='bbox 1951 4516 2107 4570; x_wconf 88' lang='lat' dir='ltr'><strong>enim</strong></span> 
     </span>
    </p>
   </div>
   <div class='ocr_carea' id='block_1_62' title="bbox 2207 1974 3849 2048">
    <p class='ocr_par' dir='ltr' id='par_1_62' title="bbox 2207 1974 3849 2048">
     <span class='ocr_line' id='line_1_62' title="bbox 2207 1974 3849 2048; baseline 0.001 -18"><span class='ocrx_word' id='word_1_443' title='bbox 2207 1975 2255 2029; x_wconf 89' lang='lat' dir='ltr'><strong>si</strong></span> <span class='ocrx_word' id='word_1_444' title='bbox 2293 1974 2434 2030; x_wconf 89' lang='lat' dir='ltr'><strong>nihil</strong></span> <span class='ocrx_word' id='word_1_445' title='bbox 2460 1975 2532 2030; x_wconf 90' lang='lat' dir='ltr'><strong>de</strong></span> <span class='ocrx_word' id='word_1_446' title='bbox 2563 1991 2631 2030; x_wconf 89' lang='lat' dir='ltr'><strong>eo</strong></span> <span class='ocrx_word' id='word_1_447' title='bbox 2663 1977 2749 2030; x_wconf 91' lang='lat' dir='ltr'><strong>est</strong></span> <span class='ocrx_word' id='word_1_448' title='bbox 2779 1992 2813 2029; x_wconf 90' lang='lat' dir='ltr'><strong>a</strong></span> <span class='ocrx_word' id='word_1_449' title='bbox 2856 1974 3064 2030; x_wconf 87' lang='lat' dir='ltr'><strong>sanctis</strong></span> <span class='ocrx_word' id='word_1_450' title='bbox 3103 1974 3360 2031; x_wconf 86' lang='lat' dir='ltr'><strong>Patribus</strong></span> <span class='ocrx_word' id='word_1_451' title='bbox 3399 1976 3555 2048; x_wconf 86' lang='lat' dir='ltr'><strong>apud</strong></span> <span class='ocrx_word' id='word_1_452' title='bbox 3596 1975 3849 2032; x_wconf 73' lang='lat' dir='ltr'><strong>Nicaeam</strong></span> 
     </span>
    </p>
   </div>
   <div class='ocr_carea' id='block_1_63' title="bbox 2207 2068 3854 2141">
    <p class='ocr_par' dir='ltr' id='par_1_63' title="bbox 2207 2068 3854 2141">
     <span class='ocr_line' id='line_1_63' title="bbox 2207 2068 3854 2141; baseline 0.001 -18"><span class='ocrx_word' id='word_1_453' title='bbox 2207 2068 2526 2124; x_wconf 89' lang='lat' dir='ltr'><strong>deﬁnitum.</strong></span> <span class='ocrx_word' id='word_1_454' title='bbox 2539 2070 2683 2124; x_wconf 89' lang='lat' dir='ltr'><strong>Nam</strong></span> <span class='ocrx_word' id='word_1_455' title='bbox 2701 2068 2932 2141; x_wconf 88' lang='lat' dir='ltr'><strong>quodab</strong></span> <span class='ocrx_word' id='word_1_456' title='bbox 2944 2068 3172 2124; x_wconf 89' lang='lat' dir='ltr'><strong>illorum</strong></span> <span class='ocrx_word' id='word_1_457' title='bbox 3189 2068 3401 2139; x_wconf 86' lang='lat' dir='ltr'><strong>regulis</strong></span> <span class='ocrx_word' id='word_1_458' title='bbox 3415 2069 3854 2125; x_wconf 82' lang='lat' dir='ltr'><strong>constitutione-</strong></span> 
     </span>
    </p>
   </div>
   <div class='ocr_carea' id='block_1_64' title="bbox 2208 2161 3855 2235">
    <p class='ocr_par' dir='ltr' id='par_1_64' title="bbox 2208 2161 3855 2235">
     <span class='ocr_line' id='line_1_64' title="bbox 2208 2161 3855 2235; baseline 0.002 -19"><span class='ocrx_word' id='word_1_459' title='bbox 2208 2178 2319 2234; x_wconf 90' lang='lat' dir='ltr'><strong>que</strong></span> <span class='ocrx_word' id='word_1_460' title='bbox 2343 2162 2646 2231; x_wconf 88' lang='lat' dir='ltr'><strong>discordat,</strong></span> <span class='ocrx_word' id='word_1_461' title='bbox 2681 2161 3005 2234; x_wconf 84' lang='lat' dir='ltr'><strong>apostolica</strong></span> <span class='ocrx_word' id='word_1_462' title='bbox 3031 2162 3179 2218; x_wconf 90' lang='lat' dir='ltr'><strong>sedis</strong></span> <span class='ocrx_word' id='word_1_463' title='bbox 3220 2179 3516 2235; x_wconf 87' lang='lat' dir='ltr'><strong>nunquam</strong></span> <span class='ocrx_word' id='word_1_464' title='bbox 3563 2163 3855 2219; x_wconf 87' lang='lat' dir='ltr'><strong>obtinebit</strong></span> 
     </span>
    </p>
   </div>
   <div class='ocr_carea' id='block_1_65' title="bbox 2209 2256 3854 2329">
    <p class='ocr_par' dir='ltr' id='par_1_65' title="bbox 2209 2256 3854 2329">
     <span class='ocr_line' id='line_1_65' title="bbox 2209 2256 3854 2329; baseline 0.001 -18"><span class='ocrx_word' id='word_1_465' title='bbox 2209 2272 2568 2312; x_wconf 89' lang='lat' dir='ltr'><strong>consensum.</strong></span> <span class='ocrx_word' id='word_1_466' title='bbox 2599 2256 2823 2321; x_wconf 81' lang='lat' dir='ltr'><strong>Quanta</strong></span> <span class='ocrx_word' id='word_1_467' title='bbox 2850 2272 2984 2312; x_wconf 91' lang='lat' dir='ltr'><strong>vero</strong></span> <span class='ocrx_word' id='word_1_468' title='bbox 3011 2257 3118 2312; x_wconf 90' lang='lat' dir='ltr'><strong>hoc</strong></span> <span class='ocrx_word' id='word_1_469' title='bbox 3163 2256 3458 2329; x_wconf 88' lang='lat' dir='ltr'><strong>diligentia</strong></span> <span class='ocrx_word' id='word_1_470' title='bbox 3487 2257 3854 2313; x_wconf 87' lang='lat' dir='ltr'><strong>custodiatur</strong></span> 
     </span>
    </p>
   </div>
   <div class='ocr_carea' id='block_1_66' title="bbox 2208 2349 3849 2423">
    <p class='ocr_par' dir='ltr' id='par_1_66' title="bbox 2208 2349 3849 2423">
     <span class='ocr_line' id='line_1_66' title="bbox 2208 2349 3849 2423; baseline 0.001 -18"><span class='ocrx_word' id='word_1_471' title='bbox 2208 2368 2240 2405; x_wconf 90' lang='lat' dir='ltr'><strong>a</strong></span> <span class='ocrx_word' id='word_1_472' title='bbox 2266 2350 2431 2407; x_wconf 89' lang='lat' dir='ltr'><strong>nobis</strong></span> <span class='ocrx_word' id='word_1_473' title='bbox 2475 2349 2892 2422; x_wconf 83' lang='lat' dir='ltr'><strong>exemplaribus</strong></span> <span class='ocrx_word' id='word_1_474' title='bbox 2931 2350 3052 2421; x_wconf 87' lang='lat' dir='ltr'><strong>ejus</strong></span> <span class='ocrx_word' id='word_1_475' title='bbox 3091 2350 3347 2423; x_wconf 86' lang='lat' dir='ltr'><strong>epistola</strong></span> <span class='ocrx_word' id='word_1_476' title='bbox 3386 2367 3560 2423; x_wconf 90' lang='lat' dir='ltr'><strong>quam</strong></span> <span class='ocrx_word' id='word_1_477' title='bbox 3589 2352 3663 2406; x_wconf 90' lang='lat' dir='ltr'><strong>ad</strong></span> <span class='ocrx_word' id='word_1_478' title='bbox 3691 2352 3849 2407; x_wconf 91' lang='lat' dir='ltr'><strong>Con-</strong></span> 
     </span>
    </p>
   </div>
   <div class='ocr_carea' id='block_1_67' title="bbox 2210 2443 3850 2517">
    <p class='ocr_par' dir='ltr' id='par_1_67' title="bbox 2210 2443 3850 2517">
     <span class='ocr_line' id='line_1_67' title="bbox 2210 2443 3850 2517; baseline 0.001 -18"><span class='ocrx_word' id='word_1_479' title='bbox 2210 2443 2777 2515; x_wconf 87' lang='lat' dir='ltr'><strong>stantinopolitanum</strong></span> <span class='ocrx_word' id='word_1_480' title='bbox 2805 2444 3134 2516; x_wconf 89' lang='lat' dir='ltr'><strong>episcopum</strong></span> <span class='ocrx_word' id='word_1_481' title='bbox 3158 2445 3510 2501; x_wconf 90' lang='lat' dir='ltr'><strong>refrenantes</strong></span> <span class='ocrx_word' id='word_1_482' title='bbox 3536 2444 3714 2517; x_wconf 88' lang='lat' dir='ltr'><strong>ipsius</strong></span> <span class='ocrx_word' id='word_1_483' title='bbox 3741 2462 3850 2501; x_wconf 90' lang='lat' dir='ltr'><strong>cu-</strong></span> 
     </span>
    </p>
   </div>
   <div class='ocr_carea' id='block_1_68' title="bbox 2208 2537 3853 2610">
    <p class='ocr_par' dir='ltr' id='par_1_68' title="bbox 2208 2537 3853 2610">
     <span class='ocr_line' id='line_1_68' title="bbox 2208 2537 3853 2610; baseline 0.001 -17"><span class='ocrx_word' id='word_1_484' title='bbox 2208 2538 2509 2610; x_wconf 89' lang='lat' dir='ltr'><strong>piditatem</strong></span> <span class='ocrx_word' id='word_1_485' title='bbox 2553 2537 2864 2593; x_wconf 82' lang='lat' dir='ltr'><strong>direximus</strong></span> <span class='ocrx_word' id='word_1_486' title='bbox 2913 2538 3230 2605; x_wconf 89' lang='lat' dir='ltr'><strong>instrueris,</strong></span> <span class='ocrx_word' id='word_1_487' title='bbox 3268 2555 3445 2610; x_wconf 87' lang='lat' dir='ltr'><strong>quam</strong></span> <span class='ocrx_word' id='word_1_488' title='bbox 3483 2538 3543 2595; x_wconf 91' lang='lat' dir='ltr'><strong>in</strong></span> <span class='ocrx_word' id='word_1_489' title='bbox 3581 2540 3853 2595; x_wconf 91' lang='lat' dir='ltr'><strong>omnium</strong></span> 
     </span>
    </p>
   </div>
   <div class='ocr_carea' id='block_1_69' title="bbox 2209 2631 3851 2689">
    <p class='ocr_par' dir='ltr' id='par_1_69' title="bbox 2209 2631 3851 2689">
     <span class='ocr_line' id='line_1_69' title="bbox 2209 2631 3851 2689; baseline 0.001 -2"><span class='ocrx_word' id='word_1_490' title='bbox 2209 2632 2448 2687; x_wconf 81' lang='lat' dir='ltr'><strong>fratrum</strong></span> <span class='ocrx_word' id='word_1_491' title='bbox 2492 2636 2549 2687; x_wconf 90' lang='lat' dir='ltr'><strong>et</strong></span> <span class='ocrx_word' id='word_1_492' title='bbox 2585 2631 2946 2687; x_wconf 89' lang='lat' dir='ltr'><strong>sacerdotum</strong></span> <span class='ocrx_word' id='word_1_493' title='bbox 2990 2635 3320 2687; x_wconf 87' lang='lat' dir='ltr'><strong>nostrorum</strong></span> <span class='ocrx_word' id='word_1_494' title='bbox 3367 2632 3536 2688; x_wconf 89' lang='lat' dir='ltr'><strong>facias</strong></span> <span class='ocrx_word' id='word_1_495' title='bbox 3579 2633 3851 2689; x_wconf 87' lang='lat' dir='ltr'><strong>notitiam</strong></span> 
     </span>
    </p>
   </div>
   <div class='ocr_carea' id='block_1_70' title="bbox 2209 2726 3854 2799">
    <p class='ocr_par' dir='ltr' id='par_1_70' title="bbox 2209 2726 3854 2799">
     <span class='ocr_line' id='line_1_70' title="bbox 2209 2726 3854 2799; baseline 0.001 -18"><span class='ocrx_word' id='word_1_496' title='bbox 2209 2726 2525 2798; x_wconf 89' lang='lat' dir='ltr'><strong>pervenire,</strong></span> <span class='ocrx_word' id='word_1_497' title='bbox 2574 2730 2641 2781; x_wconf 92' lang='lat' dir='ltr'><strong>ut</strong></span> <span class='ocrx_word' id='word_1_498' title='bbox 2688 2726 2951 2781; x_wconf 89' lang='lat' dir='ltr'><strong>noverint</strong></span> <span class='ocrx_word' id='word_1_499' title='bbox 3000 2742 3201 2798; x_wconf 88' lang='lat' dir='ltr'><strong>pacem</strong></span> <span class='ocrx_word' id='word_1_500' title='bbox 3252 2727 3690 2783; x_wconf 85' lang='lat' dir='ltr'><strong>ecclesiasticam</strong></span> <span class='ocrx_word' id='word_1_501' title='bbox 3742 2744 3854 2799; x_wconf 90' lang='lat' dir='ltr'><strong>per</strong></span> 
     </span>
    </p>
   </div>
   <div class='ocr_carea' id='block_1_71' title="bbox 2210 2819 3855 2894">
    <p class='ocr_par' dir='ltr' id='par_1_71' title="bbox 2210 2819 3855 2894">
     <span class='ocr_line' id='line_1_71' title="bbox 2210 2819 3855 2894; baseline 0.002 -20"><span class='ocrx_word' id='word_1_502' title='bbox 2210 2819 2573 2875; x_wconf 90' lang='lat' dir='ltr'><strong>concordiam</strong></span> <span class='ocrx_word' id='word_1_503' title='bbox 2603 2820 2718 2875; x_wconf 92' lang='lat' dir='ltr'><strong>Deo</strong></span> <span class='ocrx_word' id='word_1_504' title='bbox 2744 2820 3013 2891; x_wconf 90' lang='lat' dir='ltr'><strong>placitam</strong></span> <span class='ocrx_word' id='word_1_505' title='bbox 3043 2820 3255 2876; x_wconf 89' lang='lat' dir='ltr'><strong>debere</strong></span> <span class='ocrx_word' id='word_1_506' title='bbox 3286 2821 3516 2876; x_wconf 91' lang='lat' dir='ltr'><strong>servari.</strong></span> <span class='ocrx_word' id='word_1_507' title='bbox 3544 2821 3687 2877; x_wconf 89' lang='lat' dir='ltr'><strong>Illud</strong></span> <span class='ocrx_word' id='word_1_508' title='bbox 3704 2837 3855 2894; x_wconf 90' lang='lat' dir='ltr'><strong>quo-</strong></span> 
     </span>
    </p>
   </div>
   <div class='ocr_carea' id='block_1_72' title="bbox 2212 2913 3853 2987">
    <p class='ocr_par' dir='ltr' id='par_1_72' title="bbox 2212 2913 3853 2987">
     <span class='ocr_line' id='line_1_72' title="bbox 2212 2913 3853 2987; baseline 0.001 -19"><span class='ocrx_word' id='word_1_509' title='bbox 2212 2929 2323 2984; x_wconf 89' lang='lat' dir='ltr'><strong>que</strong></span> <span class='ocrx_word' id='word_1_510' title='bbox 2344 2913 2706 2969; x_wconf 90' lang='lat' dir='ltr'><strong>dilectionem</strong></span> <span class='ocrx_word' id='word_1_511' title='bbox 2728 2917 2885 2969; x_wconf 90' lang='lat' dir='ltr'><strong>tuam</strong></span> <span class='ocrx_word' id='word_1_512' title='bbox 2907 2914 3177 2969; x_wconf 89' lang='lat' dir='ltr'><strong>convenit</strong></span> <span class='ocrx_word' id='word_1_513' title='bbox 3193 2930 3534 2987; x_wconf 86' lang='lat' dir='ltr'><strong>pracavere,</strong></span> <span class='ocrx_word' id='word_1_514' title='bbox 3552 2917 3619 2970; x_wconf 90' lang='lat' dir='ltr'><strong>ut</strong></span> <span class='ocrx_word' id='word_1_515' title='bbox 3635 2920 3853 2987; x_wconf 88' lang='lat' dir='ltr'><strong>prater</strong></span> 
     </span>
    </p>
   </div>
   <div class='ocr_carea' id='block_1_73' title="bbox 2212 3007 3848 3080">
    <p class='ocr_par' dir='ltr' id='par_1_73' title="bbox 2212 3007 3848 3080">
     <span class='ocr_line' id='line_1_73' title="bbox 2212 3007 3848 3080; baseline 0.002 -18"><span class='ocrx_word' id='word_1_516' title='bbox 2212 3024 2309 3062; x_wconf 90' lang='lat' dir='ltr'><strong>eos</strong></span> <span class='ocrx_word' id='word_1_517' title='bbox 2339 3007 2437 3079; x_wconf 91' lang='lat' dir='ltr'><strong>qui</strong></span> <span class='ocrx_word' id='word_1_518' title='bbox 2466 3010 2599 3063; x_wconf 90' lang='lat' dir='ltr'><strong>sunt</strong></span> <span class='ocrx_word' id='word_1_519' title='bbox 2622 3008 2853 3063; x_wconf 91' lang='lat' dir='ltr'><strong>Domini</strong></span> <span class='ocrx_word' id='word_1_520' title='bbox 2885 3009 3225 3075; x_wconf 89' lang='lat' dir='ltr'><strong>sacerdotes,</strong></span> <span class='ocrx_word' id='word_1_521' title='bbox 3256 3009 3444 3064; x_wconf 91' lang='lat' dir='ltr'><strong>nullus</strong></span> <span class='ocrx_word' id='word_1_522' title='bbox 3472 3008 3579 3064; x_wconf 90' lang='lat' dir='ltr'><strong>sibi</strong></span> <span class='ocrx_word' id='word_1_523' title='bbox 3608 3009 3705 3080; x_wconf 89' lang='lat' dir='ltr'><strong>jus</strong></span> <span class='ocrx_word' id='word_1_524' title='bbox 3739 3010 3848 3066; x_wconf 91' lang='lat' dir='ltr'><strong>do-</strong></span> 
     </span>
    </p>
   </div>
   <div class='ocr_carea' id='block_1_74' title="bbox 2211 3101 3852 3175">
    <p class='ocr_par' dir='ltr' id='par_1_74' title="bbox 2211 3101 3852 3175">
     <span class='ocr_line' id='line_1_74' title="bbox 2211 3101 3852 3175; baseline 0.002 -19"><span class='ocrx_word' id='word_1_525' title='bbox 2211 3101 2396 3171; x_wconf 89' lang='lat' dir='ltr'><strong>cendi,</strong></span> <span class='ocrx_word' id='word_1_526' title='bbox 2430 3105 2488 3156; x_wconf 91' lang='lat' dir='ltr'><strong>et</strong></span> <span class='ocrx_word' id='word_1_527' title='bbox 2528 3101 2877 3175; x_wconf 86' lang='lat' dir='ltr'><strong>pradicandi</strong></span> <span class='ocrx_word' id='word_1_528' title='bbox 2919 3101 3128 3157; x_wconf 89' lang='lat' dir='ltr'><strong>audeat</strong></span> <span class='ocrx_word' id='word_1_529' title='bbox 3160 3102 3465 3173; x_wconf 88' lang='lat' dir='ltr'><strong>vindicare,</strong></span> <span class='ocrx_word' id='word_1_530' title='bbox 3499 3103 3612 3158; x_wconf 89' lang='lat' dir='ltr'><strong>sive</strong></span> <span class='ocrx_word' id='word_1_531' title='bbox 3648 3102 3722 3158; x_wconf 90' lang='lat' dir='ltr'><strong>sit</strong></span> <span class='ocrx_word' id='word_1_532' title='bbox 3752 3103 3852 3160; x_wconf 90' lang='lat' dir='ltr'><strong>ille</strong></span> 
     </span>
    </p>
   </div>
   <div class='ocr_carea' id='block_1_75' title="bbox 2210 3195 3846 3268">
    <p class='ocr_par' dir='ltr' id='par_1_75' title="bbox 2210 3195 3846 3268">
     <span class='ocr_line' id='line_1_75' title="bbox 2210 3195 3846 3268; baseline 0.002 -18"><span class='ocrx_word' id='word_1_533' title='bbox 2210 3196 2548 3263; x_wconf 87' lang='lat' dir='ltr'><strong>monachus,</strong></span> <span class='ocrx_word' id='word_1_534' title='bbox 2577 3195 2692 3251; x_wconf 89' lang='lat' dir='ltr'><strong>sive</strong></span> <span class='ocrx_word' id='word_1_535' title='bbox 2722 3195 2794 3251; x_wconf 92' lang='lat' dir='ltr'><strong>sit</strong></span> <span class='ocrx_word' id='word_1_536' title='bbox 2820 3196 3018 3265; x_wconf 90' lang='lat' dir='ltr'><strong>laicus,</strong></span> <span class='ocrx_word' id='word_1_537' title='bbox 3046 3196 3145 3267; x_wconf 89' lang='lat' dir='ltr'><strong>qui</strong></span> <span class='ocrx_word' id='word_1_538' title='bbox 3177 3196 3415 3268; x_wconf 88' lang='lat' dir='ltr'><strong>alicujus</strong></span> <span class='ocrx_word' id='word_1_539' title='bbox 3458 3196 3710 3252; x_wconf 86' lang='lat' dir='ltr'><strong>scientia</strong></span> <span class='ocrx_word' id='word_1_540' title='bbox 3737 3214 3846 3253; x_wconf 91' lang='lat' dir='ltr'><strong>no-</strong></span> 
     </span>
    </p>
   </div>
   <div class='ocr_carea' id='block_1_76' title="bbox 2209 3289 3849 3362">
    <p class='ocr_par' dir='ltr' id='par_1_76' title="bbox 2209 3289 3849 3362">
     <span class='ocr_line' id='line_1_76' title="bbox 2209 3289 3849 3362; baseline 0.001 -18"><span class='ocrx_word' id='word_1_541' title='bbox 2209 3289 2363 3344; x_wconf 90' lang='lat' dir='ltr'><strong>mine</strong></span> <span class='ocrx_word' id='word_1_542' title='bbox 2390 3289 2687 3361; x_wconf 88' lang='lat' dir='ltr'><strong>glorietur.</strong></span> <span class='ocrx_word' id='word_1_543' title='bbox 2714 3289 2858 3354; x_wconf 85' lang='lat' dir='ltr'><strong>Quia</strong></span> <span class='ocrx_word' id='word_1_544' title='bbox 2881 3292 2938 3345; x_wconf 91' lang='lat' dir='ltr'><strong>et</strong></span> <span class='ocrx_word' id='word_1_545' title='bbox 2964 3290 3011 3345; x_wconf 90' lang='lat' dir='ltr'><strong>si</strong></span> <span class='ocrx_word' id='word_1_546' title='bbox 3047 3291 3361 3362; x_wconf 89' lang='lat' dir='ltr'><strong>optandum</strong></span> <span class='ocrx_word' id='word_1_547' title='bbox 3405 3296 3508 3360; x_wconf 89' lang='lat' dir='ltr'><strong>est,</strong></span> <span class='ocrx_word' id='word_1_548' title='bbox 3539 3294 3603 3345; x_wconf 90' lang='lat' dir='ltr'><strong>ut</strong></span> <span class='ocrx_word' id='word_1_549' title='bbox 3644 3307 3849 3347; x_wconf 87' lang='lat' dir='ltr'><strong>omnes</strong></span> 
     </span>
    </p>
   </div>
   <div class='ocr_carea' id='block_1_77' title="bbox 2210 3383 3846 3457">
    <p class='ocr_par' dir='ltr' id='par_1_77' title="bbox 2210 3383 3846 3457">
     <span class='ocr_line' id='line_1_77' title="bbox 2210 3383 3846 3457; baseline 0.002 -19"><span class='ocrx_word' id='word_1_550' title='bbox 2210 3383 2469 3439; x_wconf 86' lang='lat' dir='ltr'><strong>Ecclesia</strong></span> <span class='ocrx_word' id='word_1_551' title='bbox 2509 3384 2617 3439; x_wconf 88' lang='lat' dir='ltr'><strong>ﬁlii</strong></span> <span class='ocrx_word' id='word_1_552' title='bbox 2645 3400 2774 3455; x_wconf 87' lang='lat' dir='ltr'><strong>qua</strong></span> <span class='ocrx_word' id='word_1_553' title='bbox 2818 3388 2974 3439; x_wconf 87' lang='lat' dir='ltr'><strong>recta</strong></span> <span class='ocrx_word' id='word_1_554' title='bbox 3020 3389 3079 3438; x_wconf 91' lang='lat' dir='ltr'><strong>et</strong></span> <span class='ocrx_word' id='word_1_555' title='bbox 3123 3400 3265 3439; x_wconf 86' lang='lat' dir='ltr'><strong>sana</strong></span> <span class='ocrx_word' id='word_1_556' title='bbox 3291 3388 3425 3439; x_wconf 90' lang='lat' dir='ltr'><strong>sunt</strong></span> <span class='ocrx_word' id='word_1_557' title='bbox 3453 3384 3694 3457; x_wconf 86' lang='lat' dir='ltr'><strong>sapiant,</strong></span> <span class='ocrx_word' id='word_1_558' title='bbox 3726 3401 3846 3441; x_wconf 90' lang='lat' dir='ltr'><strong>non</strong></span> 
     </span>
    </p>
   </div>
   <div class='ocr_carea' id='block_1_78' title="bbox 2210 3477 3847 3550">
    <p class='ocr_par' dir='ltr' id='par_1_78' title="bbox 2210 3477 3847 3550">
     <span class='ocr_line' id='line_1_78' title="bbox 2210 3477 3847 3550; baseline 0.001 -18"><span class='ocrx_word' id='word_1_559' title='bbox 2210 3480 2403 3533; x_wconf 89' lang='lat' dir='ltr'><strong>tamen</strong></span> <span class='ocrx_word' id='word_1_560' title='bbox 2428 3477 2877 3549; x_wconf 88' lang='lat' dir='ltr'><strong>permittendum</strong></span> <span class='ocrx_word' id='word_1_561' title='bbox 2910 3482 3013 3545; x_wconf 89' lang='lat' dir='ltr'><strong>est,</strong></span> <span class='ocrx_word' id='word_1_562' title='bbox 3041 3480 3105 3533; x_wconf 92' lang='lat' dir='ltr'><strong>ut</strong></span> <span class='ocrx_word' id='word_1_563' title='bbox 3130 3477 3432 3550; x_wconf 89' lang='lat' dir='ltr'><strong>quisquam</strong></span> <span class='ocrx_word' id='word_1_564' title='bbox 3470 3482 3625 3533; x_wconf 85' lang='lat' dir='ltr'><strong>extra</strong></span> <span class='ocrx_word' id='word_1_565' title='bbox 3653 3494 3847 3534; x_wconf 89' lang='lat' dir='ltr'><strong>sacer-</strong></span> 
     </span>
    </p>
   </div>
   <div class='ocr_carea' id='block_1_79' title="bbox 2208 3570 3847 3643">
    <p class='ocr_par' dir='ltr' id='par_1_79' title="bbox 2208 3570 3847 3643">
     <span class='ocr_line' id='line_1_79' title="bbox 2208 3570 3847 3643; baseline 0.001 -18"><span class='ocrx_word' id='word_1_566' title='bbox 2208 3572 2455 3626; x_wconf 86' lang='lat' dir='ltr'><strong>dotalem</strong></span> <span class='ocrx_word' id='word_1_567' title='bbox 2487 3570 2747 3626; x_wconf 91' lang='lat' dir='ltr'><strong>ordinem</strong></span> <span class='ocrx_word' id='word_1_568' title='bbox 2781 3570 3126 3626; x_wconf 88' lang='lat' dir='ltr'><strong>constitutus</strong></span> <span class='ocrx_word' id='word_1_569' title='bbox 3172 3571 3413 3643; x_wconf 88' lang='lat' dir='ltr'><strong>gradum</strong></span> <span class='ocrx_word' id='word_1_570' title='bbox 3456 3571 3847 3643; x_wconf 87' lang='lat' dir='ltr'><strong>pradicatoris</strong></span> 
     </span>
    </p>
   </div>
   <div class='ocr_carea' id='block_1_80' title="bbox 2209 3664 3848 3735">
    <p class='ocr_par' dir='ltr' id='par_1_80' title="bbox 2209 3664 3848 3735">
     <span class='ocr_line' id='line_1_80' title="bbox 2209 3664 3848 3735; baseline 0.001 -15"><span class='ocrx_word' id='word_1_571' title='bbox 2209 3668 2477 3735; x_wconf 88' lang='lat' dir='ltr'><strong>assumat,</strong></span> <span class='ocrx_word' id='word_1_572' title='bbox 2507 3681 2638 3720; x_wconf 90' lang='lat' dir='ltr'><strong>cum</strong></span> <span class='ocrx_word' id='word_1_573' title='bbox 2666 3665 2725 3719; x_wconf 92' lang='lat' dir='ltr'><strong>in</strong></span> <span class='ocrx_word' id='word_1_574' title='bbox 2768 3664 3015 3720; x_wconf 87' lang='lat' dir='ltr'><strong>Ecclesia</strong></span> <span class='ocrx_word' id='word_1_575' title='bbox 3059 3665 3158 3720; x_wconf 89' lang='lat' dir='ltr'><strong>Dei</strong></span> <span class='ocrx_word' id='word_1_576' title='bbox 3196 3665 3389 3720; x_wconf 86' lang='lat' dir='ltr'><strong>omnia</strong></span> <span class='ocrx_word' id='word_1_577' title='bbox 3434 3664 3693 3721; x_wconf 88' lang='lat' dir='ltr'><strong>ordinata</strong></span> <span class='ocrx_word' id='word_1_578' title='bbox 3721 3682 3848 3723; x_wconf 88' lang='lat' dir='ltr'><strong>esse</strong></span> 
     </span>
    </p>
   </div>
   <div class='ocr_carea' id='block_1_81' title="bbox 2209 3758 3850 3832">
    <p class='ocr_par' dir='ltr' id='par_1_81' title="bbox 2209 3758 3850 3832">
     <span class='ocr_line' id='line_1_81' title="bbox 2209 3758 3850 3832; baseline 0.002 -19"><span class='ocrx_word' id='word_1_579' title='bbox 2209 3758 2528 3826; x_wconf 91' lang='lat' dir='ltr'><strong>conveniat,</strong></span> <span class='ocrx_word' id='word_1_580' title='bbox 2550 3763 2616 3813; x_wconf 93' lang='lat' dir='ltr'><strong>ut</strong></span> <span class='ocrx_word' id='word_1_581' title='bbox 2641 3758 2699 3813; x_wconf 90' lang='lat' dir='ltr'><strong>in</strong></span> <span class='ocrx_word' id='word_1_582' title='bbox 2725 3775 2840 3814; x_wconf 93' lang='lat' dir='ltr'><strong>uno</strong></span> <span class='ocrx_word' id='word_1_583' title='bbox 2861 3758 3069 3815; x_wconf 89' lang='lat' dir='ltr'><strong>Christi</strong></span> <span class='ocrx_word' id='word_1_584' title='bbox 3099 3775 3358 3832; x_wconf 89' lang='lat' dir='ltr'><strong>corpore,</strong></span> <span class='ocrx_word' id='word_1_585' title='bbox 3375 3764 3433 3815; x_wconf 92' lang='lat' dir='ltr'><strong>et</strong></span> <span class='ocrx_word' id='word_1_586' title='bbox 3450 3760 3850 3816; x_wconf 84' lang='lat' dir='ltr'><strong>excellentiora</strong></span> 
     </span>
    </p>
   </div>
   <div class='ocr_carea' id='block_1_82' title="bbox 2209 3852 3842 3925">
    <p class='ocr_par' dir='ltr' id='par_1_82' title="bbox 2209 3852 3842 3925">
     <span class='ocr_line' id='line_1_82' title="bbox 2209 3852 3842 3925; baseline 0.001 -18"><span class='ocrx_word' id='word_1_587' title='bbox 2209 3852 2467 3909; x_wconf 88' lang='lat' dir='ltr'><strong>membra</strong></span> <span class='ocrx_word' id='word_1_588' title='bbox 2494 3868 2661 3907; x_wconf 89' lang='lat' dir='ltr'><strong>suum</strong></span> <span class='ocrx_word' id='word_1_589' title='bbox 2685 3852 2938 3907; x_wconf 90' lang='lat' dir='ltr'><strong>ofﬁcium</strong></span> <span class='ocrx_word' id='word_1_590' title='bbox 2968 3852 3269 3925; x_wconf 87' lang='lat' dir='ltr'><strong>impleant,</strong></span> <span class='ocrx_word' id='word_1_591' title='bbox 3294 3858 3351 3909; x_wconf 91' lang='lat' dir='ltr'><strong>et</strong></span> <span class='ocrx_word' id='word_1_592' title='bbox 3371 3852 3641 3910; x_wconf 90' lang='lat' dir='ltr'><strong>inferiora</strong></span> <span class='ocrx_word' id='word_1_593' title='bbox 3666 3870 3842 3925; x_wconf 86' lang='lat' dir='ltr'><strong>supe-</strong></span> 
     </span>
    </p>
   </div>
   <div class='ocr_carea' id='block_1_83' title="bbox 2209 3946 3844 4020">
    <p class='ocr_par' dir='ltr' id='par_1_83' title="bbox 2209 3946 3844 4020">
     <span class='ocr_line' id='line_1_83' title="bbox 2209 3946 3844 4020; baseline 0.001 -19"><span class='ocrx_word' id='word_1_594' title='bbox 2209 3946 2455 4002; x_wconf 89' lang='lat' dir='ltr'><strong>rioribus</strong></span> <span class='ocrx_word' id='word_1_595' title='bbox 2481 3962 2599 4002; x_wconf 89' lang='lat' dir='ltr'><strong>non</strong></span> <span class='ocrx_word' id='word_1_596' title='bbox 2625 3948 2921 4002; x_wconf 88' lang='lat' dir='ltr'><strong>resultent.</strong></span> <span class='ocrx_word' id='word_1_597' title='bbox 2964 3948 3106 4003; x_wconf 90' lang='lat' dir='ltr'><strong>Data</strong></span> <span class='ocrx_word' id='word_1_598' title='bbox 3132 3964 3193 4003; x_wconf 83' lang='grc' dir='ltr'>ιιι</span> <span class='ocrx_word' id='word_1_599' title='bbox 3223 3946 3352 4002; x_wconf 91' lang='lat' dir='ltr'><strong>ldus</strong></span> <span class='ocrx_word' id='word_1_600' title='bbox 3375 3947 3547 4017; x_wconf 86' lang='lat' dir='ltr'><strong>Junii,</strong></span> <span class='ocrx_word' id='word_1_601' title='bbox 3577 3947 3844 4020; x_wconf 90' lang='lat' dir='ltr'><strong>Opilione</strong></span> 
     </span>
    </p>
   </div>
   <div class='ocr_carea' id='block_1_84' title="bbox 2209 4040 2954 4097">
    <p class='ocr_par' dir='ltr' id='par_1_84' title="bbox 2209 4040 2954 4097">
     <span class='ocr_line' id='line_1_84' title="bbox 2209 4040 2954 4097; baseline 0.003 -3"><span class='ocrx_word' id='word_1_602' title='bbox 2209 4041 2327 4095; x_wconf 92' lang='lat' dir='ltr'><strong>viro</strong></span> <span class='ocrx_word' id='word_1_603' title='bbox 2358 4040 2670 4095; x_wconf 88' lang='lat' dir='ltr'><strong>clarissimo</strong></span> <span class='ocrx_word' id='word_1_604' title='bbox 2700 4041 2954 4097; x_wconf 89' lang='lat' dir='ltr'><strong>consule.</strong></span> 
     </span>
    </p>
   </div>
   <div class='ocr_carea' id='block_1_85' title="bbox 2210 4133 3839 4207">
    <p class='ocr_par' dir='ltr' id='par_1_85' title="bbox 2210 4133 3839 4207">
     <span class='ocr_line' id='line_1_85' title="bbox 2210 4133 3839 4207; baseline -0.007 -6"><span class='ocrx_word' id='word_1_605' title='bbox 2210 4133 2398 4207; x_wconf 87' lang='grc'><strong>227</strong></span> <span class='ocrx_word' id='word_1_606' title='bbox 2429 4135 2580 4190; x_wconf 75' lang='lat' dir='ltr'><strong>XCII.</strong></span> <span class='ocrx_word' id='word_1_607' title='bbox 2611 4165 2679 4175; x_wconf 95' lang='lat'><strong><em>—</em></strong></span> <span class='ocrx_word' id='word_1_608' title='bbox 2708 4135 2875 4205; x_wconf 79' lang='lat' dir='ltr'><strong>Cujus</strong></span> <span class='ocrx_word' id='word_1_609' title='bbox 2917 4151 3090 4205; x_wconf 84' lang='lat' dir='ltr'><strong>supra</strong></span> <span class='ocrx_word' id='word_1_610' title='bbox 3131 4137 3206 4190; x_wconf 88' lang='lat' dir='ltr'><strong>ad</strong></span> <span class='ocrx_word' id='word_1_611' title='bbox 3248 4138 3463 4192; x_wconf 81' lang='lat' dir='ltr'><strong>Leonem</strong></span> <span class='ocrx_word' id='word_1_612' title='bbox 3503 4136 3839 4206; x_wconf 83' lang='lat' dir='ltr'><strong>Augustum.</strong></span> 
     </span>
    </p>
   </div>
   <div class='ocr_carea' id='block_1_86' title="bbox 2281 4228 3845 4302">
    <p class='ocr_par' dir='ltr' id='par_1_86' title="bbox 2281 4228 3845 4302">
     <span class='ocr_line' id='line_1_86' title="bbox 2281 4228 3845 4302; baseline 0.001 -19"><span class='ocrx_word' id='word_1_613' title='bbox 2281 4228 2491 4284; x_wconf 87' lang='lat' dir='ltr'><strong>Ofﬁciis</strong></span> <span class='ocrx_word' id='word_1_614' title='bbox 2512 4244 2639 4301; x_wconf 88' lang='lat' dir='ltr'><strong>qua</strong></span> <span class='ocrx_word' id='word_1_615' title='bbox 2662 4229 2731 4284; x_wconf 90' lang='lat' dir='ltr'><strong>ad</strong></span> <span class='ocrx_word' id='word_1_616' title='bbox 2755 4229 3200 4300; x_wconf 88' lang='lat' dir='ltr'><strong>gratulationem</strong></span> <span class='ocrx_word' id='word_1_617' title='bbox 3229 4229 3455 4301; x_wconf 89' lang='lat' dir='ltr'><strong>imperii</strong></span> <span class='ocrx_word' id='word_1_618' title='bbox 3479 4230 3647 4286; x_wconf 89' lang='lat' dir='ltr'><strong>vestri</strong></span> <span class='ocrx_word' id='word_1_619' title='bbox 3674 4232 3845 4302; x_wconf 88' lang='lat' dir='ltr'><strong>perti-</strong></span> 
     </span>
    </p>
   </div>
   <div class='ocr_carea' id='block_1_87' title="bbox 2208 4322 3849 4397">
    <p class='ocr_par' dir='ltr' id='par_1_87' title="bbox 2208 4322 3849 4397">
     <span class='ocr_line' id='line_1_87' title="bbox 2208 4322 3849 4397; baseline 0.001 -18"><span class='ocrx_word' id='word_1_620' title='bbox 2208 4327 2346 4379; x_wconf 90' lang='lat' dir='ltr'><strong>nent</strong></span> <span class='ocrx_word' id='word_1_621' title='bbox 2368 4322 2694 4394; x_wconf 90' lang='lat' dir='ltr'><strong>persolutis,</strong></span> <span class='ocrx_word' id='word_1_622' title='bbox 2708 4323 2882 4378; x_wconf 89' lang='lat' dir='ltr'><strong>etiam</strong></span> <span class='ocrx_word' id='word_1_623' title='bbox 2899 4323 3049 4377; x_wconf 89' lang='lat' dir='ltr'><strong>hanc</strong></span> <span class='ocrx_word' id='word_1_624' title='bbox 3070 4323 3342 4396; x_wconf 88' lang='lat' dir='ltr'><strong>paginam</strong></span> <span class='ocrx_word' id='word_1_625' title='bbox 3366 4324 3693 4379; x_wconf 84' lang='lat' dir='ltr'><strong>necessaria</strong></span> <span class='ocrx_word' id='word_1_626' title='bbox 3713 4340 3849 4397; x_wconf 85' lang='lat' dir='ltr'><strong>sup-</strong></span> 
     </span>
    </p>
   </div>
   <div class='ocr_carea' id='block_1_88' title="bbox 2208 4416 3839 4489">
    <p class='ocr_par' dir='ltr' id='par_1_88' title="bbox 2208 4416 3839 4489">
     <span class='ocr_line' id='line_1_88' title="bbox 2208 4416 3839 4489; baseline 0.002 -17"><span class='ocrx_word' id='word_1_627' title='bbox 2208 4416 2527 4489; x_wconf 88' lang='lat' dir='ltr'><strong>plicationis</strong></span> <span class='ocrx_word' id='word_1_628' title='bbox 2554 4416 2755 4488; x_wconf 88' lang='lat' dir='ltr'><strong>adjeci,</strong></span> <span class='ocrx_word' id='word_1_629' title='bbox 2784 4432 2900 4487; x_wconf 89' lang='lat' dir='ltr'><strong>qua</strong></span> <span class='ocrx_word' id='word_1_630' title='bbox 2922 4416 3217 4473; x_wconf 84' lang='lat' dir='ltr'><strong>catholica</strong></span> <span class='ocrx_word' id='word_1_631' title='bbox 3246 4417 3376 4473; x_wconf 89' lang='lat' dir='ltr'><strong>ﬁdei</strong></span> <span class='ocrx_word' id='word_1_632' title='bbox 3403 4417 3672 4474; x_wconf 88' lang='lat' dir='ltr'><strong>divinitus</strong></span> <span class='ocrx_word' id='word_1_633' title='bbox 3690 4434 3839 4489; x_wconf 86' lang='lat' dir='ltr'><strong>pra-</strong></span> 
     </span>
    </p>
   </div>
   <div class='ocr_carea' id='block_1_89' title="bbox 2206 4494 3843 4587">
    <p class='ocr_par' dir='ltr' id='par_1_89' title="bbox 2206 4494 3843 4587">
     <span class='ocr_line' id='line_1_89' title="bbox 2206 4494 3843 4587; baseline 0.001 -20"><span class='ocrx_word' id='word_1_634' title='bbox 2206 4516 2469 4583; x_wconf 89' lang='lat' dir='ltr'><strong>paratum</strong></span> <span class='ocrx_word' id='word_1_635' title='bbox 2509 4510 2716 4565; x_wconf 90' lang='lat' dir='ltr'><strong>favoris</strong></span> <span class='ocrx_word' id='word_1_636' title='bbox 2741 4510 2916 4565; x_wconf 89' lang='lat' dir='ltr'><strong>vestri</strong></span> <span class='ocrx_word' id='word_1_637' title='bbox 2947 4527 3116 4582; x_wconf 92' lang='lat' dir='ltr'><strong>posco</strong></span> <span class='ocrx_word' id='word_1_638' title='bbox 3160 4494 3521 4587; x_wconf 64' lang='lat' dir='ltr'><strong>prasidiumi</strong></span> <span class='ocrx_word' id='word_1_639' title='bbox 3545 4513 3683 4567; x_wconf 90' lang='lat' dir='ltr'><strong>Nam</strong></span> <span class='ocrx_word' id='word_1_640' title='bbox 3708 4513 3843 4568; x_wconf 88' lang='lat' dir='ltr'><strong>talia</strong></span> 
     </span>
    </p>
   </div>
   <div class='ocr_carea' id='block_1_90' title="bbox 475 4603 3840 4681">
    <p class='ocr_par' dir='ltr' id='par_1_90' title="bbox 475 4603 3840 4681">
     <span class='ocr_line' id='line_1_90' title="bbox 475 4603 3840 4681; baseline 0.003 -25"><span class='ocrx_word' id='word_1_641' title='bbox 475 4603 800 4659; x_wconf 88' lang='lat' dir='ltr'><strong>occasiones</strong></span> <span class='ocrx_word' id='word_1_642' title='bbox 827 4620 941 4659; x_wconf 90' lang='lat' dir='ltr'><strong>non</strong></span> <span class='ocrx_word' id='word_1_643' title='bbox 970 4606 1359 4676; x_wconf 84' lang='lat' dir='ltr'><strong>pratermittit</strong></span> <span class='ocrx_word' id='word_1_644' title='bbox 1400 4607 1654 4677; x_wconf 87' lang='lat' dir='ltr'><strong>ambitio,</strong></span> <span class='ocrx_word' id='word_1_645' title='bbox 1685 4614 1740 4664; x_wconf 90' lang='lat' dir='ltr'><strong>et</strong></span> <span class='ocrx_word' id='word_1_646' title='bbox 1783 4609 2004 4681; x_wconf 88' lang='lat' dir='ltr'><strong>quoties</strong></span> <span class='ocrx_word' id='word_1_647' title='bbox 2035 4610 2107 4665; x_wconf 89' lang='lat' dir='ltr'><strong>ob</strong></span> <span class='ocrx_word' id='word_1_648' title='bbox 2129 4605 2187 4677; x_wconf 88' lang='lat' dir='ltr'><strong>D</strong></span> <span class='ocrx_word' id='word_1_649' title='bbox 2208 4606 2269 4660; x_wconf 86' lang='lat' dir='ltr'><strong>in</strong></span> <span class='ocrx_word' id='word_1_650' title='bbox 2296 4604 2678 4659; x_wconf 76' lang='lat' dir='ltr'><strong>Alexandrina</strong></span> <span class='ocrx_word' id='word_1_651' title='bbox 2706 4603 2950 4659; x_wconf 72' lang='lat' dir='ltr'><strong>ECCIGSia</strong></span> <span class='ocrx_word' id='word_1_652' title='bbox 2973 4608 3303 4676; x_wconf 69' lang='lat' dir='ltr'><strong>perpetrata</strong></span> <span class='ocrx_word' id='word_1_653' title='bbox 3340 4605 3533 4660; x_wconf 71' lang='lat' dir='ltr'><strong>fratris</strong></span> <span class='ocrx_word' id='word_1_654' title='bbox 3566 4609 3623 4660; x_wconf 75' lang='lat' dir='ltr'><strong>et</strong></span> <span class='ocrx_word' id='word_1_655' title='bbox 3647 4606 3840 4678; x_wconf 72' lang='grc' dir='ltr'><strong>008ρὶ-</strong></span> 
     </span>
    </p>
   </div>
   <div class='ocr_carea' id='block_1_91' title="bbox 476 4697 2111 4775">
    <p class='ocr_par' dir='ltr' id='par_1_91' title="bbox 476 4697 2111 4775">
     <span class='ocr_line' id='line_1_91' title="bbox 476 4697 2111 4775; baseline 0.005 -25"><span class='ocrx_word' id='word_1_656' title='bbox 476 4697 829 4753; x_wconf 89' lang='lat' dir='ltr'><strong>incurrentes</strong></span> <span class='ocrx_word' id='word_1_657' title='bbox 857 4715 1054 4754; x_wconf 89' lang='lat' dir='ltr'><strong>causas</strong></span> <span class='ocrx_word' id='word_1_658' title='bbox 1082 4700 1360 4771; x_wconf 87' lang='lat' dir='ltr'><strong>generalis</strong></span> <span class='ocrx_word' id='word_1_659' title='bbox 1381 4703 1746 4775; x_wconf 84' lang='lat' dir='ltr'><strong>congregatio</strong></span> <span class='ocrx_word' id='word_1_660' title='bbox 1768 4704 1914 4758; x_wconf 88' lang='lat' dir='ltr'><strong>facta</strong></span> <span class='ocrx_word' id='word_1_661' title='bbox 1939 4703 2111 4758; x_wconf 85' lang='lat' dir='ltr'><strong>fuerit</strong></span> 
     </span>
    </p>
   </div>
   <div class='ocr_carea' id='block_1_92' title="bbox 2210 4697 3843 4771">
    <p class='ocr_par' dir='ltr' id='par_1_92' title="bbox 2210 4697 3843 4771">
     <span class='ocr_line' id='line_1_92' title="bbox 2210 4697 3843 4771; baseline 0.001 -17"><span class='ocrx_word' id='word_1_662' title='bbox 2210 4699 2364 4771; x_wconf 91' lang='lat' dir='ltr'><strong>scopi</strong></span> <span class='ocrx_word' id='word_1_663' title='bbox 2413 4698 2531 4753; x_wconf 88' lang='lat' dir='ltr'><strong>mei</strong></span> <span class='ocrx_word' id='word_1_664' title='bbox 2578 4697 2824 4753; x_wconf 89' lang='lat' dir='ltr'><strong>Anatolii</strong></span> <span class='ocrx_word' id='word_1_665' title='bbox 2892 4698 3174 4753; x_wconf 85' lang='lat' dir='ltr'><strong>relatione</strong></span> <span class='ocrx_word' id='word_1_666' title='bbox 3239 4699 3497 4770; x_wconf 89' lang='lat' dir='ltr'><strong>cognovi,</strong></span> <span class='ocrx_word' id='word_1_667' title='bbox 3544 4704 3610 4755; x_wconf 93' lang='lat' dir='ltr'><strong>ut</strong></span> <span class='ocrx_word' id='word_1_668' title='bbox 3655 4700 3843 4755; x_wconf 89' lang='lat' dir='ltr'><strong>omnis</strong></span> 
     </span>
    </p>
   </div>
   <div class='ocr_carea' id='block_1_93' title="bbox 476 4782 3837 4868">
    <p class='ocr_par' dir='ltr' id='par_1_93' title="bbox 476 4782 3837 4868">
     <span class='ocr_line' id='line_1_93' title="bbox 476 4782 3837 4868; baseline 0.001 -24"><span class='ocrx_word' id='word_1_669' title='bbox 476 4792 858 4859; x_wconf 79' lang='lat' dir='ltr'><strong>sacerdotum,</strong></span> <span class='ocrx_word' id='word_1_670' title='bbox 893 4792 1121 4849; x_wconf 89' lang='lat' dir='ltr'><strong>difﬁcile</strong></span> <span class='ocrx_word' id='word_1_671' title='bbox 1167 4800 1250 4850; x_wconf 91' lang='lat' dir='ltr'><strong>est</strong></span> <span class='ocrx_word' id='word_1_672' title='bbox 1289 4799 1353 4849; x_wconf 92' lang='lat' dir='ltr'><strong>ut</strong></span> <span class='ocrx_word' id='word_1_673' title='bbox 1393 4796 1669 4868; x_wconf 84' lang='lat' dir='ltr'><strong>cupiditas</strong></span> <span class='ocrx_word' id='word_1_674' title='bbox 1711 4797 2106 4868; x_wconf 88' lang='lat' dir='ltr'><strong>improborum</strong></span> <span class='ocrx_word' id='word_1_675' title='bbox 2192 4782 2525 4863; x_wconf 72' lang='lat' dir='ltr'><strong>\Christiana</strong></span> <span class='ocrx_word' id='word_1_676' title='bbox 2568 4792 2770 4864; x_wconf 84' lang='lat' dir='ltr'><strong>religio</strong></span> <span class='ocrx_word' id='word_1_677' title='bbox 2814 4792 3021 4848; x_wconf 88' lang='lat' dir='ltr'><strong>sentiat</strong></span> <span class='ocrx_word' id='word_1_678' title='bbox 3051 4808 3109 4848; x_wconf 88' lang='lat' dir='ltr'><strong>se</strong></span> <span class='ocrx_word' id='word_1_679' title='bbox 3151 4792 3374 4864; x_wconf 90' lang='lat' dir='ltr'><strong>impeti,</strong></span> <span class='ocrx_word' id='word_1_680' title='bbox 3406 4798 3576 4865; x_wconf 86' lang='lat' dir='ltr'><strong>atque</strong></span> <span class='ocrx_word' id='word_1_681' title='bbox 3615 4793 3837 4863; x_wconf 80' lang='lat' dir='ltr'><strong>violari,</strong></span> 
     </span>
    </p>
   </div>
   <div class='ocr_carea' id='block_1_94' title="bbox 475 4886 2106 4961">
    <p class='ocr_par' dir='ltr' id='par_1_94' title="bbox 475 4886 2106 4961">
     <span class='ocr_line' id='line_1_94' title="bbox 475 4886 2106 4961; baseline 0.003 -22"><span class='ocrx_word' id='word_1_682' title='bbox 475 4902 585 4940; x_wconf 90' lang='lat' dir='ltr'><strong>non</strong></span> <span class='ocrx_word' id='word_1_683' title='bbox 598 4886 811 4958; x_wconf 90' lang='lat' dir='ltr'><strong>aliquid</strong></span> <span class='ocrx_word' id='word_1_684' title='bbox 826 4904 999 4959; x_wconf 89' lang='lat' dir='ltr'><strong>supra</strong></span> <span class='ocrx_word' id='word_1_685' title='bbox 1014 4904 1343 4943; x_wconf 87' lang='lat' dir='ltr'><strong>mensuram</strong></span> <span class='ocrx_word' id='word_1_686' title='bbox 1355 4905 1516 4944; x_wconf 90' lang='lat' dir='ltr'><strong>suam</strong></span> <span class='ocrx_word' id='word_1_687' title='bbox 1533 4890 1802 4945; x_wconf 88' lang='lat' dir='ltr'><strong>moliatur</strong></span> <span class='ocrx_word' id='word_1_688' title='bbox 1817 4895 2106 4961; x_wconf 89' lang='lat' dir='ltr'><strong>appetere.</strong></span> 
     </span>
    </p>
   </div>
   <div class='ocr_carea' id='block_1_95' title="bbox 475 4978 2106 5055">
    <p class='ocr_par' dir='ltr' id='par_1_95' title="bbox 475 4978 2106 5055">
     <span class='ocr_line' id='line_1_95' title="bbox 475 4978 2106 5055; baseline 0.003 -23"><span class='ocrx_word' id='word_1_689' title='bbox 475 4978 632 5033; x_wconf 80' lang='lat' dir='ltr'><strong>Sicut</strong></span> <span class='ocrx_word' id='word_1_690' title='bbox 652 4979 827 5035; x_wconf 89' lang='lat' dir='ltr'><strong>etiam</strong></span> <span class='ocrx_word' id='word_1_691' title='bbox 852 4981 922 5035; x_wconf 93' lang='lat' dir='ltr'><strong>de</strong></span> <span class='ocrx_word' id='word_1_692' title='bbox 944 4982 1227 5053; x_wconf 89' lang='lat' dir='ltr'><strong>Ephesina</strong></span> <span class='ocrx_word' id='word_1_693' title='bbox 1252 4983 1485 5055; x_wconf 79' lang='lat' dir='ltr'><strong>synodo,</strong></span> <span class='ocrx_word' id='word_1_694' title='bbox 1504 5001 1631 5055; x_wconf 85' lang='lat' dir='ltr'><strong>qua</strong></span> <span class='ocrx_word' id='word_1_695' title='bbox 1652 4983 1891 5054; x_wconf 89' lang='lat' dir='ltr'><strong>impium</strong></span> <span class='ocrx_word' id='word_1_696' title='bbox 1913 4984 2106 5037; x_wconf 90' lang='lat' dir='ltr'><strong>Nesto-</strong></span> 
     </span>
    </p>
   </div>
   <div class='ocr_carea' id='block_1_96' title="bbox 477 5072 2110 5148">
    <p class='ocr_par' dir='ltr' id='par_1_96' title="bbox 477 5072 2110 5148">
     <span class='ocr_line' id='line_1_96' title="bbox 477 5072 2110 5148; baseline 0.003 -24"><span class='ocrx_word' id='word_1_697' title='bbox 477 5072 625 5126; x_wconf 87' lang='lat' dir='ltr'><strong>rium</strong></span> <span class='ocrx_word' id='word_1_698' title='bbox 653 5090 784 5128; x_wconf 91' lang='lat' dir='ltr'><strong>cum</strong></span> <span class='ocrx_word' id='word_1_699' title='bbox 810 5075 1080 5146; x_wconf 87' lang='lat' dir='ltr'><strong>dogmate</strong></span> <span class='ocrx_word' id='word_1_700' title='bbox 1101 5093 1204 5132; x_wconf 89' lang='lat' dir='ltr'><strong>suo</strong></span> <span class='ocrx_word' id='word_1_701' title='bbox 1225 5077 1483 5148; x_wconf 83' lang='lat' dir='ltr'><strong>pertulit,</strong></span> <span class='ocrx_word' id='word_1_702' title='bbox 1507 5076 1788 5132; x_wconf 86' lang='lat' dir='ltr'><strong>Juvenalis</strong></span> <span class='ocrx_word' id='word_1_703' title='bbox 1811 5075 2110 5147; x_wconf 88' lang='lat' dir='ltr'><strong>episcopus</strong></span> 
     </span>
    </p>
   </div>
   <div class='ocr_carea' id='block_1_97' title="bbox 475 5165 2107 5241">
    <p class='ocr_par' dir='ltr' id='par_1_97' title="bbox 475 5165 2107 5241">
     <span class='ocr_line' id='line_1_97' title="bbox 475 5165 2107 5241; baseline 0.004 -24"><span class='ocrx_word' id='word_1_704' title='bbox 475 5165 544 5219; x_wconf 84' lang='lat' dir='ltr'><strong>ad</strong></span> <span class='ocrx_word' id='word_1_705' title='bbox 591 5166 962 5223; x_wconf 89' lang='lat' dir='ltr'><strong>obtinendum</strong></span> <span class='ocrx_word' id='word_1_706' title='bbox 1012 5169 1327 5225; x_wconf 71' lang='lat' dir='ltr'><strong>Palaestina</strong></span> <span class='ocrx_word' id='word_1_707' title='bbox 1372 5169 1676 5241; x_wconf 88' lang='lat' dir='ltr'><strong>provincia</strong></span> <span class='ocrx_word' id='word_1_708' title='bbox 1721 5167 2107 5240; x_wconf 88' lang='lat' dir='ltr'><strong>principatum</strong></span> 
     </span>
    </p>
   </div>
   <div class='ocr_carea' id='block_1_98' title="bbox 472 5258 2112 5333">
    <p class='ocr_par' dir='ltr' id='par_1_98' title="bbox 472 5258 2112 5333">
     <span class='ocr_line' id='line_1_98' title="bbox 472 5258 2112 5333; baseline 0.004 -23"><span class='ocrx_word' id='word_1_709' title='bbox 472 5258 714 5313; x_wconf 89' lang='lat' dir='ltr'><strong>credidit</strong></span> <span class='ocrx_word' id='word_1_710' title='bbox 743 5276 801 5315; x_wconf 91' lang='lat' dir='ltr'><strong>se</strong></span> <span class='ocrx_word' id='word_1_711' title='bbox 841 5278 1005 5332; x_wconf 88' lang='lat' dir='ltr'><strong>posse</strong></span> <span class='ocrx_word' id='word_1_712' title='bbox 1053 5263 1331 5332; x_wconf 87' lang='lat' dir='ltr'><strong>sufﬁcere,</strong></span> <span class='ocrx_word' id='word_1_713' title='bbox 1360 5266 1415 5317; x_wconf 90' lang='lat' dir='ltr'><strong>et</strong></span> <span class='ocrx_word' id='word_1_714' title='bbox 1461 5262 1767 5316; x_wconf 90' lang='lat' dir='ltr'><strong>insolentes</strong></span> <span class='ocrx_word' id='word_1_715' title='bbox 1811 5278 1980 5315; x_wconf 88' lang='lat' dir='ltr'><strong>ausus</strong></span> <span class='ocrx_word' id='word_1_716' title='bbox 2010 5279 2112 5333; x_wconf 90' lang='lat' dir='ltr'><strong>per</strong></span> 
     </span>
    </p>
   </div>
   <div class='ocr_carea' id='block_1_99' title="bbox 473 5354 2110 5428">
    <p class='ocr_par' dir='ltr' id='par_1_99' title="bbox 473 5354 2110 5428">
     <span class='ocr_line' id='line_1_99' title="bbox 473 5354 2110 5428; baseline 0.004 -22"><span class='ocrx_word' id='word_1_717' title='bbox 473 5354 861 5409; x_wconf 88' lang='lat' dir='ltr'><strong>commentitia</strong></span> <span class='ocrx_word' id='word_1_718' title='bbox 889 5356 1100 5428; x_wconf 89' lang='lat' dir='ltr'><strong>scripta</strong></span> <span class='ocrx_word' id='word_1_719' title='bbox 1126 5358 1377 5426; x_wconf 85' lang='lat' dir='ltr'><strong>ﬁrmare,</strong></span> <span class='ocrx_word' id='word_1_720' title='bbox 1401 5355 1549 5427; x_wconf 89' lang='lat' dir='ltr'><strong>quod</strong></span> <span class='ocrx_word' id='word_1_721' title='bbox 1580 5360 1787 5410; x_wconf 84' lang='lat' dir='ltr'><strong>sancta</strong></span> <span class='ocrx_word' id='word_1_722' title='bbox 1815 5357 2110 5412; x_wconf 75' lang='lat' dir='ltr'><strong>memoria:</strong></span> 
     </span>
    </p>
   </div>
   <div class='ocr_carea' id='block_1_100' title="bbox 473 5445 2106 5521">
    <p class='ocr_par' dir='ltr' id='par_1_100' title="bbox 473 5445 2106 5521">
     <span class='ocr_line' id='line_1_100' title="bbox 473 5445 2106 5521; baseline 0.004 -22"><span class='ocrx_word' id='word_1_723' title='bbox 473 5445 713 5517; x_wconf 78' lang='lat' dir='ltr'><strong>Cyrillus</strong></span> <span class='ocrx_word' id='word_1_724' title='bbox 752 5449 1166 5505; x_wconf 85' lang='lat' dir='ltr'><strong>Alexandrinus</strong></span> <span class='ocrx_word' id='word_1_725' title='bbox 1213 5450 1513 5521; x_wconf 89' lang='lat' dir='ltr'><strong>episcopus</strong></span> <span class='ocrx_word' id='word_1_726' title='bbox 1558 5449 1761 5504; x_wconf 90' lang='lat' dir='ltr'><strong>merito</strong></span> <span class='ocrx_word' id='word_1_727' title='bbox 1804 5451 2106 5521; x_wconf 88' lang='lat' dir='ltr'><strong>perhorre-</strong></span> 
     </span>
    </p>
   </div>
   <div class='ocr_carea' id='block_1_101' title="bbox 474 5541 2111 5616">
    <p class='ocr_par' dir='ltr' id='par_1_101' title="bbox 474 5541 2111 5616">
     <span class='ocr_line' id='line_1_101' title="bbox 474 5541 2111 5616; baseline 0.004 -23"><span class='ocrx_word' id='word_1_728' title='bbox 474 5557 632 5596; x_wconf 82' lang='lat' dir='ltr'><strong>scens</strong></span> <span class='ocrx_word' id='word_1_729' title='bbox 658 5541 878 5613; x_wconf 91' lang='lat' dir='ltr'><strong>scriptis</strong></span> <span class='ocrx_word' id='word_1_730' title='bbox 908 5545 1024 5599; x_wconf 89' lang='lat' dir='ltr'><strong>suis</strong></span> <span class='ocrx_word' id='word_1_731' title='bbox 1054 5543 1353 5614; x_wconf 89' lang='lat' dir='ltr'><strong>mihiquid</strong></span> <span class='ocrx_word' id='word_1_732' title='bbox 1381 5542 1653 5615; x_wconf 85' lang='lat' dir='ltr'><strong>pradicta</strong></span> <span class='ocrx_word' id='word_1_733' title='bbox 1681 5544 1956 5616; x_wconf 85' lang='lat' dir='ltr'><strong>cupiditas</strong></span> <span class='ocrx_word' id='word_1_734' title='bbox 1977 5562 2111 5600; x_wconf 88' lang='lat' dir='ltr'><strong>ausa</strong></span> 
     </span>
    </p>
   </div>
   <div class='ocr_carea' id='block_1_102' title="bbox 473 5635 2107 5711">
    <p class='ocr_par' dir='ltr' id='par_1_102' title="bbox 473 5635 2107 5711">
     <span class='ocr_line' id='line_1_102' title="bbox 473 5635 2107 5711; baseline 0.003 -23"><span class='ocrx_word' id='word_1_735' title='bbox 473 5636 563 5701; x_wconf 84' lang='lat' dir='ltr'><strong>sit,</strong></span> <span class='ocrx_word' id='word_1_736' title='bbox 608 5635 899 5703; x_wconf 86' lang='lat' dir='ltr'><strong>indicavit,</strong></span> <span class='ocrx_word' id='word_1_737' title='bbox 944 5643 1001 5692; x_wconf 88' lang='lat' dir='ltr'><strong>et</strong></span> <span class='ocrx_word' id='word_1_738' title='bbox 1051 5636 1287 5691; x_wconf 88' lang='lat' dir='ltr'><strong>sollicita</strong></span> <span class='ocrx_word' id='word_1_739' title='bbox 1340 5653 1478 5709; x_wconf 88' lang='lat' dir='ltr'><strong>pace</strong></span> <span class='ocrx_word' id='word_1_740' title='bbox 1532 5638 1777 5693; x_wconf 91' lang='lat' dir='ltr'><strong>multum</strong></span> <span class='ocrx_word' id='word_1_741' title='bbox 1835 5640 2107 5711; x_wconf 91' lang='lat' dir='ltr'><strong>poposcit,</strong></span> 
     </span>
    </p>
   </div>
   <div class='ocr_carea' id='block_1_103' title="bbox 477 5729 2110 5803">
    <p class='ocr_par' dir='ltr' id='par_1_103' title="bbox 477 5729 2110 5803">
     <span class='ocr_line' id='line_1_103' title="bbox 477 5729 2110 5803; baseline 0.005 -23"><span class='ocrx_word' id='word_1_742' title='bbox 477 5731 540 5780; x_wconf 92' lang='lat' dir='ltr'><strong>ut</strong></span> <span class='ocrx_word' id='word_1_743' title='bbox 559 5729 719 5782; x_wconf 88' lang='lat' dir='ltr'><strong>nulla</strong></span> <span class='ocrx_word' id='word_1_744' title='bbox 742 5729 954 5784; x_wconf 89' lang='lat' dir='ltr'><strong>illicitis</strong></span> <span class='ocrx_word' id='word_1_745' title='bbox 979 5730 1281 5786; x_wconf 87' lang='lat' dir='ltr'><strong>conatibus</strong></span> <span class='ocrx_word' id='word_1_746' title='bbox 1301 5732 1652 5803; x_wconf 64' lang='lat' dir='ltr'><strong>praeberetur</strong></span> <span class='ocrx_word' id='word_1_747' title='bbox 1676 5733 1944 5789; x_wconf 89' lang='lat' dir='ltr'><strong>assensio.</strong></span> <span class='ocrx_word' id='word_1_748' title='bbox 1969 5734 2110 5788; x_wconf 80' lang='lat' dir='ltr'><strong>Nam</strong></span> 
     </span>
    </p>
   </div>
   <div class='ocr_carea' id='block_1_104' title="bbox 478 5819 2112 5897">
    <p class='ocr_par' dir='ltr' id='par_1_104' title="bbox 478 5819 2112 5897">
     <span class='ocr_line' id='line_1_104' title="bbox 478 5819 2112 5897; baseline 0.007 -29"><span class='ocrx_word' id='word_1_749' title='bbox 478 5819 639 5887; x_wconf 76' lang='lat' dir='ltr'><strong>cujus</strong></span> <span class='ocrx_word' id='word_1_750' title='bbox 669 5821 923 5890; x_wconf 82' lang='lat' dir='ltr'><strong>epistola</strong></span> <span class='ocrx_word' id='word_1_751' title='bbox 965 5823 1039 5877; x_wconf 90' lang='lat' dir='ltr'><strong>ad</strong></span> <span class='ocrx_word' id='word_1_752' title='bbox 1068 5840 1170 5877; x_wconf 89' lang='lat' dir='ltr'><strong>nos</strong></span> <span class='ocrx_word' id='word_1_753' title='bbox 1210 5825 1559 5897; x_wconf 83' lang='lat' dir='ltr'><strong>exemplaria</strong></span> <span class='ocrx_word' id='word_1_754' title='bbox 1599 5826 1859 5882; x_wconf 76' lang='lat' dir='ltr'><strong>direxisti</strong></span> <span class='ocrx_word' id='word_1_755' title='bbox 1903 5830 2112 5881; x_wconf 87' lang='lat' dir='ltr'><strong>sancta</strong></span> 
     </span>
    </p>
   </div>
   <div class='ocr_carea' id='block_1_105' title="bbox 486 5912 2113 5993">
    <p class='ocr_par' dir='ltr' id='par_1_105' title="bbox 486 5912 2113 5993">
     <span class='ocr_line' id='line_1_105' title="bbox 486 5912 2113 5993; baseline 0.007 -30"><span class='ocrx_word' id='word_1_756' title='bbox 486 5912 773 5967; x_wconf 83' lang='lat' dir='ltr'><strong>memoria</strong></span> <span class='ocrx_word' id='word_1_757' title='bbox 791 5913 981 5984; x_wconf 88' lang='lat' dir='ltr'><strong>Cyrilli</strong></span> <span class='ocrx_word' id='word_1_758' title='bbox 999 5931 1127 5973; x_wconf 88' lang='lat' dir='ltr'><strong>eam</strong></span> <span class='ocrx_word' id='word_1_759' title='bbox 1146 5917 1203 5973; x_wconf 90' lang='lat' dir='ltr'><strong>in</strong></span> <span class='ocrx_word' id='word_1_760' title='bbox 1222 5924 1414 5976; x_wconf 88' lang='lat' dir='ltr'><strong>nostro</strong></span> <span class='ocrx_word' id='word_1_761' title='bbox 1434 5919 1640 5976; x_wconf 87' lang='lat' dir='ltr'><strong>scrinio</strong></span> <span class='ocrx_word' id='word_1_762' title='bbox 1658 5920 1991 5993; x_wconf 87' lang='lat' dir='ltr'><strong>requisitam</strong></span> <span class='ocrx_word' id='word_1_763' title='bbox 2011 5936 2113 5974; x_wconf 90' lang='lat' dir='ltr'><strong>nos</strong></span> 
     </span>
    </p>
   </div>
   <div class='ocr_carea' id='block_1_106' title="bbox 2212 4886 3843 4959">
    <p class='ocr_par' dir='ltr' id='par_1_106' title="bbox 2212 4886 3843 4959">
     <span class='ocr_line' id='line_1_106' title="bbox 2212 4886 3843 4959; baseline 0.001 -18"><span class='ocrx_word' id='word_1_764' title='bbox 2212 4887 2319 4942; x_wconf 89' lang='lat' dir='ltr'><strong>nisi</strong></span> <span class='ocrx_word' id='word_1_765' title='bbox 2344 4886 2647 4941; x_wconf 90' lang='lat' dir='ltr'><strong>universali</strong></span> <span class='ocrx_word' id='word_1_766' title='bbox 2671 4886 2802 4941; x_wconf 90' lang='lat' dir='ltr'><strong>ﬁdei</strong></span> <span class='ocrx_word' id='word_1_767' title='bbox 2833 4889 3020 4940; x_wconf 88' lang='lat' dir='ltr'><strong>vestra</strong></span> <span class='ocrx_word' id='word_1_768' title='bbox 3045 4886 3347 4942; x_wconf 87' lang='lat' dir='ltr'><strong>devotione</strong></span> <span class='ocrx_word' id='word_1_769' title='bbox 3375 4887 3771 4959; x_wconf 88' lang='lat' dir='ltr'><strong>prospiciatur,</strong></span> <span class='ocrx_word' id='word_1_770' title='bbox 3784 4894 3843 4943; x_wconf 88' lang='lat' dir='ltr'><strong>et</strong></span> 
     </span>
    </p>
   </div>
   <div class='ocr_carea' id='block_1_107' title="bbox 2209 4980 3841 5052">
    <p class='ocr_par' dir='ltr' id='par_1_107' title="bbox 2209 4980 3841 5052">
     <span class='ocr_line' id='line_1_107' title="bbox 2209 4980 3841 5052; baseline 0.001 -16"><span class='ocrx_word' id='word_1_771' title='bbox 2209 4985 2547 5036; x_wconf 84' lang='lat' dir='ltr'><strong>memoratae</strong></span> <span class='ocrx_word' id='word_1_772' title='bbox 2575 4981 2833 5035; x_wconf 89' lang='lat' dir='ltr'><strong>Ecclesia</strong></span> <span class='ocrx_word' id='word_1_773' title='bbox 2862 4995 2991 5052; x_wconf 86' lang='lat' dir='ltr'><strong>qua</strong></span> <span class='ocrx_word' id='word_1_774' title='bbox 3019 4984 3191 5035; x_wconf 89' lang='lat' dir='ltr'><strong>antea</strong></span> <span class='ocrx_word' id='word_1_775' title='bbox 3216 4980 3507 5036; x_wconf 91' lang='lat' dir='ltr'><strong>catholicis</strong></span> <span class='ocrx_word' id='word_1_776' title='bbox 3544 4981 3654 5037; x_wconf 91' lang='lat' dir='ltr'><strong>fuit</strong></span> <span class='ocrx_word' id='word_1_777' title='bbox 3685 4982 3841 5037; x_wconf 89' lang='lat' dir='ltr'><strong>clara</strong></span> 
     </span>
    </p>
   </div>
   <div class='ocr_carea' id='block_1_108' title="bbox 2210 5073 3843 5143">
    <p class='ocr_par' dir='ltr' id='par_1_108' title="bbox 2210 5073 3843 5143">
     <span class='ocr_line' id='line_1_108' title="bbox 2210 5073 3843 5143; baseline 0.001 -14"><span class='ocrx_word' id='word_1_778' title='bbox 2210 5074 2530 5130; x_wconf 89' lang='lat' dir='ltr'><strong>doctoribus</strong></span> <span class='ocrx_word' id='word_1_779' title='bbox 2557 5074 2831 5130; x_wconf 89' lang='lat' dir='ltr'><strong>reddatur</strong></span> <span class='ocrx_word' id='word_1_780' title='bbox 2855 5073 3181 5130; x_wconf 89' lang='lat' dir='ltr'><strong>Christiana</strong></span> <span class='ocrx_word' id='word_1_781' title='bbox 3206 5074 3458 5143; x_wconf 82' lang='lat' dir='ltr'><strong>libertas,</strong></span> <span class='ocrx_word' id='word_1_782' title='bbox 3490 5080 3555 5130; x_wconf 91' lang='lat' dir='ltr'><strong>ut</strong></span> <span class='ocrx_word' id='word_1_783' title='bbox 3577 5076 3843 5131; x_wconf 87' lang='lat' dir='ltr'><strong>cessanti-</strong></span> 
     </span>
    </p>
   </div>
   <div class='ocr_carea' id='block_1_109' title="bbox 2211 5167 3842 5239">
    <p class='ocr_par' dir='ltr' id='par_1_109' title="bbox 2211 5167 3842 5239">
     <span class='ocr_line' id='line_1_109' title="bbox 2211 5167 3842 5239; baseline 0.001 -16"><span class='ocrx_word' id='word_1_784' title='bbox 2211 5170 2314 5223; x_wconf 89' lang='lat' dir='ltr'><strong>bus</strong></span> <span class='ocrx_word' id='word_1_785' title='bbox 2359 5168 2758 5223; x_wconf 84' lang='lat' dir='ltr'><strong>hareticorum</strong></span> <span class='ocrx_word' id='word_1_786' title='bbox 2808 5167 3356 5239; x_wconf 87' lang='lat' dir='ltr'><strong>impugnationibus,</strong></span> <span class='ocrx_word' id='word_1_787' title='bbox 3383 5168 3707 5239; x_wconf 88' lang='lat' dir='ltr'><strong>evangelica</strong></span> <span class='ocrx_word' id='word_1_788' title='bbox 3739 5170 3842 5224; x_wconf 89' lang='lat' dir='ltr'><strong>do-</strong></span> 
     </span>
    </p>
   </div>
   <div class='ocr_carea' id='block_1_110' title="bbox 2211 5242 3843 5334">
    <p class='ocr_par' dir='ltr' id='par_1_110' title="bbox 2211 5242 3843 5334">
     <span class='ocr_line' id='line_1_110' title="bbox 2211 5242 3843 5334; baseline 0.001 -17"><span class='ocrx_word' id='word_1_789' title='bbox 2211 5263 2392 5318; x_wconf 88' lang='lat' dir='ltr'><strong>ctrina</strong></span> <span class='ocrx_word' id='word_1_790' title='bbox 2429 5242 2567 5334; x_wconf 27' lang='lat' dir='ltr'><strong>qua‘</strong></span> <span class='ocrx_word' id='word_1_791' title='bbox 2609 5262 2723 5317; x_wconf 91' lang='lat' dir='ltr'><strong>illic</strong></span> <span class='ocrx_word' id='word_1_792' title='bbox 2750 5265 2881 5317; x_wconf 91' lang='lat' dir='ltr'><strong>ante</strong></span> <span class='ocrx_word' id='word_1_793' title='bbox 2925 5262 3258 5317; x_wconf 88' lang='lat' dir='ltr'><strong>Dioscorum</strong></span> <span class='ocrx_word' id='word_1_794' title='bbox 3294 5262 3496 5334; x_wconf 87' lang='lat' dir='ltr'><strong>viguit,</strong></span> <span class='ocrx_word' id='word_1_795' title='bbox 3522 5263 3683 5317; x_wconf 87' lang='lat' dir='ltr'><strong>unita</strong></span> <span class='ocrx_word' id='word_1_796' title='bbox 3712 5279 3843 5318; x_wconf 91' lang='lat' dir='ltr'><strong>cum</strong></span> 
     </span>
    </p>
   </div>
   <div class='ocr_carea' id='block_1_111' title="bbox 2210 5356 3844 5428">
    <p class='ocr_par' dir='ltr' id='par_1_111' title="bbox 2210 5356 3844 5428">
     <span class='ocr_line' id='line_1_111' title="bbox 2210 5356 3844 5428; baseline 0 -17"><span class='ocrx_word' id='word_1_797' title='bbox 2210 5357 2380 5412; x_wconf 88' lang='lat' dir='ltr'><strong>totius</strong></span> <span class='ocrx_word' id='word_1_798' title='bbox 2408 5356 2671 5411; x_wconf 85' lang='lat' dir='ltr'><strong>Ecclesia</strong></span> <span class='ocrx_word' id='word_1_799' title='bbox 2710 5372 2849 5428; x_wconf 89' lang='lat' dir='ltr'><strong>pace</strong></span> <span class='ocrx_word' id='word_1_800' title='bbox 2895 5361 3206 5427; x_wconf 90' lang='lat' dir='ltr'><strong>reparetur.</strong></span> <span class='ocrx_word' id='word_1_801' title='bbox 3254 5356 3411 5420; x_wconf 86' lang='lat' dir='ltr'><strong>Quod</strong></span> <span class='ocrx_word' id='word_1_802' title='bbox 3448 5372 3594 5427; x_wconf 89' lang='lat' dir='ltr'><strong>opus</strong></span> <span class='ocrx_word' id='word_1_803' title='bbox 3614 5356 3844 5411; x_wconf 87' lang='lat' dir='ltr'><strong>virtuti-</strong></span> 
     </span>
    </p>
   </div>
   <div class='ocr_carea' id='block_1_112' title="bbox 2210 5449 3847 5521">
    <p class='ocr_par' dir='ltr' id='par_1_112' title="bbox 2210 5449 3847 5521">
     <span class='ocr_line' id='line_1_112' title="bbox 2210 5449 3847 5521; baseline 0 -15"><span class='ocrx_word' id='word_1_804' title='bbox 2210 5452 2315 5506; x_wconf 89' lang='lat' dir='ltr'><strong>bus</strong></span> <span class='ocrx_word' id='word_1_805' title='bbox 2351 5451 2552 5505; x_wconf 87' lang='lat' dir='ltr'><strong>vestris</strong></span> <span class='ocrx_word' id='word_1_806' title='bbox 2591 5450 2908 5521; x_wconf 86' lang='lat' dir='ltr'><strong>gloriaque</strong></span> <span class='ocrx_word' id='word_1_807' title='bbox 2951 5449 3314 5517; x_wconf 89' lang='lat' dir='ltr'><strong>conveniens,</strong></span> <span class='ocrx_word' id='word_1_808' title='bbox 3343 5449 3593 5504; x_wconf 90' lang='lat' dir='ltr'><strong>celerem</strong></span> <span class='ocrx_word' id='word_1_809' title='bbox 3629 5452 3688 5504; x_wconf 85' lang='lat' dir='ltr'><strong>et</strong></span> <span class='ocrx_word' id='word_1_810' title='bbox 3728 5451 3847 5506; x_wconf 91' lang='lat' dir='ltr'><strong>Deo</strong></span> 
     </span>
    </p>
   </div>
   <div class='ocr_carea' id='block_1_113' title="bbox 2210 5543 3847 5617">
    <p class='ocr_par' dir='ltr' id='par_1_113' title="bbox 2210 5543 3847 5617">
     <span class='ocr_line' id='line_1_113' title="bbox 2210 5543 3847 5617; baseline 0.001 -17"><span class='ocrx_word' id='word_1_811' title='bbox 2210 5546 2480 5617; x_wconf 89' lang='lat' dir='ltr'><strong>placitum</strong></span> <span class='ocrx_word' id='word_1_812' title='bbox 2508 5544 2741 5600; x_wconf 89' lang='lat' dir='ltr'><strong>habebit</strong></span> <span class='ocrx_word' id='word_1_813' title='bbox 2767 5543 3054 5611; x_wconf 83' lang='lat' dir='ltr'><strong>effectum,</strong></span> <span class='ocrx_word' id='word_1_814' title='bbox 3086 5544 3131 5598; x_wconf 90' lang='lat' dir='ltr'><strong>si</strong></span> <span class='ocrx_word' id='word_1_815' title='bbox 3159 5544 3310 5616; x_wconf 89' lang='lat' dir='ltr'><strong>apud</strong></span> <span class='ocrx_word' id='word_1_816' title='bbox 3336 5546 3595 5599; x_wconf 87' lang='lat' dir='ltr'><strong>sanctam</strong></span> <span class='ocrx_word' id='word_1_817' title='bbox 3623 5544 3847 5601; x_wconf 86' lang='lat' dir='ltr'><strong>Chalce-</strong></span> 
     </span>
    </p>
   </div>
   <div class='ocr_carea' id='block_1_114' title="bbox 2211 5636 3849 5709">
    <p class='ocr_par' dir='ltr' id='par_1_114' title="bbox 2211 5636 3849 5709">
     <span class='ocr_line' id='line_1_114' title="bbox 2211 5636 3849 5709; baseline -0.001 -14"><span class='ocrx_word' id='word_1_818' title='bbox 2211 5640 2521 5695; x_wconf 90' lang='lat' dir='ltr'><strong>donensem</strong></span> <span class='ocrx_word' id='word_1_819' title='bbox 2552 5638 2833 5709; x_wconf 88' lang='lat' dir='ltr'><strong>synodum</strong></span> <span class='ocrx_word' id='word_1_820' title='bbox 2859 5639 2929 5694; x_wconf 92' lang='lat' dir='ltr'><strong>de</strong></span> <span class='ocrx_word' id='word_1_821' title='bbox 2961 5638 3193 5694; x_wconf 91' lang='lat' dir='ltr'><strong>Domini</strong></span> <span class='ocrx_word' id='word_1_822' title='bbox 3219 5636 3427 5693; x_wconf 90' lang='lat' dir='ltr'><strong>Christi</strong></span> <span class='ocrx_word' id='word_1_823' title='bbox 3452 5638 3849 5695; x_wconf 89' lang='lat' dir='ltr'><strong>Incarnatione</strong></span> 
     </span>
    </p>
   </div>
   <div class='ocr_carea' id='block_1_115' title="bbox 2211 5731 3851 5803">
    <p class='ocr_par' dir='ltr' id='par_1_115' title="bbox 2211 5731 3851 5803">
     <span class='ocr_line' id='line_1_115' title="bbox 2211 5731 3851 5803; baseline 0.001 -16"><span class='ocrx_word' id='word_1_824' title='bbox 2211 5734 2434 5787; x_wconf 86' lang='lat' dir='ltr'><strong>ﬁrmata</strong></span> <span class='ocrx_word' id='word_1_825' title='bbox 2453 5732 2613 5786; x_wconf 89' lang='lat' dir='ltr'><strong>nulla</strong></span> <span class='ocrx_word' id='word_1_826' title='bbox 2638 5731 3010 5803; x_wconf 89' lang='lat' dir='ltr'><strong>permiseritis</strong></span> <span class='ocrx_word' id='word_1_827' title='bbox 3028 5731 3432 5787; x_wconf 86' lang='lat' dir='ltr'><strong>retractatione</strong></span> <span class='ocrx_word' id='word_1_828' title='bbox 3450 5731 3688 5803; x_wconf 86' lang='lat' dir='ltr'><strong>pulsari.</strong></span> <span class='ocrx_word' id='word_1_829' title='bbox 3706 5732 3851 5796; x_wconf 87' lang='lat' dir='ltr'><strong>Quia</strong></span> 
     </span>
    </p>
   </div>
   <div class='ocr_carea' id='block_1_116' title="bbox 2212 5823 3849 5898">
    <p class='ocr_par' dir='ltr' id='par_1_116' title="bbox 2212 5823 3849 5898">
     <span class='ocr_line' id='line_1_116' title="bbox 2212 5823 3849 5898; baseline 0 -17"><span class='ocrx_word' id='word_1_830' title='bbox 2212 5826 2269 5881; x_wconf 90' lang='lat' dir='ltr'><strong>in</strong></span> <span class='ocrx_word' id='word_1_831' title='bbox 2297 5826 2395 5881; x_wconf 89' lang='lat' dir='ltr'><strong>illo</strong></span> <span class='ocrx_word' id='word_1_832' title='bbox 2441 5823 2676 5880; x_wconf 91' lang='lat' dir='ltr'><strong>concilio</strong></span> <span class='ocrx_word' id='word_1_833' title='bbox 2718 5842 2822 5897; x_wconf 89' lang='lat' dir='ltr'><strong>per</strong></span> <span class='ocrx_word' id='word_1_834' title='bbox 2863 5825 3135 5898; x_wconf 90' lang='lat' dir='ltr'><strong>Spiritum</strong></span> <span class='ocrx_word' id='word_1_835' title='bbox 3184 5828 3442 5882; x_wconf 87' lang='lat' dir='ltr'><strong>sanctum</strong></span> <span class='ocrx_word' id='word_1_836' title='bbox 3481 5829 3849 5897; x_wconf 83' lang='lat' dir='ltr'><strong>congregato,</strong></span> 
     </span>
    </p>
   </div>
   <div class='ocr_carea' id='block_1_117' title="bbox 2217 5918 3850 5992">
    <p class='ocr_par' dir='ltr' id='par_1_117' title="bbox 2217 5918 3850 5992">
     <span class='ocr_line' id='line_1_117' title="bbox 2217 5918 3850 5992; baseline 0.003 -18"><span class='ocrx_word' id='word_1_837' title='bbox 2217 5919 2401 5991; x_wconf 89' lang='lat' dir='ltr'><strong>plenis</strong></span> <span class='ocrx_word' id='word_1_838' title='bbox 2429 5920 2601 5991; x_wconf 89' lang='lat' dir='ltr'><strong>atque</strong></span> <span class='ocrx_word' id='word_1_839' title='bbox 2630 5918 2897 5992; x_wconf 82' lang='lat' dir='ltr'><strong>perfectis</strong></span> <span class='ocrx_word' id='word_1_840' title='bbox 2923 5918 3360 5978; x_wconf 85' lang='lat' dir='ltr'><strong>difﬁnitionibus</strong></span> <span class='ocrx_word' id='word_1_841' title='bbox 3388 5922 3592 5977; x_wconf 85' lang='lat' dir='ltr'><strong>cuncta</strong></span> <span class='ocrx_word' id='word_1_842' title='bbox 3617 5918 3850 5979; x_wconf 85' lang='lat' dir='ltr'><strong>ﬁrmata</strong></span> 
     </span>
    </p>
   </div>
  </div>
