4040 6318
183 343 283 392 εδίῖ

1405 347 1865 406 ΠΕΟΗΕΤΛΙΛΓΜ
1906 355 2290 412 (ἶ()ι1.,ΙσῙ(Σ⁷Ι“Ι(’).

3444 362 3543 414 illi?

179 455 337 514 sunt,
373 453 433 503 ut
464 449 602 504 nihil
634 451 682 505 ei
716 454 926 523 regulae
963 472 1089 525 qua!
1126 472 1190 509 ex
1221 455 1408 511 divina
1437 458 1815 529 inspiratione
1838 485 1896 557 Α
1917 483 2070 537 gere,
2099 471 2268 540 atque
2294 469 2375 524 ita
2402 469 2625 524 nullum
2665 468 2995 540 colligendis
3022 470 3281 525 Ecclesiis
3306 470 3538 525 modum

175 542 402 612 prolata
446 547 553 611 est,
600 549 699 599 aut
740 546 868 600 addi
896 548 1091 618 possit,
1126 551 1222 603 aut
1249 549 1452 606 minui.
1484 553 1598 607 Hoc
1625 559 1815 610 autem

175 635 358 691 etiam
383 637 538 709 apud
563 638 883 696 clementiae
900 644 1098 697 vestrae
1119 643 1416 699 scientiam
1438 662 1555 700 non
1578 647 1818 719 ambigi-

176 747 312 785 mus
341 748 467 786 esse
504 735 886 805 perspicuum,
934 735 1216 808 siquidem
1249 741 1309 793 ut
1341 741 1656 796 multorum
1683 747 1816 798 ante

177 825 523 880 relationem
568 829 967 899 comperimus,
1027 831 1354 887 molitiones
1412 834 1815 891 haereticorum

176 935 307 990 quae
321 926 525 975 contra
535 921 824 992 przedictze
839 923 1035 994 synodi
1053 928 1216 980 aucto
1224 926 1267 980 ri
1275 931 1451 982 tatem
1463 929 1816 984 conabantur

175 1029 506 1084 assurgere,
535 1014 679 1070 nihil
711 1033 776 1069 ex
822 1017 930 1071 hoc
972 1019 1346 1088 permiseritis
1387 1022 1621 1078 audere.
1657 1025 1813 1079 Unde

175 1107 337 1177 quod
365 1108 700 1178 negandum
733 1110 840 1164 illis
867 1117 1069 1182 sponte
1098 1113 1309 1168 vidistis
1329 1115 1637 1184 gloriosum
1657 1119 1814 1172 vobis

174 1205 259 1254 est
287 1201 600 1256 universali
629 1204 887 1258 Ecclesiae
926 1222 1021 1259 me
1048 1207 1366 1278 suspicante
1394 1210 1723 1277 concedere,
1758 1216 1814 1266 et

175 1295 730 1351 incommutabiliter
785 1304 1167 1371 perpetueque
1221 1305 1514 1371 praestare,
1567 1309 1626 1358 ut
1685 1321 1813 1376 quae

175 1388 500 1442 secundum
517 1391 884 1462 Evangelium
898 1393 1104 1449 Christi
1127 1398 1182 1448 et
1202 1396 1620 1467 praedicationis
1641 1415 1809 1452 evan-

175 1481 377 1551 gelicae
404 1482 702 1538 veritatem
734 1486 1003 1542 omnibus
1041 1493 1193 1543 retro
1237 1491 1474 1557 saeculis,
1515 1507 1631 1545 una
1675 1492 1808 1560 ﬁde,

176 1592 412 1646 unaque
454 1577 840 1648 intelligentia
887 1581 1149 1636 roborata
1196 1588 1346 1650 sunt,
1372 1577 1547 1650 lnulla
1574 1585 1812 1640 ulterius

177 1669 399 1739 possint
424 1671 645 1728 actione
672 1674 932 1728 convelli.
955 1677 1132 1730 Prout
1150 1693 1286 1748 ergo
1307 1669 1692 1733 misericordia
1712 1679 1811 1733 Dei

175 1762 425 1819 concilio
452 1765 694 1836 Spiritus
729 1767 813 1821 sui
844 1773 1095 1824 mentem
1122 1773 1319 1824 vestrm
1349 1771 1571 1842 pietatis
1598 1773 1808 1827 instru-

1917 577 2148 631 ponere,
2180 563 2283 618 sed
2311 564 2445 619 data
2483 563 2716 619 licentia
2744 563 3070 618 debellandi
3099 564 3334 619 dilatare
3361 565 3544 634 magis

1918 671 2094 726 quam
2125 657 2315 728 sopire
2345 658 2673 713 certamina.
2702 658 2860 713 Unde
2886 656 3020 728 quia
3049 660 3180 727 post
3201 657 3325 712 illas
3355 658 3544 729 Ephe-

1917 749 2055 804 sinae
2076 751 2271 821 synodi
2293 751 2634 822 impietates,
2668 750 2874 823 quibus
2895 751 3142 807 Dioscori
3169 751 3378 806 scelere
3408 751 3548 807 ﬁdes

1917 843 2193 899 catholica
2234 846 2478 899 refutata
2523 844 2862 915 perversitas
2905 845 3244 900 Eutichiana
3283 847 3546 915 suscepta

1916 940 2017 1006 est,
2047 937 2187 992 nihil
2215 937 2289 992 ad
2316 938 2809 994 conﬁrmationem
2835 937 2970 992 ﬁdei
2996 937 3329 993 Christianae
3353 937 3544 992 utilius

1916 1031 2099 1102 potuit
2139 1032 2409 1099 ordinari,
2457 1049 2633 1104 quam
2675 1037 2735 1087 ut
2776 1032 3030 1103 praedicti
3087 1031 3307 1087 facinus
3351 1037 3543 1086 sancta

1915 1125 2161 1194 synodus
2190 1125 2664 1180 Chalcedonensis
2687 1125 2954 1192 aboleret,
2987 1130 3043 1180 et
3069 1129 3225 1179 tanta
3242 1124 3353 1179 illic
3374 1125 3542 1178 habe-

1915 1222 2071 1272 retur
2110 1219 2348 1273 cmlestis
2385 1236 2520 1273 cura
2563 1220 2858 1288 doctrinae,
2906 1223 2971 1272 ut
3018 1218 3162 1272 nihil
3201 1219 3540 1289 cujusquam

1916 1312 2185 1382 opinione
2211 1313 2485 1368 resideret
2512 1314 2664 1385 quod
2697 1331 2731 1368 a
2753 1312 3252 1384 praedicationibus
3282 1313 3366 1367 vel
3413 1328 3540 1383 pro-

1914 1407 2153 1477 pheticis
2179 1410 2236 1462 et
2263 1406 2580 1478 apostolicis
2609 1408 2937 1474 dissonaret,
2980 1423 3044 1460 ea
3085 1406 3298 1461 scilicet
3335 1407 3535 1461 mode-

1914 1501 2131 1555 ratione
2163 1505 2397 1569 servata,
2418 1505 2483 1556 ut
2502 1501 2802 1556 rebellibus
2826 1504 3052 1556 tantum
3072 1517 3137 1554 ac
3157 1499 3541 1570 pertinacibus

1910 1594 1979 1648 ab
2034 1595 2293 1650 Ecclesiae
2333 1595 2548 1650 unitate
2591 1594 2832 1666 rejectis,
2879 1594 3022 1650 nulli
3079 1596 3330 1649 correcto
3371 1593 3540 1648 venia

1914 1692 2242 1758 negaretur,
2273 1688 2409 1759 quid
2429 1688 2796 1759 probabilius,
2827 1688 2964 1760 quid
2993 1687 3308 1759 religiosius
3333 1686 3542 1758 poterit

1913 1781 2093 1852 pietas
2119 1785 2300 1837 vestra
2327 1783 2632 1837 decernere
2663 1799 2832 1853 quam
2861 1785 2925 1835 ut
2953 1797 3083 1853 quae
3117 1798 3230 1835 non
3276 1783 3392 1834 tam
3430 1781 3538 1834 hu-

175 1859 347 1927 xerit,
397 1865 607 1915 sanctae
646 1860 910 1932 primitus
942 1864 1332 1919 Alexandrinae
1365 1866 1626 1920 Ecclesiae
1657 1867 1886 1939 pacisB
1910 1875 2095 1930 manis
2137 1892 2306 1946 quam
2353 1876 2556 1930 divinis
2594 1882 2726 1931 sunt
2772 1878 2985 1931 statuta
3035 1874 3296 1943 decretis,
3352 1874 3542 1928 nullus

176 1954 524 2022 reparationi
552 1955 853 2024 consulite,
894 1959 951 2010 et
994 1973 1094 2026 per
1143 1959 1452 2013 catholicos
1490 1960 1812 2016 sacerdotes

177 2046 349 2100 talem
377 2047 655 2117 provideri
687 2048 887 2118 jubete
915 2050 1269 2120 pontiﬁcem,
1311 2052 1370 2106 in
1407 2069 1520 2123 quo
1549 2058 1606 2108 et
1632 2054 1688 2107 in
1717 2071 1808 2107 ac-

177 2144 342 2193 tuum
384 2140 682 2210 probitate,
727 2146 785 2196 et
811 2143 872 2197 in
909 2144 1041 2198 ﬁdei
1091 2145 1438 2215 perfectione
1469 2147 1608 2201 nihil
1636 2148 1814 2217 possit

177 2234 630 2304 reprehensibile
657 2237 914 2307 reperiri,
949 2242 1008 2292 ut
1034 2238 1300 2294 omnibus
1326 2239 1430 2294 rite
1462 2241 1808 2312 compositis,

177 2327 378 2382 eadem
417 2327 610 2399 utique
653 2336 907 2384 servetur
960 2332 1290 2403 praedicatio
1347 2334 1619 2390 veritatis.
1675 2336 1813 2390 Data

180 2421 383 2490 quinto
414 2422 541 2476 Idus
565 2423 736 2490 Junii,
760 2425 1066 2480 Constante
1089 2431 1144 2481 et
1161 2427 1305 2480 Rufo
1326 2427 1667 2482 consulibus.

357 2517 534 2571 XCIII.
569 2549 636 2557 —
668 2517 921 2587 Ejusdem
947 2520 1022 2574 ad
1050 2512 1272 2576 Leonem
1297 2522 1628 2591 Augustum.

251 2609 408 2664 Licet
453 2611 708 2680 proxime
747 2612 816 2666 ad
861 2614 1226 2668 clementiam
1279 2621 1522 2670 vestram
1579 2617 1809 2686 gemina

182 2703 390 2774 scripta
437 2703 761 2772 direxerim,
809 2723 1055 2776 quorum
1104 2725 1283 2762 unum
1312 2709 1568 2763 debitum
1600 2711 1807 2764 saluta-

180 2797 350 2852 tionis
372 2797 658 2869 impleret,
691 2799 840 2854 aliud
863 2817 964 2870 pro
988 2804 1138 2855 statu
1160 2803 1423 2856 Ecclesiae
1445 2804 1807 2874 supplicaret,

181 2898 372 2946 tamen
407 2892 696 2948 occasione
726 2910 853 2965 quae
908 2895 1020 2949 Deo
1065 2896 1394 2965 providente
1455 2913 1512 2950 se
1565 2898 1811 2967 praebuit

181 2985 372 3040 iterari
399 2988 710 3058 utrumque
731 2988 1013 3043 convenit.
1041 2989 1366 3044 Secundum
1389 3007 1526 3061 ergo
1545 2991 1810 3045 ﬁduciam

182 3078 332 3133 illam
377 3096 554 3150 quam
597 3097 662 3134 ex
694 3081 793 3135 Dei
821 3082 1192 3153 inspiratione
1224 3083 1520 3138 universali
1552 3085 1808 3140 Ecclesiae

183 3172 518 3242 paestitistis
531 3177 662 3229 ante
680 3175 1013 3246 cujusquam
1026 3192 1221 3248 preces
1242 3179 1636 3233 constituendo
1654 3179 1810 3249 quod

181 3267 429 3322 maxime
469 3267 539 3321 ab
572 3269 839 3323 omnibus
864 3269 1051 3323 fuerat
1078 3271 1486 3341 expetendum,
1513 3289 1630 3327 non
1663 3273 1805 3327 desi-
1831 3237 1885 3310 C

182 3360 370 3414 nimus
417 3362 624 3431 gratias
670 3378 861 3433 agere,
906 3367 964 3417 et
1003 3364 1418 3434 providentiam
1461 3367 1558 3420 Dei
1592 3366 1647 3420 in
1677 3367 1810 3421 ﬁdei

181 3457 376 3509 vestrae
403 3455 625 3510 fervore
652 3455 1011 3523 benedicere,
1059 3460 1152 3529 qui
1194 3465 1389 3513 sancto
1435 3465 1490 3514 et
1529 3460 1808 3515 catholico

180 3547 402 3619 spiritu,
455 3547 599 3602 sicut
647 3549 834 3603 fratris
898 3555 955 3605 et
1005 3551 1320 3622 coepiscopi
1381 3553 1494 3607 mei
1564 3553 1810 3607 Anatolii

180 3658 439 3696 sermone
455 3644 716 3714 cognovi.
737 3646 819 3699 Ita
837 3644 1235 3700 haereticorum
1259 3646 1631 3717 impudentiae
1655 3647 1810 3702 resti-

179 3735 341 3802 tistis,
373 3740 436 3790 ut
471 3737 884 3807 proﬁteremini
919 3739 1094 3794 totius
1130 3740 1329 3794 mundi
1355 3756 1550 3810 pacem
1579 3741 1807 3797 Chalce-

179 3829 446 3884 donensis
476 3829 681 3900 synodi
729 3848 828 3885 vos
876 3849 995 3887 esse
1039 3834 1348 3888 custodem.
1393 3834 1554 3898 Quod
1583 3851 1714 3889 cum
1743 3853 1807 3889 ex

182 3929 376 3978 vestrae
422 3923 556 3978 ﬁdei
612 3926 896 3980 sententia
949 3926 1319 3982 saluberrime
1370 3927 1669 3983 deﬁnitum
1717 3929 1805 3996 sit,

179 4021 390 4088 quanto
417 4017 720 4073 studiosius
752 4019 1052 4074 universali
1085 4021 1344 4076 Ecclesiae
1393 4027 1478 4077 est
1507 4023 1808 4078 conferen-

181 4111 334 4178 dum,
392 4115 453 4164 ut
490 4113 874 4184 tranquillitas
905 4115 1033 4168 ﬁdei
1063 4115 1397 4171 Christianae
1428 4116 1596 4170 etiam
1625 4120 1809 4172 vestro

179 4209 355 4278 prosit
379 4209 642 4280 imperio,
691 4228 796 4266 nec
845 4213 1176 4282 improbitas
1221 4214 1492 4269 haeretica
1531 4215 1587 4268 in
1616 4215 1808 4286 aliquo

180 4319 280 4357 suo
301 4303 596 4358 molimine
613 4305 911 4374 glorietur.
930 4308 1100 4377 Cujus
1119 4307 1377 4378 pertinax
1394 4308 1666 4362 insidiosa
1680 4326 1811 4364 con-

182 4395 357 4450 lentio
381 4396 528 4450 illico
555 4398 916 4468 conquiescet
945 4401 990 4454 si
1011 4400 1292 4471 imperiali
1322 4405 1594 4472 potestate
1623 4402 1806 4457 frene-

185 4499 290 4548 tur.
329 4496 469 4549 Data
509 4495 790 4551 Kalendas
827 4499 1194 4569 Septembris,
1229 4500 1554 4554 Constantio
1587 4503 1642 4554 et
1663 4501 1808 4555 Rufo

183 4588 526 4643 ronsulibus.

425 4683 596 4738 XCIV.
630 4715 696 4724 -—
747 4689 896 4748 Item,
928 4687 1162 4755 ejusdem
1193 4689 1267 4741 ad
1297 4689 1554 4742 eumdem.

251 4777 485 4831 Litteras
531 4778 848 4833 clementiae
882 4783 990 4834 tuae
1018 4781 1216 4850 plenas
1246 4781 1453 4836 virtute
1480 4782 1611 4836 ﬁdei
1637 4787 1692 4836 et
1718 4783 1805 4836 lu-

184 4872 332 4925 mine
368 4870 618 4925 veritatis
654 4877 992 4928 veneranter
1030 4875 1241 4945 accepi,
1284 4875 1490 4946 quibus
1537 4892 1807 4946 cuperem

182 4964 350 5019 etiam
394 4966 452 5019 in
495 4983 564 5019 eo
597 4967 747 5035 quod
795 4969 1156 5037 prmsentiam
1201 4985 1395 5023 meam
1424 4969 1604 5040 pietas
1629 4973 1811 5025 vestra

185 5059 562 5113 necessarium
613 5060 904 5115 existimat
956 5062 1206 5128 obedire,
1253 5070 1319 5117 ut
1375 5063 1578 5133 majori
1623 5065 1809 5118 fructu

181 5157 548 5222 conspectum
580 5153 746 5207 vestri
775 5155 1091 5224 splendoris
1114 5172 1467 5227 assequerer,
1501 5158 1597 5211 sed
1629 5157 1811 5227 magis

183 5246 234 5298 id
270 5245 423 5299 vobis
462 5246 711 5301 arbitror
739 5248 1080 5318 placiturum
1109 5249 1262 5319 quod
1296 5250 1626 5320 eligendum
1668 5251 1809 5305 ratio

184 5339 608 5394 demonstravit.
641 5341 781 5395 Nam
811 5359 940 5395 cum
971 5350 1163 5397 sancto
1189 5343 1588 5413 spiritualique
1621 5344 1808 5398 studio

183 5432 499 5488 universam
551 5450 750 5504 pacem
801 5436 1060 5490 Ecclesiae
1111 5437 1401 5505 muniatis,
1447 5438 1703 5508 nihilque
1741 5439 1812 5492 sit

183 5526 608 5582 convenientius
645 5528 777 5583 ﬁdei
804 5529 1197 5597 defendendae,
1230 5547 1398 5600 quam
1439 5531 1526 5585 his
1551 5547 1678 5602 quae
1710 5549 1812 5602 per

186 5620 380 5674 omnia
408 5620 731 5676 instruente
765 5623 977 5693 Spiritu
1009 5628 1205 5677 sancto
1238 5624 1812 5695 irreprehensibiliter

185 5713 415 5768 deﬁnita
445 5719 579 5769 sunt
605 5715 908 5785 inhaerere,
957 5717 1063 5787 ipsi
1083 5717 1228 5772 bene
1253 5717 1574 5774 videbimur
1600 5721 1811 5774 statuta

185 5808 520 5878 convellere,
554 5813 612 5863 et
641 5811 1007 5866 auctoritates
1035 5827 1177 5881 quas
1208 5811 1455 5866 Ecclesia
1484 5812 1812 5866 universalis

187 5902 449 5970 amplexa
470 5905 554 5957 est
574 5903 640 5957 ad
674 5904 971 5960 arbitrium
996 5906 1278 5961 luereticae
1300 5906 1587 5977 petitionis
1608 5905 1806 5960 infrin-

1673 4659 1746 4679 -.ἱ

1827 4611 1887 4683 D

1911 1971 2062 2024 ultra
2088 1969 2308 2023 sinatur
2325 1969 2623 2040 impetere,
2651 1986 2720 2024 ne
2743 1986 2872 2023 vere
2893 1969 3054 2039 digni
3077 1969 3188 2022 sint
3211 1967 3307 2021 Dei
3334 1983 3544 2022 munus

1912 2063 2170 2117 amittere
2197 2062 2294 2134 qui
2321 2063 2390 2117 de
2417 2063 2648 2117 veritate
2681 2062 2855 2133 ipsius
2873 2061 2994 2115 ausi
3020 2061 3233 2115 fuerint
3257 2060 3539 2115 dubitare.

1911 2156 2050 2210 Cum
2089 2172 2226 2227 ergo
2259 2155 2590 2210 universalis
2618 2155 2862 2210 Ecclesia
2894 2171 2996 2226 per
3029 2155 3182 2209 illius
3215 2153 3540 2225 principalis

1911 2253 2088 2321 petrae
2117 2250 2549 2306 aediﬁcationem
2578 2252 2724 2304 facta
2756 2249 2826 2303 sit
2858 2253 3038 2320 petra,
3068 2253 3124 2302 et
3156 2248 3372 2318 primus
3397 2264 3536 2319 apo-

1911 2345 2188 2399 stolorum
2215 2344 2578 2399 beatissimus
2608 2347 2806 2400 Petrus
2837 2359 2970 2397 voce
3000 2341 3224 2396 Domini
3251 2340 3494 2395 audierit
3524 2356 3537 2394 :

1916 2460 1941 2486 ‹‹
1995 2439 2075 2491 'I‘u
2125 2455 2184 2492 es
2229 2439 2422 2492 Petrus
2463 2443 2518 2492 et
2561 2453 2730 2507 super
2775 2437 2920 2490 hanc
2969 2438 3190 2490 Petram
3250 2434 3538 2488 aediﬁcabo

1913 2531 2216 2586 Ecclesiam
2245 2547 2434 2586 meam
2463 2533 2678 2599 (Matth.
2709 2547 2820 2596 xv1,
2855 2530 2958 2598 l6).
2991 2551 3018 2577 ››
3049 2528 3184 2592 Quis
3206 2530 3288 2582 est
3305 2526 3413 2582 nisi
3440 2530 3540 2581 aut

1911 2625 2306 2692 Antichristus,
2347 2627 2444 2679 aut
2471 2624 2728 2679 diabolus
2759 2623 2856 2695 qui
2886 2623 3114 2694 pulsare
3142 2622 3348 2677 audeat
3373 2621 3537 2675 inex-

1912 2715 2278 2786 pugnabilem
2317 2714 2640 2780 veritatem,
2673 2714 2771 2785 qui
2799 2713 2856 2768 in
2890 2711 3105 2767 malitia
3123 2727 3222 2766 sua
3247 2711 3538 2765 inconver-

1910 2809 2082 2864 tibilis
2111 2825 2496 2879 perseverans,
2542 2824 2647 2879 per
2692 2823 2822 2861 vasa
2848 2807 2945 2861 irae
2986 2809 3044 2860 et
3082 2822 3198 2860 suae
3225 2809 3356 2876 apta
3385 2805 3541 2858 falla-

1910 2903 2011 2957 ciae
2041 2903 2178 2957 falso
2204 2902 2513 2973 diligentiae
2538 2902 2776 2956 nomine
2808 2901 2944 2956 dum
2969 2899 3261 2956 veritatem
3291 2914 3350 2953 se
3380 2914 3539 2952 men—

1913 2999 2052 3052 titur
2079 2998 2390 3068 inquirere,
2414 2996 2717 3052 mendacia
2734 2995 3023 3050 desiderat
3040 2994 3341 3061 seminare,
3366 2995 3540 3062 atque

1911 3091 2324 3146 contemnenda
2340 3094 2396 3145 et
2415 3090 2644 3146 vitanda
2663 3089 2867 3144 merito
2885 3089 2992 3144 sibi
3007 3087 3370 3142 incontinens
3381 3086 3542 3140 furor

1912 3191 1968 3240 et
1997 3185 2260 3256 impietas
2289 3201 2439 3240 caeca
2468 3184 2834 3255 praescripsit,
2868 3186 2929 3237 ut
2957 3181 3232 3237 diabolico
3262 3180 3539 3235 instructu

1910 3281 2060 3350 quod
2104 3280 2162 3332 in
2211 3282 2467 3333 sanctam
2514 3277 2956 3331 Alexandrinam
3000 3275 3160 3330 saevit
3206 3273 3535 3337 Ecclesiam,

1910 3373 2105 3444 quales
2119 3375 2303 3426 essent
2317 3371 2413 3442 qui
2425 3371 2945 3426 Chalcedonensem
2958 3368 3236 3438 synodum
3250 3365 3539 3420 retractati

1911 3465 2148 3536 cupiunt
2169 3465 2501 3532 disceretur,
2535 3464 2590 3518 in
2624 3463 2920 3534 quaZnullo
2948 3461 3121 3516 modo
3146 3459 3414 3514 accedere
3443 3475 3539 3529 po-

1915 3559 2035 3625 tuit,
2065 3563 2126 3613 ut
2166 3575 2198 3612 a
2224 3558 2383 3612 vobis
2409 3563 2609 3612 contra
2651 3559 2905 3611 sanctam
2935 3556 3223 3610 Nicaanam
3255 3551 3536 3624 synodum

1912 3652 2234 3722 sentiretur,
2266 3653 2419 3724 quod
2450 3651 2702 3706 haeretici
2732 3649 3107 3716 mentiuntur,
3154 3647 3250 3718 qui
3280 3663 3339 3701 se
3362 3646 3537 3701 ﬁdem

1912 3747 2118 3802 Niczeni
2159 3745 2377 3801 concilii
2405 3748 2599 3800 tenere
2628 3745 2980 3814 conﬁngunt,
3022 3742 3083 3796 in
3113 3757 3226 3812 quo
3266 3739 3442 3794 sancti
3479 3742 3538 3793 et

1911 3841 2258 3896 venerabiles
2287 3842 2477 3895 Patres
2527 3839 2707 3894 nostri
2746 3841 2916 3893 conta
2957 3836 3154 3891 Arium
3181 3829 3536 3906 congregati,

1913 3953 2024 3990 non
2080 3951 2312 3990 carnem
2368 3934 2610 4000 Domini,
2656 3933 2754 3987 sed
2797 3931 3067 3987 deitatem
3106 3928 3208 3984 ﬁlii
3240 3927 3538 3982 omousion

1914 4030 2061 4084 Patri
2077 4046 2196 4085 esse
2211 4029 2512 4084 ﬁrmavere
2524 4029 2552 4083 ?
2568 4030 2629 4082 In
2639 4023 3088 4083 Chalcedonensi
3099 4027 3288 4078 autem
3303 4020 3540 4076 concilio

1910 4124 2206 4179 adversum
2223 4121 2632 4194 Eutychianam
2654 4121 3007 4191 impietatem
3022 4117 3320 4173 deﬁnitum
3346 4120 3448 4184 est,
3469 4115 3537 4169 de

1911 4218 2220 4272 substantia
2239 4216 2484 4287 Virginis
2506 4215 2704 4269 matris
2727 4214 3028 4268 Dominum
3041 4213 3234 4265 Jesum
3251 4209 3539 4265 Christum

1912 4311 2217 4380 sumpsisse
2250 4310 2423 4363 nostri
2450 4308 2699 4379 corporis
2724 4306 3044 4360 veritatem.
3080 4303 3244 4374 Apud
3267 4301 3535 4359 Christia-

1913 4403 2206 4457 nissimum
2235 4402 2552 4473 principem
2573 4401 2749 4470 igitur
2773 4402 2829 4454 et
2859 4399 3008 4452 inter
3033 4395 3238 4452 Christi
3268 4394 3539 4466 praedica-

1912 4502 2058 4552 tores
2079 4497 2252 4568 digno
2272 4497 2486 4550 honore
2507 4492 2933 4549 numerandum
2946 4496 3077 4546 utor
3097 4489 3388 4545 catholicae
3408 4487 3535 4541 ﬁdei

1913 4592 2184 4660 libertate,
2215 4593 2271 4645 et
2297 4590 2365 4645 ad
2394 4587 2746 4644 consortium
2786 4590 2841 4640 te
2880 4584 3271 4656 apostolorum
3313 4599 3378 4636 ac
3405 4598 3535 4652 pro-

1913 4687 2212 4756 phetarum
2249 4699 2479 4738 securus
2505 4682 2791 4750 exhortor,
2823 4684 2885 4734 ut
2909 4682 3234 4734 constanter
3265 4675 3538 4747 despicias

1913 4796 1975 4834 ac
2004 4780 2241 4849 repellas
2268 4795 2361 4832 eos
2394 4777 2489 4848 qui
2521 4793 2580 4832 se
2608 4774 2926 4831 Christiano
2958 4771 3190 4828 nomine
3222 4770 3534 4843 privavere,

1911 4891 2016 4929 nec
2042 4873 2276 4944 patiaris
2311 4872 2518 4944 impios
2549 4870 2856 4942 parricidas
2881 4867 3158 4938 sacrilega
3179 4863 3535 4920 simulatione

1912 4970 1980 5024 de
2026 4969 2137 5023 ﬁde
2193 4984 2382 5039 agere,
2439 4983 2583 5037 quos
2629 4968 2847 5020 constat
2887 4981 2920 5017 a
2955 4962 3066 5017 ﬁde
3103 4960 3349 5016 deviare.
3391 4959 3535 5013 Cum

1912 5062 2063 5116 enim
2097 5061 2465 5116 clementiam
2502 5064 2663 5114 tuam
2699 5057 2975 5113 Dominus
3004 5059 3162 5111 tanto
3201 5051 3537 5109 sacramenti

1913 5157 1996 5209 sui
2027 5155 2444 5210 illuminatione
2473 5153 2754 5221 ditaverit,
2801 5152 2972 5208 debes
3016 5152 3411 5206 incunctanter
3434 5148 3534 5202 ad-

1911 5253 2128 5304 vertere
2173 5250 2394 5320 regiam
2447 5251 2783 5320 potestat’em
2828 5261 2942 5300 non
2987 5246 3170 5301 solum
3217 5244 3286 5299 ad
3337 5242 3538 5298 mundi

1913 5343 2192 5413 regimen,
2240 5345 2337 5398 sed
2380 5343 2625 5398 maxime
2671 5342 2744 5396 ad
2775 5339 3035 5395 Ecclesiae
3064 5339 3392 5410 praesidium
3421 5354 3538 5392 esse

1912 5437 2194 5505 collatam,
2221 5441 2286 5490 ut
2323 5454 2490 5491 ausus
2523 5435 2774 5492 nefarios
2817 5433 3273 5506 comprimendo,
3313 5436 3372 5486 et
3410 5448 3539 5502 qua:

1911 5530 2056 5585 bene
2076 5536 2208 5585 sunt
2228 5534 2436 5586 statuta
2457 5531 2749 5598 defendas,
2781 5532 2840 5584 et
2862 5545 3054 5585 veram
3075 5545 3278 5600 pacem
3298 5527 3388 5582 his
3409 5542 3539 5596 quae

1912 5628 2042 5679 sunt
2068 5625 2291 5679 turbata
2329 5625 2608 5693 restituas,
2651 5624 2986 5696 depellendo
3035 5625 3248 5680 scilicet
3285 5637 3541 5693 pervaso-

1911 5735 2001 5773 res
2022 5719 2166 5790 juris
2192 5719 2380 5786 alieni,
2412 5724 2469 5774 et
2494 5719 2744 5790 antiquae
2762 5719 2893 5774 ﬁdei
2923 5719 3115 5774 sedem
3142 5714 3538 5771 Alexandrinae

1913 5813 2175 5868 Ecclesiae
2205 5813 2589 5880 reformando,
2618 5817 2682 5868 ut
2703 5812 3146 5870 correctionibus
3171 5809 3280 5865 tuis
3307 5809 3407 5865 Dei
3435 5809 3540 5864 ira-

1913 5907 2115 5965 cundia
2142 5907 2422 5979 mitigata,
2469 5908 2641 5979 regiae
2684 5912 2848 5964 antea
2884 5906 3089 5964 civitati
3116 5923 3233 5964 non
3261 5905 3542 5963 retribuat.
