  <div class='ocr_page' id='page_1' title='image "/cluster/home/n/w/nwhite01/storage/ocr_20150623/130/umn.319510024774230/535.png"; bbox 0 0 4040 6316; ppageno 0'>
   <div class='ocr_carea' id='block_1_1' title="bbox 501 344 2112 412">
    <p class='ocr_par' dir='ltr' id='par_1_1' title="bbox 501 344 2106 412">
     <span class='ocr_line' id='line_1_1' title="bbox 501 344 2106 412; baseline -0.001 -3"><span class='ocrx_word' id='word_1_1' title='bbox 501 346 605 409; x_wconf 76' lang='grc'>919</span> <span class='ocrx_word' id='word_1_2' title='bbox 1386 356 1667 412; x_wconf 78' lang='lat' dir='ltr'>APPEND.</span> <span class='ocrx_word' id='word_1_3' title='bbox 1708 355 1797 411; x_wconf 77' lang='lat' dir='ltr'>AD</span> <span class='ocrx_word' id='word_1_4' title='bbox 1835 356 1995 411; x_wconf 76' lang='lat' dir='ltr'>S/EC.</span> <span class='ocrx_word' id='word_1_5' title='bbox 2039 344 2106 408; x_wconf 82' lang='lat' dir='ltr'>lX</span> 
     </span>
    </p>
   </div>
   <div class='ocr_carea' id='block_1_2' title="bbox 2212 344 3862 412">
    <p class='ocr_par' dir='ltr' id='par_1_2' title="bbox 2212 353 3862 410">
     <span class='ocr_line' id='line_1_2' title="bbox 2212 353 3862 410; baseline 0 -3"><span class='ocrx_word' id='word_1_6' title='bbox 2212 384 2225 393; x_wconf 94' lang='lat'><strong>-</strong></span> <span class='ocrx_word' id='word_1_7' title='bbox 2267 353 2515 409; x_wconf 86' lang='lat' dir='ltr'>lSlDORl</span> <span class='ocrx_word' id='word_1_8' title='bbox 2552 354 2978 410; x_wconf 80' lang='lat' dir='ltr'>MERCATORIS</span> <span class='ocrx_word' id='word_1_9' title='bbox 3757 354 3862 408; x_wconf 74' lang='lat'>9&#39;20</span> 
     </span>
    </p>
   </div>
   <div class='ocr_carea' id='block_1_3' title="bbox 495 458 3864 545">
    <p class='ocr_par' dir='ltr' id='par_1_3' title="bbox 495 458 3864 545">
     <span class='ocr_line' id='line_1_3' title="bbox 495 458 3864 545; baseline -0.001 -28"><span class='ocrx_word' id='word_1_10' title='bbox 495 478 622 534; x_wconf 83' lang='lat' dir='ltr'>qua</span> <span class='ocrx_word' id='word_1_11' title='bbox 648 458 897 517; x_wconf 88' lang='lat' dir='ltr'>admissa</span> <span class='ocrx_word' id='word_1_12' title='bbox 919 466 1049 517; x_wconf 88' lang='lat' dir='ltr'>sunt</span> <span class='ocrx_word' id='word_1_13' title='bbox 1073 463 1174 517; x_wconf 90' lang='lat' dir='ltr'>sed</span> <span class='ocrx_word' id='word_1_14' title='bbox 1203 462 1474 517; x_wconf 79' lang='lat' dir='ltr'>remittat.</span> <span class='ocrx_word' id='word_1_15' title='bbox 1507 458 1799 520; x_wconf 79' lang='lat' dir='ltr'>constitue</span> <span class='ocrx_word' id='word_1_16' title='bbox 1829 465 1963 517; x_wconf 89' lang='lat' dir='ltr'>ante</span> <span class='ocrx_word' id='word_1_17' title='bbox 1991 478 2125 517; x_wconf 85' lang='lat' dir='ltr'>ocu-</span> <span class='ocrx_word' id='word_1_18' title='bbox 2147 460 2578 545; x_wconf 72' lang='lat' dir='ltr'>Atenderetur,</span> <span class='ocrx_word' id='word_1_19' title='bbox 2634 461 2757 517; x_wconf 88' lang='lat' dir='ltr'>aliis</span> <span class='ocrx_word' id='word_1_20' title='bbox 2805 462 3007 517; x_wconf 77' lang='lat' dir='ltr'>litteris</span> <span class='ocrx_word' id='word_1_21' title='bbox 3052 476 3180 533; x_wconf 89' lang='lat' dir='ltr'>qua</span> <span class='ocrx_word' id='word_1_22' title='bbox 3229 461 3521 515; x_wconf 87' lang='lat' dir='ltr'>assertioni</span> <span class='ocrx_word' id='word_1_23' title='bbox 3565 460 3864 516; x_wconf 86' lang='lat' dir='ltr'>catholica</span> 
     </span>
    </p>
   </div>
   <div class='ocr_carea' id='block_1_4' title="bbox 495 550 3863 651">
    <p class='ocr_par' dir='ltr' id='par_1_4' title="bbox 495 550 3863 651">
     <span class='ocr_line' id='line_1_4' title="bbox 495 550 3863 651; baseline -0.001 -40"><span class='ocrx_word' id='word_1_24' title='bbox 495 556 583 611; x_wconf 92' lang='lat' dir='ltr'>los</span> <span class='ocrx_word' id='word_1_25' title='bbox 609 555 797 611; x_wconf 83' lang='lat' dir='ltr'>cordis</span> <span class='ocrx_word' id='word_1_26' title='bbox 822 550 1290 651; x_wconf 42' lang='lat' dir='ltr'>tuijvenerabilis</span> <span class='ocrx_word' id='word_1_27' title='bbox 1312 557 1646 628; x_wconf 79' lang='lat' dir='ltr'>imperator,</span> <span class='ocrx_word' id='word_1_28' title='bbox 1678 573 1877 614; x_wconf 89' lang='lat' dir='ltr'>omnes</span> <span class='ocrx_word' id='word_1_29' title='bbox 1899 555 2001 629; x_wconf 86' lang='lat' dir='ltr'>qui</span> <span class='ocrx_word' id='word_1_30' title='bbox 2026 572 2130 628; x_wconf 89' lang='lat' dir='ltr'>per</span> <span class='ocrx_word' id='word_1_31' title='bbox 2230 554 2361 609; x_wconf 78' lang='lat' dir='ltr'>fidei</span> <span class='ocrx_word' id='word_1_32' title='bbox 2407 560 2751 626; x_wconf 90' lang='lat' dir='ltr'>congruunt,</span> <span class='ocrx_word' id='word_1_33' title='bbox 2798 555 3231 627; x_wconf 84' lang='lat' dir='ltr'>comprehendi,</span> <span class='ocrx_word' id='word_1_34' title='bbox 3271 558 3338 609; x_wconf 90' lang='lat' dir='ltr'>ut</span> <span class='ocrx_word' id='word_1_35' title='bbox 3384 553 3517 609; x_wconf 89' lang='lat' dir='ltr'>licet</span> <span class='ocrx_word' id='word_1_36' title='bbox 3557 570 3627 609; x_wconf 89' lang='lat' dir='ltr'>ea</span> <span class='ocrx_word' id='word_1_37' title='bbox 3661 570 3792 626; x_wconf 89' lang='lat' dir='ltr'>qua</span> <span class='ocrx_word' id='word_1_38' title='bbox 3829 571 3863 608; x_wconf 93' lang='lat' dir='ltr'>a</span> 
     </span>
    </p>
   </div>
   <div class='ocr_carea' id='block_1_5' title="bbox 497 647 3866 722">
    <p class='ocr_par' dir='ltr' id='par_1_5' title="bbox 497 647 3866 722">
     <span class='ocr_line' id='line_1_5' title="bbox 497 647 3866 722; baseline -0.001 -18"><span class='ocrx_word' id='word_1_39' title='bbox 497 653 683 705; x_wconf 90' lang='lat' dir='ltr'>totum</span> <span class='ocrx_word' id='word_1_40' title='bbox 736 647 940 705; x_wconf 53' lang='lat' dir='ltr'>orbem&#39;</span> <span class='ocrx_word' id='word_1_41' title='bbox 977 653 1111 704; x_wconf 88' lang='lat' dir='ltr'>sunt</span> <span class='ocrx_word' id='word_1_42' title='bbox 1151 649 1375 705; x_wconf 90' lang='lat' dir='ltr'>Domini</span> <span class='ocrx_word' id='word_1_43' title='bbox 1423 650 1744 706; x_wconf 85' lang='lat' dir='ltr'>sacerdotes</span> <span class='ocrx_word' id='word_1_44' title='bbox 1782 667 1886 722; x_wconf 92' lang='lat' dir='ltr'>pro</span> <span class='ocrx_word' id='word_1_45' title='bbox 1931 667 1997 705; x_wconf 89' lang='lat' dir='ltr'>ea</span> <span class='ocrx_word' id='word_1_46' title='bbox 2022 649 2127 705; x_wconf 86' lang='lat' dir='ltr'>tibi</span> <span class='ocrx_word' id='word_1_47' title='bbox 2227 648 2354 703; x_wconf 89' lang='lat' dir='ltr'>sede</span> <span class='ocrx_word' id='word_1_48' title='bbox 2399 649 2712 720; x_wconf 89' lang='lat' dir='ltr'>apostolica</span> <span class='ocrx_word' id='word_1_49' title='bbox 2756 653 2890 703; x_wconf 91' lang='lat' dir='ltr'>sunt</span> <span class='ocrx_word' id='word_1_50' title='bbox 2917 648 3222 720; x_wconf 89' lang='lat' dir='ltr'>pradicata</span> <span class='ocrx_word' id='word_1_51' title='bbox 3246 647 3588 715; x_wconf 80' lang='lat' dir='ltr'>sufficerent,</span> <span class='ocrx_word' id='word_1_52' title='bbox 3622 647 3866 702; x_wconf 82' lang='lat' dir='ltr'>insidias</span> 
     </span>
    </p>
   </div>
   <div class='ocr_carea' id='block_1_6' title="bbox 494 741 3865 816">
    <p class='ocr_par' dir='ltr' id='par_1_6' title="bbox 494 741 3865 816">
     <span class='ocr_line' id='line_1_6' title="bbox 494 741 3865 816; baseline -0.001 -18"><span class='ocrx_word' id='word_1_53' title='bbox 494 744 626 811; x_wconf 84' lang='lat' dir='ltr'>fide,</span> <span class='ocrx_word' id='word_1_54' title='bbox 660 743 716 797; x_wconf 92' lang='lat' dir='ltr'>in</span> <span class='ocrx_word' id='word_1_55' title='bbox 757 759 870 815; x_wconf 90' lang='lat' dir='ltr'>qua</span> <span class='ocrx_word' id='word_1_56' title='bbox 895 743 1066 797; x_wconf 83' lang='lat' dir='ltr'>totius</span> <span class='ocrx_word' id='word_1_57' title='bbox 1097 743 1297 798; x_wconf 92' lang='lat' dir='ltr'>mundi</span> <span class='ocrx_word' id='word_1_58' title='bbox 1324 748 1411 799; x_wconf 91' lang='lat' dir='ltr'>est</span> <span class='ocrx_word' id='word_1_59' title='bbox 1436 744 1758 816; x_wconf 85' lang='lat' dir='ltr'>redemptio</span> <span class='ocrx_word' id='word_1_60' title='bbox 1783 744 2125 816; x_wconf 88' lang='lat' dir='ltr'>supplicare,</span> <span class='ocrx_word' id='word_1_61' title='bbox 2229 745 2425 796; x_wconf 89' lang='lat' dir='ltr'>tamen</span> <span class='ocrx_word' id='word_1_62' title='bbox 2470 742 2895 811; x_wconf 77' lang='lat' dir='ltr'>haereticorum,</span> <span class='ocrx_word' id='word_1_63' title='bbox 2942 743 3113 797; x_wconf 90' lang='lat' dir='ltr'>etiam</span> <span class='ocrx_word' id='word_1_64' title='bbox 3148 743 3269 797; x_wconf 85' lang='lat' dir='ltr'>hac</span> <span class='ocrx_word' id='word_1_65' title='bbox 3310 758 3435 813; x_wconf 85' lang='lat' dir='ltr'>qua</span> <span class='ocrx_word' id='word_1_66' title='bbox 3470 744 3605 796; x_wconf 89' lang='lat' dir='ltr'>sunt</span> <span class='ocrx_word' id='word_1_67' title='bbox 3639 741 3865 813; x_wconf 89' lang='lat' dir='ltr'>adjecta</span> 
     </span>
    </p>
   </div>
   <div class='ocr_carea' id='block_1_7' title="bbox 498 835 3863 910">
    <p class='ocr_par' dir='ltr' id='par_1_7' title="bbox 498 835 3863 910">
     <span class='ocr_line' id='line_1_7' title="bbox 498 835 3863 910; baseline -0.001 -19"><span class='ocrx_word' id='word_1_68' title='bbox 498 837 555 891; x_wconf 91' lang='lat' dir='ltr'>in</span> <span class='ocrx_word' id='word_1_69' title='bbox 585 854 697 909; x_wconf 91' lang='lat' dir='ltr'>qua</span> <span class='ocrx_word' id='word_1_70' title='bbox 738 854 800 891; x_wconf 91' lang='lat' dir='ltr'>re</span> <span class='ocrx_word' id='word_1_71' title='bbox 844 837 1141 909; x_wconf 85' lang='lat' dir='ltr'>specialius</span> <span class='ocrx_word' id='word_1_72' title='bbox 1180 837 1462 905; x_wconf 90' lang='lat' dir='ltr'>ambiunt,</span> <span class='ocrx_word' id='word_1_73' title='bbox 1495 838 1593 910; x_wconf 87' lang='lat' dir='ltr'>qui</span> <span class='ocrx_word' id='word_1_74' title='bbox 1636 838 1961 909; x_wconf 87' lang='lat' dir='ltr'>apostolica</span> <span class='ocrx_word' id='word_1_75' title='bbox 1994 838 2127 893; x_wconf 86' lang='lat' dir='ltr'>ﬁdei</span> <span class='ocrx_word' id='word_1_76' title='bbox 2228 839 2563 890; x_wconf 80' lang='lat' dir='ltr'>reserarent.</span> <span class='ocrx_word' id='word_1_77' title='bbox 2613 835 3033 891; x_wconf 87' lang='lat' dir='ltr'>Sacerdotalem</span> <span class='ocrx_word' id='word_1_78' title='bbox 3074 851 3330 907; x_wconf 85' lang='lat' dir='ltr'>namque</span> <span class='ocrx_word' id='word_1_79' title='bbox 3378 840 3435 890; x_wconf 82' lang='lat' dir='ltr'>et</span> <span class='ocrx_word' id='word_1_80' title='bbox 3482 835 3863 906; x_wconf 87' lang='lat' dir='ltr'>apostolicum</span> 
     </span>
    </p>
   </div>
   <div class='ocr_carea' id='block_1_8' title="bbox 496 928 3864 1004">
    <p class='ocr_par' dir='ltr' id='par_1_8' title="bbox 496 928 3864 1004">
     <span class='ocr_line' id='line_1_8' title="bbox 496 928 3864 1004; baseline -0.001 -19"><span class='ocrx_word' id='word_1_81' title='bbox 496 936 802 986; x_wconf 85' lang='lat' dir='ltr'>sectatores</span> <span class='ocrx_word' id='word_1_82' title='bbox 825 931 1223 986; x_wconf 84' lang='lat' dir='ltr'>Alexandrina</span> <span class='ocrx_word' id='word_1_83' title='bbox 1249 932 1511 987; x_wconf 91' lang='lat' dir='ltr'>Ecclesia</span> <span class='ocrx_word' id='word_1_84' title='bbox 1535 931 1862 1004; x_wconf 89' lang='lat' dir='ltr'>prasidere,</span> <span class='ocrx_word' id='word_1_85' title='bbox 1897 936 2130 1004; x_wconf 88' lang='lat' dir='ltr'>agentes</span> <span class='ocrx_word' id='word_1_86' title='bbox 2229 931 2341 983; x_wconf 88' lang='lat' dir='ltr'>tua</span> <span class='ocrx_word' id='word_1_87' title='bbox 2368 928 2590 1000; x_wconf 90' lang='lat' dir='ltr'>pietatis</span> <span class='ocrx_word' id='word_1_88' title='bbox 2618 928 2896 997; x_wconf 92' lang='lat' dir='ltr'>animum,</span> <span class='ocrx_word' id='word_1_89' title='bbox 2928 929 3096 983; x_wconf 90' lang='lat' dir='ltr'>etiam</span> <span class='ocrx_word' id='word_1_90' title='bbox 3114 929 3220 983; x_wconf 90' lang='lat' dir='ltr'>hoc</span> <span class='ocrx_word' id='word_1_91' title='bbox 3245 928 3461 983; x_wconf 87' lang='lat' dir='ltr'>malum</span> <span class='ocrx_word' id='word_1_92' title='bbox 3484 928 3553 983; x_wconf 90' lang='lat' dir='ltr'>ad</span> <span class='ocrx_word' id='word_1_93' title='bbox 3573 928 3864 999; x_wconf 87' lang='lat' dir='ltr'>justitiam</span> 
     </span>
    </p>
   </div>
   <div class='ocr_carea' id='block_1_9' title="bbox 497 1007 3867 1096">
    <p class='ocr_par' dir='ltr' id='par_1_9' title="bbox 497 1007 3867 1096">
     <span class='ocr_line' id='line_1_9' title="bbox 497 1007 3867 1096; baseline -0 -19"><span class='ocrx_word' id='word_1_94' title='bbox 497 1024 644 1096; x_wconf 84' lang='lat' dir='ltr'>apud</span> <span class='ocrx_word' id='word_1_95' title='bbox 676 1024 948 1096; x_wconf 88' lang='lat' dir='ltr'>pietatem</span> <span class='ocrx_word' id='word_1_96' title='bbox 973 1029 1134 1080; x_wconf 91' lang='lat' dir='ltr'>tuam</span> <span class='ocrx_word' id='word_1_97' title='bbox 1159 1042 1231 1081; x_wconf 90' lang='lat' dir='ltr'>ne</span> <span class='ocrx_word' id='word_1_98' title='bbox 1251 1007 1549 1081; x_wconf 81' lang='lat' dir='ltr'>hareticos</span> <span class='ocrx_word' id='word_1_99' title='bbox 1567 1025 1827 1080; x_wconf 87' lang='lat' dir='ltr'>homines</span> <span class='ocrx_word' id='word_1_100' title='bbox 1846 1028 1903 1080; x_wconf 91' lang='lat' dir='ltr'>et</span> <span class='ocrx_word' id='word_1_101' title='bbox 1922 1025 2128 1081; x_wconf 90' lang='lat' dir='ltr'>merito</span> <span class='ocrx_word' id='word_1_102' title='bbox 2228 1022 2455 1077; x_wconf 88' lang='lat' dir='ltr'>ultionis</span> <span class='ocrx_word' id='word_1_103' title='bbox 2492 1023 2664 1077; x_wconf 89' lang='lat' dir='ltr'>debet</span> <span class='ocrx_word' id='word_1_104' title='bbox 2695 1022 2984 1089; x_wconf 88' lang='lat' dir='ltr'>accedere,</span> <span class='ocrx_word' id='word_1_105' title='bbox 3029 1022 3185 1093; x_wconf 91' lang='lat' dir='ltr'>quod</span> <span class='ocrx_word' id='word_1_106' title='bbox 3220 1021 3867 1093; x_wconf 84' lang='lat' dir='ltr'>Constantinopolitana</span> 
     </span>
    </p>
   </div>
   <div class='ocr_carea' id='block_1_10' title="bbox 493 1115 3871 1190">
    <p class='ocr_par' dir='ltr' id='par_1_10' title="bbox 493 1115 3871 1190">
     <span class='ocr_line' id='line_1_10' title="bbox 493 1115 3871 1190; baseline -0.001 -18"><span class='ocrx_word' id='word_1_107' title='bbox 493 1134 598 1188; x_wconf 88' lang='lat' dir='ltr'>pro</span> <span class='ocrx_word' id='word_1_108' title='bbox 627 1135 730 1173; x_wconf 89' lang='lat' dir='ltr'>sua</span> <span class='ocrx_word' id='word_1_109' title='bbox 767 1119 1138 1190; x_wconf 89' lang='lat' dir='ltr'>perversitate</span> <span class='ocrx_word' id='word_1_110' title='bbox 1168 1119 1486 1186; x_wconf 89' lang='lat' dir='ltr'>damnatos,</span> <span class='ocrx_word' id='word_1_111' title='bbox 1516 1119 1599 1173; x_wconf 90' lang='lat' dir='ltr'>uti</span> <span class='ocrx_word' id='word_1_112' title='bbox 1626 1135 1729 1174; x_wconf 88' lang='lat' dir='ltr'>sua</span> <span class='ocrx_word' id='word_1_113' title='bbox 1755 1119 2122 1190; x_wconf 86' lang='lat' dir='ltr'>persuasione</span> <span class='ocrx_word' id='word_1_114' title='bbox 2229 1116 2491 1170; x_wconf 84' lang='lat' dir='ltr'>Ecclesia</span> <span class='ocrx_word' id='word_1_115' title='bbox 2528 1115 2834 1188; x_wconf 85' lang='lat' dir='ltr'>puritatem</span> <span class='ocrx_word' id='word_1_116' title='bbox 2863 1115 3194 1187; x_wconf 87' lang='lat' dir='ltr'>pestilenter</span> <span class='ocrx_word' id='word_1_117' title='bbox 3225 1115 3505 1183; x_wconf 84' lang='lat' dir='ltr'>obscurat,</span> <span class='ocrx_word' id='word_1_118' title='bbox 3543 1115 3602 1169; x_wconf 92' lang='lat' dir='ltr'>in</span> <span class='ocrx_word' id='word_1_119' title='bbox 3632 1131 3750 1186; x_wconf 91' lang='lat' dir='ltr'>qua</span> <span class='ocrx_word' id='word_1_120' title='bbox 3782 1116 3871 1170; x_wconf 88' lang='lat' dir='ltr'>in-</span> 
     </span>
    </p>
   </div>
   <div class='ocr_carea' id='block_1_11' title="bbox 497 1209 3869 1284">
    <p class='ocr_par' dir='ltr' id='par_1_11' title="bbox 497 1209 3869 1284">
     <span class='ocr_line' id='line_1_11' title="bbox 497 1209 3869 1284; baseline -0.001 -19"><span class='ocrx_word' id='word_1_121' title='bbox 497 1211 820 1281; x_wconf 88' lang='lat' dir='ltr'>patiamini,</span> <span class='ocrx_word' id='word_1_122' title='bbox 862 1228 993 1266; x_wconf 91' lang='lat' dir='ltr'>cum</span> <span class='ocrx_word' id='word_1_123' title='bbox 1028 1212 1143 1267; x_wconf 87' lang='lat' dir='ltr'>sive</span> <span class='ocrx_word' id='word_1_124' title='bbox 1175 1211 1528 1284; x_wconf 86' lang='lat' dir='ltr'>impietatem</span> <span class='ocrx_word' id='word_1_125' title='bbox 1564 1229 1822 1267; x_wconf 86' lang='lat' dir='ltr'>errorum</span> <span class='ocrx_word' id='word_1_126' title='bbox 1866 1212 2126 1284; x_wconf 87' lang='lat' dir='ltr'>aspicias,</span> <span class='ocrx_word' id='word_1_127' title='bbox 2226 1210 2537 1264; x_wconf 88' lang='lat' dir='ltr'>veniuntur</span> <span class='ocrx_word' id='word_1_128' title='bbox 2563 1209 2791 1280; x_wconf 89' lang='lat' dir='ltr'>quidam</span> <span class='ocrx_word' id='word_1_129' title='bbox 2811 1209 3209 1264; x_wconf 89' lang='lat' dir='ltr'>hareticorum</span> <span class='ocrx_word' id='word_1_130' title='bbox 3239 1209 3425 1264; x_wconf 88' lang='lat' dir='ltr'>clerici</span> <span class='ocrx_word' id='word_1_131' title='bbox 3460 1209 3649 1264; x_wconf 86' lang='lat' dir='ltr'>sensui</span> <span class='ocrx_word' id='word_1_132' title='bbox 3671 1226 3869 1264; x_wconf 89' lang='lat' dir='ltr'>conso-</span> 
     </span>
    </p>
   </div>
   <div class='ocr_carea' id='block_1_12' title="bbox 496 1303 3858 1377">
    <p class='ocr_par' dir='ltr' id='par_1_12' title="bbox 496 1303 3858 1377">
     <span class='ocr_line' id='line_1_12' title="bbox 496 1303 3858 1377; baseline -0 -19"><span class='ocrx_word' id='word_1_133' title='bbox 496 1305 609 1360; x_wconf 89' lang='lat' dir='ltr'>sive</span> <span class='ocrx_word' id='word_1_134' title='bbox 647 1322 790 1376; x_wconf 92' lang='lat' dir='ltr'>opus</span> <span class='ocrx_word' id='word_1_135' title='bbox 818 1306 1131 1377; x_wconf 83' lang='lat' dir='ltr'>perpetrati</span> <span class='ocrx_word' id='word_1_136' title='bbox 1152 1306 1365 1361; x_wconf 91' lang='lat' dir='ltr'>furoris</span> <span class='ocrx_word' id='word_1_137' title='bbox 1393 1307 1673 1376; x_wconf 88' lang='lat' dir='ltr'>attendas,</span> <span class='ocrx_word' id='word_1_138' title='bbox 1702 1323 1819 1361; x_wconf 90' lang='lat' dir='ltr'>non</span> <span class='ocrx_word' id='word_1_139' title='bbox 1848 1306 2034 1361; x_wconf 90' lang='lat' dir='ltr'>solum</span> <span class='ocrx_word' id='word_1_140' title='bbox 2055 1307 2129 1361; x_wconf 90' lang='lat' dir='ltr'>ad</span> <span class='ocrx_word' id='word_1_141' title='bbox 2227 1308 2448 1370; x_wconf 89' lang='lat' dir='ltr'>nantes,</span> <span class='ocrx_word' id='word_1_142' title='bbox 2481 1308 2538 1358; x_wconf 91' lang='lat' dir='ltr'>et</span> <span class='ocrx_word' id='word_1_143' title='bbox 2565 1303 2716 1357; x_wconf 88' lang='lat' dir='ltr'>intra</span> <span class='ocrx_word' id='word_1_144' title='bbox 2740 1303 2857 1374; x_wconf 90' lang='lat' dir='ltr'>ipsa</span> <span class='ocrx_word' id='word_1_145' title='bbox 2885 1303 3296 1358; x_wconf 89' lang='lat' dir='ltr'>catholicorum</span> <span class='ocrx_word' id='word_1_146' title='bbox 3320 1303 3552 1370; x_wconf 88' lang='lat' dir='ltr'>viscera,</span> <span class='ocrx_word' id='word_1_147' title='bbox 3584 1304 3858 1357; x_wconf 90' lang='lat' dir='ltr'>assertio-</span> 
     </span>
    </p>
   </div>
   <div class='ocr_carea' id='block_1_13' title="bbox 496 1395 3865 1472">
    <p class='ocr_par' dir='ltr' id='par_1_13' title="bbox 496 1395 3865 1472">
     <span class='ocr_line' id='line_1_13' title="bbox 496 1395 3865 1472; baseline -0.001 -20"><span class='ocrx_word' id='word_1_148' title='bbox 496 1399 797 1454; x_wconf 89' lang='lat' dir='ltr'>sacerdotii</span> <span class='ocrx_word' id='word_1_149' title='bbox 826 1400 1108 1454; x_wconf 74' lang='lat' dir='ltr'>honorem</span> <span class='ocrx_word' id='word_1_150' title='bbox 1137 1399 1365 1455; x_wconf 89' lang='lat' dir='ltr'>admitti</span> <span class='ocrx_word' id='word_1_151' title='bbox 1407 1404 1715 1472; x_wconf 88' lang='lat' dir='ltr'>nequeant,</span> <span class='ocrx_word' id='word_1_152' title='bbox 1758 1400 1857 1455; x_wconf 93' lang='lat' dir='ltr'>sed</span> <span class='ocrx_word' id='word_1_153' title='bbox 1896 1400 1966 1454; x_wconf 90' lang='lat' dir='ltr'>ab</span> <span class='ocrx_word' id='word_1_154' title='bbox 2006 1400 2126 1471; x_wconf 90' lang='lat' dir='ltr'>ipso</span> <span class='ocrx_word' id='word_1_155' title='bbox 2227 1397 2395 1451; x_wconf 87' lang='lat' dir='ltr'>nibus</span> <span class='ocrx_word' id='word_1_156' title='bbox 2424 1396 2552 1450; x_wconf 84' lang='lat' dir='ltr'>&#39;suis</span> <span class='ocrx_word' id='word_1_157' title='bbox 2596 1396 2994 1451; x_wconf 67' lang='lat' dir='ltr'>haereticorum</span> <span class='ocrx_word' id='word_1_158' title='bbox 3022 1397 3374 1467; x_wconf 88' lang='lat' dir='ltr'>adjuvantes.</span> <span class='ocrx_word' id='word_1_159' title='bbox 3428 1398 3491 1451; x_wconf 88' lang='lat' dir='ltr'>In</span> <span class='ocrx_word' id='word_1_160' title='bbox 3531 1395 3739 1467; x_wconf 89' lang='lat' dir='ltr'>quibus</span> <span class='ocrx_word' id='word_1_161' title='bbox 3770 1396 3865 1451; x_wconf 89' lang='lat' dir='ltr'>de-</span> 
     </span>
    </p>
   </div>
   <div class='ocr_carea' id='block_1_14' title="bbox 493 1488 3859 1565">
    <p class='ocr_par' dir='ltr' id='par_1_14' title="bbox 493 1488 3859 1565">
     <span class='ocr_line' id='line_1_14' title="bbox 493 1488 3859 1565; baseline -0.001 -20"><span class='ocrx_word' id='word_1_162' title='bbox 493 1492 816 1548; x_wconf 83' lang='lat' dir='ltr'>Christiano</span> <span class='ocrx_word' id='word_1_163' title='bbox 846 1493 1079 1549; x_wconf 90' lang='lat' dir='ltr'>nomine</span> <span class='ocrx_word' id='word_1_164' title='bbox 1115 1498 1445 1549; x_wconf 89' lang='lat' dir='ltr'>mereantur</span> <span class='ocrx_word' id='word_1_165' title='bbox 1486 1494 1759 1549; x_wconf 91' lang='lat' dir='ltr'>abscindi.</span> <span class='ocrx_word' id='word_1_166' title='bbox 1803 1495 1945 1548; x_wconf 91' lang='lat' dir='ltr'>Nam</span> <span class='ocrx_word' id='word_1_167' title='bbox 1976 1493 2129 1565; x_wconf 90' lang='lat' dir='ltr'>quod</span> <span class='ocrx_word' id='word_1_168' title='bbox 2227 1490 2526 1545; x_wconf 90' lang='lat' dir='ltr'>turbandis</span> <span class='ocrx_word' id='word_1_169' title='bbox 2566 1490 2738 1545; x_wconf 86' lang='lat' dir='ltr'>frater</span> <span class='ocrx_word' id='word_1_170' title='bbox 2771 1506 2933 1544; x_wconf 91' lang='lat' dir='ltr'>meus</span> <span class='ocrx_word' id='word_1_171' title='bbox 2974 1489 3327 1557; x_wconf 83' lang='lat' dir='ltr'>Anatholius,</span> <span class='ocrx_word' id='word_1_172' title='bbox 3372 1505 3505 1544; x_wconf 90' lang='lat' dir='ltr'>cum</span> <span class='ocrx_word' id='word_1_173' title='bbox 3543 1489 3714 1544; x_wconf 90' lang='lat' dir='ltr'>nimis</span> <span class='ocrx_word' id='word_1_174' title='bbox 3756 1488 3859 1544; x_wconf 90' lang='lat' dir='ltr'>be-</span> 
     </span>
    </p>
   </div>
   <div class='ocr_carea' id='block_1_15' title="bbox 494 1582 3862 1659">
    <p class='ocr_par' dir='ltr' id='par_1_15' title="bbox 494 1582 3862 1659">
     <span class='ocr_line' id='line_1_15' title="bbox 494 1582 3862 1659; baseline -0.001 -19"><span class='ocrx_word' id='word_1_175' title='bbox 494 1591 721 1641; x_wconf 84' lang='lat' dir='ltr'>exorata</span> <span class='ocrx_word' id='word_1_176' title='bbox 741 1587 968 1657; x_wconf 90' lang='lat' dir='ltr'>pietatis</span> <span class='ocrx_word' id='word_1_177' title='bbox 993 1590 1191 1642; x_wconf 88' lang='lat' dir='ltr'>vestra</span> <span class='ocrx_word' id='word_1_178' title='bbox 1217 1587 1380 1642; x_wconf 86' lang='lat' dir='ltr'>venia</span> <span class='ocrx_word' id='word_1_179' title='bbox 1405 1587 1671 1655; x_wconf 81' lang='lat' dir='ltr'>dixerim,</span> <span class='ocrx_word' id='word_1_180' title='bbox 1715 1587 1968 1659; x_wconf 89' lang='lat' dir='ltr'>quodam</span> <span class='ocrx_word' id='word_1_181' title='bbox 1994 1603 2126 1642; x_wconf 91' lang='lat' dir='ltr'>con-</span> <span class='ocrx_word' id='word_1_182' title='bbox 2230 1583 2402 1655; x_wconf 85' lang='lat' dir='ltr'>nigne</span> <span class='ocrx_word' id='word_1_183' title='bbox 2436 1583 2638 1654; x_wconf 87' lang='lat' dir='ltr'>parcit,</span> <span class='ocrx_word' id='word_1_184' title='bbox 2670 1583 2904 1655; x_wconf 78' lang='lat' dir='ltr'>segnior</span> <span class='ocrx_word' id='word_1_185' title='bbox 2927 1582 3232 1637; x_wconf 88' lang='lat' dir='ltr'>invenitur.</span> <span class='ocrx_word' id='word_1_186' title='bbox 3270 1582 3591 1653; x_wconf 89' lang='lat' dir='ltr'>Dignamini</span> <span class='ocrx_word' id='word_1_187' title='bbox 3617 1599 3721 1653; x_wconf 92' lang='lat' dir='ltr'>pro</span> <span class='ocrx_word' id='word_1_188' title='bbox 3746 1582 3862 1637; x_wconf 87' lang='lat' dir='ltr'>ﬁde</span> 
     </span>
    </p>
   </div>
   <div class='ocr_carea' id='block_1_16' title="bbox 497 1675 3864 1750">
    <p class='ocr_par' dir='ltr' id='par_1_16' title="bbox 497 1675 3864 1750">
     <span class='ocr_line' id='line_1_16' title="bbox 497 1675 3864 1750; baseline -0.001 -18"><span class='ocrx_word' id='word_1_189' title='bbox 497 1678 652 1749; x_wconf 86' lang='lat' dir='ltr'>tagio</span> <span class='ocrx_word' id='word_1_190' title='bbox 690 1680 1055 1750; x_wconf 88' lang='lat' dir='ltr'>splendorem</span> <span class='ocrx_word' id='word_1_191' title='bbox 1088 1684 1289 1735; x_wconf 82' lang='lat' dir='ltr'>vestrae</span> <span class='ocrx_word' id='word_1_192' title='bbox 1316 1681 1638 1736; x_wconf 87' lang='lat' dir='ltr'>serenitatis</span> <span class='ocrx_word' id='word_1_193' title='bbox 1664 1680 1964 1748; x_wconf 77' lang='lat' dir='ltr'>offuscant,</span> <span class='ocrx_word' id='word_1_194' title='bbox 1996 1697 2128 1735; x_wconf 90' lang='lat' dir='ltr'>cum</span> <span class='ocrx_word' id='word_1_195' title='bbox 2229 1681 2413 1732; x_wconf 90' lang='lat' dir='ltr'>vestra</span> <span class='ocrx_word' id='word_1_196' title='bbox 2439 1677 2614 1731; x_wconf 88' lang='lat' dir='ltr'>etiam</span> <span class='ocrx_word' id='word_1_197' title='bbox 2643 1676 2902 1731; x_wconf 88' lang='lat' dir='ltr'>Ecclesia</span> <span class='ocrx_word' id='word_1_198' title='bbox 2922 1676 3090 1730; x_wconf 91' lang='lat' dir='ltr'>istam</span> <span class='ocrx_word' id='word_1_199' title='bbox 3109 1681 3379 1747; x_wconf 88' lang='lat' dir='ltr'>prastare</span> <span class='ocrx_word' id='word_1_200' title='bbox 3399 1675 3773 1745; x_wconf 87' lang='lat' dir='ltr'>medicinam,</span> <span class='ocrx_word' id='word_1_201' title='bbox 3796 1681 3864 1730; x_wconf 90' lang='lat' dir='ltr'>ut</span> 
     </span>
    </p>
   </div>
   <div class='ocr_carea' id='block_1_17' title="bbox 497 1769 3862 1846">
    <p class='ocr_par' dir='ltr' id='par_1_17' title="bbox 497 1769 3862 1846">
     <span class='ocr_line' id='line_1_17' title="bbox 497 1769 3862 1846; baseline -0 -21"><span class='ocrx_word' id='word_1_202' title='bbox 497 1772 761 1843; x_wconf 76' lang='lat' dir='ltr'>sacrilegi</span> <span class='ocrx_word' id='word_1_203' title='bbox 802 1772 1100 1844; x_wconf 87' lang='lat' dir='ltr'>parricida</span> <span class='ocrx_word' id='word_1_204' title='bbox 1130 1773 1187 1828; x_wconf 89' lang='lat' dir='ltr'>id</span> <span class='ocrx_word' id='word_1_205' title='bbox 1211 1774 1462 1829; x_wconf 86' lang='lat' dir='ltr'>audeant</span> <span class='ocrx_word' id='word_1_206' title='bbox 1498 1777 1708 1845; x_wconf 89' lang='lat' dir='ltr'>petere,</span> <span class='ocrx_word' id='word_1_207' title='bbox 1735 1774 1888 1846; x_wconf 90' lang='lat' dir='ltr'>quod</span> <span class='ocrx_word' id='word_1_208' title='bbox 1916 1790 2019 1830; x_wconf 91' lang='lat' dir='ltr'>nec</span> <span class='ocrx_word' id='word_1_209' title='bbox 2048 1774 2129 1829; x_wconf 89' lang='lat' dir='ltr'>in-</span> <span class='ocrx_word' id='word_1_210' title='bbox 2147 1843 2184 1846; x_wconf 94' lang='lat'><em>_</em></span> <span class='ocrx_word' id='word_1_211' title='bbox 2227 1770 2370 1825; x_wconf 89' lang='lat' dir='ltr'>tales</span> <span class='ocrx_word' id='word_1_212' title='bbox 2394 1787 2513 1825; x_wconf 92' lang='lat' dir='ltr'>non</span> <span class='ocrx_word' id='word_1_213' title='bbox 2536 1770 2722 1825; x_wconf 90' lang='lat' dir='ltr'>solum</span> <span class='ocrx_word' id='word_1_214' title='bbox 2750 1769 2821 1823; x_wconf 90' lang='lat' dir='ltr'>ab</span> <span class='ocrx_word' id='word_1_215' title='bbox 2847 1769 3049 1824; x_wconf 91' lang='lat' dir='ltr'>ordine</span> <span class='ocrx_word' id='word_1_216' title='bbox 3075 1769 3392 1837; x_wconf 89' lang='lat' dir='ltr'>clericatus,</span> <span class='ocrx_word' id='word_1_217' title='bbox 3436 1770 3537 1825; x_wconf 91' lang='lat' dir='ltr'>sed</span> <span class='ocrx_word' id='word_1_218' title='bbox 3574 1769 3752 1824; x_wconf 90' lang='lat' dir='ltr'>etiam</span> <span class='ocrx_word' id='word_1_219' title='bbox 3790 1770 3862 1824; x_wconf 88' lang='lat' dir='ltr'>ab</span> 
     </span>
    </p>
   </div>
   <div class='ocr_carea' id='block_1_18' title="bbox 498 1843 3863 1939">
    <p class='ocr_par' dir='ltr' id='par_1_18' title="bbox 498 1843 3863 1939">
     <span class='ocr_line' id='line_1_18' title="bbox 498 1843 3863 1939; baseline 0 -21"><span class='ocrx_word' id='word_1_220' title='bbox 498 1868 768 1921; x_wconf 89' lang='lat' dir='ltr'>nocentes</span> <span class='ocrx_word' id='word_1_221' title='bbox 797 1843 961 1921; x_wconf 81' lang='lat' dir='ltr'>liceat</span> <span class='ocrx_word' id='word_1_222' title='bbox 994 1866 1270 1922; x_wconf 86' lang='lat' dir='ltr'>obtinere.</span> <span class='ocrx_word' id='word_1_223' title='bbox 1305 1843 1519 1922; x_wconf 82' lang='lat' dir='ltr'>Oblata</span> <span class='ocrx_word' id='word_1_224' title='bbox 1550 1871 1683 1922; x_wconf 90' lang='lat' dir='ltr'>sunt</span> <span class='ocrx_word' id='word_1_225' title='bbox 1710 1843 1903 1939; x_wconf 78' lang='lat' dir='ltr'>pietati</span> <span class='ocrx_word' id='word_1_226' title='bbox 1922 1871 2125 1923; x_wconf 85' lang='lat' dir='ltr'>vestra</span> <span class='ocrx_word' id='word_1_227' title='bbox 2146 1843 2203 1916; x_wconf 84' lang='lat' dir='ltr'><strong>B</strong></span> <span class='ocrx_word' id='word_1_228' title='bbox 2228 1864 2384 1919; x_wconf 90' lang='lat' dir='ltr'>urbis</span> <span class='ocrx_word' id='word_1_229' title='bbox 2409 1864 2756 1919; x_wconf 87' lang='lat' dir='ltr'>habitatione</span> <span class='ocrx_word' id='word_1_230' title='bbox 2790 1864 3098 1935; x_wconf 87' lang='lat' dir='ltr'>pellantur,</span> <span class='ocrx_word' id='word_1_231' title='bbox 3134 1880 3207 1919; x_wconf 91' lang='lat' dir='ltr'>ne</span> <span class='ocrx_word' id='word_1_232' title='bbox 3230 1863 3466 1919; x_wconf 88' lang='lat' dir='ltr'>ulterius</span> <span class='ocrx_word' id='word_1_233' title='bbox 3501 1868 3729 1918; x_wconf 87' lang='lat' dir='ltr'>sanctus</span> <span class='ocrx_word' id='word_1_234' title='bbox 3757 1864 3863 1919; x_wconf 89' lang='lat' dir='ltr'>Dei</span> 
     </span>
    </p>
   </div>
   <div class='ocr_carea' id='block_1_19' title="bbox 498 1957 3859 2031">
    <p class='ocr_par' dir='ltr' id='par_1_19' title="bbox 498 1957 3859 2031">
     <span class='ocr_line' id='line_1_19' title="bbox 498 1957 3859 2031; baseline -0 -19"><span class='ocrx_word' id='word_1_235' title='bbox 498 1973 709 2028; x_wconf 90' lang='lat' dir='ltr'>preces,</span> <span class='ocrx_word' id='word_1_236' title='bbox 738 1975 980 2030; x_wconf 90' lang='lat' dir='ltr'>quarum</span> <span class='ocrx_word' id='word_1_237' title='bbox 1011 1960 1278 2031; x_wconf 84' lang='lat' dir='ltr'>exempla</span> <span class='ocrx_word' id='word_1_238' title='bbox 1307 1960 1504 2015; x_wconf 88' lang='lat' dir='ltr'>vestris</span> <span class='ocrx_word' id='word_1_239' title='bbox 1546 1960 1747 2015; x_wconf 89' lang='lat' dir='ltr'>litteris</span> <span class='ocrx_word' id='word_1_240' title='bbox 1777 1960 2122 2027; x_wconf 88' lang='lat' dir='ltr'>subdidistis,</span> <span class='ocrx_word' id='word_1_241' title='bbox 2226 1960 2467 2030; x_wconf 90' lang='lat' dir='ltr'>populus</span> <span class='ocrx_word' id='word_1_242' title='bbox 2486 1973 2883 2029; x_wconf 87' lang='lat' dir='ltr'>perversorum</span> <span class='ocrx_word' id='word_1_243' title='bbox 2915 1957 3218 2013; x_wconf 88' lang='lat' dir='ltr'>hominum</span> <span class='ocrx_word' id='word_1_244' title='bbox 3250 1957 3512 2028; x_wconf 86' lang='lat' dir='ltr'>contagio</span> <span class='ocrx_word' id='word_1_245' title='bbox 3540 1957 3859 2028; x_wconf 88' lang='lat' dir='ltr'>polluatur.</span> 
     </span>
    </p>
   </div>
   <div class='ocr_carea' id='block_1_20' title="bbox 493 2050 3864 2124">
    <p class='ocr_par' dir='ltr' id='par_1_20' title="bbox 493 2050 3864 2124">
     <span class='ocr_line' id='line_1_20' title="bbox 493 2050 3864 2124; baseline 0 -19"><span class='ocrx_word' id='word_1_246' title='bbox 493 2051 588 2106; x_wconf 89' lang='lat' dir='ltr'>sed</span> <span class='ocrx_word' id='word_1_247' title='bbox 615 2052 672 2106; x_wconf 93' lang='lat' dir='ltr'>in</span> <span class='ocrx_word' id='word_1_248' title='bbox 699 2051 787 2106; x_wconf 89' lang='lat' dir='ltr'>his</span> <span class='ocrx_word' id='word_1_249' title='bbox 807 2068 934 2124; x_wconf 90' lang='lat' dir='ltr'>qua</span> <span class='ocrx_word' id='word_1_250' title='bbox 961 2053 1377 2108; x_wconf 88' lang='lat' dir='ltr'>catholicorum</span> <span class='ocrx_word' id='word_1_251' title='bbox 1399 2059 1531 2108; x_wconf 90' lang='lat' dir='ltr'>sunt</span> <span class='ocrx_word' id='word_1_252' title='bbox 1551 2053 1977 2124; x_wconf 85' lang='lat' dir='ltr'>deplorantium</span> <span class='ocrx_word' id='word_1_253' title='bbox 1995 2053 2123 2108; x_wconf 88' lang='lat' dir='ltr'>sub—</span> <span class='ocrx_word' id='word_1_254' title='bbox 2226 2053 2480 2107; x_wconf 87' lang='lat' dir='ltr'>Cultores</span> <span class='ocrx_word' id='word_1_255' title='bbox 2510 2056 2701 2106; x_wconf 86' lang='lat' dir='ltr'>autem</span> <span class='ocrx_word' id='word_1_256' title='bbox 2733 2051 2954 2122; x_wconf 87' lang='lat' dir='ltr'>pietatis</span> <span class='ocrx_word' id='word_1_257' title='bbox 2980 2056 3094 2106; x_wconf 88' lang='lat' dir='ltr'>tua</span> <span class='ocrx_word' id='word_1_258' title='bbox 3120 2050 3406 2105; x_wconf 74' lang='lat' dir='ltr'>lulianum</span> <span class='ocrx_word' id='word_1_259' title='bbox 3442 2050 3777 2122; x_wconf 88' lang='lat' dir='ltr'>episcopum</span> <span class='ocrx_word' id='word_1_260' title='bbox 3805 2054 3864 2106; x_wconf 87' lang='lat' dir='ltr'>et</span> 
     </span>
    </p>
   </div>
   <div class='ocr_carea' id='block_1_21' title="bbox 493 2144 3866 2219">
    <p class='ocr_par' dir='ltr' id='par_1_21' title="bbox 493 2144 3866 2219">
     <span class='ocr_line' id='line_1_21' title="bbox 493 2144 3866 2219; baseline 0 -21"><span class='ocrx_word' id='word_1_261' title='bbox 493 2144 725 2215; x_wconf 88' lang='lat' dir='ltr'>scriptio</span> <span class='ocrx_word' id='word_1_262' title='bbox 759 2146 1103 2215; x_wconf 88' lang='lat' dir='ltr'>continetur,</span> <span class='ocrx_word' id='word_1_263' title='bbox 1136 2152 1192 2202; x_wconf 91' lang='lat' dir='ltr'>et</span> <span class='ocrx_word' id='word_1_264' title='bbox 1220 2147 1354 2218; x_wconf 84' lang='lat' dir='ltr'>quia</span> <span class='ocrx_word' id='word_1_265' title='bbox 1378 2164 1545 2201; x_wconf 90' lang='lat' dir='ltr'>causa</span> <span class='ocrx_word' id='word_1_266' title='bbox 1576 2146 1887 2219; x_wconf 88' lang='lat' dir='ltr'>probabilis</span> <span class='ocrx_word' id='word_1_267' title='bbox 1920 2152 2024 2217; x_wconf 90' lang='lat' dir='ltr'>est,</span> <span class='ocrx_word' id='word_1_268' title='bbox 2054 2148 2122 2201; x_wconf 75' lang='grc' dir='ltr'>ἢ·</span> <span class='ocrx_word' id='word_1_269' title='bbox 2226 2145 2547 2201; x_wconf 89' lang='lat' dir='ltr'>Eutichium</span> <span class='ocrx_word' id='word_1_270' title='bbox 2566 2144 2963 2217; x_wconf 86' lang='lat' dir='ltr'>presbyterum</span> <span class='ocrx_word' id='word_1_271' title='bbox 2978 2161 3106 2199; x_wconf 89' lang='lat' dir='ltr'>mea</span> <span class='ocrx_word' id='word_1_272' title='bbox 3121 2144 3393 2216; x_wconf 89' lang='lat' dir='ltr'>petitione</span> <span class='ocrx_word' id='word_1_273' title='bbox 3410 2145 3866 2210; x_wconf 87' lang='lat' dir='ltr'>commendo,ut</span> 
     </span>
    </p>
   </div>
   <div class='ocr_carea' id='block_1_22' title="bbox 495 2237 3864 2311">
    <p class='ocr_par' dir='ltr' id='par_1_22' title="bbox 495 2237 3864 2311">
     <span class='ocr_line' id='line_1_22' title="bbox 495 2237 3864 2311; baseline 0 -19"><span class='ocrx_word' id='word_1_274' title='bbox 495 2237 797 2294; x_wconf 88' lang='lat' dir='ltr'>ducialiter</span> <span class='ocrx_word' id='word_1_275' title='bbox 818 2239 1059 2311; x_wconf 86' lang='lat' dir='ltr'>nomina</span> <span class='ocrx_word' id='word_1_276' title='bbox 1088 2240 1465 2311; x_wconf 89' lang='lat' dir='ltr'>singulorum,</span> <span class='ocrx_word' id='word_1_277' title='bbox 1495 2246 1551 2295; x_wconf 91' lang='lat' dir='ltr'>et</span> <span class='ocrx_word' id='word_1_278' title='bbox 1572 2240 1822 2311; x_wconf 80' lang='lat' dir='ltr'>dignitas</span> <span class='ocrx_word' id='word_1_279' title='bbox 1843 2241 1928 2295; x_wconf 92' lang='lat' dir='ltr'>sui</span> <span class='ocrx_word' id='word_1_280' title='bbox 1952 2241 2125 2296; x_wconf 84' lang='lat' dir='ltr'>hono-</span> <span class='ocrx_word' id='word_1_281' title='bbox 2226 2238 2617 2310; x_wconf 86' lang='lat' dir='ltr'>suggestiones</span> <span class='ocrx_word' id='word_1_282' title='bbox 2653 2254 2852 2293; x_wconf 90' lang='lat' dir='ltr'>eorum</span> <span class='ocrx_word' id='word_1_283' title='bbox 2893 2254 2998 2311; x_wconf 92' lang='lat' dir='ltr'>pro</span> <span class='ocrx_word' id='word_1_284' title='bbox 3029 2238 3317 2293; x_wconf 87' lang='lat' dir='ltr'>catholica</span> <span class='ocrx_word' id='word_1_285' title='bbox 3353 2237 3688 2293; x_wconf 89' lang='lat' dir='ltr'>defensione</span> <span class='ocrx_word' id='word_1_286' title='bbox 3725 2238 3864 2293; x_wconf 86' lang='lat' dir='ltr'>ﬁdei</span> 
     </span>
    </p>
   </div>
   <div class='ocr_carea' id='block_1_23' title="bbox 498 2307 3865 2425">
    <p class='ocr_par' dir='ltr' id='par_1_23' title="bbox 498 2307 3865 2425">
     <span class='ocr_line' id='line_1_23' title="bbox 498 2307 3865 2425; baseline 0 -40"><span class='ocrx_word' id='word_1_287' title='bbox 498 2331 574 2385; x_wconf 87' lang='lat' dir='ltr'>ris</span> <span class='ocrx_word' id='word_1_288' title='bbox 606 2307 900 2425; x_wconf 58' lang='lat' dir='ltr'>aperitur.‘</span> <span class='ocrx_word' id='word_1_289' title='bbox 919 2334 975 2387; x_wconf 93' lang='lat' dir='ltr'>In</span> <span class='ocrx_word' id='word_1_290' title='bbox 1003 2332 1114 2387; x_wconf 86' lang='lat' dir='ltr'>illis</span> <span class='ocrx_word' id='word_1_291' title='bbox 1146 2307 1337 2388; x_wconf 77' lang='lat' dir='ltr'>autem</span> <span class='ocrx_word' id='word_1_292' title='bbox 1366 2307 1509 2405; x_wconf 86' lang='lat' dir='ltr'>quas</span> <span class='ocrx_word' id='word_1_293' title='bbox 1541 2307 1855 2389; x_wconf 81' lang='lat' dir='ltr'>orthodoxo</span> <span class='ocrx_word' id='word_1_294' title='bbox 1884 2335 2124 2406; x_wconf 88' lang='lat' dir='ltr'>principi</span> <span class='ocrx_word' id='word_1_295' title='bbox 2224 2307 2447 2403; x_wconf 74' lang='lat' dir='ltr'>placide</span> <span class='ocrx_word' id='word_1_296' title='bbox 2469 2332 2720 2403; x_wconf 88' lang='lat' dir='ltr'>digneris</span> <span class='ocrx_word' id='word_1_297' title='bbox 2749 2307 2968 2400; x_wconf 76' lang='lat' dir='ltr'>audire,</span> <span class='ocrx_word' id='word_1_298' title='bbox 2992 2331 3126 2403; x_wconf 90' lang='lat' dir='ltr'>quia</span> <span class='ocrx_word' id='word_1_299' title='bbox 3147 2348 3276 2385; x_wconf 88' lang='lat' dir='ltr'>vere</span> <span class='ocrx_word' id='word_1_300' title='bbox 3304 2335 3438 2386; x_wconf 87' lang='lat' dir='ltr'>sunt</span> <span class='ocrx_word' id='word_1_301' title='bbox 3462 2331 3774 2402; x_wconf 89' lang='lat' dir='ltr'>ejusmodi,</span> <span class='ocrx_word' id='word_1_302' title='bbox 3796 2336 3865 2387; x_wconf 89' lang='lat' dir='ltr'>ut</span> 
     </span>
    </p>
   </div>
   <div class='ocr_carea' id='block_1_24' title="bbox 496 2424 3868 2498">
    <p class='ocr_par' dir='ltr' id='par_1_24' title="bbox 496 2424 3868 2498">
     <span class='ocr_line' id='line_1_24' title="bbox 496 2424 3868 2498; baseline -0 -19"><span class='ocrx_word' id='word_1_303' title='bbox 496 2425 762 2480; x_wconf 88' lang='lat' dir='ltr'>haretica</span> <span class='ocrx_word' id='word_1_304' title='bbox 803 2427 1101 2498; x_wconf 87' lang='lat' dir='ltr'>porrigere</span> <span class='ocrx_word' id='word_1_305' title='bbox 1150 2443 1268 2481; x_wconf 93' lang='lat' dir='ltr'>non</span> <span class='ocrx_word' id='word_1_306' title='bbox 1320 2427 1652 2482; x_wconf 88' lang='lat' dir='ltr'>formidavit</span> <span class='ocrx_word' id='word_1_307' title='bbox 1691 2427 1963 2498; x_wconf 90' lang='lat' dir='ltr'>obreptio,</span> <span class='ocrx_word' id='word_1_308' title='bbox 2021 2428 2124 2482; x_wconf 88' lang='lat' dir='ltr'>sub</span> <span class='ocrx_word' id='word_1_309' title='bbox 2224 2425 2355 2480; x_wconf 85' lang='lat' dir='ltr'>ﬁdei</span> <span class='ocrx_word' id='word_1_310' title='bbox 2378 2429 2578 2480; x_wconf 89' lang='lat' dir='ltr'>vestra</span> <span class='ocrx_word' id='word_1_311' title='bbox 2606 2425 2821 2496; x_wconf 87' lang='lat' dir='ltr'>possint</span> <span class='ocrx_word' id='word_1_312' title='bbox 2849 2441 2954 2496; x_wconf 92' lang='lat' dir='ltr'>per</span> <span class='ocrx_word' id='word_1_313' title='bbox 2976 2424 3174 2479; x_wconf 88' lang='lat' dir='ltr'>omnia</span> <span class='ocrx_word' id='word_1_314' title='bbox 3202 2424 3371 2479; x_wconf 90' lang='lat' dir='ltr'>utiles</span> <span class='ocrx_word' id='word_1_315' title='bbox 3414 2424 3677 2480; x_wconf 84' lang='lat' dir='ltr'>inveniri.</span> <span class='ocrx_word' id='word_1_316' title='bbox 3718 2426 3868 2480; x_wconf 88' lang='lat' dir='ltr'>Data</span> 
     </span>
    </p>
   </div>
   <div class='ocr_carea' id='block_1_25' title="bbox 490 2517 3862 2590">
    <p class='ocr_par' dir='ltr' id='par_1_25' title="bbox 490 2517 3862 2590">
     <span class='ocr_line' id='line_1_25' title="bbox 490 2517 3862 2590; baseline 0 -19"><span class='ocrx_word' id='word_1_317' title='bbox 490 2518 712 2573; x_wconf 87' lang='lat' dir='ltr'>incerto</span> <span class='ocrx_word' id='word_1_318' title='bbox 743 2519 996 2573; x_wconf 84' lang='lat' dir='ltr'>confusa</span> <span class='ocrx_word' id='word_1_319' title='bbox 1028 2519 1263 2575; x_wconf 87' lang='lat' dir='ltr'>unitatis</span> <span class='ocrx_word' id='word_1_320' title='bbox 1291 2521 1576 2590; x_wconf 91' lang='lat' dir='ltr'>vocabulo,</span> <span class='ocrx_word' id='word_1_321' title='bbox 1610 2520 1742 2576; x_wconf 93' lang='lat' dir='ltr'>ideo</span> <span class='ocrx_word' id='word_1_322' title='bbox 1770 2526 1987 2577; x_wconf 90' lang='lat' dir='ltr'>certum</span> <span class='ocrx_word' id='word_1_323' title='bbox 2015 2538 2122 2576; x_wconf 95' lang='lat' dir='ltr'>no-</span> <span class='ocrx_word' id='word_1_324' title='bbox 2226 2518 2509 2573; x_wconf 87' lang='lat' dir='ltr'>Kalendas</span> <span class='ocrx_word' id='word_1_325' title='bbox 2538 2518 2885 2586; x_wconf 87' lang='lat' dir='ltr'>Novembris,</span> <span class='ocrx_word' id='word_1_326' title='bbox 2913 2519 3283 2574; x_wconf 88' lang='lat' dir='ltr'>Constantino</span> <span class='ocrx_word' id='word_1_327' title='bbox 3323 2520 3382 2572; x_wconf 85' lang='lat' dir='ltr'>et</span> <span class='ocrx_word' id='word_1_328' title='bbox 3407 2518 3552 2574; x_wconf 81' lang='lat' dir='ltr'>Rufo</span> <span class='ocrx_word' id='word_1_329' title='bbox 3579 2517 3713 2573; x_wconf 88' lang='lat' dir='ltr'>viris</span> <span class='ocrx_word' id='word_1_330' title='bbox 3741 2518 3862 2574; x_wconf 90' lang='lat' dir='ltr'>cla-</span> 
     </span>
    </p>
   </div>
   <div class='ocr_carea' id='block_1_26' title="bbox 495 2612 2835 2687">
    <p class='ocr_par' dir='ltr' id='par_1_26' title="bbox 495 2612 2835 2687">
     <span class='ocr_line' id='line_1_26' title="bbox 495 2612 2835 2687; baseline 0.001 -22"><span class='ocrx_word' id='word_1_331' title='bbox 495 2628 628 2666; x_wconf 89' lang='lat' dir='ltr'>men</span> <span class='ocrx_word' id='word_1_332' title='bbox 655 2612 989 2681; x_wconf 87' lang='lat' dir='ltr'>retrahitur,</span> <span class='ocrx_word' id='word_1_333' title='bbox 1012 2630 1086 2668; x_wconf 91' lang='lat' dir='ltr'>ne</span> <span class='ocrx_word' id='word_1_334' title='bbox 1109 2630 1227 2669; x_wconf 91' lang='lat' dir='ltr'>non</span> <span class='ocrx_word' id='word_1_335' title='bbox 1244 2615 1427 2669; x_wconf 90' lang='lat' dir='ltr'>solum</span> <span class='ocrx_word' id='word_1_336' title='bbox 1446 2615 1706 2687; x_wconf 87' lang='lat' dir='ltr'>paucitas</span> <span class='ocrx_word' id='word_1_337' title='bbox 1728 2631 2121 2686; x_wconf 87' lang='lat' dir='ltr'>personarum,</span> <span class='ocrx_word' id='word_1_338' title='bbox 2227 2612 2458 2667; x_wconf 89' lang='lat' dir='ltr'>rissimis</span> <span class='ocrx_word' id='word_1_339' title='bbox 2487 2612 2835 2667; x_wconf 84' lang='lat' dir='ltr'>consulibus.</span> 
     </span>
    </p>
   </div>
   <div class='ocr_carea' id='block_1_27' title="bbox 492 2705 3576 2778">
    <p class='ocr_par' dir='ltr' id='par_1_27' title="bbox 492 2705 3576 2778">
     <span class='ocr_line' id='line_1_27' title="bbox 492 2705 3576 2778; baseline 0.001 -19"><span class='ocrx_word' id='word_1_340' title='bbox 492 2705 592 2759; x_wconf 89' lang='lat' dir='ltr'>sed</span> <span class='ocrx_word' id='word_1_341' title='bbox 623 2705 798 2760; x_wconf 88' lang='lat' dir='ltr'>etiam</span> <span class='ocrx_word' id='word_1_342' title='bbox 820 2707 1089 2762; x_wconf 90' lang='lat' dir='ltr'>meritum</span> <span class='ocrx_word' id='word_1_343' title='bbox 1117 2708 1438 2778; x_wconf 87' lang='lat' dir='ltr'>detegatur.</span> <span class='ocrx_word' id='word_1_344' title='bbox 1458 2709 1655 2763; x_wconf 87' lang='lat' dir='ltr'>Latere</span> <span class='ocrx_word' id='word_1_345' title='bbox 1677 2708 1832 2763; x_wconf 92' lang='lat' dir='ltr'>enim</span> <span class='ocrx_word' id='word_1_346' title='bbox 1858 2708 1965 2762; x_wconf 89' lang='lat' dir='ltr'>sibi</span> <span class='ocrx_word' id='word_1_347' title='bbox 1983 2708 2123 2763; x_wconf 91' lang='lat' dir='ltr'>utile</span> <span class='ocrx_word' id='word_1_348' title='bbox 2493 2707 2642 2761; x_wconf 82' lang='lat' dir='ltr'>XCV.</span> <span class='ocrx_word' id='word_1_349' title='bbox 2677 2737 2745 2745; x_wconf 91' lang='lat'><strong>—</strong></span> <span class='ocrx_word' id='word_1_350' title='bbox 2771 2707 2864 2761; x_wconf 84' lang='lat' dir='ltr'>Ad</span> <span class='ocrx_word' id='word_1_351' title='bbox 2887 2708 3228 2761; x_wconf 78' lang='lat' dir='ltr'>Pulcheriam</span> <span class='ocrx_word' id='word_1_352' title='bbox 3252 2708 3576 2776; x_wconf 82' lang='lat' dir='ltr'>Augustam.</span> 
     </span>
    </p>
   </div>
   <div class='ocr_carea' id='block_1_28' title="bbox 494 2798 3863 2872">
    <p class='ocr_par' dir='ltr' id='par_1_28' title="bbox 494 2798 3863 2872">
     <span class='ocr_line' id='line_1_28' title="bbox 494 2798 3863 2872; baseline 0.002 -21"><span class='ocrx_word' id='word_1_353' title='bbox 494 2798 737 2852; x_wconf 86' lang='lat' dir='ltr'>astimat</span> <span class='ocrx_word' id='word_1_354' title='bbox 766 2815 967 2855; x_wconf 87' lang='lat' dir='ltr'>eorum</span> <span class='ocrx_word' id='word_1_355' title='bbox 1007 2800 1314 2870; x_wconf 87' lang='lat' dir='ltr'>quantitas,</span> <span class='ocrx_word' id='word_1_356' title='bbox 1351 2818 1595 2872; x_wconf 90' lang='lat' dir='ltr'>quorum</span> <span class='ocrx_word' id='word_1_357' title='bbox 1635 2806 1720 2856; x_wconf 89' lang='lat' dir='ltr'>est</span> <span class='ocrx_word' id='word_1_358' title='bbox 1760 2801 1999 2872; x_wconf 88' lang='lat' dir='ltr'>qualitas</span> <span class='ocrx_word' id='word_1_359' title='bbox 2022 2801 2121 2872; x_wconf 89' lang='lat' dir='ltr'>ju-</span> <span class='ocrx_word' id='word_1_360' title='bbox 2297 2798 2492 2872; x_wconf 83' lang='grc'>228</span> <span class='ocrx_word' id='word_1_361' title='bbox 2505 2800 2793 2864; x_wconf 87' lang='lat' dir='ltr'>Quantum</span> <span class='ocrx_word' id='word_1_362' title='bbox 2812 2799 3154 2854; x_wconf 83' lang='lat' dir='ltr'>sibiﬁducia</span> <span class='ocrx_word' id='word_1_363' title='bbox 3172 2800 3243 2854; x_wconf 90' lang='lat' dir='ltr'>de</span> <span class='ocrx_word' id='word_1_364' title='bbox 3260 2800 3371 2855; x_wconf 85' lang='lat' dir='ltr'>fide</span> <span class='ocrx_word' id='word_1_365' title='bbox 3391 2802 3593 2855; x_wconf 88' lang='lat' dir='ltr'>vestra</span> <span class='ocrx_word' id='word_1_366' title='bbox 3609 2800 3863 2857; x_wconf 89' lang='lat' dir='ltr'>clemen-</span> 
     </span>
    </p>
   </div>
   <div class='ocr_carea' id='block_1_29' title="bbox 493 2891 3865 2965">
    <p class='ocr_par' dir='ltr' id='par_1_29' title="bbox 493 2891 3865 2965">
     <span class='ocr_line' id='line_1_29' title="bbox 493 2891 3865 2965; baseline 0.001 -19"><span class='ocrx_word' id='word_1_367' title='bbox 493 2891 698 2959; x_wconf 89' lang='lat' dir='ltr'>dicata,</span> <span class='ocrx_word' id='word_1_368' title='bbox 735 2908 837 2946; x_wconf 90' lang='lat' dir='ltr'>nec</span> <span class='ocrx_word' id='word_1_369' title='bbox 853 2892 1165 2963; x_wconf 88' lang='lat' dir='ltr'>incongrue</span> <span class='ocrx_word' id='word_1_370' title='bbox 1193 2894 1353 2965; x_wconf 89' lang='lat' dir='ltr'>cujus</span> <span class='ocrx_word' id='word_1_371' title='bbox 1380 2894 1489 2949; x_wconf 91' lang='lat' dir='ltr'>loci</span> <span class='ocrx_word' id='word_1_372' title='bbox 1516 2895 1780 2949; x_wconf 83' lang='lat' dir='ltr'>homines</span> <span class='ocrx_word' id='word_1_373' title='bbox 1811 2900 1960 2961; x_wconf 89' lang='lat' dir='ltr'>sunt,</span> <span class='ocrx_word' id='word_1_374' title='bbox 1988 2911 2121 2965; x_wconf 86' lang='lat' dir='ltr'>pro—</span> <span class='ocrx_word' id='word_1_375' title='bbox 2221 2893 2315 2948; x_wconf 87' lang='lat' dir='ltr'>tia</span> <span class='ocrx_word' id='word_1_376' title='bbox 2342 2892 2583 2948; x_wconf 89' lang='lat' dir='ltr'>Ecclesia</span> <span class='ocrx_word' id='word_1_377' title='bbox 2610 2893 2708 2948; x_wconf 90' lang='lat' dir='ltr'>Dei</span> <span class='ocrx_word' id='word_1_378' title='bbox 2738 2893 2943 2948; x_wconf 88' lang='lat' dir='ltr'>debeat</span> <span class='ocrx_word' id='word_1_379' title='bbox 2963 2893 3242 2965; x_wconf 88' lang='lat' dir='ltr'>polliceri,</span> <span class='ocrx_word' id='word_1_380' title='bbox 3274 2894 3467 2949; x_wconf 91' lang='lat' dir='ltr'>multis</span> <span class='ocrx_word' id='word_1_381' title='bbox 3492 2893 3865 2965; x_wconf 84' lang='lat' dir='ltr'>probavimus</span> 
     </span>
    </p>
   </div>
   <div class='ocr_carea' id='block_1_30' title="bbox 494 2984 3863 3059">
    <p class='ocr_par' dir='ltr' id='par_1_30' title="bbox 494 2984 3863 3059">
     <span class='ocr_line' id='line_1_30' title="bbox 494 2984 3863 3059; baseline 0.001 -21"><span class='ocrx_word' id='word_1_382' title='bbox 494 2984 644 3040; x_wconf 81' lang='lat' dir='ltr'>fiteri</span> <span class='ocrx_word' id='word_1_383' title='bbox 671 2987 955 3052; x_wconf 89' lang='lat' dir='ltr'>metuunt,</span> <span class='ocrx_word' id='word_1_384' title='bbox 989 2986 1087 3056; x_wconf 91' lang='lat' dir='ltr'>qui</span> <span class='ocrx_word' id='word_1_385' title='bbox 1117 3003 1379 3041; x_wconf 91' lang='lat' dir='ltr'>meruere</span> <span class='ocrx_word' id='word_1_386' title='bbox 1418 2988 1695 3042; x_wconf 84' lang='lat' dir='ltr'>damnari.</span> <span class='ocrx_word' id='word_1_387' title='bbox 1743 2991 1805 3044; x_wconf 89' lang='lat' dir='ltr'>In</span> <span class='ocrx_word' id='word_1_388' title='bbox 1843 3005 1957 3042; x_wconf 89' lang='lat' dir='ltr'>una</span> <span class='ocrx_word' id='word_1_389' title='bbox 1987 3004 2123 3059; x_wconf 90' lang='lat' dir='ltr'>ergo</span> <span class='ocrx_word' id='word_1_390' title='bbox 2222 3002 2369 3058; x_wconf 88' lang='lat' dir='ltr'>sape</span> <span class='ocrx_word' id='word_1_391' title='bbox 2395 2986 2774 3055; x_wconf 87' lang='lat' dir='ltr'>documentis,</span> <span class='ocrx_word' id='word_1_392' title='bbox 2806 2987 2944 3041; x_wconf 89' lang='lat' dir='ltr'>dum</span> <span class='ocrx_word' id='word_1_393' title='bbox 2969 2986 3116 3041; x_wconf 89' lang='lat' dir='ltr'>sicut</span> <span class='ocrx_word' id='word_1_394' title='bbox 3145 2986 3362 3057; x_wconf 88' lang='lat' dir='ltr'>Spiritu</span> <span class='ocrx_word' id='word_1_395' title='bbox 3386 2992 3582 3041; x_wconf 91' lang='lat' dir='ltr'>sancto</span> <span class='ocrx_word' id='word_1_396' title='bbox 3613 2987 3863 3043; x_wconf 89' lang='lat' dir='ltr'>docente</span> 
     </span>
    </p>
   </div>
   <div class='ocr_carea' id='block_1_31' title="bbox 493 3076 3861 3152">
    <p class='ocr_par' dir='ltr' id='par_1_31' title="bbox 493 3076 3861 3152">
     <span class='ocr_line' id='line_1_31' title="bbox 493 3076 3861 3152; baseline 0.001 -21"><span class='ocrx_word' id='word_1_397' title='bbox 493 3076 908 3132; x_wconf 88' lang='lat' dir='ltr'>catholicorum</span> <span class='ocrx_word' id='word_1_398' title='bbox 935 3078 1349 3149; x_wconf 84' lang='lat' dir='ltr'>supplicatione</span> <span class='ocrx_word' id='word_1_399' title='bbox 1377 3080 1721 3149; x_wconf 82' lang='lat' dir='ltr'>continetur,</span> <span class='ocrx_word' id='word_1_400' title='bbox 1747 3080 1803 3135; x_wconf 89' lang='lat' dir='ltr'>in</span> <span class='ocrx_word' id='word_1_401' title='bbox 1823 3080 1932 3135; x_wconf 90' lang='lat' dir='ltr'>alia</span> <span class='ocrx_word' id='word_1_402' title='bbox 1949 3081 2125 3137; x_wconf 88' lang='lat' dir='ltr'>hare-</span> <span class='ocrx_word' id='word_1_403' title='bbox 2221 3080 2512 3147; x_wconf 90' lang='lat' dir='ltr'>didicistis,</span> <span class='ocrx_word' id='word_1_404' title='bbox 2540 3080 2622 3133; x_wconf 88' lang='lat' dir='ltr'>illi</span> <span class='ocrx_word' id='word_1_405' title='bbox 2653 3097 2755 3151; x_wconf 89' lang='lat' dir='ltr'>per</span> <span class='ocrx_word' id='word_1_406' title='bbox 2779 3081 2973 3134; x_wconf 89' lang='lat' dir='ltr'>omnia</span> <span class='ocrx_word' id='word_1_407' title='bbox 3012 3083 3356 3151; x_wconf 90' lang='lat' dir='ltr'>potestatem</span> <span class='ocrx_word' id='word_1_408' title='bbox 3392 3084 3643 3136; x_wconf 85' lang='lat' dir='ltr'>vestram</span> <span class='ocrx_word' id='word_1_409' title='bbox 3672 3081 3861 3152; x_wconf 91' lang='lat' dir='ltr'>subji-</span> 
     </span>
    </p>
   </div>
   <div class='ocr_carea' id='block_1_32' title="bbox 492 3170 3862 3287">
    <p class='ocr_par' dir='ltr' id='par_1_32' title="bbox 492 3170 3862 3287">
     <span class='ocr_line' id='line_1_32' title="bbox 492 3170 3862 3287; baseline 0.001 -62"><span class='ocrx_word' id='word_1_410' title='bbox 492 3170 735 3226; x_wconf 90' lang='lat' dir='ltr'>ticorum</span> <span class='ocrx_word' id='word_1_411' title='bbox 763 3176 1089 3227; x_wconf 91' lang='lat' dir='ltr'>commenta</span> <span class='ocrx_word' id='word_1_412' title='bbox 1118 3173 1468 3244; x_wconf 90' lang='lat' dir='ltr'>panduntur.</span> <span class='ocrx_word' id='word_1_413' title='bbox 1503 3174 1596 3228; x_wconf 88' lang='lat' dir='ltr'>Hic</span> <span class='ocrx_word' id='word_1_414' title='bbox 1626 3174 1990 3229; x_wconf 88' lang='lat' dir='ltr'>sacerdotum</span> <span class='ocrx_word' id='word_1_415' title='bbox 2017 3176 2123 3229; x_wconf 93' lang='lat' dir='ltr'>Do-</span> <span class='ocrx_word' id='word_1_416' title='bbox 2142 3213 2197 3287; x_wconf 81' lang='lat' dir='ltr'>C</span> <span class='ocrx_word' id='word_1_417' title='bbox 2222 3173 2364 3241; x_wconf 88' lang='lat' dir='ltr'>citis,</span> <span class='ocrx_word' id='word_1_418' title='bbox 2394 3174 2552 3244; x_wconf 87' lang='lat' dir='ltr'>cujus</span> <span class='ocrx_word' id='word_1_419' title='bbox 2596 3190 2833 3228; x_wconf 91' lang='lat' dir='ltr'>munere</span> <span class='ocrx_word' id='word_1_420' title='bbox 2878 3177 2934 3228; x_wconf 90' lang='lat' dir='ltr'>et</span> <span class='ocrx_word' id='word_1_421' title='bbox 2979 3174 3333 3245; x_wconf 90' lang='lat' dir='ltr'>protectione</span> <span class='ocrx_word' id='word_1_422' title='bbox 3372 3176 3639 3245; x_wconf 89' lang='lat' dir='ltr'>regnatis.</span> <span class='ocrx_word' id='word_1_423' title='bbox 3690 3175 3862 3230; x_wconf 88' lang='lat' dir='ltr'>Unde</span> 
     </span>
     <span class='ocr_line' id='line_1_33' title="bbox 493 3262 3815 3287; baseline 0 0"><span class='ocrx_word' id='word_1_424' title='bbox 493 3262 631 3287; x_wconf 53' lang='lat'>“1—:</span> <span class='ocrx_word' id='word_1_425' title='bbox 702 3267 751 3287; x_wconf 76' lang='grc' dir='ltr'>..ι</span> <span class='ocrx_word' id='word_1_426' title='bbox 792 3263 962 3287; x_wconf 62' lang='lat'>1-1.1---</span> <span class='ocrx_word' id='word_1_427' title='bbox 996 3264 1293 3287; x_wconf 63' lang='lat' dir='ltr'>DL...&#39;_AZ__:</span> <span class='ocrx_word' id='word_1_428' title='bbox 1330 3266 1523 3287; x_wconf 50' lang='lat' dir='ltr'>_A_._&#39;l:</span> <span class='ocrx_word' id='word_1_429' title='bbox 1560 3284 1614 3287; x_wconf 90' lang='lat'>__</span> <span class='ocrx_word' id='word_1_430' title='bbox 1646 3284 1697 3287; x_wconf 73' lang='grc'>..-</span> <span class='ocrx_word' id='word_1_431' title='bbox 1720 3267 2113 3287; x_wconf 30' lang='lat' dir='ltr'>A..-nLA_.Z____mA</span> <span class='ocrx_word' id='word_1_432' title='bbox 2233 3267 2345 3287; x_wconf 72' lang='lat'><em>__2_</em></span> <span class='ocrx_word' id='word_1_433' title='bbox 2390 3272 2569 3287; x_wconf 59' lang='lat'>--__1__</span> <span class='ocrx_word' id='word_1_434' title='bbox 2607 3266 2989 3287; x_wconf 48' lang='lat' dir='ltr'>2._A-__:AA1__A</span> <span class='ocrx_word' id='word_1_435' title='bbox 3024 3266 3152 3287; x_wconf 57' lang='lat'>111-2</span> <span class='ocrx_word' id='word_1_436' title='bbox 3184 3268 3455 3287; x_wconf 53' lang='lat' dir='ltr'>nL_:,1!_,_</span> <span class='ocrx_word' id='word_1_437' title='bbox 3474 3284 3508 3287; x_wconf 38' lang='grc' dir='ltr'>μ,</span> <span class='ocrx_word' id='word_1_438' title='bbox 3558 3267 3815 3287; x_wconf 36' lang='grc' dir='ltr'>,ιε-Α-μΑ2ᾼ</span> 
     </span>
    </p>
   </div>
   <div class='ocr_carea' id='block_1_33' title="bbox 492 3262 3860 3338">
    <p class='ocr_par' dir='ltr' id='par_1_33' title="bbox 492 3262 3860 3338">
     <span class='ocr_line' id='line_1_34' title="bbox 492 3262 3860 3338; baseline 0.002 -21"><span class='ocrx_word' id='word_1_439' title='bbox 492 3262 655 3330; x_wconf 90' lang='lat' dir='ltr'>mini,</span> <span class='ocrx_word' id='word_1_440' title='bbox 697 3267 754 3318; x_wconf 90' lang='lat' dir='ltr'>et</span> <span class='ocrx_word' id='word_1_441' title='bbox 792 3263 964 3319; x_wconf 87' lang='lat' dir='ltr'>totius</span> <span class='ocrx_word' id='word_1_442' title='bbox 995 3264 1297 3320; x_wconf 89' lang='lat' dir='ltr'>Christiani</span> <span class='ocrx_word' id='word_1_443' title='bbox 1330 3266 1526 3337; x_wconf 88' lang='lat' dir='ltr'>populi</span> <span class='ocrx_word' id='word_1_444' title='bbox 1555 3284 1619 3321; x_wconf 90' lang='lat' dir='ltr'>ac</span> <span class='ocrx_word' id='word_1_445' title='bbox 1646 3267 2123 3322; x_wconf 77' lang='lat' dir='ltr'>monasteriorum</span> <span class='ocrx_word' id='word_1_446' title='bbox 2145 3262 2197 3287; x_wconf 73' lang='grc' dir='ltr'>υ</span> <span class='ocrx_word' id='word_1_447' title='bbox 2224 3267 2355 3338; x_wconf 90' lang='lat' dir='ltr'>quia</span> <span class='ocrx_word' id='word_1_448' title='bbox 2382 3272 2579 3321; x_wconf 90' lang='lat' dir='ltr'>contra</span> <span class='ocrx_word' id='word_1_449' title='bbox 2606 3266 2998 3338; x_wconf 87' lang='lat' dir='ltr'>integritatem</span> <span class='ocrx_word' id='word_1_450' title='bbox 3024 3266 3157 3322; x_wconf 85' lang='lat' dir='ltr'>ﬁdei</span> <span class='ocrx_word' id='word_1_451' title='bbox 3181 3268 3514 3325; x_wconf 85' lang='lat' dir='ltr'>Christiana</span> <span class='ocrx_word' id='word_1_452' title='bbox 3547 3267 3860 3323; x_wconf 85' lang='lat' dir='ltr'>dissensio-</span> 
     </span>
    </p>
   </div>
   <div class='ocr_carea' id='block_1_34' title="bbox 492 3356 3863 3432">
    <p class='ocr_par' dir='ltr' id='par_1_34' title="bbox 492 3356 3863 3432">
     <span class='ocr_line' id='line_1_35' title="bbox 492 3356 3863 3432; baseline 0.002 -21"><span class='ocrx_word' id='word_1_453' title='bbox 492 3356 736 3412; x_wconf 88' lang='lat' dir='ltr'>deﬂetur</span> <span class='ocrx_word' id='word_1_454' title='bbox 756 3358 994 3422; x_wconf 87' lang='lat' dir='ltr'>eversio,</span> <span class='ocrx_word' id='word_1_455' title='bbox 1016 3357 1096 3412; x_wconf 92' lang='lat' dir='ltr'>ibi</span> <span class='ocrx_word' id='word_1_456' title='bbox 1117 3358 1453 3414; x_wconf 89' lang='lat' dir='ltr'>immanium</span> <span class='ocrx_word' id='word_1_457' title='bbox 1477 3361 1750 3415; x_wconf 87' lang='lat' dir='ltr'>scelerum</span> <span class='ocrx_word' id='word_1_458' title='bbox 1769 3361 2122 3417; x_wconf 89' lang='lat' dir='ltr'>continuatio</span> <span class='ocrx_word' id='word_1_459' title='bbox 2223 3377 2354 3416; x_wconf 89' lang='lat' dir='ltr'>nem</span> <span class='ocrx_word' id='word_1_460' title='bbox 2406 3359 2718 3431; x_wconf 90' lang='lat' dir='ltr'>quamdam</span> <span class='ocrx_word' id='word_1_461' title='bbox 2777 3361 3408 3432; x_wconf 88' lang='lat' dir='ltr'>Constantinopolitana</span> <span class='ocrx_word' id='word_1_462' title='bbox 3461 3361 3704 3417; x_wconf 87' lang='lat' dir='ltr'>Ecclesia</span> <span class='ocrx_word' id='word_1_463' title='bbox 3753 3364 3863 3417; x_wconf 80' lang='lat' dir='ltr'>Eu-</span> 
     </span>
    </p>
   </div>
   <div class='ocr_carea' id='block_1_35' title="bbox 492 3451 3857 3527">
    <p class='ocr_par' dir='ltr' id='par_1_35' title="bbox 492 3451 3857 3527">
     <span class='ocr_line' id='line_1_36' title="bbox 492 3451 3857 3527; baseline 0.002 -22"><span class='ocrx_word' id='word_1_464' title='bbox 492 3451 938 3521; x_wconf 89' lang='lat' dir='ltr'>demonstratur,</span> <span class='ocrx_word' id='word_1_465' title='bbox 960 3457 1027 3507; x_wconf 90' lang='lat' dir='ltr'>ut</span> <span class='ocrx_word' id='word_1_466' title='bbox 1054 3452 1210 3524; x_wconf 92' lang='lat' dir='ltr'>quod</span> <span class='ocrx_word' id='word_1_467' title='bbox 1239 3471 1351 3509; x_wconf 92' lang='lat' dir='ltr'>non</span> <span class='ocrx_word' id='word_1_468' title='bbox 1373 3453 1532 3509; x_wconf 89' lang='lat' dir='ltr'>licuit</span> <span class='ocrx_word' id='word_1_469' title='bbox 1557 3454 1763 3523; x_wconf 88' lang='lat' dir='ltr'>audiri,</span> <span class='ocrx_word' id='word_1_470' title='bbox 1788 3454 1954 3509; x_wconf 90' lang='lat' dir='ltr'>liceat</span> <span class='ocrx_word' id='word_1_471' title='bbox 1978 3454 2117 3509; x_wconf 90' lang='lat' dir='ltr'>dila-</span> <span class='ocrx_word' id='word_1_472' title='bbox 2221 3455 2370 3510; x_wconf 89' lang='lat' dir='ltr'>tiche</span> <span class='ocrx_word' id='word_1_473' title='bbox 2421 3460 2652 3509; x_wconf 90' lang='lat' dir='ltr'>auctore</span> <span class='ocrx_word' id='word_1_474' title='bbox 2703 3459 3037 3525; x_wconf 88' lang='lat' dir='ltr'>generatam</span> <span class='ocrx_word' id='word_1_475' title='bbox 3077 3454 3270 3509; x_wconf 89' lang='lat' dir='ltr'>fratris</span> <span class='ocrx_word' id='word_1_476' title='bbox 3304 3458 3362 3509; x_wconf 90' lang='lat' dir='ltr'>et</span> <span class='ocrx_word' id='word_1_477' title='bbox 3391 3455 3705 3527; x_wconf 90' lang='lat' dir='ltr'>coepiscopi</span> <span class='ocrx_word' id='word_1_478' title='bbox 3737 3457 3857 3511; x_wconf 90' lang='lat' dir='ltr'>mei</span> 
     </span>
    </p>
   </div>
   <div class='ocr_carea' id='block_1_36' title="bbox 494 3544 3858 3624">
    <p class='ocr_par' dir='ltr' id='par_1_36' title="bbox 494 3544 3858 3624">
     <span class='ocr_line' id='line_1_37' title="bbox 494 3544 3858 3624; baseline 0.003 -26"><span class='ocrx_word' id='word_1_479' title='bbox 494 3544 622 3599; x_wconf 87' lang='lat' dir='ltr'>tari.</span> <span class='ocrx_word' id='word_1_480' title='bbox 664 3545 861 3601; x_wconf 89' lang='lat' dir='ltr'>Nonne</span> <span class='ocrx_word' id='word_1_481' title='bbox 917 3547 1283 3618; x_wconf 89' lang='lat' dir='ltr'>perspicuum</span> <span class='ocrx_word' id='word_1_482' title='bbox 1336 3551 1423 3602; x_wconf 89' lang='lat' dir='ltr'>est</span> <span class='ocrx_word' id='word_1_483' title='bbox 1462 3546 1667 3619; x_wconf 89' lang='lat' dir='ltr'>quibus</span> <span class='ocrx_word' id='word_1_484' title='bbox 1719 3547 1896 3619; x_wconf 89' lang='lat' dir='ltr'>pietas</span> <span class='ocrx_word' id='word_1_485' title='bbox 1937 3552 2119 3603; x_wconf 84' lang='lat' dir='ltr'>vestra</span> <span class='ocrx_word' id='word_1_486' title='bbox 2221 3553 2495 3607; x_wconf 87' lang='lat' dir='ltr'>relatione</span> <span class='ocrx_word' id='word_1_487' title='bbox 2523 3552 2782 3623; x_wconf 81' lang='lat' dir='ltr'>cognovi,</span> <span class='ocrx_word' id='word_1_488' title='bbox 2822 3556 2889 3607; x_wconf 87' lang='lat' dir='ltr'>ut</span> <span class='ocrx_word' id='word_1_489' title='bbox 2923 3551 3096 3607; x_wconf 86' lang='lat' dir='ltr'>totius</span> <span class='ocrx_word' id='word_1_490' title='bbox 3120 3569 3304 3607; x_wconf 86' lang='lat' dir='ltr'>causa</span> <span class='ocrx_word' id='word_1_491' title='bbox 3335 3552 3581 3624; x_wconf 89' lang='lat' dir='ltr'>speciem</span> <span class='ocrx_word' id='word_1_492' title='bbox 3610 3554 3858 3623; x_wconf 75' lang='lat' dir='ltr'>synoda-</span> 
     </span>
    </p>
   </div>
   <div class='ocr_carea' id='block_1_37' title="bbox 492 3640 3854 3717">
    <p class='ocr_par' dir='ltr' id='par_1_37' title="bbox 492 3640 3854 3717">
     <span class='ocr_line' id='line_1_38' title="bbox 492 3640 3854 3717; baseline 0.003 -25"><span class='ocrx_word' id='word_1_493' title='bbox 492 3653 842 3708; x_wconf 88' lang='lat' dir='ltr'>succurrere,</span> <span class='ocrx_word' id='word_1_494' title='bbox 889 3643 947 3693; x_wconf 93' lang='lat' dir='ltr'>et</span> <span class='ocrx_word' id='word_1_495' title='bbox 986 3640 1192 3711; x_wconf 90' lang='lat' dir='ltr'>quibus</span> <span class='ocrx_word' id='word_1_496' title='bbox 1239 3641 1444 3696; x_wconf 88' lang='lat' dir='ltr'>debeat</span> <span class='ocrx_word' id='word_1_497' title='bbox 1485 3641 1737 3711; x_wconf 88' lang='lat' dir='ltr'>obviare,</span> <span class='ocrx_word' id='word_1_498' title='bbox 1781 3658 1853 3697; x_wconf 91' lang='lat' dir='ltr'>ne</span> <span class='ocrx_word' id='word_1_499' title='bbox 1887 3643 2123 3697; x_wconf 85' lang='lat' dir='ltr'>Alexan-</span> <span class='ocrx_word' id='word_1_500' title='bbox 2219 3646 2359 3700; x_wconf 89' lang='lat' dir='ltr'>lium</span> <span class='ocrx_word' id='word_1_501' title='bbox 2412 3651 2707 3716; x_wconf 88' lang='lat' dir='ltr'>gestorum</span> <span class='ocrx_word' id='word_1_502' title='bbox 2753 3650 2937 3700; x_wconf 87' lang='lat' dir='ltr'>textus</span> <span class='ocrx_word' id='word_1_503' title='bbox 2981 3646 3324 3713; x_wconf 87' lang='lat' dir='ltr'>ostenderet,</span> <span class='ocrx_word' id='word_1_504' title='bbox 3376 3646 3615 3717; x_wconf 90' lang='lat' dir='ltr'>dignum</span> <span class='ocrx_word' id='word_1_505' title='bbox 3648 3647 3854 3717; x_wconf 85' lang='lat' dir='ltr'>gloria</span> 
     </span>
    </p>
   </div>
   <div class='ocr_carea' id='block_1_38' title="bbox 490 3737 3856 3811">
    <p class='ocr_par' dir='ltr' id='par_1_38' title="bbox 490 3737 3856 3811">
     <span class='ocr_line' id='line_1_39' title="bbox 490 3737 3856 3811; baseline 0.001 -21"><span class='ocrx_word' id='word_1_506' title='bbox 490 3737 657 3791; x_wconf 88' lang='lat' dir='ltr'>drina</span> <span class='ocrx_word' id='word_1_507' title='bbox 704 3738 964 3805; x_wconf 88' lang='lat' dir='ltr'>Ecclesia,</span> <span class='ocrx_word' id='word_1_508' title='bbox 1007 3756 1135 3810; x_wconf 89' lang='lat' dir='ltr'>qua</span> <span class='ocrx_word' id='word_1_509' title='bbox 1174 3756 1402 3810; x_wconf 88' lang='lat' dir='ltr'>semper</span> <span class='ocrx_word' id='word_1_510' title='bbox 1445 3740 1552 3794; x_wconf 85' lang='lat' dir='ltr'>fuit</span> <span class='ocrx_word' id='word_1_511' title='bbox 1588 3740 1790 3795; x_wconf 92' lang='lat' dir='ltr'>domus</span> <span class='ocrx_word' id='word_1_512' title='bbox 1827 3741 2117 3810; x_wconf 90' lang='lat' dir='ltr'>orationis,</span> <span class='ocrx_word' id='word_1_513' title='bbox 2218 3743 2419 3794; x_wconf 85' lang='lat' dir='ltr'>vestra</span> <span class='ocrx_word' id='word_1_514' title='bbox 2465 3744 2567 3806; x_wconf 89' lang='lat' dir='ltr'>est,</span> <span class='ocrx_word' id='word_1_515' title='bbox 2609 3741 2672 3793; x_wconf 92' lang='lat' dir='ltr'>ut</span> <span class='ocrx_word' id='word_1_516' title='bbox 2696 3756 2859 3794; x_wconf 92' lang='lat' dir='ltr'>error</span> <span class='ocrx_word' id='word_1_517' title='bbox 2887 3740 2987 3810; x_wconf 91' lang='lat' dir='ltr'>qui</span> <span class='ocrx_word' id='word_1_518' title='bbox 3017 3739 3087 3794; x_wconf 94' lang='lat' dir='ltr'>de</span> <span class='ocrx_word' id='word_1_519' title='bbox 3118 3739 3405 3811; x_wconf 88' lang='lat' dir='ltr'>imperitia</span> <span class='ocrx_word' id='word_1_520' title='bbox 3449 3739 3635 3811; x_wconf 89' lang='lat' dir='ltr'>magis</span> <span class='ocrx_word' id='word_1_521' title='bbox 3675 3756 3856 3811; x_wconf 90' lang='lat' dir='ltr'>quam</span> 
     </span>
    </p>
   </div>
   <div class='ocr_carea' id='block_1_39' title="bbox 489 3831 3857 3905">
    <p class='ocr_par' dir='ltr' id='par_1_39' title="bbox 489 3831 3857 3905">
     <span class='ocr_line' id='line_1_40' title="bbox 489 3831 3857 3905; baseline 0.001 -21"><span class='ocrx_word' id='word_1_522' title='bbox 489 3831 756 3901; x_wconf 89' lang='lat' dir='ltr'>spelunca</span> <span class='ocrx_word' id='word_1_523' title='bbox 788 3847 940 3885; x_wconf 89' lang='lat' dir='ltr'>nunc</span> <span class='ocrx_word' id='word_1_524' title='bbox 967 3832 1038 3885; x_wconf 90' lang='lat' dir='ltr'>sit</span> <span class='ocrx_word' id='word_1_525' title='bbox 1069 3833 1380 3887; x_wconf 89' lang='lat' dir='ltr'>latronum.</span> <span class='ocrx_word' id='word_1_526' title='bbox 1412 3834 1768 3888; x_wconf 83' lang='lat' dir='ltr'>Manifestum</span> <span class='ocrx_word' id='word_1_527' title='bbox 1796 3834 2007 3905; x_wconf 89' lang='lat' dir='ltr'>quippe</span> <span class='ocrx_word' id='word_1_528' title='bbox 2037 3840 2123 3890; x_wconf 89' lang='lat' dir='ltr'>est</span> <span class='ocrx_word' id='word_1_529' title='bbox 2223 3833 2293 3886; x_wconf 82' lang='lat' dir='ltr'>de</span> <span class='ocrx_word' id='word_1_530' title='bbox 2343 3833 2591 3887; x_wconf 87' lang='lat' dir='ltr'>versutia</span> <span class='ocrx_word' id='word_1_531' title='bbox 2629 3838 2795 3887; x_wconf 90' lang='lat' dir='ltr'>natus</span> <span class='ocrx_word' id='word_1_532' title='bbox 2843 3838 2928 3888; x_wconf 90' lang='lat' dir='ltr'>est</span> <span class='ocrx_word' id='word_1_533' title='bbox 2963 3832 3275 3899; x_wconf 88' lang='lat' dir='ltr'>auferatur,</span> <span class='ocrx_word' id='word_1_534' title='bbox 3323 3833 3655 3905; x_wconf 87' lang='lat' dir='ltr'>priusquam</span> <span class='ocrx_word' id='word_1_535' title='bbox 3706 3834 3857 3888; x_wconf 87' lang='lat' dir='ltr'>ullas</span> 
     </span>
    </p>
   </div>
   <div class='ocr_carea' id='block_1_40' title="bbox 491 3924 3854 3998">
    <p class='ocr_par' dir='ltr' id='par_1_40' title="bbox 491 3924 3854 3998">
     <span class='ocr_line' id='line_1_41' title="bbox 491 3924 3854 3998; baseline 0.001 -20"><span class='ocrx_word' id='word_1_536' title='bbox 491 3939 594 3994; x_wconf 88' lang='lat' dir='ltr'>per</span> <span class='ocrx_word' id='word_1_537' title='bbox 608 3924 1057 3979; x_wconf 87' lang='lat' dir='ltr'>crudelissimam</span> <span class='ocrx_word' id='word_1_538' title='bbox 1075 3925 1616 3997; x_wconf 86' lang='lat' dir='ltr'>insanissimamque</span> <span class='ocrx_word' id='word_1_539' title='bbox 1633 3927 1930 3994; x_wconf 88' lang='lat' dir='ltr'>savitiam,</span> <span class='ocrx_word' id='word_1_540' title='bbox 1950 3944 2120 3983; x_wconf 90' lang='lat' dir='ltr'>omne</span> <span class='ocrx_word' id='word_1_541' title='bbox 2222 3926 2366 3980; x_wconf 86' lang='lat' dir='ltr'>vires</span> <span class='ocrx_word' id='word_1_542' title='bbox 2405 3926 2475 3980; x_wconf 90' lang='lat' dir='ltr'>de</span> <span class='ocrx_word' id='word_1_543' title='bbox 2505 3942 2781 3981; x_wconf 90' lang='lat' dir='ltr'>consensu</span> <span class='ocrx_word' id='word_1_544' title='bbox 2823 3927 3281 3997; x_wconf 88' lang='lat' dir='ltr'>imprudentium</span> <span class='ocrx_word' id='word_1_545' title='bbox 3307 3925 3621 3998; x_wconf 87' lang='lat' dir='ltr'>pertinacia</span> <span class='ocrx_word' id='word_1_546' title='bbox 3649 3928 3854 3998; x_wconf 86' lang='lat' dir='ltr'>pravi-</span> 
     </span>
    </p>
   </div>
   <div class='ocr_carea' id='block_1_41' title="bbox 494 4015 3856 4091">
    <p class='ocr_par' dir='ltr' id='par_1_41' title="bbox 494 4015 3856 4091">
     <span class='ocr_line' id='line_1_42' title="bbox 494 4015 3856 4091; baseline 0.002 -22"><span class='ocrx_word' id='word_1_547' title='bbox 494 4016 607 4070; x_wconf 87' lang='lat' dir='ltr'>illic</span> <span class='ocrx_word' id='word_1_548' title='bbox 650 4015 958 4071; x_wconf 76' lang='lat' dir='ltr'>caelestium</span> <span class='ocrx_word' id='word_1_549' title='bbox 1000 4022 1487 4073; x_wconf 87' lang='lat' dir='ltr'>sacramentorum</span> <span class='ocrx_word' id='word_1_550' title='bbox 1532 4021 1726 4074; x_wconf 88' lang='lat' dir='ltr'>lumen</span> <span class='ocrx_word' id='word_1_551' title='bbox 1762 4021 2117 4077; x_wconf 86' lang='lat' dir='ltr'>exstinctum.</span> <span class='ocrx_word' id='word_1_552' title='bbox 2220 4020 2352 4074; x_wconf 85' lang='lat' dir='ltr'>tatis</span> <span class='ocrx_word' id='word_1_553' title='bbox 2394 4020 2669 4090; x_wconf 87' lang='lat' dir='ltr'>acquirat.</span> <span class='ocrx_word' id='word_1_554' title='bbox 2713 4021 2850 4074; x_wconf 91' lang='lat' dir='ltr'>Nam</span> <span class='ocrx_word' id='word_1_555' title='bbox 2882 4024 3162 4091; x_wconf 89' lang='lat' dir='ltr'>quantum</span> <span class='ocrx_word' id='word_1_556' title='bbox 3205 4020 3499 4076; x_wconf 86' lang='lat' dir='ltr'>Nestorius</span> <span class='ocrx_word' id='word_1_557' title='bbox 3538 4037 3573 4075; x_wconf 85' lang='lat' dir='ltr'>a</span> <span class='ocrx_word' id='word_1_558' title='bbox 3613 4021 3856 4077; x_wconf 82' lang='lat' dir='ltr'>veritate</span> 
     </span>
    </p>
   </div>
   <div class='ocr_carea' id='block_1_42' title="bbox 495 4110 3859 4181">
    <p class='ocr_par' dir='ltr' id='par_1_42' title="bbox 495 4110 3859 4181">
     <span class='ocr_line' id='line_1_43' title="bbox 495 4110 3859 4181; baseline 0.002 -19"><span class='ocrx_word' id='word_1_559' title='bbox 495 4111 807 4181; x_wconf 87' lang='lat' dir='ltr'>Intercepta</span> <span class='ocrx_word' id='word_1_560' title='bbox 849 4113 934 4164; x_wconf 89' lang='lat' dir='ltr'>est</span> <span class='ocrx_word' id='word_1_561' title='bbox 969 4110 1226 4165; x_wconf 84' lang='lat' dir='ltr'>sacriﬁcii</span> <span class='ocrx_word' id='word_1_562' title='bbox 1265 4112 1498 4181; x_wconf 88' lang='lat' dir='ltr'>oblatio,</span> <span class='ocrx_word' id='word_1_563' title='bbox 1546 4112 1750 4168; x_wconf 87' lang='lat' dir='ltr'>defecit</span> <span class='ocrx_word' id='word_1_564' title='bbox 1803 4113 2121 4170; x_wconf 89' lang='lat' dir='ltr'>chrismatis</span> <span class='ocrx_word' id='word_1_565' title='bbox 2221 4112 2443 4180; x_wconf 83' lang='lat' dir='ltr'>excidit,</span> <span class='ocrx_word' id='word_1_566' title='bbox 2485 4112 2624 4166; x_wconf 90' lang='lat' dir='ltr'>dum</span> <span class='ocrx_word' id='word_1_567' title='bbox 2656 4113 2963 4167; x_wconf 89' lang='lat' dir='ltr'>Dominum</span> <span class='ocrx_word' id='word_1_568' title='bbox 2998 4115 3189 4168; x_wconf 78' lang='lat' dir='ltr'>Iesum</span> <span class='ocrx_word' id='word_1_569' title='bbox 3236 4113 3523 4169; x_wconf 85' lang='lat' dir='ltr'>Christum</span> <span class='ocrx_word' id='word_1_570' title='bbox 3552 4114 3624 4169; x_wconf 91' lang='lat' dir='ltr'>de</span> <span class='ocrx_word' id='word_1_571' title='bbox 3668 4119 3859 4169; x_wconf 74' lang='lat' dir='ltr'>matre</span> 
     </span>
    </p>
   </div>
   <div class='ocr_carea' id='block_1_43' title="bbox 490 4201 3855 4279">
    <p class='ocr_par' dir='ltr' id='par_1_43' title="bbox 490 4201 3855 4279">
     <span class='ocr_line' id='line_1_44' title="bbox 490 4201 3855 4279; baseline 0.002 -22"><span class='ocrx_word' id='word_1_572' title='bbox 490 4201 856 4258; x_wconf 83' lang='lat' dir='ltr'>sanctificatio</span> <span class='ocrx_word' id='word_1_573' title='bbox 899 4207 957 4258; x_wconf 93' lang='lat' dir='ltr'>et</span> <span class='ocrx_word' id='word_1_574' title='bbox 1008 4204 1444 4275; x_wconf 87' lang='lat' dir='ltr'>parricidalibus</span> <span class='ocrx_word' id='word_1_575' title='bbox 1497 4206 1765 4260; x_wconf 89' lang='lat' dir='ltr'>manibus</span> <span class='ocrx_word' id='word_1_576' title='bbox 1806 4206 2118 4279; x_wconf 90' lang='lat' dir='ltr'>impiorum</span> <span class='ocrx_word' id='word_1_577' title='bbox 2222 4206 2766 4277; x_wconf 89' lang='lat' dir='ltr'>Virginehominem</span> <span class='ocrx_word' id='word_1_578' title='bbox 2782 4207 2963 4261; x_wconf 90' lang='lat' dir='ltr'>solum</span> <span class='ocrx_word' id='word_1_579' title='bbox 2982 4206 3183 4261; x_wconf 89' lang='lat' dir='ltr'>asserit</span> <span class='ocrx_word' id='word_1_580' title='bbox 3203 4212 3661 4277; x_wconf 88' lang='lat' dir='ltr'>natum,tantum</span> <span class='ocrx_word' id='word_1_581' title='bbox 3679 4208 3855 4264; x_wconf 87' lang='lat' dir='ltr'>etiam</span> 
     </span>
    </p>
   </div>
   <div class='ocr_carea' id='block_1_44' title="bbox 490 4296 3854 4373">
    <p class='ocr_par' dir='ltr' id='par_1_44' title="bbox 490 4296 3854 4373">
     <span class='ocr_line' id='line_1_45' title="bbox 490 4296 3854 4373; baseline 0.002 -22"><span class='ocrx_word' id='word_1_582' title='bbox 490 4296 688 4351; x_wconf 90' lang='lat' dir='ltr'>omnia</span> <span class='ocrx_word' id='word_1_583' title='bbox 704 4297 1132 4353; x_wconf 83' lang='lat' dir='ltr'>sesubstraxere</span> <span class='ocrx_word' id='word_1_584' title='bbox 1154 4300 1441 4371; x_wconf 87' lang='lat' dir='ltr'>mysteria.</span> <span class='ocrx_word' id='word_1_585' title='bbox 1464 4300 1571 4355; x_wconf 90' lang='lat' dir='ltr'>Nec</span> <span class='ocrx_word' id='word_1_586' title='bbox 1586 4300 1701 4355; x_wconf 91' lang='lat' dir='ltr'>ullo</span> <span class='ocrx_word' id='word_1_587' title='bbox 1717 4301 1888 4356; x_wconf 91' lang='lat' dir='ltr'>modo</span> <span class='ocrx_word' id='word_1_588' title='bbox 1904 4301 2119 4373; x_wconf 89' lang='lat' dir='ltr'>ambigi</span> <span class='ocrx_word' id='word_1_589' title='bbox 2220 4300 2310 4354; x_wconf 89' lang='lat' dir='ltr'>hic</span> <span class='ocrx_word' id='word_1_590' title='bbox 2362 4316 2396 4354; x_wconf 87' lang='lat' dir='ltr'>a</span> <span class='ocrx_word' id='word_1_591' title='bbox 2442 4299 2714 4355; x_wconf 85' lang='lat' dir='ltr'>catholico</span> <span class='ocrx_word' id='word_1_592' title='bbox 2770 4300 3003 4355; x_wconf 88' lang='lat' dir='ltr'>tramite</span> <span class='ocrx_word' id='word_1_593' title='bbox 3060 4300 3334 4368; x_wconf 91' lang='lat' dir='ltr'>deviavit,</span> <span class='ocrx_word' id='word_1_594' title='bbox 3388 4301 3489 4372; x_wconf 91' lang='lat' dir='ltr'>qui</span> <span class='ocrx_word' id='word_1_595' title='bbox 3535 4302 3606 4357; x_wconf 89' lang='lat' dir='ltr'>de</span> <span class='ocrx_word' id='word_1_596' title='bbox 3647 4302 3854 4357; x_wconf 89' lang='lat' dir='ltr'>eadem</span> 
     </span>
    </p>
   </div>
   <div class='ocr_carea' id='block_1_45' title="bbox 491 4390 3857 4466">
    <p class='ocr_par' dir='ltr' id='par_1_45' title="bbox 491 4390 3857 4466">
     <span class='ocr_line' id='line_1_46' title="bbox 491 4390 3857 4466; baseline 0.002 -21"><span class='ocrx_word' id='word_1_597' title='bbox 491 4395 693 4460; x_wconf 90' lang='lat' dir='ltr'>potest,</span> <span class='ocrx_word' id='word_1_598' title='bbox 723 4390 862 4463; x_wconf 92' lang='lat' dir='ltr'>quid</span> <span class='ocrx_word' id='word_1_599' title='bbox 890 4391 961 4445; x_wconf 91' lang='lat' dir='ltr'>de</span> <span class='ocrx_word' id='word_1_600' title='bbox 991 4391 1079 4446; x_wconf 91' lang='lat' dir='ltr'>his</span> <span class='ocrx_word' id='word_1_601' title='bbox 1121 4392 1541 4448; x_wconf 87' lang='lat' dir='ltr'>decernendum</span> <span class='ocrx_word' id='word_1_602' title='bbox 1586 4394 1674 4461; x_wconf 91' lang='lat' dir='ltr'>sit,</span> <span class='ocrx_word' id='word_1_603' title='bbox 1715 4394 1811 4465; x_wconf 89' lang='lat' dir='ltr'>qui</span> <span class='ocrx_word' id='word_1_604' title='bbox 1861 4398 1989 4466; x_wconf 89' lang='lat' dir='ltr'>post</span> <span class='ocrx_word' id='word_1_605' title='bbox 2015 4411 2116 4450; x_wconf 90' lang='lat' dir='ltr'>ne-</span> <span class='ocrx_word' id='word_1_606' title='bbox 2219 4393 2438 4464; x_wconf 90' lang='lat' dir='ltr'>virgine</span> <span class='ocrx_word' id='word_1_607' title='bbox 2463 4393 2677 4448; x_wconf 89' lang='lat' dir='ltr'>editum</span> <span class='ocrx_word' id='word_1_608' title='bbox 2722 4410 2837 4448; x_wconf 90' lang='lat' dir='ltr'>non</span> <span class='ocrx_word' id='word_1_609' title='bbox 2864 4397 3074 4448; x_wconf 87' lang='lat' dir='ltr'>nostra</span> <span class='ocrx_word' id='word_1_610' title='bbox 3099 4393 3340 4450; x_wconf 90' lang='lat' dir='ltr'>credidit</span> <span class='ocrx_word' id='word_1_611' title='bbox 3366 4410 3485 4450; x_wconf 90' lang='lat' dir='ltr'>esse</span> <span class='ocrx_word' id='word_1_612' title='bbox 3511 4399 3754 4465; x_wconf 87' lang='lat' dir='ltr'>natura,</span> <span class='ocrx_word' id='word_1_613' title='bbox 3788 4400 3857 4451; x_wconf 90' lang='lat' dir='ltr'>ut</span> 
     </span>
    </p>
   </div>
   <div class='ocr_carea' id='block_1_46' title="bbox 486 4484 3856 4559">
    <p class='ocr_par' dir='ltr' id='par_1_46' title="bbox 486 4484 3856 4559">
     <span class='ocr_line' id='line_1_47' title="bbox 486 4484 3856 4559; baseline 0.002 -21"><span class='ocrx_word' id='word_1_614' title='bbox 486 4484 657 4538; x_wconf 88' lang='lat' dir='ltr'>fanda</span> <span class='ocrx_word' id='word_1_615' title='bbox 697 4485 1009 4556; x_wconf 87' lang='lat' dir='ltr'>sacrilegia,</span> <span class='ocrx_word' id='word_1_616' title='bbox 1056 4491 1185 4557; x_wconf 89' lang='lat' dir='ltr'>post</span> <span class='ocrx_word' id='word_1_617' title='bbox 1229 4487 1571 4558; x_wconf 88' lang='lat' dir='ltr'>sanguinem</span> <span class='ocrx_word' id='word_1_618' title='bbox 1613 4488 1994 4559; x_wconf 89' lang='lat' dir='ltr'>probatissimi</span> <span class='ocrx_word' id='word_1_619' title='bbox 2022 4505 2113 4543; x_wconf 89' lang='lat' dir='ltr'>sa-</span> <span class='ocrx_word' id='word_1_620' title='bbox 2222 4486 2375 4559; x_wconf 90' lang='lat' dir='ltr'>quod</span> <span class='ocrx_word' id='word_1_621' title='bbox 2416 4486 2659 4541; x_wconf 85' lang='lat' dir='ltr'>formam</span> <span class='ocrx_word' id='word_1_622' title='bbox 2700 4486 2846 4542; x_wconf 92' lang='lat' dir='ltr'>servi</span> <span class='ocrx_word' id='word_1_623' title='bbox 2886 4487 3079 4557; x_wconf 89' lang='lat' dir='ltr'>gessit,</span> <span class='ocrx_word' id='word_1_624' title='bbox 3118 4488 3271 4559; x_wconf 91' lang='lat' dir='ltr'>quod</span> <span class='ocrx_word' id='word_1_625' title='bbox 3301 4488 3479 4542; x_wconf 90' lang='lat' dir='ltr'>nostri</span> <span class='ocrx_word' id='word_1_626' title='bbox 3508 4488 3707 4543; x_wconf 89' lang='lat' dir='ltr'>similis</span> <span class='ocrx_word' id='word_1_627' title='bbox 3739 4490 3856 4545; x_wconf 87' lang='lat' dir='ltr'>fuit</span> 
     </span>
    </p>
   </div>
   <div class='ocr_carea' id='block_1_47' title="bbox 485 4577 3855 4662">
    <p class='ocr_par' dir='ltr' id='par_1_47' title="bbox 485 4577 3855 4662">
     <span class='ocr_line' id='line_1_48' title="bbox 485 4577 3855 4662; baseline 0.001 -30"><span class='ocrx_word' id='word_1_628' title='bbox 485 4577 728 4633; x_wconf 89' lang='lat' dir='ltr'>cerdotis</span> <span class='ocrx_word' id='word_1_629' title='bbox 770 4578 1034 4649; x_wconf 82' lang='lat' dir='ltr'>effusum,</span> <span class='ocrx_word' id='word_1_630' title='bbox 1082 4583 1139 4634; x_wconf 88' lang='lat' dir='ltr'>et</span> <span class='ocrx_word' id='word_1_631' title='bbox 1180 4581 1527 4634; x_wconf 85' lang='lat' dir='ltr'>concremati</span> <span class='ocrx_word' id='word_1_632' title='bbox 1572 4582 1825 4653; x_wconf 88' lang='lat' dir='ltr'>corporis</span> <span class='ocrx_word' id='word_1_633' title='bbox 1863 4583 2386 4662; x_wconf 86' lang='lat' dir='ltr'>cineremDatque</span> <span class='ocrx_word' id='word_1_634' title='bbox 2434 4579 2772 4647; x_wconf 88' lang='lat' dir='ltr'>conformis,</span> <span class='ocrx_word' id='word_1_635' title='bbox 2855 4580 3118 4651; x_wconf 82' lang='lat' dir='ltr'>quadam</span> <span class='ocrx_word' id='word_1_636' title='bbox 3176 4585 3387 4636; x_wconf 90' lang='lat' dir='ltr'>nostra</span> <span class='ocrx_word' id='word_1_637' title='bbox 3437 4582 3625 4636; x_wconf 89' lang='lat' dir='ltr'>carnis</span> <span class='ocrx_word' id='word_1_638' title='bbox 3674 4582 3855 4638; x_wconf 90' lang='lat' dir='ltr'>fuerit</span> 
     </span>
    </p>
   </div>
   <div class='ocr_carea' id='block_1_48' title="bbox 487 4672 2116 4746">
    <p class='ocr_par' dir='ltr' id='par_1_48' title="bbox 487 4672 2116 4746">
     <span class='ocr_line' id='line_1_49' title="bbox 487 4672 2116 4746; baseline 0.003 -21"><span class='ocrx_word' id='word_1_639' title='bbox 487 4672 543 4726; x_wconf 88' lang='lat' dir='ltr'>in</span> <span class='ocrx_word' id='word_1_640' title='bbox 570 4672 975 4727; x_wconf 87' lang='lat' dir='ltr'>contumeliam</span> <span class='ocrx_word' id='word_1_641' title='bbox 998 4672 1144 4727; x_wconf 89' lang='lat' dir='ltr'>aeris</span> <span class='ocrx_word' id='word_1_642' title='bbox 1174 4674 1410 4745; x_wconf 85' lang='lat' dir='ltr'>coelique</span> <span class='ocrx_word' id='word_1_643' title='bbox 1435 4674 1755 4746; x_wconf 89' lang='lat' dir='ltr'>dispersum</span> <span class='ocrx_word' id='word_1_644' title='bbox 1779 4676 1990 4731; x_wconf 88' lang='lat' dir='ltr'>audent</span> <span class='ocrx_word' id='word_1_645' title='bbox 2009 4676 2116 4730; x_wconf 88' lang='lat' dir='ltr'>sibi</span> 
     </span>
    </p>
   </div>
   <div class='ocr_carea' id='block_1_49' title="bbox 476 4766 2114 4839">
    <p class='ocr_par' dir='ltr' id='par_1_49' title="bbox 476 4766 2114 4839">
     <span class='ocr_line' id='line_1_50' title="bbox 476 4766 2114 4839; baseline 0.003 -21"><span class='ocrx_word' id='word_1_646' title='bbox 476 4767 572 4832; x_wconf 78' lang='lat' dir='ltr'>jus</span> <span class='ocrx_word' id='word_1_647' title='bbox 619 4782 868 4837; x_wconf 90' lang='lat' dir='ltr'>pervasa</span> <span class='ocrx_word' id='word_1_648' title='bbox 900 4766 1197 4837; x_wconf 87' lang='lat' dir='ltr'>dignitatis</span> <span class='ocrx_word' id='word_1_649' title='bbox 1238 4772 1518 4838; x_wconf 88' lang='lat' dir='ltr'>expetere,</span> <span class='ocrx_word' id='word_1_650' title='bbox 1557 4772 1615 4822; x_wconf 92' lang='lat' dir='ltr'>et</span> <span class='ocrx_word' id='word_1_651' title='bbox 1649 4770 1973 4839; x_wconf 88' lang='lat' dir='ltr'>apostolica</span> <span class='ocrx_word' id='word_1_652' title='bbox 2013 4769 2114 4823; x_wconf 93' lang='lat' dir='ltr'>do-</span> 
     </span>
    </p>
   </div>
   <div class='ocr_carea' id='block_1_50' title="bbox 482 4857 2112 4932">
    <p class='ocr_par' dir='ltr' id='par_1_50' title="bbox 482 4857 2112 4932">
     <span class='ocr_line' id='line_1_51' title="bbox 482 4857 2112 4932; baseline 0.003 -20"><span class='ocrx_word' id='word_1_653' title='bbox 482 4857 679 4913; x_wconf 88' lang='lat' dir='ltr'>ctrina</span> <span class='ocrx_word' id='word_1_654' title='bbox 725 4859 1108 4915; x_wconf 87' lang='lat' dir='ltr'>inviolabilem</span> <span class='ocrx_word' id='word_1_655' title='bbox 1151 4860 1323 4916; x_wconf 83' lang='lat' dir='ltr'>tidem</span> <span class='ocrx_word' id='word_1_656' title='bbox 1377 4861 1451 4916; x_wconf 87' lang='lat' dir='ltr'>ad</span> <span class='ocrx_word' id='word_1_657' title='bbox 1490 4862 1732 4917; x_wconf 90' lang='lat' dir='ltr'>concilia</span> <span class='ocrx_word' id='word_1_658' title='bbox 1786 4878 2112 4932; x_wconf 88' lang='lat' dir='ltr'>provocare.</span> 
     </span>
    </p>
   </div>
   <div class='ocr_carea' id='block_1_51' title="bbox 482 4952 2115 5024">
    <p class='ocr_par' dir='ltr' id='par_1_51' title="bbox 482 4952 2115 5024">
     <span class='ocr_line' id='line_1_52' title="bbox 482 4952 2115 5024; baseline 0.002 -19"><span class='ocrx_word' id='word_1_659' title='bbox 482 4952 747 5023; x_wconf 73' lang='lat' dir='ltr'>Magnum</span> <span class='ocrx_word' id='word_1_660' title='bbox 787 4970 925 5024; x_wconf 87' lang='lat' dir='ltr'>ergo</span> <span class='ocrx_word' id='word_1_661' title='bbox 979 4953 1140 5008; x_wconf 91' lang='lat' dir='ltr'>vobis</span> <span class='ocrx_word' id='word_1_662' title='bbox 1187 4957 1290 5020; x_wconf 89' lang='lat' dir='ltr'>est,</span> <span class='ocrx_word' id='word_1_663' title='bbox 1345 4957 1411 5009; x_wconf 87' lang='lat' dir='ltr'>ut</span> <span class='ocrx_word' id='word_1_664' title='bbox 1459 4954 1775 5010; x_wconf 87' lang='lat' dir='ltr'>diademate</span> <span class='ocrx_word' id='word_1_665' title='bbox 1816 4960 2000 5009; x_wconf 88' lang='lat' dir='ltr'>vestro</span> <span class='ocrx_word' id='word_1_666' title='bbox 2044 4955 2115 5009; x_wconf 91' lang='lat' dir='ltr'>de</span> 
     </span>
    </p>
   </div>
   <div class='ocr_carea' id='block_1_52' title="bbox 484 5046 2117 5115">
    <p class='ocr_par' dir='ltr' id='par_1_52' title="bbox 484 5046 2117 5115">
     <span class='ocr_line' id='line_1_53' title="bbox 484 5046 2117 5115; baseline 0.002 -16"><span class='ocrx_word' id='word_1_667' title='bbox 484 5061 660 5099; x_wconf 89' lang='lat' dir='ltr'>manu</span> <span class='ocrx_word' id='word_1_668' title='bbox 695 5046 916 5101; x_wconf 90' lang='lat' dir='ltr'>Domini</span> <span class='ocrx_word' id='word_1_669' title='bbox 945 5048 1117 5102; x_wconf 91' lang='lat' dir='ltr'>etiam</span> <span class='ocrx_word' id='word_1_670' title='bbox 1133 5047 1262 5103; x_wconf 84' lang='lat' dir='ltr'>ﬁdei</span> <span class='ocrx_word' id='word_1_671' title='bbox 1283 5048 1526 5103; x_wconf 89' lang='lat' dir='ltr'>addatur</span> <span class='ocrx_word' id='word_1_672' title='bbox 1564 5064 1796 5115; x_wconf 86' lang='lat' dir='ltr'>corona,</span> <span class='ocrx_word' id='word_1_673' title='bbox 1833 5051 1889 5102; x_wconf 89' lang='lat' dir='ltr'>et</span> <span class='ocrx_word' id='word_1_674' title='bbox 1926 5048 1997 5101; x_wconf 92' lang='lat' dir='ltr'>de</span> <span class='ocrx_word' id='word_1_675' title='bbox 2020 5048 2117 5103; x_wconf 87' lang='lat' dir='ltr'>ho-</span> 
     </span>
    </p>
   </div>
   <div class='ocr_carea' id='block_1_53' title="bbox 482 5138 2115 5213">
    <p class='ocr_par' dir='ltr' id='par_1_53' title="bbox 482 5138 2115 5213">
     <span class='ocr_line' id='line_1_54' title="bbox 482 5138 2115 5213; baseline 0.003 -22"><span class='ocrx_word' id='word_1_676' title='bbox 482 5138 660 5193; x_wconf 86' lang='lat' dir='ltr'>stibus</span> <span class='ocrx_word' id='word_1_677' title='bbox 699 5140 958 5195; x_wconf 88' lang='lat' dir='ltr'>Ecclesia</span> <span class='ocrx_word' id='word_1_678' title='bbox 984 5141 1367 5213; x_wconf 90' lang='lat' dir='ltr'>triumphetis,</span> <span class='ocrx_word' id='word_1_679' title='bbox 1405 5142 1537 5213; x_wconf 89' lang='lat' dir='ltr'>quia</span> <span class='ocrx_word' id='word_1_680' title='bbox 1577 5142 1623 5195; x_wconf 90' lang='lat' dir='ltr'>si</span> <span class='ocrx_word' id='word_1_681' title='bbox 1651 5139 1936 5196; x_wconf 85' lang='lat' dir='ltr'>laudabile</span> <span class='ocrx_word' id='word_1_682' title='bbox 1961 5141 2115 5196; x_wconf 91' lang='lat' dir='ltr'>vobis</span> 
     </span>
    </p>
   </div>
   <div class='ocr_carea' id='block_1_54' title="bbox 483 5232 2115 5305">
    <p class='ocr_par' dir='ltr' id='par_1_54' title="bbox 483 5232 2115 5305">
     <span class='ocr_line' id='line_1_55' title="bbox 483 5232 2115 5305; baseline 0.002 -20"><span class='ocrx_word' id='word_1_683' title='bbox 483 5236 568 5286; x_wconf 89' lang='lat' dir='ltr'>est</span> <span class='ocrx_word' id='word_1_684' title='bbox 595 5232 962 5289; x_wconf 89' lang='lat' dir='ltr'>adversarum</span> <span class='ocrx_word' id='word_1_685' title='bbox 1007 5235 1270 5305; x_wconf 88' lang='lat' dir='ltr'>gentium</span> <span class='ocrx_word' id='word_1_686' title='bbox 1324 5251 1485 5289; x_wconf 90' lang='lat' dir='ltr'>arma</span> <span class='ocrx_word' id='word_1_687' title='bbox 1528 5236 1847 5302; x_wconf 87' lang='lat' dir='ltr'>conterere,</span> <span class='ocrx_word' id='word_1_688' title='bbox 1899 5238 2115 5305; x_wconf 84' lang='lat' dir='ltr'>quanta</span> 
     </span>
    </p>
   </div>
   <div class='ocr_carea' id='block_1_55' title="bbox 448 5324 2113 5398">
    <p class='ocr_par' dir='ltr' id='par_1_55' title="bbox 448 5324 2113 5398">
     <span class='ocr_line' id='line_1_56' title="bbox 448 5324 2113 5398; baseline 0.003 -19"><span class='ocrx_word' id='word_1_689' title='bbox 448 5324 588 5380; x_wconf 70' lang='lat' dir='ltr'>&#39;erit</span> <span class='ocrx_word' id='word_1_690' title='bbox 634 5325 811 5395; x_wconf 90' lang='lat' dir='ltr'>gloria</span> <span class='ocrx_word' id='word_1_691' title='bbox 850 5327 920 5381; x_wconf 89' lang='lat' dir='ltr'>ab</span> <span class='ocrx_word' id='word_1_692' title='bbox 970 5328 1325 5383; x_wconf 90' lang='lat' dir='ltr'>insanissimo</span> <span class='ocrx_word' id='word_1_693' title='bbox 1368 5332 1616 5398; x_wconf 84' lang='lat' dir='ltr'>tyranno</span> <span class='ocrx_word' id='word_1_694' title='bbox 1664 5327 2113 5384; x_wconf 83' lang='lat' dir='ltr'>Alexandrinam</span> 
     </span>
    </p>
   </div>
   <div class='ocr_carea' id='block_1_56' title="bbox 482 5418 2109 5493">
    <p class='ocr_par' dir='ltr' id='par_1_56' title="bbox 482 5418 2109 5493">
     <span class='ocr_line' id='line_1_57' title="bbox 482 5418 2109 5493; baseline 0.003 -21"><span class='ocrx_word' id='word_1_695' title='bbox 482 5418 808 5487; x_wconf 89' lang='lat' dir='ltr'>Ecclesiam,</span> <span class='ocrx_word' id='word_1_696' title='bbox 836 5420 894 5474; x_wconf 91' lang='lat' dir='ltr'>in</span> <span class='ocrx_word' id='word_1_697' title='bbox 925 5421 1087 5493; x_wconf 89' lang='lat' dir='ltr'>cujus</span> <span class='ocrx_word' id='word_1_698' title='bbox 1117 5420 1457 5476; x_wconf 89' lang='lat' dir='ltr'>contritione</span> <span class='ocrx_word' id='word_1_699' title='bbox 1484 5418 1743 5473; x_wconf 92' lang='lat' dir='ltr'>omnium</span> <span class='ocrx_word' id='word_1_700' title='bbox 1760 5420 2109 5478; x_wconf 88' lang='lat' dir='ltr'>Christiano-</span> 
     </span>
    </p>
   </div>
   <div class='ocr_carea' id='block_1_57' title="bbox 477 5512 2113 5584">
    <p class='ocr_par' dir='ltr' id='par_1_57' title="bbox 477 5512 2113 5584">
     <span class='ocr_line' id='line_1_58' title="bbox 477 5512 2113 5584; baseline 0.002 -17"><span class='ocrx_word' id='word_1_701' title='bbox 477 5529 608 5567; x_wconf 91' lang='lat' dir='ltr'>rum</span> <span class='ocrx_word' id='word_1_702' title='bbox 660 5516 746 5568; x_wconf 87' lang='lat' dir='ltr'>est</span> <span class='ocrx_word' id='word_1_703' title='bbox 787 5513 999 5584; x_wconf 89' lang='lat' dir='ltr'>injuria</span> <span class='ocrx_word' id='word_1_704' title='bbox 1049 5512 1341 5569; x_wconf 86' lang='lat' dir='ltr'>liberare?</span> <span class='ocrx_word' id='word_1_705' title='bbox 1386 5514 1457 5568; x_wconf 92' lang='lat' dir='ltr'>Ut</span> <span class='ocrx_word' id='word_1_706' title='bbox 1495 5516 1689 5567; x_wconf 88' lang='lat' dir='ltr'>autem</span> <span class='ocrx_word' id='word_1_707' title='bbox 1735 5514 1939 5571; x_wconf 86' lang='lat' dir='ltr'>littera</span> <span class='ocrx_word' id='word_1_708' title='bbox 1970 5532 2113 5571; x_wconf 91' lang='lat' dir='ltr'>mea</span> 
     </span>
    </p>
   </div>
   <div class='ocr_carea' id='block_1_58' title="bbox 476 5606 2108 5678">
    <p class='ocr_par' dir='ltr' id='par_1_58' title="bbox 476 5606 2108 5678">
     <span class='ocr_line' id='line_1_59' title="bbox 476 5606 2108 5678; baseline 0.003 -18"><span class='ocrx_word' id='word_1_709' title='bbox 476 5606 676 5676; x_wconf 88' lang='lat' dir='ltr'>pietati</span> <span class='ocrx_word' id='word_1_710' title='bbox 713 5613 827 5661; x_wconf 87' lang='lat' dir='ltr'>tua</span> <span class='ocrx_word' id='word_1_711' title='bbox 863 5607 1217 5677; x_wconf 90' lang='lat' dir='ltr'>colloquium</span> <span class='ocrx_word' id='word_1_712' title='bbox 1254 5606 1411 5677; x_wconf 89' lang='lat' dir='ltr'>quasi</span> <span class='ocrx_word' id='word_1_713' title='bbox 1449 5607 1745 5678; x_wconf 87' lang='lat' dir='ltr'>prasentis</span> <span class='ocrx_word' id='word_1_714' title='bbox 1784 5609 2108 5677; x_wconf 87' lang='lat' dir='ltr'>exhibeant,</span> 
     </span>
    </p>
   </div>
   <div class='ocr_carea' id='block_1_59' title="bbox 480 5699 2109 5775">
    <p class='ocr_par' dir='ltr' id='par_1_59' title="bbox 480 5699 2109 5775">
     <span class='ocr_line' id='line_1_60' title="bbox 480 5699 2109 5775; baseline 0.002 -22"><span class='ocrx_word' id='word_1_715' title='bbox 480 5699 758 5770; x_wconf 87' lang='lat' dir='ltr'>quidquid</span> <span class='ocrx_word' id='word_1_716' title='bbox 814 5700 884 5755; x_wconf 91' lang='lat' dir='ltr'>de</span> <span class='ocrx_word' id='word_1_717' title='bbox 935 5700 1228 5755; x_wconf 89' lang='lat' dir='ltr'>communi</span> <span class='ocrx_word' id='word_1_718' title='bbox 1278 5699 1391 5756; x_wconf 82' lang='lat' dir='ltr'>ﬁde</span> <span class='ocrx_word' id='word_1_719' title='bbox 1443 5701 1665 5757; x_wconf 88' lang='lat' dir='ltr'>fueram</span> <span class='ocrx_word' id='word_1_720' title='bbox 1716 5706 2109 5775; x_wconf 85' lang='lat' dir='ltr'>suggesturus,</span> 
     </span>
    </p>
   </div>
   <div class='ocr_carea' id='block_1_60' title="bbox 481 5790 2107 5868">
    <p class='ocr_par' dir='ltr' id='par_1_60' title="bbox 481 5790 2107 5868">
     <span class='ocr_line' id='line_1_61' title="bbox 481 5790 2107 5868; baseline 0.005 -26"><span class='ocrx_word' id='word_1_721' title='bbox 481 5790 703 5861; x_wconf 85' lang='lat' dir='ltr'>scriptis</span> <span class='ocrx_word' id='word_1_722' title='bbox 730 5792 1203 5864; x_wconf 89' lang='lat' dir='ltr'>prosequentibus</span> <span class='ocrx_word' id='word_1_723' title='bbox 1232 5793 1643 5851; x_wconf 89' lang='lat' dir='ltr'>insinuandum</span> <span class='ocrx_word' id='word_1_724' title='bbox 1674 5812 1796 5851; x_wconf 91' lang='lat' dir='ltr'>esse</span> <span class='ocrx_word' id='word_1_725' title='bbox 1821 5795 2107 5868; x_wconf 86' lang='lat' dir='ltr'>perspexi,</span> 
     </span>
    </p>
   </div>
   <div class='ocr_carea' id='block_1_61' title="bbox 479 5883 2110 5960">
    <p class='ocr_par' dir='ltr' id='par_1_61' title="bbox 479 5883 2110 5960">
     <span class='ocr_line' id='line_1_62' title="bbox 479 5883 2110 5960; baseline 0.006 -27"><span class='ocrx_word' id='word_1_726' title='bbox 479 5898 542 5933; x_wconf 88' lang='lat' dir='ltr'>ac</span> <span class='ocrx_word' id='word_1_727' title='bbox 562 5897 635 5934; x_wconf 90' lang='lat' dir='ltr'>ne</span> <span class='ocrx_word' id='word_1_728' title='bbox 655 5883 824 5953; x_wconf 87' lang='lat' dir='ltr'>hujus</span> <span class='ocrx_word' id='word_1_729' title='bbox 846 5884 1099 5955; x_wconf 77' lang='lat' dir='ltr'>epistola</span> <span class='ocrx_word' id='word_1_730' title='bbox 1118 5886 1327 5957; x_wconf 84' lang='lat' dir='ltr'>pagina</span> <span class='ocrx_word' id='word_1_731' title='bbox 1352 5887 1409 5943; x_wconf 90' lang='lat' dir='ltr'>in</span> <span class='ocrx_word' id='word_1_732' title='bbox 1431 5888 1667 5943; x_wconf 89' lang='lat' dir='ltr'>nimiam</span> <span class='ocrx_word' id='word_1_733' title='bbox 1691 5888 2110 5960; x_wconf 89' lang='lat' dir='ltr'>longitudinem</span> 
     </span>
    </p>
   </div>
   <div class='ocr_carea' id='block_1_62' title="bbox 2214 4673 3847 4746">
    <p class='ocr_par' dir='ltr' id='par_1_62' title="bbox 2214 4673 3847 4746">
     <span class='ocr_line' id='line_1_63' title="bbox 2214 4673 3847 4746; baseline 0.002 -17"><span class='ocrx_word' id='word_1_734' title='bbox 2214 4674 2404 4746; x_wconf 89' lang='lat' dir='ltr'>imago</span> <span class='ocrx_word' id='word_1_735' title='bbox 2453 4688 2567 4729; x_wconf 92' lang='lat' dir='ltr'>non</span> <span class='ocrx_word' id='word_1_736' title='bbox 2604 4674 2832 4729; x_wconf 88' lang='lat' dir='ltr'>veritas.</span> <span class='ocrx_word' id='word_1_737' title='bbox 2876 4673 3023 4728; x_wconf 84' lang='lat' dir='ltr'>Nihil</span> <span class='ocrx_word' id='word_1_738' title='bbox 3053 4677 3247 4729; x_wconf 89' lang='lat' dir='ltr'>autem</span> <span class='ocrx_word' id='word_1_739' title='bbox 3285 4675 3517 4746; x_wconf 91' lang='lat' dir='ltr'>prodest</span> <span class='ocrx_word' id='word_1_740' title='bbox 3545 4677 3847 4733; x_wconf 90' lang='lat' dir='ltr'>Dominum</span> 
     </span>
    </p>
   </div>
   <div class='ocr_carea' id='block_1_63' title="bbox 2215 4767 3847 4838">
    <p class='ocr_par' dir='ltr' id='par_1_63' title="bbox 2215 4767 3847 4838">
     <span class='ocr_line' id='line_1_64' title="bbox 2215 4767 3847 4838; baseline 0.002 -16"><span class='ocrx_word' id='word_1_741' title='bbox 2215 4774 2472 4824; x_wconf 91' lang='lat' dir='ltr'>nostrum</span> <span class='ocrx_word' id='word_1_742' title='bbox 2505 4769 2691 4823; x_wconf 85' lang='lat' dir='ltr'>beata</span> <span class='ocrx_word' id='word_1_743' title='bbox 2719 4767 2909 4823; x_wconf 86' lang='lat' dir='ltr'>Maria</span> <span class='ocrx_word' id='word_1_744' title='bbox 2938 4767 3177 4838; x_wconf 87' lang='lat' dir='ltr'>virginis</span> <span class='ocrx_word' id='word_1_745' title='bbox 3208 4769 3389 4824; x_wconf 83' lang='lat' dir='ltr'>filium</span> <span class='ocrx_word' id='word_1_746' title='bbox 3422 4771 3717 4825; x_wconf 90' lang='lat' dir='ltr'>hominem</span> <span class='ocrx_word' id='word_1_747' title='bbox 3756 4771 3847 4827; x_wconf 81' lang='lat' dir='ltr'>di-</span> 
     </span>
    </p>
   </div>
   <div class='ocr_carea' id='block_1_64' title="bbox 2214 4858 3849 4934">
    <p class='ocr_par' dir='ltr' id='par_1_64' title="bbox 2214 4858 3849 4934">
     <span class='ocr_line' id='line_1_65' title="bbox 2214 4858 3849 4934; baseline 0.002 -17"><span class='ocrx_word' id='word_1_748' title='bbox 2214 4878 2364 4930; x_wconf 89' lang='lat' dir='ltr'>cere,</span> <span class='ocrx_word' id='word_1_749' title='bbox 2414 4863 2462 4916; x_wconf 89' lang='lat' dir='ltr'>si</span> <span class='ocrx_word' id='word_1_750' title='bbox 2514 4878 2630 4917; x_wconf 91' lang='lat' dir='ltr'>non</span> <span class='ocrx_word' id='word_1_751' title='bbox 2680 4861 2834 4916; x_wconf 88' lang='lat' dir='ltr'>illius</span> <span class='ocrx_word' id='word_1_752' title='bbox 2888 4862 3116 4932; x_wconf 88' lang='lat' dir='ltr'>generis</span> <span class='ocrx_word' id='word_1_753' title='bbox 3165 4867 3335 4934; x_wconf 89' lang='lat' dir='ltr'>atque</span> <span class='ocrx_word' id='word_1_754' title='bbox 3387 4864 3621 4919; x_wconf 90' lang='lat' dir='ltr'>seminis</span> <span class='ocrx_word' id='word_1_755' title='bbox 3673 4858 3849 4921; x_wconf 88' lang='lat' dir='ltr'>homo</span> 
     </span>
    </p>
   </div>
   <div class='ocr_carea' id='block_1_65' title="bbox 2215 4954 3844 5029">
    <p class='ocr_par' dir='ltr' id='par_1_65' title="bbox 2215 4954 3844 5029">
     <span class='ocr_line' id='line_1_66' title="bbox 2215 4954 3844 5029; baseline 0.003 -20"><span class='ocrx_word' id='word_1_756' title='bbox 2215 4955 2485 5023; x_wconf 89' lang='lat' dir='ltr'>creditur,</span> <span class='ocrx_word' id='word_1_757' title='bbox 2508 4955 2669 5026; x_wconf 91' lang='lat' dir='ltr'>cujus</span> <span class='ocrx_word' id='word_1_758' title='bbox 2684 4955 2744 5009; x_wconf 90' lang='lat' dir='ltr'>in</span> <span class='ocrx_word' id='word_1_759' title='bbox 2764 4954 2885 5027; x_wconf 91' lang='lat' dir='ltr'>ipso</span> <span class='ocrx_word' id='word_1_760' title='bbox 2913 4955 3206 5027; x_wconf 88' lang='lat' dir='ltr'>Evangelii</span> <span class='ocrx_word' id='word_1_761' title='bbox 3228 4956 3458 5011; x_wconf 81' lang='lat' dir='ltr'>exordio</span> <span class='ocrx_word' id='word_1_762' title='bbox 3484 4957 3844 5029; x_wconf 80' lang='lat' dir='ltr'>praedicatur.</span> 
     </span>
    </p>
   </div>
   <div class='ocr_carea' id='block_1_66' title="bbox 2216 5049 3847 5123">
    <p class='ocr_par' dir='ltr' id='par_1_66' title="bbox 2216 5049 3847 5123">
     <span class='ocr_line' id='line_1_67' title="bbox 2216 5049 3847 5123; baseline 0.004 -20"><span class='ocrx_word' id='word_1_763' title='bbox 2216 5049 2372 5103; x_wconf 89' lang='lat' dir='ltr'>Unde</span> <span class='ocrx_word' id='word_1_764' title='bbox 2416 5049 2663 5104; x_wconf 87' lang='lat' dir='ltr'>multum</span> <span class='ocrx_word' id='word_1_765' title='bbox 2702 5049 2890 5118; x_wconf 89' lang='lat' dir='ltr'>doleo,</span> <span class='ocrx_word' id='word_1_766' title='bbox 2937 5050 3297 5121; x_wconf 89' lang='lat' dir='ltr'>multumque</span> <span class='ocrx_word' id='word_1_767' title='bbox 3341 5050 3663 5120; x_wconf 88' lang='lat' dir='ltr'>contristor,</span> <span class='ocrx_word' id='word_1_768' title='bbox 3693 5054 3847 5123; x_wconf 90' lang='lat' dir='ltr'>quod</span> 
     </span>
    </p>
   </div>
   <div class='ocr_carea' id='block_1_67' title="bbox 2216 5141 3843 5215">
    <p class='ocr_par' dir='ltr' id='par_1_67' title="bbox 2216 5141 3843 5215">
     <span class='ocr_line' id='line_1_68' title="bbox 2216 5141 3843 5215; baseline 0.003 -19"><span class='ocrx_word' id='word_1_769' title='bbox 2216 5141 2307 5196; x_wconf 90' lang='lat' dir='ltr'>hic</span> <span class='ocrx_word' id='word_1_770' title='bbox 2337 5142 2436 5212; x_wconf 90' lang='lat' dir='ltr'>qui</span> <span class='ocrx_word' id='word_1_771' title='bbox 2477 5147 2608 5197; x_wconf 88' lang='lat' dir='ltr'>ante</span> <span class='ocrx_word' id='word_1_772' title='bbox 2638 5142 2708 5198; x_wconf 89' lang='lat' dir='ltr'>de</span> <span class='ocrx_word' id='word_1_773' title='bbox 2748 5142 3089 5197; x_wconf 89' lang='lat' dir='ltr'>humilitatis</span> <span class='ocrx_word' id='word_1_774' title='bbox 3118 5143 3409 5215; x_wconf 90' lang='lat' dir='ltr'>proposito</span> <span class='ocrx_word' id='word_1_775' title='bbox 3436 5143 3733 5200; x_wconf 85' lang='lat' dir='ltr'>laudabilis</span> <span class='ocrx_word' id='word_1_776' title='bbox 3760 5147 3843 5201; x_wconf 87' lang='lat' dir='ltr'>vi-</span> 
     </span>
    </p>
   </div>
   <div class='ocr_carea' id='block_1_68' title="bbox 2214 5234 3846 5310">
    <p class='ocr_par' dir='ltr' id='par_1_68' title="bbox 2214 5234 3846 5310">
     <span class='ocr_line' id='line_1_69' title="bbox 2214 5234 3846 5310; baseline 0.004 -22"><span class='ocrx_word' id='word_1_777' title='bbox 2214 5234 2474 5304; x_wconf 84' lang='lat' dir='ltr'>debatur,</span> <span class='ocrx_word' id='word_1_778' title='bbox 2503 5240 2699 5289; x_wconf 87' lang='lat' dir='ltr'>contra</span> <span class='ocrx_word' id='word_1_779' title='bbox 2722 5234 2952 5289; x_wconf 90' lang='lat' dir='ltr'>unicam</span> <span class='ocrx_word' id='word_1_780' title='bbox 2996 5251 3156 5306; x_wconf 90' lang='lat' dir='ltr'>spem</span> <span class='ocrx_word' id='word_1_781' title='bbox 3191 5240 3467 5306; x_wconf 90' lang='lat' dir='ltr'>nostram,</span> <span class='ocrx_word' id='word_1_782' title='bbox 3500 5242 3846 5310; x_wconf 87' lang='lat' dir='ltr'>patrumque</span> 
     </span>
    </p>
   </div>
   <div class='ocr_carea' id='block_1_69' title="bbox 2213 5327 3842 5399">
    <p class='ocr_par' dir='ltr' id='par_1_69' title="bbox 2213 5327 3842 5399">
     <span class='ocr_line' id='line_1_70' title="bbox 2213 5327 3842 5399; baseline 0.003 -16"><span class='ocrx_word' id='word_1_783' title='bbox 2213 5332 2558 5395; x_wconf 89' lang='lat' dir='ltr'>nostrorum,</span> <span class='ocrx_word' id='word_1_784' title='bbox 2596 5344 2740 5382; x_wconf 89' lang='lat' dir='ltr'>vana</span> <span class='ocrx_word' id='word_1_785' title='bbox 2779 5334 2837 5383; x_wconf 87' lang='lat' dir='ltr'>et</span> <span class='ocrx_word' id='word_1_786' title='bbox 2870 5327 3040 5382; x_wconf 91' lang='lat' dir='ltr'>nimis</span> <span class='ocrx_word' id='word_1_787' title='bbox 3072 5344 3335 5399; x_wconf 87' lang='lat' dir='ltr'>perversa</span> <span class='ocrx_word' id='word_1_788' title='bbox 3364 5331 3534 5385; x_wconf 89' lang='lat' dir='ltr'>audet</span> <span class='ocrx_word' id='word_1_789' title='bbox 3566 5335 3842 5397; x_wconf 86' lang='lat' dir='ltr'>astruere,</span> 
     </span>
    </p>
   </div>
   <div class='ocr_carea' id='block_1_70' title="bbox 2212 5421 3846 5493">
    <p class='ocr_par' dir='ltr' id='par_1_70' title="bbox 2212 5421 3846 5493">
     <span class='ocr_line' id='line_1_71' title="bbox 2212 5421 3846 5493; baseline 0.004 -18"><span class='ocrx_word' id='word_1_790' title='bbox 2212 5422 2310 5493; x_wconf 90' lang='lat' dir='ltr'>qui</span> <span class='ocrx_word' id='word_1_791' title='bbox 2349 5438 2481 5476; x_wconf 90' lang='lat' dir='ltr'>cum</span> <span class='ocrx_word' id='word_1_792' title='bbox 2516 5422 2731 5476; x_wconf 86' lang='lat' dir='ltr'>videret</span> <span class='ocrx_word' id='word_1_793' title='bbox 2765 5421 3110 5492; x_wconf 89' lang='lat' dir='ltr'>insipientia</span> <span class='ocrx_word' id='word_1_794' title='bbox 3147 5439 3264 5477; x_wconf 89' lang='lat' dir='ltr'>sua</span> <span class='ocrx_word' id='word_1_795' title='bbox 3296 5438 3523 5479; x_wconf 87' lang='lat' dir='ltr'>sensum</span> <span class='ocrx_word' id='word_1_796' title='bbox 3553 5425 3846 5482; x_wconf 87' lang='lat' dir='ltr'>catholicis</span> 
     </span>
    </p>
   </div>
   <div class='ocr_carea' id='block_1_71' title="bbox 2211 5514 3848 5589">
    <p class='ocr_par' dir='ltr' id='par_1_71' title="bbox 2211 5514 3848 5589">
     <span class='ocr_line' id='line_1_72' title="bbox 2211 5514 3848 5589; baseline 0.004 -20"><span class='ocrx_word' id='word_1_797' title='bbox 2211 5514 2442 5571; x_wconf 89' lang='lat' dir='ltr'>auribus</span> <span class='ocrx_word' id='word_1_798' title='bbox 2485 5515 2804 5586; x_wconf 88' lang='lat' dir='ltr'>displicere,</span> <span class='ocrx_word' id='word_1_799' title='bbox 2849 5532 3115 5571; x_wconf 88' lang='lat' dir='ltr'>revocare</span> <span class='ocrx_word' id='word_1_800' title='bbox 3147 5533 3208 5571; x_wconf 93' lang='lat' dir='ltr'>se</span> <span class='ocrx_word' id='word_1_801' title='bbox 3247 5533 3278 5570; x_wconf 87' lang='lat' dir='ltr'>a</span> <span class='ocrx_word' id='word_1_802' title='bbox 3319 5533 3423 5571; x_wconf 90' lang='lat' dir='ltr'>sua</span> <span class='ocrx_word' id='word_1_803' title='bbox 3445 5518 3716 5589; x_wconf 89' lang='lat' dir='ltr'>opinione</span> <span class='ocrx_word' id='word_1_804' title='bbox 3749 5520 3848 5576; x_wconf 87' lang='lat' dir='ltr'>de-</span> 
     </span>
    </p>
   </div>
   <div class='ocr_carea' id='block_1_72' title="bbox 2210 5608 3849 5681">
    <p class='ocr_par' dir='ltr' id='par_1_72' title="bbox 2210 5608 3849 5681">
     <span class='ocr_line' id='line_1_73' title="bbox 2210 5608 3849 5681; baseline 0.005 -18"><span class='ocrx_word' id='word_1_805' title='bbox 2210 5609 2430 5676; x_wconf 87' lang='lat' dir='ltr'>buerat,</span> <span class='ocrx_word' id='word_1_806' title='bbox 2474 5625 2547 5663; x_wconf 91' lang='lat' dir='ltr'>ne</span> <span class='ocrx_word' id='word_1_807' title='bbox 2593 5609 2668 5664; x_wconf 90' lang='lat' dir='ltr'>ita</span> <span class='ocrx_word' id='word_1_808' title='bbox 2716 5608 2972 5663; x_wconf 86' lang='lat' dir='ltr'>Ecclesia</span> <span class='ocrx_word' id='word_1_809' title='bbox 3015 5611 3289 5681; x_wconf 89' lang='lat' dir='ltr'>prasules</span> <span class='ocrx_word' id='word_1_810' title='bbox 3325 5618 3736 5677; x_wconf 88' lang='lat' dir='ltr'>commoveret,</span> <span class='ocrx_word' id='word_1_811' title='bbox 3785 5621 3849 5671; x_wconf 89' lang='lat' dir='ltr'>ut</span> 
     </span>
    </p>
   </div>
   <div class='ocr_carea' id='block_1_73' title="bbox 2209 5702 3845 5779">
    <p class='ocr_par' dir='ltr' id='par_1_73' title="bbox 2209 5702 3845 5779">
     <span class='ocr_line' id='line_1_74' title="bbox 2209 5702 3845 5779; baseline 0.003 -20"><span class='ocrx_word' id='word_1_812' title='bbox 2209 5702 2549 5759; x_wconf 87' lang='lat' dir='ltr'>sententiam</span> <span class='ocrx_word' id='word_1_813' title='bbox 2589 5702 2977 5758; x_wconf 90' lang='lat' dir='ltr'>damnationis</span> <span class='ocrx_word' id='word_1_814' title='bbox 3011 5704 3317 5775; x_wconf 84' lang='lat' dir='ltr'>exciperet.</span> <span class='ocrx_word' id='word_1_815' title='bbox 3353 5706 3535 5770; x_wconf 84' lang='lat' dir='ltr'>Quam</span> <span class='ocrx_word' id='word_1_816' title='bbox 3565 5707 3760 5779; x_wconf 88' lang='lat' dir='ltr'>utique</span> <span class='ocrx_word' id='word_1_817' title='bbox 3796 5711 3845 5764; x_wconf 91' lang='lat' dir='ltr'>si</span> 
     </span>
    </p>
   </div>
   <div class='ocr_carea' id='block_1_74' title="bbox 2208 5795 3841 5870">
    <p class='ocr_par' dir='ltr' id='par_1_74' title="bbox 2208 5795 3841 5870">
     <span class='ocr_line' id='line_1_75' title="bbox 2208 5795 3841 5870; baseline 0.004 -21"><span class='ocrx_word' id='word_1_818' title='bbox 2208 5796 2269 5849; x_wconf 91' lang='lat' dir='ltr'>in</span> <span class='ocrx_word' id='word_1_819' title='bbox 2290 5812 2389 5850; x_wconf 91' lang='lat' dir='ltr'>suo</span> <span class='ocrx_word' id='word_1_820' title='bbox 2421 5812 2591 5850; x_wconf 90' lang='lat' dir='ltr'>sensu</span> <span class='ocrx_word' id='word_1_821' title='bbox 2626 5795 2870 5850; x_wconf 89' lang='lat' dir='ltr'>voluerit</span> <span class='ocrx_word' id='word_1_822' title='bbox 2894 5812 3257 5866; x_wconf 89' lang='lat' dir='ltr'>permanere,</span> <span class='ocrx_word' id='word_1_823' title='bbox 3299 5799 3490 5853; x_wconf 90' lang='lat' dir='ltr'>nullus</span> <span class='ocrx_word' id='word_1_824' title='bbox 3513 5800 3723 5870; x_wconf 88' lang='lat' dir='ltr'>poterit</span> <span class='ocrx_word' id='word_1_825' title='bbox 3750 5819 3841 5857; x_wconf 82' lang='lat' dir='ltr'>re-</span> 
     </span>
    </p>
   </div>
   <div class='ocr_carea' id='block_1_75' title="bbox 2210 5887 3840 5959">
    <p class='ocr_par' dir='ltr' id='par_1_75' title="bbox 2210 5887 3840 5959">
     <span class='ocr_line' id='line_1_76' title="bbox 2210 5887 3840 5959; baseline 0.004 -16"><span class='ocrx_word' id='word_1_826' title='bbox 2210 5890 2417 5943; x_wconf 84' lang='lat' dir='ltr'>laxare.</span> <span class='ocrx_word' id='word_1_827' title='bbox 2451 5887 2607 5942; x_wconf 88' lang='lat' dir='ltr'>Sedis</span> <span class='ocrx_word' id='word_1_828' title='bbox 2639 5888 2793 5943; x_wconf 87' lang='lat' dir='ltr'>enim</span> <span class='ocrx_word' id='word_1_829' title='bbox 2824 5890 3144 5959; x_wconf 83' lang='lat' dir='ltr'>apostolica</span> <span class='ocrx_word' id='word_1_830' title='bbox 3175 5892 3491 5947; x_wconf 85' lang='lat' dir='ltr'>moderatio</span> <span class='ocrx_word' id='word_1_831' title='bbox 3516 5893 3661 5949; x_wconf 84' lang='lat' dir='ltr'>hanc</span> <span class='ocrx_word' id='word_1_832' title='bbox 3690 5896 3840 5949; x_wconf 82' lang='lat' dir='ltr'>tem-</span> 
     </span>
    </p>
   </div>
  </div>
