4040 6332
177 347 269 398 921

1416 341 1880 398 DECRETALIUM
1921 335 2305 398 CULLECTIU.

3438 351 3540 400 922

175 451 502 521 perantiam
534 455 740 520 servat,
764 457 902 505 utet
933 451 1182 506 severius
1209 457 1346 522 agat
1369 467 1501 505 cum
1524 451 1816 506 obduratis
1837 465 1894 536 Α
1914 451 2128 506 habent
2180 452 2348 523 hujus
2401 452 2824 522 supputationis
2883 451 3172 523 peritiam,
3222 451 3557 524 diligentius

173 549 229 598 et
251 543 485 598 veniam
505 543 700 614 cupiat
722 549 992 615 praestare
1023 545 1308 599 correctis.
1342 543 1486 608 Quia
1507 560 1646 615 ergo
1675 544 1815 598 mihi

173 639 356 692 multa
415 636 626 692 ﬁducia
670 640 755 693 est
802 638 870 692 de
915 638 1144 709 pietatis
1187 641 1391 692 vestrae
1439 637 1820 692 sincerissima

172 732 302 799 ﬁde,
337 731 575 786 obsecro
622 731 991 786 clementiam
1035 737 1308 800 vestram,
1341 737 1404 799 ut
1443 732 1586 786 sicut
1627 735 1818 786 sancto

172 825 360 879 studio
403 831 504 879 tuo
543 825 823 879 catholica
863 825 1194 896 praedicatio
1229 842 1456 896 semper
1486 825 1679 895 adjuta
1711 828 1814 891 est,

170 917 247 972 ita
277 935 437 972 nunc
465 935 695 989 quoque
720 918 975 988 ejusdem
999 918 1251 973 libertati
1282 919 1492 973 faveas.
1521 920 1641 972 Non
1664 917 1817 972 enim

170 1011 541 1082 portiuncula
570 1011 765 1082 aliqua
804 1012 938 1066 ﬁdei
983 1017 1192 1066 nostrae
1234 1029 1360 1083 quae
1392 1013 1588 1066 minus
1629 1011 1816 1065 lucide

172 1105 244 1158 sit
276 1105 434 1159 clara
461 1105 738 1176 pulsatur.
777 1105 882 1160 Sed
915 1107 1019 1159 hoc
1044 1105 1297 1176 imperta
1326 1105 1618 1160 resultatio
1646 1105 1819 1159 audet

172 1199 480 1265 incessere,
514 1197 667 1270 quod
713 1199 984 1254 Dominus
1026 1199 1085 1252 in
1113 1199 1357 1253 Ecclesia
1385 1215 1484 1254 sua
1521 1199 1815 1252 neminem

171 1292 346 1346 voluit
372 1293 665 1364 ignorare.
695 1294 764 1346 Et
798 1292 930 1347 ideo
956 1309 1059 1364 pro
1093 1296 1293 1346 vestrae
1327 1293 1548 1363 pietatis
1577 1308 1812 1346 consue-

171 1386 368 1440 tudine
401 1386 701 1440 elaborare
731 1386 1072 1457 dignemini,
1098 1389 1162 1440 ut
1187 1389 1386 1440 contra
1418 1385 1703 1456 singulare
1733 1403 1816 1439 sa-

171 1484 536 1534 cramentum
604 1480 798 1533 salutis
880 1480 1145 1534 humanae
1173 1523 1186 1549 ,
1254 1480 1408 1552 quod
1484 1480 1817 1550 blasphema

171 1574 509 1645 insipientia
537 1573 796 1644 protulit,
826 1574 897 1628 ab
935 1575 1196 1628 omnium
1238 1574 1444 1627 animis
1482 1573 1812 1644 repellatur,

165 1684 231 1721 ac
259 1669 308 1721 si
343 1668 466 1739 ipse
508 1667 606 1738 qui
643 1668 704 1722 in
742 1667 847 1721 hac
893 1667 1204 1722 tentatione
1251 1667 1469 1734 incidit,
1502 1666 1812 1738 resipiscat,

171 1761 250 1816 ita
278 1765 342 1816 ut
371 1761 527 1833 quod
568 1761 723 1815 male
768 1767 1024 1816 senserat
1063 1760 1296 1832 propria
1325 1778 1457 1816 voce
1488 1765 1544 1814 et
1571 1760 1810 1814 subscri-

1917 545 1999 599 illi
2046 545 2294 600 discussa
2345 545 2586 612 ratione,
2641 550 3004 617 quaereretur
3064 562 3178 617 quo
3231 545 3322 601 die
3369 550 3560 618 posset

1916 637 2245 694 veneranda
2271 638 2602 694 solemnitas
2632 639 2842 694 rectius
2869 637 3169 694 celebrari.
3201 641 3322 703 Quo
3354 639 3554 696 rescri-

1916 731 2113 798 bente,
2140 737 2337 786 octavo
2366 731 2646 787 Kalendas
2673 732 2797 786 Maii
2827 732 3096 787 deﬁnitus
3125 737 3211 787 est
3239 732 3380 787 dies.
3411 733 3558 797 Quia

1917 841 2056 895 ergo
2107 825 2293 879 studio
2353 825 2588 879 unitatis
2630 829 2688 879 et
2729 825 2880 896 pacis
2943 825 3118 879 malui
3181 825 3553 880 Orientalium

1917 917 2234 972 deﬁnitioni
2280 918 2662 989 acquiescere,
2692 935 2864 989 quam
2909 919 2969 972 in
3017 922 3189 973 tantae
3232 918 3554 974 festivitatis

1919 1011 2273 1066 observantia
2301 1011 2597 1078 dissidere,
2627 1011 2851 1066 noverit
2879 1012 3208 1066 fraternitas
3243 1018 3426 1067 vestra
3456 1012 3550 1066 die

1916 1111 2113 1160 octavo
2152 1106 2537 1159 Kalendarum
2581 1105 2852 1159 Maiarum
2891 1105 2962 1159 ab
2995 1105 3261 1160 omnibus
3291 1122 3546 1161 resurre-

1915 1199 2159 1253 ctionem
2192 1198 2542 1252 Dominicam
2573 1199 2992 1265 celebrandam,
3023 1205 3080 1254 et
3103 1199 3209 1253 hoc
3239 1199 3428 1270 ipsum
3449 1215 3551 1270 per

1915 1309 2014 1346 vos
2041 1292 2163 1347 aliis
2189 1309 2309 1346 esse
2339 1292 2607 1346 fratribus
2637 1292 3042 1360 intimandum,
3075 1297 3137 1346 ut
3164 1293 3370 1347 divinae
3394 1293 3550 1364 pacis

1916 1387 2215 1454 consortio,
2249 1386 2394 1441 sicut
2420 1404 2535 1440 una
2562 1387 2672 1441 ﬁde
2692 1386 3016 1457 jungimur,
3047 1387 3120 1440 ita
3147 1403 3261 1441 una
3291 1387 3551 1441 solemni-

1918 1485 2029 1535 tate
2061 1481 2351 1535 feriemur.

2019 1576 2211 1631 XCVII.
2242 1607 2309 1614 —
2347 1575 2437 1630 Ad
2474 1575 2892 1637 Samart-ionem,
2926 1575 3302 1637 Carathonem,
3332 1578 3440 1629 etc.

1985 1669 2243 1723 Dominis
2289 1668 2562 1723 fratribus
2602 1669 2808 1723 merito
2851 1668 3195 1723 beatissimis
3223 1668 3286 1722 in
3326 1668 3547 1724 Christo

1917 1763 2351 1830 venerabilibus,
2422 1762 2786 1830 Samartioni,
2851 1762 3175 1829 Carathoni,
3235 1761 3548 1829 Desiderio,

170 1855 369 1926 ptione
416 1855 784 1924 condemnet,
819 1855 1216 1910 communioni
1242 1855 1323 1909 illi
1365 1855 1450 1908 sui
1480 1854 1696 1909 ordinis
1722 1871 1810 1908 re-
1834 1837 1890 1909 Β
1914 1857 2189 1928 episcopis
2222 1863 2278 1911 et
2322 1856 2666 1928 presbyteris
2711 1856 2972 1910 omnium
3017 1856 3382 1911 ecclesiarum
3420 1871 3550 1927 quae

170 1950 475 2004 formetur.
534 1948 697 2013 Quod
763 1949 936 2004 etiam
989 1949 1153 2004 fratri
1204 1953 1259 2003 et
1305 1949 1638 2020 coepiscopo
1681 1965 1810 2002 meo

172 2044 419 2098 Faviano
445 2060 539 2097 me
572 2043 875 2097 clementia
900 2046 1084 2097 vestra
1121 2047 1440 2114 cognoscat,
1472 2045 1528 2096 et
1554 2042 1643 2096 his
1671 2059 1812 2112 quos

171 2137 434 2192 misimus
489 2137 799 2206 delegasse,
842 2141 906 2190 ut
952 2137 1118 2192 venia
1167 2135 1532 2202 concedatur,
1565 2135 1611 2188 si
1655 2152 1814 2190 error

175 2231 455 2286 aboletur.
501 2231 582 2284 Ne
623 2234 817 2285 autem
859 2231 1104 2302 piissimi
1147 2231 1419 2301 principis
1455 2229 1810 2301 dispositioni

176 2341 303 2395 quae
332 2325 651 2396 episcopale
684 2323 988 2378 concilium
1019 2323 1196 2378 voluit
1228 2323 1587 2394 congregari,
1618 2326 1812 2377 nostra

173 2419 462 2473 videretur
487 2417 791 2489 praesentia
819 2417 1084 2485 defuisse,
1117 2417 1317 2472 fratres
1342 2434 1499 2471 meos
1525 2417 1808 2472 lulianum

175 2514 529 2584 episcopum,
563 2513 849 2566 Renatum
879 2512 1300 2583 presbyterum,
1331 2515 1385 2565 et
1411 2511 1590 2565 ﬁlium
1617 2527 1808 2564 meum

175 2607 446 2661 Hilarium
477 2605 784 2660 diaconum
816 2606 964 2675 misi,
992 2607 1088 2677 qui
1117 2606 1292 2660 vicem
1322 2605 1638 2677 praesentiae
1667 2620 1809 2658 meae

177 2700 415 2772 implere
446 2701 792 2754 sufﬁcerent.
824 2700 932 2755 Sed
968 2699 1019 2754 ei
1048 2700 1146 2771 qui
1176 2700 1236 2753 in
1273 2716 1465 2754 errore
1498 2704 1584 2753 est
1609 2697 1809 2752 melius

177 2795 520 2860 consuletur,
551 2794 595 2848 si
624 2793 702 2847 ibi
729 2793 827 2848 ubi
855 2793 1124 2864 desipuit,
1161 2793 1374 2848 ibidem
1410 2792 1723 2864 resipiscat,
1757 2796 1812 2846 et

176 2889 270 2942 ubi
298 2889 728 2943 damnationem
755 2887 985 2956 meruit,
1020 2887 1134 2941 illic
1163 2886 1581 2958 indulgentiam
1609 2903 1807 2940 conse-

178 2988 405 3053 quatur.
449 2983 585 3036 Data
614 2981 741 3037 ldus
770 2981 940 3050 Junii,
970 2981 1196 3036 Asturio
1230 2984 1289 3035 et
1331 2983 1648 3051 Protogene
1676 2979 1810 3033 viris

175 3077 364 3131 claris.
402 3093 558 3130 cons.

242 3194 416 3250 XCVI.
448 3225 516 3232 —
547 3193 641 3247 Ad
664 3195 941 3248 universos
984 3194 1254 3262 episcopos
1278 3209 1380 3262 per
1413 3193 1647 3249 Galliam
1690 3194 1737 3243 et

551 3267 877 3334 Hispaniam
904 3266 1232 3319 constitutos.

245 3360 354 3413 Leo
366 3358 745 3413 dilectissimis
758 3358 1028 3412 fratribus
1043 3357 1320 3412 universis
1333 3355 1608 3427 episcopis
1620 3357 1810 3409 catho-

175 3453 293 3506 licis
316 3469 424 3523 per
444 3451 686 3507 Galliam
709 3457 764 3506 et
784 3451 1110 3522 Hispaniam
1139 3449 1460 3505 constitutis
1485 3450 1554 3503 de
1574 3449 1804 3503 Pascha.

243 3547 388 3600 Cum
412 3546 471 3600 in
498 3546 766 3600 omnibus
801 3545 1122 3599 divinorum
1149 3549 1570 3617 praeceptorum
1599 3543 1809 3612 regulis

175 3641 577 3712 exsequendis,
621 3640 1031 3694 sacerdotalem
1083 3638 1496 3693 observantiam
1547 3641 1810 3708 oporteat

178 3751 298 3790 esse
353 3735 718 3803 concordem,
770 3733 1019 3788 maxime
1080 3733 1242 3787 nobis
1303 3737 1358 3787 et
1423 3730 1810 3803 principaliter

173 3827 592 3900 providendum
626 3833 727 3897 est,
752 3845 822 3882 ne
851 3827 911 3881 in
945 3826 1224 3898 paschalis
1256 3826 1385 3880 festi
1415 3825 1507 3880 die
1537 3825 1622 3879 vel
1649 3825 1809 3895 igno-

175 3923 363 3977 rantia
391 3923 479 3976 vel
500 3923 866 3994 praesumptio
911 3925 1213 3993 peccatum
1251 3920 1588 3975 diversitatis
1617 3919 1805 3973 incur-

177 4024 281 4071 rat.
329 4016 488 4072 Unde
539 4017 672 4088 quia
723 4022 950 4087 tempus
1003 4015 1388 4071 sacratissimze
1431 4014 1812 4070 solemnitatis

178 4113 251 4165 ita
281 4111 583 4182 dispositos
622 4111 793 4166 habet
822 4111 1030 4166 limites
1060 4127 1212 4179 suos,
1242 4112 1306 4164 ut.
1346 4109 1591 4164 salutare
1622 4125 1807 4163 sacra-

178 4210 439 4259 mentum
481 4222 634 4260 nunc
670 4205 858 4272 citius,
899 4221 1052 4258 nunc
1099 4204 1313 4258 tardius
1357 4207 1616 4274 oporteat
1662 4204 1808 4257 cele-

176 4301 347 4367 brari,
375 4316 491 4355 non
527 4299 733 4355 desinit
769 4299 1092 4370 apostolicae
1132 4297 1284 4353 sedis
1316 4297 1636 4351 sollicitudo
1673 4313 1808 4368 pro-

177 4395 411 4465 spicere,
468 4411 541 4449 ne
590 4393 808 4449 devotio
855 4393 1229 4448 ecclesiastica
1297 4392 1488 4462 aliquo
1550 4389 1813 4444 turbetur

178 4488 417 4544 incerto.
465 4489 606 4544 Cum
649 4489 828 4559 igitur
884 4488 945 4541 in
990 4486 1337 4559 quibusdam
1382 4484 1814 4556 ascriptionibus

1830 3217 1884 3290 C

1913 1955 2044 2005 sunt
2087 1951 2235 2006 intra
2279 1951 2625 2022 provinciam
2670 1951 2972 2005 Thraciam
3031 1949 3373 2017 constitutae,
3419 1950 3549 2016 Leo,

1911 2044 2211 2112 Victorius,
2246 2044 2524 2099 Eustatius
2560 2043 2831 2115 episcopi.

1981 2141 2154 2193 Tanta
2203 2138 2393 2193 saeculi
2420 2140 2727 2209 potestates
2773 2137 2922 2191 circa
2950 2137 3363 2192 sacerdotalem
3398 2137 3550 2191 ordi-

1910 2249 2046 2288 nem
2107 2233 2427 2287 reverentia
2487 2231 2841 2304 pervaluere,
2895 2230 3067 2285 etiam
3125 2230 3184 2284 hi
3234 2247 3374 2302 quos
3441 2230 3546 2283 sub

1910 2326 2195 2397 imperiali
2245 2326 2483 2380 nomine
2530 2326 2700 2380 terris
2755 2325 2944 2379 divina
3000 2325 3252 2396 potentia
3306 2340 3552 2396 praeesse

1909 2421 2200 2492 praecepit,
2234 2424 2299 2473 ut
2327 2421 2424 2490 jus
2455 2419 2987 2488 distringendorum
3029 2418 3388 2489 negotiorum
3428 2417 3548 2489 epi—

1909 2515 2092 2584 scopis
2131 2514 2356 2583 sanctis,
2379 2514 2540 2584 juxta
2568 2513 2771 2567 divalia
2796 2512 3106 2566 constituta
3151 2510 3545 2583 permiserint.

1911 2609 2070 2672 Quod
2091 2626 2219 2662 cum
2247 2614 2302 2663 et
2313 2607 2459 2678 juris
2488 2607 2708 2678 antiqui
2728 2605 2992 2661 formulis
3015 2609 3074 2660 et
3091 2604 3260 2660 illatis
3287 2606 3552 2676 frequen-

1911 2703 2021 2756 tius
2047 2701 2118 2756 sit
2148 2705 2205 2756 et
2235 2702 2455 2773 legibus
2485 2701 2908 2769 conﬁrmatum,
2939 2700 3255 2770 pmsertim
3288 2703 3548 2770 tempore

1912 2815 1945 2851 a
1970 2797 2256 2868 plerisque
2279 2795 2597 2849 invenimus
2623 2794 2794 2849 fuisse
2826 2781 3289 2862 calcatlim.\Nam
3318 2795 3550 2863 praeter-

1909 2891 2080 2944 misso
2103 2889 2436 2945 sacerdotali
2454 2888 2671 2959 judicio
2697 2888 2905 2960 passim
2923 2888 2992 2942 ad
3014 2871 3249 2942 examen
3278 2886 3547 2941 szeculare

1910 2984 2169 3039 transire.
2224 2983 2500 3048 Quocirca
2562 2982 2726 3037 nobis
2788 2982 2970 3036 visum
3037 2985 3138 3049 est,
3182 2986 3247 3035 ut
3289 2980 3436 3034 hanc
3494 2983 3552 3034 et.

1911 3095 2083 3133 sacrae
2144 3077 2283 3147 legis
2331 3081 2389 3130 et
2433 3075 2612 3131 nostri
2660 3075 2874 3131 ordinis
2924 3075 3330 3130 contumeliam
3381 3079 3437 3128 et
3479 3075 3550 3127 ad

1911 3189 2158 3243 praesens
2198 3171 2562 3226 ulcisceretur
2593 3171 2766 3241 plena
2810 3169 3108 3236 districtio,
3141 3174 3199 3222 et
3242 3168 3548 3222 observan-

1909 3267 2035 3320 dam
2079 3265 2392 3320 formulam
2425 3264 2794 3319 constitueret
2832 3263 2890 3316 in
2934 3263 3212 3317 futurum.
3244 3265 3550 3318 Censemus

1908 3361 2100 3431 itaque
2131 3364 2196 3414 ut
2216 3360 2542 3430 quicunque
2572 3357 2952 3429 praetermisso
2983 3356 3270 3410 sacerdote
3297 3355 3547 3410 ecclesia:

1910 3470 2024 3508 sum
2065 3454 2136 3507 ad
2183 3452 2656 3523 disceptationem
2691 3451 2909 3505 venerit
2957 3449 3336 3518 saecularium,
3372 3448 3546 3503 sacris

1908 3547 2200 3602 liminibus
2244 3547 2510 3617 expulsus
2540 3563 2572 3599 a
2618 3545 2829 3599 caelesti
2875 3550 3137 3598 arceatur
3181 3542 3401 3597 altario.
3435 3543 3542 3596 Ne-

1911 3659 2021 3713 que
2081 3641 2227 3695 ullus
2280 3643 2409 3711 post
2452 3640 2596 3694 hanc
2656 3637 3049 3692 deﬁnitionem
3098 3639 3197 3709 qui
3253 3627 3545 3691 communi

1910 3735 2054 3790 sedit
2110 3733 2343 3789 arbitrio
2395 3733 2710 3805 quidquam
2771 3732 2876 3786 sibi
2929 3733 3076 3786 ultra
3145 3731 3540 3803 praescriptum

1909 3829 2198 3883 vindicare
2242 3828 2478 3882 nitatur.
2517 3829 2594 3881 Ita
2624 3826 2769 3895 ﬁeri,
2797 3829 2859 3880 ut
2891 3825 2951 3881 hi
2980 3826 3075 3898 qui
3113 3831 3244 3880 ante
3287 3841 3546 3879 erravere

1911 3940 2165 3993 congrua
2190 3921 2594 3978 emendatione
2616 3937 2674 3975 se
2703 3920 3009 3992 corrigant,
3035 3923 3093 3974 et
3115 3920 3213 3991 qui
3236 3920 3338 3974 sub
3361 3918 3548 3974 obser~

1913 4018 2138 4073 vatione
2171 4017 2414 4072 clericali
2455 4016 2664 4071 caelesti
2693 4015 2968 4088 probatur
2999 4015 3209 4069 servire
3238 4013 3449 4081 ofﬁcio,
3479 4030 3548 4068 ex

1912 4113 2062 4166 clero
2089 4110 2492 4182 abjiciendum,
2524 4111 2569 4164 si
2595 4111 2979 4180 praztermisso
3009 4109 3367 4164 sacerdotum
3388 4106 3548 4178 judi-

1914 4206 2001 4260 cio
2032 4206 2362 4260 saecularem
2393 4204 2598 4258 adierit
2628 4207 2990 4274 potestatem.
3016 4203 3178 4266 Quod
3205 4202 3333 4256 ideo
3362 4202 3548 4272 singu-

1912 4300 1996 4353 los
2062 4297 2789 4368 universosqnevolumus
2862 4311 3193 4365 agnoscere,
3263 4300 3327 4349 ut
3392 4294 3547 4364 quod

1913 4393 2080 4462 pleno
2138 4390 2376 4460 justiﬁes
2430 4393 2485 4443 et
2530 4389 2676 4459 juris
2738 4388 2940 4442 ordine
3012 4387 3385 4441 constitutum
3440 4391 3544 4454 est,

1913 4485 2177 4540 effectum
2225 4483 2395 4538 totius
2446 4482 2728 4537 ﬁrmitatis
2787 4482 2842 4535 in
2897 4480 3163 4536 omnibus
3211 4480 3547 4536 clericorum

177 4583 408 4638 Patrum
437 4582 695 4638 futurum
725 4583 983 4655 proxime
1013 4582 1224 4637 Pascha
1253 4579 1473 4634 Domini
1498 4579 1567 4633 ab
1600 4578 1723 4632 aliis
1754 4577 1811 4631 in
1831 4593 1892 4666 D
1913 4578 2155 4649 negotiis
2199 4578 2489 4632 sortiatur.
2525 4576 2672 4632 Sane
2717 4576 2762 4629 si
2805 4575 3039 4630 clericus
3081 4576 3292 4630 laicum
3340 4576 3545 4646 pulset,

180 4677 330 4732 diem
379 4677 936 4749 quintumdecimum
986 4677 1264 4732 Kalendas
1288 4675 1457 4739 'Maii,
1490 4673 1561 4727 ab
1599 4673 1722 4728 aliis
1752 4674 1812 4727 in

180 4770 330 4826 diem
369 4775 632 4827 octavum
674 4774 1055 4828 Kalendarum
1097 4771 1429 4826 earumdem
1464 4768 1816 4823 inveniretur

179 4866 509 4938 ascriptum,
543 4871 764 4922 tantum
802 4884 894 4922 me
940 4865 1228 4922 diversitas
1273 4864 1379 4918 ista
1421 4863 1724 4934 permovit,
1757 4867 1817 4915 ut

177 4960 626 5015 clementissimo
667 4961 910 5032 principi
951 4961 1229 5016 Marciano
1273 4975 1467 5014 curam
1511 4957 1580 5012 de
1620 4957 1723 5010 hac
1754 4973 1813 5011 re

177 5054 349 5110 animi
379 5056 491 5108 mei
519 5055 850 5126 penderem,
872 5060 934 5109 ut
965 5055 1331 5126 praecipiente
1359 5054 1478 5124 ipso
1507 5051 1578 5106 ab
1609 5051 1696 5105 his
1718 5051 1815 5122 qui

185 5157 500 5170 ———

509 5148 3328 5170 *Μ

1913 4673 2070 4746 prius
2096 4690 2157 4726 se
2182 4671 2365 4726 audiri
2395 4670 2466 4724 ab
2493 4670 2773 4742 episcopis
2807 4674 3027 4741 poscat,
3057 4674 3178 4724 tum
3212 4670 3256 4723 si
3286 4669 3548 4741 petitioni
3590 4742 3595 4747 Α

1914 4784 2028 4822 suae
2073 4767 2281 4821 laicum
2327 4765 2534 4819 viderit
2579 4763 2806 4819 obviare
2856 4780 2924 4818 ex
2967 4764 3250 4835 permissu
3298 4764 3549 4835 episcopi

1914 4862 1997 4915 sui
2037 4862 2095 4915 in
2136 4860 2327 4916 saeculi
2370 4859 2764 4914 moderatores
2804 4857 3211 4928 disceptatione
3255 4857 3545 4930 conﬂigat.

1913 4957 2021 5010 Leo
2064 4957 2358 5027 episcopus
2399 4953 2623 5024 scribit;
2656 4953 2933 5008 Victorius
2975 4951 3269 5022 episcopus
3315 4951 3541 5019 scribit;
3575 5005 3602 5027 ,λ

1914 5025 2198 5104 Eustatius
2228 5050 2526 5121 episcopus
2559 5047 2768 5102 scribit.

781 5235 1352 5327 INCIPIUNT
1445 5233 1967 5325 DECRETA
2058 5229 2488 5322 HILABII
2580 5228 2937 5320 PAPZE.

1427 5367 1820 5433 INCIPIUNT
1884 5365 2294 5432 CAPITULA.

251 5545 300 5594 l.
333 5540 402 5595 Ut
429 5556 679 5595 canones
710 5542 914 5596 Νὴ)ωηὶ
944 5543 1028 5595 vel
1060 5541 1380 5612 apostolicae
1410 5541 1556 5595 sedis
1585 5539 1812 5594 decreta

178 5635 592 5690 custodiantur.

218 5745 221 5748 '
247 5731 302 5784 2.
334 5730 406 5784 Ut
433 5729 670 5800 bigami,
702 5735 800 5786 aut
824 5732 1025 5799 viduae,
1055 5735 1153 5784 aut
1190 5734 1472 5801 corruptae
1516 5729 1701 5783 mariti
1745 5727 1811 5780 ad

178 5821 587 5878 ecclesiasticos
618 5825 830 5896 gradus
863 5843 975 5880 non
1005 5824 1296 5880 accedant.

251 5919 302 5975 3.
333 5918 404 5972 Ut
450 5919 789 5992 poenitentes
833 5925 932 5974 aut
979 5919 1136 5975 inscii
1186 5919 1506 5974 litterarum
1555 5917 1668 5972 sive
1712 5917 1811 5972 de-

1916 5538 2064 5591 fectu
2126 5534 2536 5600 membrorum,
2582 5536 2682 5588 aut
2737 5529 3025 5589 decisione
3087 5531 3298 5604 aliquid
3361 5529 3550 5586 minus

1916 5631 2190 5685 habentes
2219 5629 2284 5683 ad
2310 5629 2666 5700 superiorem
2697 5628 2955 5682 ordinem
2986 5645 3102 5682 non
3132 5627 3378 5680 veniant.

1986 5726 2037 5779 4.
2093 5726 2162 5778 Ut
2215 5740 2282 5776 ea
2344 5739 2472 5794 quas
2535 5721 2726 5777 illicite
2788 5722 3084 5793 episcopus
3141 5720 3227 5774 vel
3288 5717 3553 5774 decessor

1919 5821 2041 5890 ejus
2070 5817 2372 5885 ordinavit,
2401 5817 2470 5872 ab
2498 5834 2563 5872 eo
2589 5817 2685 5888 qui
2714 5821 2972 5888 superest
3007 5814 3403 5870 emendentur.

1990 5919 2039 5969 ὅ.
2083 5915 2151 5969 llt
2195 5913 2383 5968 nullus
2428 5912 2745 5983 episcopus,
2783 5910 2888 5964 sibi
2929 5910 3104 5980 eligat
3142 5923 3549 5966 successorem.

3329 5101 3702 5179 ———\
