4040 6326
488 370 589 424 923

1380 360 1661 422 ΑΡΡΕΝΙ).
1702 362 1789 420 AD
1828 362 1988 419 SASC.
2034 362 2118 418 IX.
2142 394 2210 403 —
2250 362 2490 421 lSlDORl
2530 364 2954 421 MERCATOBIS

3758 364 3855 416 9'24

558 478 692 530 CAP.
728 476 767 530 Ι.
798 474 983 528 Flavio
1031 474 1286 543 Basilico,
1325 481 1382 529 et
1428 473 1781 528 llermineico
1828 472 1958 526 viris
2005 472 2117 525 cla-
2142 484 2201 556 Α
2223 490 2324 527 nos
2354 474 2540 529 missis
2568 474 2634 529 de
2677 473 2952 545 Hispaniis
2979 472 3231 544 epistolis
3259 471 3363 526 sub
3390 475 3545 526 certa
3576 469 3859 524 relatione

488 568 724 622 rissimis
751 567 1099 633 consulibus,
1131 568 1233 622 sub
1264 567 1357 622 die
1395 567 1616 623 decimo
1659 569 1815 620 sexto
1846 565 2123 620 Kalenda-

490 678 619 716 rum
637 654 1054 715 Decembrium.
1075 662 1134 715 In
1152 661 1385 716 basilica
1405 666 1613 715 sanctte
1632 660 1817 715 Maria-
1842 659 2123 716 residente

490 753 802 809 venerabili
836 770 980 824 papa
1009 754 1222 809 Hilario
1251 772 1367 810 una
1392 772 1521 809 cum
1545 753 1844 826 episcopis,
1879 770 2121 808 numero

492 847 930 919 quinquaginta,
962 848 1340 904 residentibus
1385 849 1553 903 etiam
1587 847 1861 902 universis
1886 847 2120 919 presby-

490 940 644 1011 teris,
688 940 1007 995 astantibus
1052 958 1280 1014 quoque
1325 942 1675 1010 diaconibus,
1715 941 1954 996 Hilarius
2000 942 2120 1012 epi-

488 1050 690 1105 scopus
755 1034 1018 1089 Ecclesiae
1081 1036 1369 1090 catholicae
1426 1035 1580 1090 urbis
1654 1036 1845 1090 Romze
1911 1034 2124 1106 synodo

492 1128 820 1199 praesidens,
842 1128 1016 1182 dixit:
1048 1128 1332 1192 Quoniam
1356 1130 1659 1200 religiosus
1690 1132 1885 1183 sancto
1914 1129 2125 1199 Spiritu

490 1223 873 1292 congregante
915 1225 1229 1277 conventus
1273 1223 1554 1290 hortatur,
1583 1226 1643 1275 ut
1684 1222 1948 1293 quaedam
1999 1237 2125 1293 quae

489 1331 594 1387 pro
646 1314 942 1385 disciplina
998 1316 1365 1371 ecclesiastica
1428 1316 1745 1370 necessatis
1791 1321 1942 1382 sunt,
1990 1331 2126 1369 cura

488 1408 851 1479 diligentiore
897 1412 1223 1477 tractemus,
1267 1408 1313 1463 si
1358 1409 1567 1480 placet,
1614 1409 1841 1477 fratres,
1890 1425 1955 1462 ea
1997 1425 2125 1480 qua:

495 1501 565 1555 ad
624 1501 993 1557 ordinationis
1045 1508 1302 1558 tenorem
1366 1503 1674 1574 pertinent,
1713 1502 1877 1573 juxta
1922 1502 2127 1558 divinae

488 1595 628 1666 legis
656 1601 964 1668 praecepta,
1001 1599 1058 1650 et
1084 1596 1446 1651 Nicaenorum
1473 1612 1761 1650 canonum
1793 1595 2124 1663 constituta,

2226 567 2504 640 pervenit,
2537 568 2594 622 in
2620 567 2955 638 quibusdam
2993 566 3130 621 locis
3173 564 3602 638 perversitatum
3635 561 3860 630 semina

2223 661 2466 717 subinde
2500 665 2827 716 nascuntur.
2857 660 3109 732 Denique
3146 660 3411 715 nonnulli
3445 658 3859 731 episcopatum,

2225 757 2323 827 qui
2379 773 2494 810 non
2548 755 2656 809 nisi
2719 753 2936 809 meritis
2986 753 3438 826 praecedentibus
3486 751 3680 821 datur,
3745 766 3864 804 non

2226 850 2481 903 divinum
2544 865 2772 917 munus,
2834 847 2933 902 sed
3001 847 3427 902 hzereditarium
3485 849 3689 916 putant
3740 859 3864 899 esse

2224 943 2650 1014 compendium.
2694 943 2759 996 Et
2806 942 3043 996 credunt
3087 940 3231 995 sicut
3275 957 3364 995 res
3402 938 3646 994 caducas
3684 940 3867 1008 atque

2225 1037 2517 1105 mortales,
2546 1035 3035 1091 ita'sacerdotium
3066 1035 3223 1088 velut
3247 1032 3525 1105 legatorio
3559 1037 3660 1087 aut
3690 1034 3865 1085 testa-

2224 1130 2506 1185 mentario
2531 1130 2661 1200 jure
2692 1145 2851 1200 posse
2882 1129 3114 1184 dimitti.
3143 1130 3281 1182 Nam
3310 1127 3570 1198 plerique
3596 1125 3869 1180 sacerdo-

2225 1228 2329 1291 tes,
2357 1230 2411 1278 et
2439 1224 2495 1278 in
2533 1223 2730 1278 mortis
2759 1222 3005 1277 conﬁnio
3042 1221 3352 1288 constituti,
3379 1220 3438 1274 in
3473 1220 3662 1281 locum
3686 1235 3863 1273 suum

2227 1320 2494 1374 feruntur
2518 1318 2657 1371 alios
2686 1316 2998 1387 designatis
3045 1315 3373 1371 nominibus
3408 1313 3745 1384 subrogare,
3778 1318 3865 1380 ut,

2228 1412 2439 1466 scilicet
2458 1428 2575 1466 non
2592 1411 2847 1482 legitima
2866 1412 3227 1481 exspectatur
3244 1407 3463 1477 electio,
3484 1408 3583 1463 sed
3608 1406 3868 1461 defuncti

2229 1504 2586 1577 gratiﬁcatio,
2640 1520 2742 1575 pro
2793 1503 2986 1575 populi
3048 1503 3326 1557 habeatur
3392 1517 3643 1556 assensu.
3700 1500 3868 1565 Quod

2229 1615 2402 1670 quam
2451 1614 2621 1669 grave
2665 1597 2737 1652 sit
2785 1596 3126 1652 existimate.
3159 1599 3337 1667 Atque
3382 1595 3527 1664 ideo,
3558 1595 3606 1648 si
3649 1594 3865 1666 placet,

484 1690 721 1759 juvante
746 1689 984 1744 Domino
1008 1690 1067 1743 in
1094 1705 1266 1744 omne
1293 1706 1474 1744 aevum
1499 1705 1770 1744 mansura
1796 1688 2124 1753 solidemus,
2227 1692 2399 1747 etiam
2424 1692 2570 1746 hanc
2599 1690 2891 1746 licentiam
2933 1691 3280 1762 generaliter
3309 1690 3379 1744 de
3415 1688 3672 1744 Ecclesiis
3698 1689 3866 1742 aufe-

491 1789 556 1837 ut
594 1782 734 1836 nulli
763 1783 847 1836 fas
891 1782 963 1837 sit
1004 1783 1125 1837 sine
1157 1786 1334 1838 status
1362 1783 1449 1837 sui
1479 1783 1749 1854 periculo,
1778 1783 1863 1836 vel
1910 1782 2128 1837 divinas
2148 1854 2182 1856 μ
2228 1801 2444 1854 ramus,
2479 1802 2551 1839 ne
2586 1786 2759 1856 (quod
2787 1789 2955 1856 turpe
2983 1784 3137 1839 dictu
3166 1788 3267 1851 est)
3297 1783 3516 1838 homini
3558 1782 3869 1853 quisquam

493 1875 942 1942 constitutiones,
985 1876 1071 1931 vel
1110 1876 1431 1948 apostolicae
1485 1876 1632 1931 sedis
1676 1876 1903 1931 decreta
1941 1854 2393 1951 teme-Bputet
2442 1854 2657 1948 deberi,
2710 1854 3015 1950 quod—Dei
3062 1883 3165 1932 est.
3220 1879 3289 1933 Ut
3337 1883 3528 1933 autem
3577 1874 3738 1947 quod
3794 1875 3867 1929 ad

493 1986 639 2039 rare,
670 1968 807 2041 quia
834 1986 935 2024 nos
960 1970 1059 2041 qui
1102 1970 1486 2041 potentissimi
1530 1969 1835 2024 sacerdotis
1879 1969 2125 2024 admini-
2230 1989 2332 2028 nos
2355 1972 2634 2044 perlatum
2658 1976 2762 2042 est,
2784 1973 2854 2028 ad
2882 1977 3127 2027 vestram
3164 1971 3336 2027 etiam
3364 1969 3540 2043 possit
3562 1968 3870 2042 pervenire

493 2067 737 2117 stramus
807 2062 1012 2132 officia,
1090 2062 1290 2118 talium
1366 2062 1889 2135 transgressionum
1961 2062 2129 2133 culpa
2227 2066 2510 2136 notitiam,
2568 2067 2949 2138 Hispanorum
3012 2067 3253 2120 fratrum
3302 2069 3357 2121 et
3398 2064 3867 2137 coepiscoporum

498 2156 785 2228 respiciet,
816 2157 862 2210 si
889 2156 948 2210 in
978 2156 1162 2210 causis
1193 2157 1294 2210 Dei
1333 2156 1554 2212 desides
1580 2156 1856 2211 fuerimus
1891 2156 2126 2225 inventi,
2231 2165 2560 2216 nostrorum
2590 2160 2803 2233 scripta
2830 2160 3115 2231 legantur.
3145 2160 3348 2214 Paulus
3374 2159 3633 2214 notarius
3662 2157 3870 2212 recita-

493 2249 627 2321 quia
673 2249 1048 2304 meminimus
1092 2249 1244 2319 quod
1301 2250 1504 2305 timere
1560 2248 1832 2304 debemus
1887 2249 2131 2320 qualiter

493 2343 877 2398 comminetur
916 2342 1189 2397 Dominus
1227 2342 1591 2414 negligentiae
1623 2341 2000 2398 sacerdotum.
2043 2342 2124 2397 Si-

491 2436 723 2508 quidem
750 2441 913 2490 reatu
956 2436 1173 2506 majore
1210 2434 1493 2508 delinquit
1534 2436 1632 2508 qui
1675 2434 1885 2508 potiori
1912 2437 2129 2491 honore

489 2530 718 2597 fruitur,
747 2536 806 2585 et
832 2530 1091 2602 graviora
1115 2529 1254 2585 facit
1272 2528 1407 2585 vitia
1428 2532 1790 2601 peccatorum
1813 2529 2130 2585 sublimitas

493 2624 860 2697 dignitatum.

563 2749 631 2803 ll.
686 2746 1021 2803 Cavendum
1074 2762 1213 2818 ergo
1262 2744 1322 2800 in
1376 2745 1578 2817 primis
1631 2763 1702 2799 ne
1753 2745 1827 2800 ad
1881 2750 2130 2800 sacratos

495 2842 723 2912 gradus,
770 2840 914 2895 sicut
962 2841 1132 2912 gestis
1180 2838 1464 2912 prioribus
1511 2843 1642 2894 ante
1703 2839 1975 2910 scriptum
2022 2844 2125 2906 est,

492 2934 794 3006 quisquam
822 2933 921 3005 qui
955 2950 1191 2987 uxorem
1223 2932 1506 3004 virginem
1536 2949 1651 2987 non
1687 2931 1867 3002 duxit,
1897 2933 2126 3003 aspiret.

497 3025 829 3098 Repellendi
901 3029 1034 3079 sunt
1083 3026 1258 3081 etiam
1338 3026 1664 3097 quicunque
1746 3026 1806 3080 in
1867 3025 2129 3080 secundae

496 3119 688 3176 uxoris
719 3118 949 3194 nuptias
983 3122 1182 3174 contra
1210 3118 1520 3190 apostolica
1543 3122 1827 3191 praecepta
1857 3135 2131 3174 convene-

496 3218 653 3270 runt.

568 3328 656 3383 IIl.
714 3327 783 3382 Ut
847 3326 1187 3398 poenitentes
1246 3325 1333 3381 vel
1400 3323 1564 3381 inscii
1634 3325 1984 3395 litterarum,
2034 3332 2131 3381 aut

493 3421 685 3493 aliqua
722 3421 1113 3477 membrorum
1143 3420 1373 3475 defectu
1400 3420 1612 3475 damna
1647 3420 1922 3492 perpessi,
1952 3420 2041 3475 vel
2070 3420 2129 3475 hi

494 3516 593 3588 qui
616 3531 686 3570 ex
714 3514 1122 3587 paenitentibus
1146 3518 1297 3581 sunt,
1320 3513 1392 3568 ad
1412 3530 1599 3568 sacros
1625 3514 1853 3569 ordines
1879 3514 2129 3585 aspirare

494 3627 613 3665 non
641 3609 907 3665 audeant.
937 3609 1184 3680 Quisque
1216 3607 1420 3663 talium
1455 3612 1814 3663 consecrator
1852 3607 2129 3663 exstiterit

493 3703 707 3760 factum
738 3720 906 3759 suum
935 3703 1055 3774 ipse
1087 3702 1375 3758 dissolvet.

564 3822 651 3877 IV.
692 3819 804 3875 Sed
830 3819 1209 3890 quodcunque
1253 3818 1381 3889 quis
1419 3818 1703 3873 commisit
1730 3816 1947 3886 illicite,
1977 3820 2076 3872 aut
2096 3834 2130 3872 a

495 3912 886 3969 decessoribus
934 3912 1049 3966 suis
1100 3911 1318 3966 invenit
1363 3911 1698 3980 admissum,
1745 3911 1790 3965 si
1830 3910 2129 3982 proprium

495 4005 814 4078 periculum
843 4004 961 4058 vult
985 4004 1182 4074 vitare,
1216 4003 1542 4073 damnabit;
1571 4020 1674 4057 nos
1699 4003 1856 4058 enim
1880 4004 1942 4058 in
1970 4004 2128 4059 nullo

495 4100 762 4155 volumus
801 4097 1161 4153 severitatem
1203 4096 1437 4152 ultionis
1478 4113 1764 4152 exercere.
1802 4096 1908 4152 Sed
1938 4099 2036 4169 qui
2068 4096 2127 4152 in

496 4193 679 4249 causis
736 4191 833 4248 Dei
877 4191 965 4246 vel
1012 4189 1370 4246 contumacia
1409 4190 1499 4244 vel
1547 4189 1607 4244 in
1647 4189 1836 4262 aliquo
1895 4190 2129 4247 decessu

495 4286 815 4360 deliquerit,
869 4288 969 4340 aut
1036 4285 1155 4356 ipse
1218 4283 1371 4357 quod
1431 4283 1696 4357 proprius
1746 4283 2130 4356 praedecessor

495 4382 618 4453 ejus
656 4380 808 4449 fecit,
840 4378 1065 4434 abolere
1108 4378 1355 4433 noluerit
1395 4377 1456 4432 in
1487 4394 1545 4432 se
1591 4378 1866 4450 quidquid
1911 4378 1971 4432 in
2014 4379 2125 4434 alio

496 4492 611 4530 non
639 4473 1001 4540 resecaverit,
1032 4472 1305 4528 inveniet.
1337 4471 1501 4537 Quod
1539 4477 1603 4527 ut
1642 4471 1907 4544 deinceps
1951 4473 2128 4544 possit

494 4569 747 4625 tenacius
794 4566 1064 4623 custodiri
1110 4565 1175 4636 (si
1216 4566 1408 4638 placet
1449 4564 1760 4621 sententias
1804 4582 2026 4635 omnes,
2071 4570 2129 4622 et

494 4662 938 4735 subscriptiones
986 4660 1246 4733 proprias
1306 4660 1701 4732 commodatas)
1750 4664 1818 4716 ut
1876 4660 2128 4732 synodali

484 4758 702 4828 judicio
751 4756 940 4812 aditus
985 4754 1284 4810 claudatur
1324 4753 1552 4810 illicitis.
1583 4754 1663 4809 Ab
1700 4754 1979 4810 universis
2006 4754 2125 4827 epi-

494 4851 700 4923 scopis,
756 4855 813 4906 et
871 4848 1220 4922 presbyteris
1293 4848 1668 4904 acclamatum
1744 4853 1852 4904 est.
1896 4850 2125 4917 Exaudi,

491 4945 732 5012 Christe,
766 4942 971 4998 Hilario
1008 4942 1139 5009 vita,
1169 4942 1386 4996 dictum
1415 4945 1503 4997 est
1539 4942 1745 4998 sexies.
1774 4943 1890 4997 Hoc
1918 4943 2124 4996 confir-

493 5054 723 5093 mamus
749 5042 805 5093 et
831 5038 1119 5107 docemus,
1150 5035 1364 5092 dictum
1394 5042 1476 5091 est
1504 5036 1692 5092 octies.
1726 5037 1854 5091 Haec
1877 5036 2130 5091 tenenda

494 5136 647 5203 sunt,
695 5132 820 5186 haec
879 5130 1153 5186 servanda
1196 5133 1348 5197 sunt,
1399 5129 1613 5185 dictum
1665 5134 1751 5184 est
1802 5128 2123 5201 quinquies.

494 5226 771 5281 Doctrina;
799 5229 998 5281 vestras
1024 5225 1235 5297 gratias
1264 5225 1507 5297 agimus,
1540 5222 1756 5278 dictum
1784 5227 1870 5277 est
1894 5222 2128 5294 quinde-

493 5321 624 5377 cies.
656 5321 767 5375 lsta
794 5319 853 5374 in
882 5324 1225 5391 perpetuum
1270 5322 1564 5374 serventur
1592 5331 1881 5387 rogamus,
1911 5316 2125 5373 dictum

496 5420 583 5470 est
611 5414 958 5486 quindecies.
996 5415 1102 5469 Ista
1144 5430 1247 5486 per
1272 5414 1532 5468 sanctum
1559 5410 1788 5464 Petrum
1812 5414 1878 5465 ut
1902 5411 1963 5466 in
1993 5429 2122 5483 per-

493 5516 732 5583 petuum
780 5510 1076 5565 serventur
1104 5513 1383 5580 aptemus,
1414 5505 1629 5559 dictum
1669 5508 1754 5560 est
1778 5505 1965 5562 octies.
1998 5508 2125 5563 Haec

490 5604 862 5678 praesumptio
909 5618 1202 5674 nunquam
1245 5601 1364 5668 ﬁat,
1396 5597 1611 5654 dictum
1653 5602 1738 5656 est
1779 5600 1985 5657 decies.
2018 5601 2125 5667 Qui

493 5699 617 5756 haec
663 5696 979 5767 violaverit,
1026 5695 1087 5750 in
1132 5711 1192 5749 se
1238 5693 1509 5749 inveniet.
1563 5695 1630 5749 Et
1679 5694 1825 5752 facto
1873 5696 2121 5764 silentio,

495 5792 739 5846 Hilarius
763 5790 1061 5862 episcopus
1090 5787 1230 5844 dixit
1255 5804 1269 5843 :

567 5910 627 5964 V.
672 5912 967 5979 Praeterea,
1016 5910 1238 5971 fratres,
1277 5926 1420 5965 nova
1460 5913 1513 5964 et
1562 5910 1836 5981 inaudita,
1870 5911 2013 5967 sicut
2056 5912 2123 5966 ad

2228 2254 2326 2309 vit.
2371 2256 2437 2309 Et
2486 2257 2758 2309 statutum
2805 2258 2909 2321 est,
2951 2270 3024 2308 ne
3074 2253 3206 2325 quid
3255 2252 3403 2308 ultra
3450 2251 3787 2322 hujusmodi
3838 2268 3871 2303 ει

2228 2348 2614 2403 sacerdotibus
2642 2353 3039 2419 praesumetur.

2231 2515 2427 2590 229
2441 2519 2687 2587 Epistula
2701 2518 2934 2588 ejusdem
2949 2518 3157 2602 ῌίιανίί
3174 2532 3334 2589 papa
3352 2518 3426 2572 ad
3443 2519 3874 2573 Tarraconenses

2898 2604 3186 2659 episcopos.

2306 2726 2354 2776 l.
2384 2723 2454 2777 Ut
2485 2721 2674 2777 nullus
2701 2722 2822 2777 sine
2852 2739 3123 2778 consensu
3157 2723 3409 2795 episcOpi
3436 2722 3866 2793 metropolitani

2231 2815 2528 2888 episcopus
2545 2815 2861 2872 ordinetur.

2300 2913 2354 2965 2.
2379 2910 2451 2965 Ut
2474 2911 2665 2965 nullus
2690 2910 3089 2983 episcoporum
3116 2911 3311 2968 relicta
3336 2911 3564 2983 propria
3594 2910 3867 2979 Ecclesia,

2232 3004 2305 3059 ad
2334 3004 2503 3059 aliam
2536 3010 2801 3060 transeat.

2303 3102 2354 3154 3.
2385 3099 2456 3153 Ut
2484 3098 2771 3154 Hireneus
2794 3106 3046 3156 remotus
3086 3101 3156 3155 ab
3186 3098 3590 3155 Artimoniensi
3624 3097 3693 3153 ad
3730 3113 3871 3169 pro-

2151 3227 2206 3301 Ο
2230 3193 2353 3301 pria
2384 3196 2720 3301 revertatur.

2302 3287 2352 3342 4.
2393 3288 2468 3341 De
2510 3288 2867 3342 removendis
2914 3287 3191 3359 episcopis
3235 3287 3333 3359 qui
3377 3286 3565 3342 illicita
3613 3286 3873 3341 ordinati

2231 3385 2362 3435 sunt
2392 3386 2449 3435 et
2471 3396 2543 3436 ne
2576 3380 2634 3434 in
2665 3398 2777 3435 una
2820 3381 3061 3436 Ecclesia
3097 3381 3211 3437 duo
3248 3380 3498 3453 episcopi
3524 3380 3869 3436 habeantur.

2303 3477 2353 3528 5.
2385 3475 2463 3528 De
2491 3473 2857 3529 damnatione
2902 3475 3148 3537 llirenei,
3179 3475 3222 3529 si
3254 3475 3321 3529 ad
3363 3490 3517 3529 suam
3555 3473 3869 3528 Ecclesiam

2233 3585 2343 3622 non
2377 3567 2699 3623 revertitur.

2300 3661 2682 3716 Dilectissimis
2709 3660 2979 3716 fratribus
3006 3666 3241 3718 Ascxmo
3270 3665 3327 3717 et
3350 3662 3625 3717 universis
3647 3660 3872 3733 episco-

2230 3755 2315 3826 pis
2344 3754 2772 3810 Tarraconensis
2798 3755 3128 3827 provinciae,
3159 3758 3417 3813 [luamus
3447 3755 3770 3827 episcopus.

2303 3851 2600 3921 Postquam
2618 3850 2834 3904 litteras
2845 3854 3045 3905 vestrae
3064 3850 3378 3906 dilectionis
3392 3850 3731 3921 accepimus,
3746 3849 3876 3921 qui-

2228 3943 2333 3997 bus
2365 3944 2842 4014 praesumptiones
2867 3943 3078 4000 Silvani
3107 3945 3356 4016 episcopi
3389 3943 3871 4015 Calagurensium

2229 4037 2487 4092 Ecclesiae
2514 4036 2740 4092 retundi
2770 4037 3005 4108 petistis,
3025 4043 3083 4092 et
3102 4053 3329 4093 rursum
3358 4037 3870 4092 Barcinonensium

2230 4130 2483 4201 quaeritis
2514 4130 2682 4185 nimis
2726 4131 2925 4186 illicita
2954 4136 3083 4187 vota
3126 4132 3338 4187 ﬁrmari
3366 4132 3776 4187 honoratorum
3810 4135 3870 4186 et

2227 4240 2638 4295 possessorum,
2661 4225 3175 4295 Tyriasonensium,
3222 4225 3668 4292 Castanensium,
3696 4225 3864 4281 Cala-

2230 4321 2629 4389 gurtanorum,
2648 4318 2758 4372 Viri
2768 4318 3052 4390 gensium,
3070 4318 3438 4374 Triciensium
3463 4302 3705 4374 civitatis
3725 4335 3864 4373 cum

2228 4412 2624 4483 scriptionibus
2671 4412 3022 4467 diversorum
3065 4413 3282 4469 litteras
3322 4414 3485 4469 nobis
3522 4416 3745 4468 constat
3770 4413 3867 4466 in-

2230 4511 2436 4578 gestas,
2470 4523 2573 4578 per
2603 4523 2744 4577 quas
2775 4507 2833 4561 id
2873 4507 3024 4578 quod
3059 4507 3128 4579 de
3154 4507 3376 4563 Silvano
3409 4506 3645 4579 querela
3676 4510 3871 4561 vestra

2146 4605 2205 4679 Ι)
2230 4575 2680 4671 deprompserat,
2705 4575 3194 4675 excusabant.lSed
3213 4575 3655 4674 reprehensione
3671 4600 3869 4671 justis-

2230 4695 2376 4749 sima
2397 4710 2595 4749 eorum
2624 4694 2839 4766 pariter
2858 4695 3126 4767 allegatio
3154 4712 3271 4751 non
3297 4695 3545 4765 carebat,
3566 4693 3700 4766 quia
3718 4711 3870 4766 pree-

2229 4792 2319 4842 ter
2344 4788 2747 4844 conscientiam
2774 4789 3200 4861 metropolitani
3230 4789 3420 4844 fratris
3448 4795 3504 4844 et
3541 4788 3865 4860 coepiscOpi

2229 4883 2407 4937 nostri
2434 4881 2655 4938 Ascanii
2688 4884 2978 4939 nonnullis
3004 4883 3324 4939 civitatibus
3351 4883 3640 4939 ordinatos
3661 4882 3863 4936 claruit

2229 4977 2564 5032 sacerdotes.
2619 4977 2778 5032 Unde
2826 4978 3093 5050 quoniam
3142 4978 3415 5051 quidquid
3465 4977 3534 5032 ab
3590 4978 3865 5031 alterutra

2228 5074 2387 5140 parte
2415 5074 2501 5125 est
2527 5071 2842 5126 indicatum
2874 5073 3029 5126 omni
3061 5072 3315 5127 videmus
3345 5070 3711 5143 perversitate
3732 5086 3866 5125 con-

2227 5164 2439 5232 fusum,
2465 5169 2793 5237 temporum
2816 5166 3151 5221 necessitate
3171 5169 3487 5239 perspecta,
3515 5164 3619 5220 hac
3642 5165 3861 5221 ratione

2229 5256 2592 5313 decernimus
2627 5259 2697 5314 ad
2725 5260 2945 5315 veniam
2991 5260 3277 5331 pertinere
3315 5259 3470 5332 quod
3503 5265 3725 5330 gestum
3754 5264 3858 5324 est,

2228 5356 2290 5406 ut
2305 5352 2447 5407 nihil
2464 5352 2729 5426 deinceps
2749 5358 2948 5411 contra
2968 5358 3251 5428 praecepta
3269 5353 3417 5410 beati
3435 5353 3700 5427 apostoli,
3716 5352 3859 5407 nihil

2225 5451 2424 5502 contra
2454 5448 2811 5506 Nicaenorum
2840 5466 3124 5505 canonum
3156 5449 3460 5505 constituta
3488 5451 3760 5505 tentetur.

2296 5542 2421 5595 CAP.
2455 5543 2494 5596 Ι.
2526 5544 2640 5597 Hoc
2680 5546 2871 5597 autem
2912 5544 3161 5616 primum
3190 5544 3347 5615 juxta
3380 5544 3716 5598 eorumde
3754 5544 3856 5599 Pa-

2224 5638 2379 5689 trum
2417 5637 2643 5706 regulas
2685 5636 2947 5692 volumus
2992 5638 3279 5705 custodiri,
3310 5640 3373 5692 ut
3410 5636 3602 5692 nullus
3648 5640 3861 5708 praeter

2223 5728 2486 5784 notitiam
2513 5732 2683 5801 atque
2715 5746 3051 5787 consensum
3076 5732 3266 5787 fratris
3291 5731 3513 5787 Ascanii
3534 5731 3859 5801 metropoli-

2224 5822 2343 5877 tani
2385 5822 2744 5896 aliquatenus
2783 5832 3145 5883 consecretur
3170 5827 3423 5894 antistes,
3455 5825 3593 5898 quia
3621 5825 3733 5881 hoc
3765 5840 3856 5880 ve-

2227 5919 2314 5970 tus
2340 5917 2477 5971 ordo
2506 5919 2711 5974 tenuit.
2732 5920 2842 5973 Hoc
2870 5924 3256 5977 trecentorum
3279 5921 3477 5977 decem
3507 5925 3559 5974 et
3591 5923 3720 5975 octo
3738 5936 3861 5976 san-
