4040 6304
212 310 315 364 925

1474 304 1946 384 necarrmuu
1983 328 2365 389 couscno.

3473 350 3575 404 926

208 422 437 471 ctorum
494 419 723 476 Patrum
780 423 1033 480 deﬁnivit
1082 431 1405 501 auctoritas,
1456 434 1546 487 cui
1592 437 1845 507 quisquis
1864 438 2059 521 Apuli
2104 441 2385 496 consortio
2413 457 2531 495 esse
2565 451 2889 511 cognoscat.
2931 445 3080 502 Deus
3129 448 3435 507 incolumes
3483 473 3573 509 vos

209 508 401 566 obvias
425 513 733 570 tetenderit
761 533 981 587 manus,
1015 537 1214 578 eorum
1241 541 1301 578 se
1320 528 1602 583 consortio
1635 529 1846 585 fatetur

207 603 545 675 indignum,
573 624 822 679 quorum
852 617 1331 687 praeceptionibus
1360 623 1617 678 resultat.

280 740 347 793 ll.
378 740 439 794 in
469 757 717 813 quorum
738 750 1151 806 contumeliam
1179 755 1424 825 superbo
1455 757 1655 828 spiritu
1670 761 1842 816 etiam

206 848 343 903 pars
390 833 488 889 illa
532 840 915 895 contemnitur
957 860 1083 915 qua:
1110 852 1356 917 veretur,
1384 866 1456 904 ne
1497 851 1621 922 quis
1646 854 1841 910 relicta

207 927 458 982 Ecclesia
494 946 615 998 sua,
653 933 724 987 ad
757 934 995 991 alteram
1037 940 1280 995 transire
1318 950 1643 1013 praesumat.
1677 948 1839 1012 Quod

204 1020 376 1075 nimis
409 1021 667 1094 improbe
689 1029 1139 1101 conniventibus,
1167 1039 1224 1090 et
1254 1039 1315 1091 ut
1333 1037 1591 1092 doleatur
1618 1042 1839 1112 gravius

205 1114 366 1169 vobis
408 1119 807 1189 asserentibus,
849 1123 1124 1181 Hireneus
1148 1129 1441 1201 episcopus
1471 1142 1710 1190 conatur
1734 1136 1833 1190 ad-

204 1207 461 1265 mittere.
491 1211 657 1274 Quod
694 1218 890 1271 nostra
931 1221 1267 1278 auctoritate
1302 1225 1567 1282 roborare
1613 1229 1833 1300 cupitis,

201 1318 346 1372 quos
370 1305 617 1361 maxime
650 1307 721 1362 de
749 1309 920 1365 rebus
954 1312 1161 1370 illicitis
1197 1334 1402 1388 magna
1426 1320 1834 1393 indignatione

203 1396 461 1466 probatis
489 1401 741 1471 accendi,
775 1403 934 1460 lectis
962 1423 1100 1480 ergo
1139 1408 1199 1464 in
1244 1417 1529 1470 conventu
1568 1416 1831 1489 fratrum,

198 1505 340 1560 quos
354 1493 564 1547 natalis
581 1495 694 1550 mei
714 1497 987 1555 festivitas
1005 1512 1384 1577 congregarat
1404 1508 1606 1564 litteris
1633 1512 1832 1567 vestris

200 1599 330 1653 quae
357 1584 429 1640 de
449 1586 778 1645 ordinandis
800 1592 1080 1666 episcopis
1099 1600 1412 1656 secundum
1431 1605 1645 1658 statuta
1665 1622 1833 1661 cano-

197 1692 339 1731 num
360 1679 446 1734 vel
470 1682 955 1752 praedecessorum
984 1705 1249 1747 meorum
1267 1693 1489 1750 decreta
1515 1696 1685 1754 fuerit
1701 1716 1830 1771 pro-

196 1769 330 1825 bata
355 1776 636 1830 sententia
667 1782 956 1848 gestorum
985 1799 1112 1854 quae
1144 1786 1357 1855 pariter
1385 1769 1715 1846 direximus
1746 1797 1828 1848 te-

200 1879 336 1919 nore
354 1866 598 1923 discetis.

269 1987 357 2042 lll.
390 1987 549 2044 Unde
577 1997 800 2048 remoto
826 1994 897 2050 ab
926 1998 1167 2054 Ecclesia
1198 2001 1623 2073 Barcinonensi,
1658 2010 1829 2080 atque

197 2079 269 2133 ad
304 2096 466 2137 suam
500 2085 737 2141 remisso
785 2089 1026 2145 Hireneo
1055 2092 1340 2167 episcopo,
1376 2098 1584 2154 sedatis
1610 2118 1713 2172 per
1736 2119 1825 2158 sa-

196 2173 541 2230 cerdotalem
569 2179 911 2237 modestiam
938 2186 1341 2258 voluntatibus,
1369 2207 1497 2262 quae
1523 2209 1627 2264 per
1652 2194 1822 2266 igno-

192 2268 447 2323 rantiam
491 2271 997 2334 ecclesiasticarum
1044 2281 1237 2351 legum
1282 2283 1636 2343 desiderant.
1667 2290 1826 2354 Quod

193 2376 310 2415 non
337 2360 476 2417 licet
512 2365 769 2422 obtinere
805 2369 982 2426 talem
1019 2374 1281 2444 protinus
1312 2376 1381 2431 de
1412 2379 1562 2435 clero
1592 2384 1825 2454 proprio

193 2454 704 2515 Barcinonensibus
759 2463 1053 2537 episcopus
1102 2468 1426 2538 ordinetur,
1486 2476 1710 2545 qualem
1768 2482 1822 2533 te

192 2549 498 2620 prmcipue,
538 2552 716 2608 frater
739 2557 963 2629 Ascani,
999 2565 1258 2633 oporteat
1283 2564 1513 2636 eligere,
1541 2573 1599 2623 et
1625 2570 1823 2627 deceat

189 2657 544 2714 consecrare,
578 2663 651 2701 ne
679 2649 725 2702 si
752 2650 918 2705 aliter
944 2654 1090 2710 forte
1107 2656 1319 2712 factum
1350 2660 1539 2729 fuerit,
1563 2680 1677 2718 non
1698 2664 1820 2720 sine

190 2735 603 2810 objurgatione,
648 2743 890 2801 maxime
930 2747 1011 2802 tui
1047 2750 1293 2805 nominis
1334 2755 1603 2811 retundat
1631 2763 1821 2814 nostra

189 2832 515 2901 praeceptio,
546 2836 700 2906 quod
729 2836 787 2892 in
812 2838 1083 2910 injuriam
1125 2844 1239 2914 Dei,
1284 2863 1313 2899 a
1359 2864 1471 2919 quo
1500 2852 1821 2920 specialiter

187 2924 625 2982 sacerdotalium
683 2935 768 2984 est
809 2934 995 3003 gratia
1046 2936 1394 3009 dignitatum
1450 2942 1819 3002 didicerimus

185 3017 520 3075 admissum.
550 3023 661 3077 Nec
688 3024 1025 3099 episcopalis
1054 3030 1240 3087 honor
1276 3034 1704 3095 hmreditarium
1723 3038 1818 3112 jus

185 3116 435 3181 putetur,
489 3116 643 3186 quod
697 3120 857 3174 nobis
905 3123 1025 3178 sola
1070 3125 1167 3181 Dei
1230 3129 1411 3184 nostri
1464 3131 1817 3203 benignitate

186 3207 500 3263 confertur.
1604 3198 1630 3203 υ
1838 3198 1893 3273 C

252 3327 344 3382 IV.
378 3328 680 3388 Ordinatos
704 3350 856 3391 nunc
881 3353 1019 3410 ergo
1060 3340 1375 3415 episcopos,
1397 3346 1494 3418 qui
1514 3347 1645 3403 licet
1676 3349 1813 3406 dum

182 3426 235 3475 te
266 3420 574 3492 ignorante
604 3430 855 3498 provecti
887 3436 1022 3487 sunt
1049 3451 1179 3489 cum
1206 3437 1320 3491 suis
1346 3441 1671 3497 auctoribus
1698 3460 1813 3500 me—

180 3516 403 3571 ruerint
438 3513 755 3577 submoveri
788 3524 891 3579 hac
919 3528 1141 3584 ratione
1170 3530 1485 3603 ﬁrmamus,
1518 3535 1562 3589 si
1594 3552 1702 3591 nec
1727 3539 1809 3592 vi-

178 3608 306 3663 duae.
333 3611 570 3667 maritus
584 3615 759 3671 fuerit
779 3619 1100 3692 quisquam,
1126 3641 1228 3679 nec
1254 3626 1312 3681 in
1334 3629 1595 3684 secundae
1614 3632 1809 3703 conju-

179 3702 274 3772 gio
300 3706 532 3776 nuptias
560 3724 625 3763 ac
651 3713 778 3766 vota
806 3718 1152 3784 convenerit,
1186 3719 1330 3774 sicut
1356 3726 1413 3775 et
1442 3723 1644 3794 legalia
1673 3742 1810 3781 con-

178 3796 374 3852 stituta
404 3802 761 3874 praecipiunt,
786 3806 1026 3864 dicendo
1056 3827 1068 3865 :
1104 3812 1373 3869 Sacerdos
1389 3833 1624 3873 uxorem
1644 3819 1811 3892 virgi-

177 3906 312 3946 nem
344 3893 599 3965 accipiat,
630 3914 744 3953 non
778 3900 1026 3970 viduam,
1060 3922 1176 3961 non
1203 3909 1579 3980 repudiatam,
1607 3896 1839 4000 secun-j

179 3983 318 4039 dum
342 3989 495 4058 quod
517 3989 689 4045 etiam
707 3993 907 4050 beatus
931 4000 1226 4069 Apostolus
1254 4003 1529 4074 magister
1551 4008 1808 4078 gentium

177 4077 246 4133 de
261 4079 353 4133 liis
377 4081 477 4153 qui
492 4083 616 4138 ﬁeri
635 4085 959 4145 desiderant
981 4095 1298 4151 sacerdotes
1325 4077 1807 4171 pr0priaiinstitu-

176 4171 332 4228 tione
364 4191 480 4229 non
513 4179 688 4234 tacuit
726 4181 937 4254 dicens,
980 4186 1148 4241 unius
1197 4191 1384 4245 uxoris
1425 4193 1612 4249 virum
1646 4197 1806 4265 cujus

176 4268 377 4323 tenore
406 4285 546 4325 sane
572 4272 651 4327 ita
671 4273 961 4333 informati
982 4296 1102 4336 esse
1122 4282 1358 4351 debetis,
1381 4286 1584 4342 fratres
1606 4290 1809 4344 charis-

176 4361 328 4431 simi,
366 4366 427 4417 ut
448 4363 599 4421 inter
628 4374 831 4425 caetera
862 4388 989 4443 quae
1020 4377 1273 4432 cavenda
1297 4381 1568 4436 sunthaec
1590 4383 1808 4439 studea-

175 4454 249 4509 tis
277 4457 567 4530 prazcipue
606 4464 894 4534 custodiri,
935 4484 1063 4539 quae
1103 4471 1338 4527 noscitis
1375 4479 1507 4529 ante
1548 4476 1807 4533 universa

1945 531 2248 587 custodiat.

1778 601 1892 709 4
1979 649 2107 702 Item
2143 652 2368 719 epistola
2393 653 2696 731 Hilariiad
2723 656 3035 720 Ascanium,
3067 660 3134 714 de
3160 662 3243 717 his
3267 678 3389 731 quae
3413 671 3539 720 sunt

2507 727 2710 796 scripta
2729 731 2998 797 superius.

2014 812 2391 870 Dilectissimo
2420 816 2584 872 fratri
2610 821 2868 889 ASCANIO,
2897 823 3153 881 HILARIUS
3181 826 3499 901 episcOpus.

2014 906 2225 961 Divinas
2255 908 2403 964 circa
2431 927 2533 965 nos
2562 913 2761 982 gratiae
2791 931 3083 973 memores
3122 935 3243 974 esse
3275 921 3567 991 debemus,

1941 998 2036 1071 qui
2066 1016 2170 1055 nos
2190 1018 2293 1072 per
2311 1002 2657 1073 dignationis
2680 1023 2797 1063 sua:
2815 1009 3264 1068 misericordiam
3285 1015 3358 1083 ob
3373 1016 3481 1071 hoc
3495 1018 3565 1072 ad

1939 1093 2231 1165 fastigium
2286 1099 2634 1154 sacerdotale
2673 1103 2947 1172 provexit,
2987 1110 3050 1159 ut
3079 1107 3360 1163 mandatis
3389 1110 3567 1182 ipsius

1937 1186 2305 1259 inhaerentes,
2349 1194 2407 1245 et
2440 1191 2501 1245 in
2543 1194 2788 1264 quadam
2837 1198 3136 1253 sacerdotii
3173 1201 3297 1272 ejus
3337 1206 3567 1274 specula

1936 1281 2226 1337 constituti
2254 1284 2656 1355 prohibeamus
2692 1288 2910 1361 illicita,
2945 1297 3000 1347 et
3030 1296 3326 1365 sequenda
3360 1297 3559 1354 docea-

1934 1390 2082 1429 mus.
2118 1377 2280 1431 Unde
2305 1378 2531 1434 directis
2559 1397 2664 1452 per
2690 1383 2997 1455 Trajanum
3024 1388 3430 1445 subdiaconum
3456 1409 3557 1449 no-

1933 1474 2118 1523 strum
2143 1469 2344 1526 litteris
2384 1473 2782 1544 admonemus,
2825 1483 2887 1533 ut
2925 1479 3022 1550 qui
3058 1482 3206 1537 male
3238 1484 3386 1539 facta
3410 1493 3560 1553 sunt,

1932 1563 2309 1633 corrigantur.
2329 1567 2395 1621 Et
2406 1567 2686 1623 miramur
2705 1570 3013 1627 admodum
3030 1574 3392 1633 dilectionem
3406 1584 3561 1634 tuam

1932 1656 2429 1715 Barcinonensium
2457 1662 2757 1732 petitiones
2788 1681 2907 1721 non
2932 1668 3115 1723 solum
3143 1670 3297 1725 nulla
3323 1675 3563 1728 auctori—

1934 1752 2046 1805 tate
2083 1752 2360 1824 retulisse,
2393 1769 2590 1810 verum
2621 1757 2793 1812 etiam
2826 1760 3051 1816 directis
3092 1763 3166 1817 ad
3203 1780 3309 1820 nos
3336 1765 3559 1836 litteris,

1851 1822 1908 1895 Β
1932 1846 2487 1903 consummationem
2523 1851 2679 1921 pravi
2728 1852 2992 1909 desiderii
3045 1859 3357 1927 postulasse
3406 1861 3563 1916 adhi-

1931 1937 2123 1993 bendo
2156 1939 2216 1994 in
2229 1940 2600 2011 epistolarum
2620 1946 2898 2016 prooemio
2927 1948 3152 2004 concilii
3177 1953 3553 2023 mentionem,

1926 2035 2200 2103 tanquam
2225 2034 2405 2105 culpae
2432 2035 2833 2093 minuerentur
2856 2056 3134 2110 excessus,
3168 2059 3271 2114 per
3295 2047 3556 2104 multitu-

1928 2124 2125 2180 dinem
2149 2127 2566 2198 imperitorum,
2608 2147 2741 2187 cum
2783 2133 2953 2188 etiam
2996 2135 3101 2190 sub
3143 2136 3555 2208 signiﬁcatione

1927 2219 2315 2292 unusquisque
2336 2222 2423 2276 sui
2452 2224 2702 2279 nominis
2725 2230 2917 2282 tecum
2940 2228 3152 2299 pariter
3175 2232 3477 2304 retulisset,
3501 2242 3557 2291 et

1926 2313 2366 2386 subscriptiones
2391 2317 2650 2389 proprias
2659 2319 2837 2376 factas
2848 2322 3057 2393 singuli
3070 2326 3549 2397 commodassent,

1925 2406 2290 2464 dilectionem
2316 2413 2507 2466 tamen
2540 2416 2700 2468 tuam
2728 2414 2809 2470 rei
2836 2415 2904 2471 de
2928 2432 3039 2488 qua
3063 2417 3319 2490 displicet
3330 2438 3551 2479 summa

1926 2501 2209 2571 tangebat,
2239 2503 2377 2574 quia
2402 2520 2508 2575 pro
2538 2505 2663 2561 loco
2686 2513 2742 2562 et
2768 2508 2986 2565 honore
3014 2510 3116 2565 tibi
3144 2513 3335 2569 debito
3360 2518 3548 2572 caeteri

1922 2595 2240 2650 sacerdotes
2262 2596 2502 2652 docendi
2516 2598 2767 2671 fuerant,
2781 2618 2899 2657 non
2914 2605 3210 2674 sequendi.
3230 2608 3391 2663 Unde
3406 2610 3550 2667 sicut

1921 2687 1979 2741 in
2011 2690 2581 2759 generalibuslitteris
2610 2692 2870 2765 iudicavi,
2888 2696 3242 2755 Hireneusad
3255 2704 3547 2774 propriam

1924 2786 2240 2838 revertatur
2283 2785 2611 2854 Ecclesiam,
2673 2794 2730 2843 et
2783 2790 3289 2849 Barcinonensibus
3323 2796 3391 2851 de
3448 2817 3548 2853 suo

1923 2876 2074 2931 clero
2115 2878 2374 2947 protinus
2406 2886 2770 2937 consecretur
2802 2883 3058 2953 antistes,
3087 2888 3177 2942 cui
3210 2892 3403 2946 tamen
3434 2897 3545 2949 sta-

1920 2973 2040 3025 tuta
2071 2987 2372 3041 canonum,
2418 2979 2474 3030 et
2511 2976 2815 3047 apostolica
2861 2983 3141 3051 praecepta
3181 2985 3544 3042 concordent.
3586 2996 3597 3028 «‘

1919 3064 1986 3117 Et
2028 3064 2159 3120 licet
2191 3066 2249 3120 bi
2292 3067 2391 3138 qui
2432 3071 2668 3141 propter
2716 3070 2978 3128 notitiam
3016 3078 3184 3146 atque
3213 3061 3546 3136 consensum

1918 3162 2033 3211 tuae
2062 3158 2377 3215 dilectionis
2420 3162 2667 3217 ordinati
2715 3168 2848 3219 sunt
2885 3168 3223 3236 sacerdotes,
3269 3188 3402 3227 cum
3434 3176 3546 3230 suis

1919 3250 2218 3307 debuerint
2243 3255 2568 3310 auctoribus
2595 3256 2942 3327 submoveri,
2992 3277 3064 3314 ne
3103 3263 3241 3333 quid
3269 3270 3453 3322 tamen
3487 3270 3544 3324 in

1917 3347 2068 3400 tanta
2096 3347 2433 3403 necessitate
2463 3349 2838 3405 decernamus
2857 3358 3169 3425 austerum,
3195 3373 3294 3412 eos
3313 3361 3410 3430 qui
3432 3363 3545 3433 epi-

1913 3439 2063 3510 scopi
2101 3439 2234 3494 facti
2265 3444 2392 3495 suat
2417 3441 2499 3496 ita
2521 3444 2785 3499 volumus
2818 3460 3179 3516 permanere,
3207 3450 3251 3504 si
3281 3456 3544 3523 apostoli-

1912 3531 1991 3587 cis
2010 3533 2483 3605 prmceptionibus
2506 3539 2562 3591 et
2583 3537 2803 3592 statutis
2822 3543 3150 3595 sanctorum
3174 3545 3403 3601 Patrum
3426 3565 3540 3605 non

1913 3625 2274 3698 reperiantur
2308 3628 2554 3697 obnoxii,
2598 3646 2664 3685 ac
2701 3630 2965 3704 deinceps
2994 3634 3137 3689 nihil
3162 3639 3311 3708 quod
3342 3647 3537 3699 contra

1913 3719 2271 3792 disciplinam
2317 3722 2749 3779 ecclesiasticam
2789 3727 3006 3795 veniat,
3072 3730 3215 3784 sicut
3267 3732 3539 3791 hactenus

1910 3814 2120 3869 factum
2149 3819 2233 3870 est
2257 3820 2634 3889 perpetretur,
2666 3824 2778 3874 tua:
2806 3820 3197 3878 sollicitudinis
3229 3830 3331 3897 est,
3365 3828 3542 3885 frater

1911 3908 2256 3977 charissime,
2299 3910 2553 3967 debitam
2584 3912 2687 3967 tibi
2717 3915 3112 3972 auctoritatem
3136 3920 3306 3989 tueri,
3348 3927 3405 3978 et
3428 3923 3539 3979 illi-

1912 4003 2035 4058 citis
2060 4020 2177 4059 non
2203 4005 2375 4060 modo
2401 4022 2515 4061 non
2567 4008 2823 4079 praebere
2861 4026 3173 4092 assensum,
3235 4015 3332 4071 sed
3365 4018 3539 4074 etiam

1910 4101 2113 4153 cuncta
2139 4115 2266 4170 quae
2296 4103 2496 4155 contra
2533 4102 2797 4172 regulam
2830 4103 2978 4159 facta
3003 4110 3285 4177 repereris
3314 4128 3538 4169 coerce-

1910 4208 1993 4261 re,
2023 4196 2194 4264 atque
2221 4198 2351 4247 ante
2372 4195 2570 4248 omnia
2603 4212 2731 4266 qum
2761 4197 2876 4251 sola
2899 4198 3115 4254 unitate
3156 4202 3536 4277 decernimus,

1910 4286 2218 4340 Hireneum
2260 4286 2332 4340 ad
2376 4287 2679 4342 Ecclesiam
2725 4306 2884 4344 suam
2915 4291 3101 4347 redire
3129 4299 3422 4367 compelle.
3454 4304 3537 4357 Ad

1910 4395 2081 4450 quam
2108 4383 2311 4449 sponte
2349 4379 2540 4450 potius
2568 4380 2755 4435 redire
2786 4382 3034 4451 debebit,
3062 4386 3105 4440 si
3136 4404 3167 4440 a
3198 4391 3538 4450 sacerdotali

1907 4472 2185 4527 consortio
2226 4472 2440 4527 meruit
2476 4474 2743 4544 separari,
2789 4492 2893 4531 nec
2934 4493 3084 4533 unus
3125 4481 3383 4538 Ecclesiae
3419 4486 3535 4543 duo

175 4550 458 4607 mandari.
511 4554 572 4608 ln
615 4557 821 4627 quibus
864 4561 1040 4616 etiam
1082 4566 1538 4637 perspiciendum
1588 4575 1691 4640 est,
1732 4589 1806 4627 ne
1827 4575 1885 4647 D
1909 4582 2027 4621 esse
2053 4566 2459 4638 permittantur
2494 4568 2791 4636 antistites,
2835 4570 2989 4641 quod
3033 4578 3408 4645 opportunius
3441 4599 3531 4635 su-

173 4644 286 4698 duo
306 4644 480 4700 simul
508 4647 621 4703 sint
648 4651 818 4706 unius
849 4657 1091 4711 Eccesia:
1119 4661 1463 4733 sacerdotes,
1487 4669 1584 4720 aut
1600 4665 1809 4722 littera-

174 4754 303 4793 rum
339 4740 595 4811 ignarus,
626 4747 725 4799 aut
749 4763 950 4804 carens
977 4750 1166 4824 aliqua
1193 4758 1355 4825 parte
1385 4759 1804 4830 membrorum,

172 4838 271 4887 aut
296 4834 475 4889 etiam
506 4852 576 4891 ex
602 4839 1013 4908 paenitentibus
1047 4846 1256 4931 aliquis,
1281 4849 1353 4903 ad
1390 4867 1614 4907 sacrum
1645 4855 1810 4909 mini-

172 4928 414 4982 sterium
444 4945 677 5000 prorsus
702 4933 924 4991 sinatur
945 4928 1377 5019 accedere-jNec
1408 4949 1629 5002 tantum
1652 4953 1808 5019 pute—

171 5020 244 5074 tis
270 5022 575 5092 petitiones
602 5027 791 5083 valere
821 5034 1187 5106 populorum,
1229 5020 1292 5092 iit
1318 5054 1449 5117 cum
1485 5040 1571 5094 his
1608 5059 1806 5113 parere

173 5115 378 5186 cupitis
402 5117 749 5177 voluntatem
779 5125 880 5179 Dei
907 5127 1109 5196 nostri,
1138 5146 1267 5202 quae
1288 5149 1389 5187 nos
1410 5115 1644 5206 peccare
1673 5155 1803 5209 pro-

174 5208 331 5265 hibet
387 5210 682 5272 deseratis.
740 5218 913 5290 Cujus
960 5221 1277 5294 indignatio
1320 5244 1386 5282 ex
1431 5228 1534 5282 hoc
1580 5208 1806 5301 gravius

171 5311 581 5374 commovetur,
611 5310 747 5380 quia
765 5311 1088 5385 benignitas
1110 5318 1250 5389 ejus,
1275 5320 1413 5376 dum
1429 5322 1588 5390 ﬁunt,
1612 5324 1807 5381 illicita

169 5414 273 5468 per
307 5415 404 5454 eos
442 5400 539 5471 qui
569 5408 701 5459 sunt
729 5404 1072 5479 interpretes
1108 5412 1440 5482 placationis
1479 5417 1802 5473 offenditur.

245 5493 305 5548 V.
352 5493 423 5548 Ut
444 5498 635 5551 autem
670 5501 861 5556 omnia
890 5504 1206 5561 secundum
1242 5508 1366 5564 haec
1407 5527 1535 5582 quas
1581 5513 1802 5585 scripsi-

172 5602 299 5641 mus
328 5588 689 5659 corrigantur
722 5602 1034 5664 praesentes
1058 5598 1271 5656 litteras
1296 5604 1534 5676 Trajano
1580 5607 1802 5662 subdia-

170 5696 311 5736 cono
339 5685 537 5739 nostro
580 5686 847 5745 veniente
875 5690 1205 5749 direximus.
1248 5696 1408 5761 Quod
1444 5700 1488 5753 si
1537 5700 1807 5757 Hireneus

173 5775 441 5849 episcopo
470 5778 543 5833 ad
570 5781 875 5838 Ecclesiam
918 5802 1081 5841 suam
1108 5788 1385 5860 deposito,
1426 5791 1808 5865 improbitatis

175 5869 387 5924 ambitu
435 5871 620 5927 redire
640 5877 977 5947 neglexerit,
1006 5882 1160 5951 quod
1202 5882 1253 5937 ei
1285 5900 1398 5939 non
1432 5886 1672 5956 judicio,
1707 5888 1805 5943 sed

178 5959 539 6021 humanitate
568 5970 933 6038 prmstabitur
961 5977 1369 6034 removendum
1403 5996 1459 6036 se
1497 5981 1567 6035 ab
1594 5983 1804 6053 episco-

1907 4660 2147 4733 pradicti
2177 4660 2511 4716 subdiaconi
2530 4660 2652 4717 ﬁcri
2679 4662 3030 4735 delegamus,
3065 4666 3333 4725 instantia
3361 4690 3535 4745 quam

1907 4755 2080 4809 etiam
2130 4771 2233 4827 pro
2282 4756 2665 4810 conservanda
2722 4757 2983 4812 Ecclesiae
3034 4760 3333 4833 disciplina
3370 4784 3531 4824 com-

1907 4865 2099 4905 meare
2123 4849 2195 4904 ad
2217 4849 2516 4921 Hispanias
2545 4849 2927 4922 dispositionis
2952 4855 3161 4910 nostra
3184 4857 3315 4914 fecit
3338 4866 3533 4916 aucto-

1906 4943 2062 4999 ritas.
2111 4944 2255 4999 Deus
2301 4949 2493 4999 autem
2542 4944 2824 4999 incolume
2852 4949 2966 5000 tem
3016 4950 3319 5020 custodiat,
3366 4956 3537 5012 frater

1906 5039 2253 5094 charissime.

1978 5156 2221 5227 Epistola
2256 5157 2669 5241 Hilar'i'ipapiz,
2710 5156 2786 5211 ad
2820 5159 3115 5241 Leontium,
3170 5162 3459 5232 Veranum,

2410 5230 2728 5293 Victurium,
2750 5231 3037 5300 episcopos.

1977 5320 2352 5377 Dilectissimis
2382 5321 2648 5376 fratribus
2684 5323 2924 5389 Vaamo,
2957 5324 3208 5399 LEONTIO,
3249 5331 3529 5405 Vncrumo,

1907 5415 2205 5487 episcopis,
2234 5416 2487 5472 HILARIUS
2512 5432 2679 5487 papa.

1977 5510 2260 5564 Movemur
2301 5510 2522 5564 ratione
2572 5510 2829 5581 justitiaa,
2889 5530 3018 5587 quae
3059 5517 3190 5573 licet
3231 5520 3302 5575 ab
3347 5523 3531 5579 omni-

1906 5603 2013 5658 bus
2068 5603 2167 5675 qui
2230 5606 2386 5658 recta
2447 5603 2708 5676 sapiunt,
2777 5606 2980 5665 debeat
3039 5613 3339 5682 custodiri,
3402 5632 3533 5674 cum

1906 5698 2177 5770 precipue
2238 5698 2463 5753 Domini
2536 5699 2919 5756 sacerdotibus
2993 5720 3104 5759 non
3162 5710 3245 5760 est
3313 5712 3532 5766 temere

1910 5791 2256 5865 negligenda
2279 5835 2293 5860 ,
2342 5808 2586 5865 quorum
2636 5797 2871 5851 caeteros
2924 5796 3222 5852 informari
3269 5807 3534 5862 convenit

1908 5886 2198 5942 institutis.
2251 5887 2444 5942 Frater
2480 5886 2659 5959 igitur
2699 5894 2756 5943 et
2806 5889 3170 5962 coepiscopus
3220 5898 3410 5953 noster
3439 5902 3532 5956 In-

1909 5996 2130 6049 genuus
2185 5982 2602 6039 Ehredunensis
2653 5982 2879 6052 Alpium
2932 5984 3348 6046 maritimarum
3408 6010 3535 6066 pro-
