4040 6338
473 347 572 397 927

1364 336 1644 398 APPEND.
1686 342 1774 396 Αυ
1813 343 1970 396 seu.
2017 343 2099 395 lx.
2137 371 2203 378 ——
2244 339 2482 396 lslooal
2527 311 2951 396 MERCATURIS

3735 343 3840 393 928

474 450 670 505 vincies
714 450 1138 521 metropolitani
1196 465 1418 519 semper
1464 450 1684 504 honore
1730 450 2006 504 subnixus
2045 450 2100 502 in
2125 450 2402 535 Avincias
2423 466 2598 520 quam
2619 447 3200 543 exemplo\vetustatis
3222 447 3280 500 in
3299 447 3558 501 notitiam
3580 453 3839 501 nostram

475 543 872 616 prmjudicium
893 559 1079 612 suum,
1110 543 1253 598 sicut
1275 559 1491 597 annexa
1513 541 1821 598 declaravit
1841 543 2102 614 quaedam

475 655 580 693 nos
633 640 862 709 petente
910 637 1082 691 fratre
1130 640 1186 691 et
1223 638 1556 707 coepiscopo
1602 640 1796 691 nostro
1828 637 2102 691 Auxamio

478 731 734 786 statuisse
755 733 1194 799 commemorat,
1218 747 1345 802 qua:
1374 730 1648 785 universis
1675 731 1732 784 in
1764 731 1870 785 hac
1902 731 2103 785 eadem

476 842 645 879 causa
674 824 1096 878 defensionibus
1123 825 1488 879 contrairent.
1527 824 1583 879 Si
1614 824 1844 895 quidem
1874 823 2101 878 relatio-

476 919 641 974 nibus
668 917 724 971 in
757 923 946 972 nostro
968 918 1184 988 judicio
1214 918 1527 987 recensitis,
1553 935 1693 989 quas
1716 918 1898 972 frater
1924 921 1982 972 et
2007 935 2100 972 co-

477 1012 769 1082 episcopus
811 1017 1000 1066 noster
1040 1013 1293 1066 Veranus
1337 1012 1411 1066 ad
1441 1017 1651 1066 sanctas
1680 1011 1971 1066 memoriae
2003 1011 2102 1066 de-

475 1122 755 1160 cessorem
775 1122 970 1160 meum
993 1122 1124 1160 cum
1147 1106 1364 1160 caeteris
1386 1105 1689 1177 provincia!
1716 1105 2104 1160 sacerdotibus

474 1200 648 1267 misit,
682 1205 740 1253 et
768 1199 1092 1270 apostolicae
1122 1199 1288 1266 sedis,
1318 1216 1445 1271 qua:
1482 1204 1618 1254 tunc
1661 1199 1878 1254 directa
1916 1199 2106 1253 fuerat

475 1294 776 1366 patefacta,
797 1293 1170 1364 responsione
1183 1293 1609 1348 manifestatum
1623 1296 1726 1361 est,
1747 1293 1890 1346 nihil
1911 1297 2104 1364 postea

478 1387 738 1442 debuisse
766 1387 991 1455 tentari,
1025 1404 1132 1442 nec
1153 1387 1225 1442 ad
1253 1386 1525 1457 injuriam
1552 1387 1915 1458 synodalium
1943 1403 2104 1458 regu-

471 1481 658 1536 larum
677 1481 983 1552 quidquam
998 1497 1099 1552 per
1110 1481 1523 1552 obreptionem,
1542 1497 1669 1551 quae
1685 1480 1944 1551 proxime
1958 1480 2104 1534 facta

473 1582 574 1640 est,
603 1580 862 1646 oportere
894 1574 1180 1629 constitui.
1213 1576 1353 1628 Nam
1380 1574 1511 1629 licet
1529 1591 1594 1629 ex
1617 1575 1722 1628 hoc
1753 1574 1922 1628 etiam
1951 1574 2103 1644 quod

475 1687 509 1722 a
541 1668 704 1722 nobis
745 1672 829 1722 est
867 1667 1139 1737 elicitum,
1186 1671 1489 1722 censeatur
1526 1667 1840 1734 inﬁrmum,
1877 1667 2010 1738 quia
2039 1684 2104 1721 ex

475 1763 596 1832 ipso
627 1761 978 1814 insinuatum
1019 1767 1121 1828 est,
1172 1761 1400 1833 exsequi
1450 1760 1687 1815 voluisse
1735 1761 1830 1832 qui
1873 1762 2100 1830 meruit,

2203 543 2462 598 defertur
2486 543 2783 614 propensis
2807 539 3218 596 assertionibus
3238 541 3444 595 nostris
3463 539 3737 596 roborare
3759 540 3842 595 di-

2205 636 2482 707 gnemini.
2514 638 2578 690 Et
2606 653 2736 690 cum
2767 637 3030 707 legerent
3065 634 3137 688 ab
3172 634 3450 689 universis
3477 633 3755 706 episcopis
3786 638 3843 690 et

2204 730 2550 801 presbyteris
2577 730 2957 784 exclamatum
3203 733 3305 782 est.
3329 729 3562 796 Exaudi,
3594 728 3838 798 Christe,

2206 822 2413 877 Hilario
2436 823 2570 892 vita,
2590 822 2804 877 dictum
2825 825 2910 877 est
2929 822 3135 877 decies.
3157 824 3282 876 Haec
3304 821 3674 893 praesumptio
3697 837 3843 878 nun-

2204 933 2379 988 quam
2397 917 2511 984 tiat,
2536 916 2749 970 dictum
2766 919 2849 970 est
2868 915 3070 970 sexies.
3093 916 3228 979 Quae
3246 915 3344 968 Dei
3364 918 3496 969 sunt
3509 915 3577 969 ab
3600 915 3842 969 homine

2207 1009 2330 1063 dari
2363 1026 2480 1064 non
2510 1012 2765 1080 possunt,
2801 1008 3017 1063 dictum
3050 1013 3134 1062 est
3164 1008 3366 1063 sexies.
3404 1010 3511 1062 Per
3539 1007 3839 1063 dominum

2202 1104 2436 1158 Petrum
2465 1120 2731 1174 rogamus
2753 1108 2813 1157 ut
2832 1103 2890 1156 in
2913 1105 3255 1174 perpetuum
3278 1105 3593 1171 serventur,
3620 1103 3837 1156 dictum

2205 1201 2291 1251 est
2321 1198 2520 1252 sexies.
2551 1198 2678 1251 Haec
2705 1202 2769 1250 ut
2794 1202 3160 1251 reserventur
3187 1213 3477 1266 rogamus.

2275 1290 2516 1345 Hilarius
2549 1290 2846 1362 episcopus
2871 1289 3014 1345 dixit
3053 1308 3065 1344 :
3111 1291 3281 1360 Lege.
3328 1290 3533 1344 Paulus
3580 1290 3838 1344 notarius

2206 1383 2477 1439 recitavit.
2511 1385 2816 1455 Episcopus
2845 1383 3279 1438 Varohiensium
3315 1383 3572 1453 civitatis,
3611 1389 3841 1436 sanctus

2206 1478 2584 1532 Nundinarius
2618 1484 2829 1533 sortem
2871 1477 3115 1549 explevit
3149 1476 3491 1532 conditionis
3536 1477 3836 1531 humanam

2205 1572 2300 1626 Hic
2326 1573 2592 1643 episcopo
2621 1572 2933 1626 venerabili
2960 1571 3121 1626 fratri
3153 1575 3343 1625 nostro
3375 1571 3618 1625 Hireneo
3664 1587 3836 1642 quem

2204 1666 2324 1737 ipse
2341 1672 2507 1721 antea
2537 1666 2595 1720 in
2624 1665 2850 1720 dioecesi
2873 1682 2970 1720 sua
2991 1665 3156 1719 nobis
3185 1665 3504 1719 volentibus
3525 1665 3836 1718 constitue-

2207 1764 2311 1829 rat,
2359 1759 2686 1830 relinquens
2735 1761 2788 1814 ei
2840 1760 2994 1831 quod
3043 1759 3226 1830 potuit
3273 1759 3483 1813 habere
3531 1761 3841 1830 paupertas

475 1862 667 1911 tamen
694 1871 765 1908 ne
797 1854 928 1909 odio
957 1855 1045 1908 vel
1075 1855 1262 1925 gratia
1287 1871 1636 1923 moveamur,
1660 1871 1787 1926 quae
1819 1855 1877 1908 in
1906 1871 2101 1910 causa-
2123 1836 2181 1908 B
2206 1870 2487 1924 supremas
2541 1853 2843 1908 voluntatis
2884 1853 3116 1908 arbitrio
3169 1853 3226 1906 in
3277 1854 3461 1907 locum
3519 1869 3687 1906 suum
3707 1894 3722 1918 ,
3780 1855 3843 1905 ut

475 1966 604 2004 rum
627 1948 1129 2020 disceptationibus
1153 1964 1273 2002 esse
1301 1966 1416 2002 non
1447 1948 1632 2017 debet,
1656 1948 1732 2002 ita
1759 1952 1959 2003 vestrae
1979 1949 2104 2003 cha—

475 2042 626 2097 ritati
661 2042 1046 2112 cognitionem
1084 2058 1322 2096 annexa:
1349 2041 1726 2112 querimonias
1751 2041 2099 2112 delegamus,

473 2140 538 2192 ut
566 2136 706 2197 nihil
735 2135 1032 2190 adversum
1063 2136 1418 2190 venerandos
1445 2152 1708 2203 canones,
1739 2136 1879 2190 nihil
1909 2141 2106 2190 contra

476 2234 682 2285 sanctae
741 2231 1033 2284 memorias
1091 2229 1397 2284 decessoris
1435 2230 1549 2283 mei
1593 2230 1874 2301 judicium
1923 2231 2105 2284 valeat

478 2323 753 2395 quidquid
777 2323 1076 2393 obreptum
1106 2323 1266 2377 nobis
1295 2340 1414 2377 esse
1441 2323 1774 2378 constiterit.
1831 2323 2106 2378 Nolumus

478 2433 750 2488 namque,
792 2417 994 2471 fratres
1039 2416 1378 2484 charissimi,
1409 2416 1784 2471 Ecclesiarum
1811 2416 2106 2488 privilegia

477 2528 601 2582 quae
628 2527 858 2582 semper
885 2514 1019 2564 sunt
1039 2511 1320 2564 servanda
1337 2509 1628 2578 confundi,
1657 2527 1761 2564 nec
1790 2510 1849 2564 in
1875 2510 2106 2565 alterius

477 2605 766 2677 provincia
803 2604 1104 2659 sacerdotis
1144 2606 1386 2660 alterum
1422 2605 1519 2675 jus
1569 2604 1779 2659 habere
1823 2604 2102 2675 permitti-

479 2717 623 2769 mus,
654 2699 788 2770 quia
842 2715 944 2770 per
987 2699 1095 2752 hoc
1138 2715 1254 2753 non
1281 2699 1470 2752 minus
1495 2699 1553 2753 in
1581 2702 1908 2753 sanctarum
1934 2698 2108 2752 tradi-

477 2793 696 2847 tionum
727 2792 1078 2864 delinquitur
1130 2792 1465 2860 sanctiones,
1507 2809 1681 2864 quam
1727 2792 1786 2846 in
1839 2791 2105 2863 injuriam

475 2887 648 2957 ipsius
686 2886 911 2940 Domini
947 2885 1259 2957 prosilitur,
1309 2886 1468 2956 cujus
1512 2885 1848 2957 exspectatio
1892 2885 2106 2940 fructus

475 2979 650 3034 nostri
679 2979 976 3033 ministerii
1024 2996 1140 3034 non
1186 2980 1243 3032 in
1275 2979 1571 3034 latitudine
1618 2979 1982 3049 regionuum,
2011 2980 2106 3033 sed

472 3075 530 3128 in
582 3071 951 3143 acquisitione
995 3072 1226 3142 ponitur
1269 3071 1616 3126 animarum.
1662 3072 1872 3127 Habeat
1910 3072 2101 3143 itaque

475 3166 830 3240 pontificium
877 3167 1050 3220 frater
1095 3168 1151 3219 et
1191 3165 1555 3237 coepiscopus
1593 3169 1783 3220 noster
1823 3167 2108 3236 Ingenuus

475 3261 782 3333 provinciae
811 3277 945 3329 suas,
986 3260 1055 3314 de
1093 3260 1254 3330 cujus
1293 3259 1511 3314 dudum
1544 3260 1614 3314 ab
1644 3259 1952 3330 apostolica
1975 3260 2106 3315 sede

476 3360 560 3412 est
588 3354 782 3409 illicita
815 3353 1064 3408 cessione
1091 3355 1367 3425 culpatus,
1412 3357 1469 3408 et
1498 3354 1792 3408 custoditis
1818 3353 2103 3422 omnibus,

475 3467 604 3522 qua:
633 3465 804 3520 super
838 3448 1096 3503 Ecclesiis
1121 3448 1548 3505 Ceruelenensis
1587 3448 1844 3516 civitatis,
1885 3449 1970 3502 vel
2015 3465 2104 3502 ca-

475 3543 621 3598 stelli
653 3543 921 3611 Nicensis,
938 3543 1084 3596 sicut
1104 3541 1351 3597 diximus
1373 3547 1578 3597 sanctae
1601 3543 1898 3596 memoriae
1914 3543 2103 3596 deces-

475 3638 614 3692 soris
644 3637 756 3692 mei
788 3636 1042 3691 deﬁnivit
1065 3637 1386 3706 auctoritas,
1416 3636 1557 3690 nihil
1585 3636 1962 3691 Ecclesiarum
1989 3636 2103 3705 juri

474 3736 690 3800 noceat,
725 3731 876 3802 quod
905 3731 963 3784 in
999 3732 1242 3785 alterum
1278 3733 1724 3784 memoratorum
1775 3747 1807 3783 a
1837 3729 2107 3801 praedicto

474 3826 647 3880 fratre
671 3825 741 3879 ad
762 3824 1178 3878 excludendam
1201 3824 1589 3894 cupiditatem,
1623 3824 2107 3895 quemadmodum

476 3919 766 3990 prohibuit
797 3917 1124 3971 ambitionis
1153 3918 1350 3971 alienae
1379 3918 1637 3987 proxime
1686 3922 1771 3971 est
1812 3918 2107 3988 episcopus

476 4016 856 4080 consecratus,
887 4010 983 4064 sed
1010 4015 1236 4064 statutas
1268 4010 1629 4064 correctionis
1654 4010 1830 4064 forma
1876 4027 2103 4081 perma-

477 4109 634 4171 neat,
675 4109 738 4158 ut
782 4103 850 4158 ad
891 4103 1060 4157 unius
1093 4103 1356 4157 antistitis
1390 4103 1663 4174 praedicta
1699 4104 1820 4157 loca
1845 4104 2105 4174 regimen

476 4203 846 4266 rcviwlantur,
879 4214 1006 4268 quze
1032 4197 1090 4251 in
1119 4197 1259 4250 duos
1285 4196 1457 4252 dividi
1482 4213 1597 4251 non
1623 4197 1815 4252 decuit.
1843 4197 2104 4252 sacerdo-

483 4302 580 4348 lus.
614 4293 890 4347 Dominus
943 4307 1039 4346 vos
1081 4291 1396 4347 incolumes
1427 4291 1724 4360 custodiat,
1758 4291 2107 4346 dilectissimi

481 4391 701 4444 fratres.

477 4505 726 4576 Epistola
769 4505 1255 4560 Tarracone-mium
1297 4505 1659 4574 episcoporum
1710 4503 1786 4556 ad
1835 4503 2106 4558 Hilarium

1183 4591 1408 4647 papam.

548 4671 875 4728 Beatissimo
909 4673 965 4724 et
1010 4673 1066 4724 et
1102 4669 1405 4740 apostolica
1450 4668 1764 4722 reverentia
1799 4686 1830 4723 a
1857 4668 2023 4722 nobis
2048 4668 2107 4722 in

477 4769 698 4824 Christo
729 4765 966 4820 colendo
998 4780 1162 4835 papae
1193 4765 1441 4830 HlLARlO,
1476 4767 1744 4820 Ascmms
1776 4768 1832 4816 et
1863 4763 2105 4816 universi

477 4861 726 4933 episcopi
756 4858 1197 4914 Tarraconensis
1223 4857 1548 4928 provinciae.
1590 4856 1870 4921 Quoniam
1909 4873 2106 4911 curam

476 4956 821 5026 apostolatus
859 4956 1044 5008 vester
1079 4953 1504 5023 provinciarum
1533 4967 1764 5005 suarum
1795 4950 2104 5004 sacerdoti-

476 5051 583 5104 bus
611 5051 772 5120 gerat
797 5047 913 5102 ﬁlio
946 5051 1134 5100 nostro
1159 5044 1360 5099 illustri
1388 5045 1683 5099 Vincentio
1713 5045 1853 5099 duce
1883 5044 2110 5115 provin-

477 5143 578 5197 cia:
601 5146 808 5197 nostras
829 5142 1109 5196 referente
1135 5139 1519 5210 cognovimus.
1552 5139 1722 5210 Cujus
1738 5138 1992 5209 impulsu
2010 5155 2104 5193 vo-

479 5242 598 5292 tum
631 5239 891 5290 nostrum
917 5235 975 5288 in
999 5251 1136 5288 ausu
1164 5233 1444 5288 scribendi
1467 5249 1648 5304 prona
1668 5233 1962 5288 devotione
1982 5250 2102 5287 sur-

477 5329 636 5386 rexit.
687 5331 834 5400 Ergo
884 5327 1256 5399 provinciales
1295 5327 1567 5382 litterario
1607 5344 1871 5382 sermone
1918 5327 2105 5382 debita

476 5440 698 5480 coronae
753 5427 952 5477 vestra:
996 5421 1261 5494 obsequia
1293 5422 1634 5491 deferentes,
1667 5422 1756 5476 his
1782 5437 2108 5493 quaesumus

478 5524 540 5576 ut
559 5517 887 5590 dignatione
907 5532 1016 5588 qua
1027 5520 1265 5572 caeteros
1282 5516 1453 5572 etiam
1467 5515 1844 5571 humilitatem
1862 5522 2104 5571 vestram

474 5617 534 5670 in
565 5611 915 5668 orationibus
942 5611 1157 5677 vestris,
1189 5611 1246 5664 in
1288 5615 1481 5664 mente
1515 5611 1724 5664 habere
1765 5609 2102 5680 dignemini,

476 5709 819 5775 beatissime,
844 5711 901 5760 et
929 5704 1237 5776 apostolica
1262 5703 1577 5758 reverentia
1602 5704 1662 5757 in
1687 5704 1910 5759 Christo
1936 5721 1970 5758 a
2002 5721 2103 5759 no-

476 5802 581 5865 bis,
609 5799 843 5854 colende
870 5799 1055 5852 Pater.
1086 5796 1232 5849 Illud
1270 5796 1564 5864 specialius
1607 5798 2000 5868 deprecantes,
2049 5800 2109 5851 ut

477 5895 689 5952 factum
721 5897 976 5946 nostrum
1009 5891 1156 5964 quod
1186 5893 1374 5943 tamen
1405 5895 1530 5944 voto
1559 5907 1705 5960 pene
1735 5908 1935 5946 omnes
1973 5909 2104 5962 pro-

2127 3209 2182 3283 C

2204 1946 2642 2001 substitueretur
2717 1947 2949 2018 optavit.
3037 1947 3140 2002 Sed
3231 1946 3484 2000 defuncti
3549 1945 3839 2016 judicium

2203 2040 2262 2094 in
2306 2041 2424 2111 ejus
2477 2041 2749 2095 meritum
2793 2058 2907 2095 non
2936 2040 3175 2095 vacillat.
3210 2041 3432 2094 Etcum
3459 2041 3675 2111 legeret
3702 2041 3838 2093 Pro-

2204 2134 2310 2188 bus
2363 2133 2656 2204 episcopus
2697 2151 2726 2188 e
2777 2135 3034 2189 confessu
3083 2151 3318 2204 surgens
3364 2133 3543 2187 dixit:
3579 2133 3724 2188 Illud
3770 2132 3839 2186 li-

2206 2227 2338 2283 cuit.
2371 2229 2481 2282 Hoc
2510 2245 2622 2282 non
2649 2229 2807 2283 licuit
2839 2246 2851 2282 :
2887 2229 3245 2283 Successores
3289 2228 3434 2281 Deus
3467 2226 3581 2282 dat.
3631 2230 3838 2282 Aucto-

2206 2322 2373 2376 ritate
2427 2327 2612 2377 vestra
2667 2322 2910 2377 resistite
2973 2322 3103 2376 huic
3156 2322 3237 2376 rei
3301 2338 3404 2392 per
3453 2321 3840 2392 apostolatum

2207 2418 2478 2470 vestrum.

2277 2509 2512 2563 Hilarius
2531 2510 2831 2581 episcopus
2852 2510 2992 2564 dixit
3028 2528 3040 2564 :
3078 2511 3348 2565 Percurre
3375 2509 3531 2582 quod
3559 2526 3838 2581 coeperas.

2207 2603 2410 2657 Paulus
2451 2603 2707 2657 notarius
2753 2604 3022 2659 recitavit.
3069 2604 3122 2658 Si
3168 2604 3396 2675 quidem
3430 2603 3618 2658 omnis
3657 2605 3843 2657 clerus

2210 2701 2266 2749 et
2290 2697 2448 2766 plebs
2475 2697 2731 2768 ejusdem
2761 2698 3002 2752 civitatis
3031 2702 3087 2752 et
3115 2698 3333 2769 optimi.
3357 2701 3414 2753 et
3440 2697 3674 2770 plurimi
3706 2715 3840 2768 pro-

2207 2789 2491 2862 vinciales,
2542 2795 2607 2846 ut
2643 2791 2795 2846 idem
2845 2793 2966 2864 ejus
3010 2793 3198 2846 locum
3242 2793 3569 2846 observaret
3609 2809 3644 2846 a
3676 2791 3843 2846 nobis

2207 2891 2581 2956 speraverunt
2606 2886 2736 2940 dato
2762 2903 3060 2941 consensu.
3095 2888 3202 2941 Nos
3229 2886 3540 2958 cogitantes
3587 2885 3844 2940 defuncti

2201 2978 2481 3048 judicium
2502 2984 2558 3033 et
2578 2979 2884 3050 probantes
2909 2980 3030 3050 ejus
3052 2979 3244 3049 vitam,
3269 2983 3326 3034 et
3343 2996 3540 3034 eorum
3563 2978 3840 3034 nobilita-

2210 3075 2329 3125 tem
2356 3077 2525 3143 atque
2547 3073 2977 3129 multitudinem
2998 3073 3094 3145 qui
3115 3074 3386 3144 petebant
3410 3073 3580 3127 simul
3602 3076 3659 3127 et
3685 3074 3842 3127 utili-

2209 3168 2384 3220 tatem
2425 3166 2682 3222 Ecclesiaa
2740 3170 3070 3222 memoratas
3113 3168 3394 3239 optimum
3433 3167 3736 3236 duximus,
3780 3171 3845 3221 ut

2207 3265 2366 3314 tanto
2393 3261 2667 3315 sacerdoti
2687 3260 2784 3331 qui
2806 3261 2878 3315 ad
2901 3261 3090 3315 divina
3109 3262 3474 3332 migraverat,
3507 3277 3625 3315 non
3654 3261 3842 3315 mino-

2207 3354 2283 3408 ris
2330 3354 2521 3409 meriti
2574 3355 3016 3409 substitueretur
3055 3356 3308 3422 antistes,
3349 3355 3670 3426 praesertim
3705 3372 3843 3410 cum

2209 3447 2444 3502 ecclesia
2470 3447 2618 3502 illius
2645 3448 2940 3519 municipii
2961 3450 3019 3503 iu
3047 3466 3161 3520 qua
3178 3455 3309 3504 ante
3331 3449 3521 3503 fuerat
3543 3449 3845 3504 ordinatus

2207 3559 2436 3613 semper
2461 3543 2629 3613 hujus
2661 3543 2901 3597 civitatis
2926 3543 3186 3598 Ecclesiae
3215 3543 3386 3598 fuisse
3413 3543 3669 3598 diceeesis
3698 3561 3841 3599 con-

2207 3639 2333 3691 stet.
2392 3637 2538 3706 Ergo
2587 3637 2918 3709 suppliciter
2967 3655 3270 3708 precamur
3314 3639 3694 3709 apostolatum
3741 3654 3839 3693 ve-

2208 3733 2410 3800 strum,
2451 3734 2515 3784 ut
2554 3731 2889 3785 humilitatis
2915 3738 3122 3787 nostras
3149 3733 3299 3804 quod
3332 3733 3485 3802 juste
3513 3749 3545 3786 a
3575 3732 3740 3786 nobis
3765 3733 3846 3786 vi-

2209 3823 2378 3878 detur
2400 3824 2610 3878 factum
2631 3829 2818 3879 vestra
2844 3827 3175 3881 auctoritate
3207 3826 3460 3881 ﬁrmetis.
3489 3826 3844 3881 Jamdudum

2208 3934 2340 3971 sane.
2393 3919 2577 3988 questi
2634 3919 2920 3974 fueramus
2973 3920 3176 3975 litteris
3217 3921 3414 3975 vestris
3458 3920 3526 3974 de
3558 3937 3840 3992 praesum—

2207 4011 2406 4082 ptione
2426 4012 2635 4067 Salvini
2671 4013 2940 4084 episcopi,
2970 4017 3027 4067 et
3053 4015 3329 4069 miramur
3349 4015 3682 4086 quod-nulla
3713 4016 3840 4085 epi-

2208 4106 2442 4160 stolatus
2498 4106 2665 4160 vestri
2723 4124 2996 4178 responsa
3052 4109 3416 4180 suscepimus.
3488 4109 3645 4162 Nunc
3713 4109 3841 4163 hmc

2209 4199 2406 4254 eadem
2433 4202 2803 4271 suggerenles
2828 4202 3092 4272 petimus,
3124 4207 3185 4256 ut
3209 4203 3349 4274 quid
3369 4219 3540 4274 super
3561 4203 3647 4256 his
3668 4203 3843 4257 rebus

2208 4294 2620 4349 observandum
2652 4295 2723 4349 sit
2745 4297 3063 4367 apostolicis
3091 4297 3464 4366 sermonibus,
3497 4313 3600 4351 nos
3631 4296 3840 4367 digne-

2209 4387 2352 4442 mini
2406 4389 2734 4444 informare.
2777 4392 2841 4444 Et
2888 4408 2959 4445 ne
3003 4391 3238 4446 forsitan
3283 4408 3383 4462 per
3423 4390 3841 4462 negligentiam

2208 4481 2497 4551 portitoris
2527 4524 2540 4550 ,
2621 4490 2719 4538 aut
2796 4484 3088 4556 longinqui
3159 4485 3380 4540 itineris
3445 4485 3842 4540 difficultatem

2125 4587 2184 4659 D
2207 4576 2542 4630 humilitatis
2592 4581 2801 4632 nostrae
2839 4579 2909 4633 ad
2951 4596 3045 4633 vos
3094 4579 3302 4652 scripta
3342 4596 3455 4633 non
3482 4580 3739 4650 potuerit
3770 4596 3843 4634 ex

2208 4669 2316 4724 hoc
2365 4670 2593 4741 negotio
2641 4672 2958 4743 pervenire,
3019 4673 3194 4728 etiam
3252 4672 3679 4746 suggestionem
3731 4690 3837 4729 n0-

2208 4769 2378 4819 stram
2445 4765 2754 4820 maluimus
2817 4767 3043 4822 iterare.
3121 4770 3188 4825 Et
3246 4768 3582 4839 subscriptio
3649 4787 3660 4822 :
3728 4769 3842 4824 Ora

2208 4877 2308 4929 pro
2371 4861 2552 4916 nobis.
2619 4861 2883 4916 Sanctum
2951 4863 3324 4932 apostolatum
3401 4867 3650 4917 vestrum
3710 4864 3840 4936 jugi

2208 4971 2326 5009 aevo
2372 4955 2562 5009 divina
2612 4961 2909 5011 conservet
2950 4958 3234 5012 aeternitas
3274 4958 3438 5012 nobis
3468 4958 3736 5012 omnibus
3784 4963 3837 5012 et

2207 5049 2463 5104 Ecclesiae
2533 5067 2683 5116 suae,
2754 5051 2980 5105 domine
3058 5068 3186 5107 vere.
3256 5058 3450 5107 noster
3526 5053 3838 5124 apostolica

2208 5160 2374 5215 papa.

2207 5261 2452 5331 Epistola
2509 5264 2873 5333 episcoporum
2923 5267 3400 5321 Tarraconensium
3447 5266 3522 5318 ad
3564 5267 3838 5321 Hilarium

2902 5352 3126 5407 papam.

2279 5426 2516 5482 Domino
2536 5427 2861 5484 beatissimo
2886 5434 2944 5484 et
2961 5430 3268 5500 apostolica
3290 5432 3609 5486 reverentia
3625 5448 3660 5486 a
3678 5433 3841 5487 nobis

2208 5518 2266 5573 in
2282 5519 2502 5576 Christo
2520 5524 2754 5578 colendo
2770 5541 2933 5596 papas
2954 5525 3198 5595 HlLARlO,
3223 5530 3493 5581 Ascmus
3516 5532 3567 5580 et
3587 5525 3841 5580 universi

2208 5613 2453 5686 episcopi
2477 5617 2906 5672 Tarraconensis
2943 5619 3269 5690 provinciae.

2281 5708 2506 5763 Etiamsi
2540 5711 2694 5764 nulla
2727 5711 2968 5767 dictaret
3001 5713 3301 5767 necessitas
3339 5714 3728 5768 ecclesiastica:
3760 5715 3844 5769 di-

2208 5803 2547 5873 sciplinae,ex
2552 5805 2863 5876 petendum
2876 5823 3074 5861 revera
3087 5809 3247 5862 nobis
3262 5809 3446 5862 fuerat
3462 5808 3600 5863 illud
3614 5809 3844 5880 privile-

2210 5896 2362 5966 gium
2397 5897 2542 5951 sedis
2565 5904 2778 5968 vestras,
2807 5917 2917 5971 quo
2945 5902 3214 5974 susceptis
3247 5903 3407 5972 regni
3437 5903 3687 5956 clavibus
3713 5911 3846 5976 post
