4040 6330
146 328 249 380 929

1395 315 1864 378 DECRETALIUM
1904 320 2293 378 COLLECTIO.

3419 335 3523 387 930

143 430 942 488 resnrrectionemSalvatoris
954 434 1251 501 pertotum
1267 430 1463 485 orbem
1477 430 1785 485 beatissimi
1807 445 1867 516 Α
1887 429 2301 499 custodiantur,
2330 447 2624 503 rogamus,
2657 428 2873 488 dictum
2901 436 3130 507 septies.
3181 437 3252 491 Ut
3284 437 3344 491 in
3373 452 3518 510 pra:-

149 526 300 581 l’etri
340 523 1011 596 singularislprazdicatio
1054 524 1452 578 universorum
1495 524 1783 578 illumina-

145 620 305 674 tione
334 617 645 690 prospexit.
668 616 849 690 pujus
879 617 1069 671 vicarii
1100 616 1449 688 principatus
1478 618 1625 672 sicut
1652 617 1789 673 emi-

145 716 266 779 net,
315 712 400 767 ita
444 710 788 766 metuendus
835 713 920 764 est
957 710 1027 765 ab
1074 711 1337 765 omnibus
1384 714 1441 765 et
1487 712 1783 766 amandus.

146 806 393 861 Proinde
419 822 522 859 nos
550 806 727 858 Deum
768 804 825 857 in
857 803 1022 857 nobis
1047 804 1316 875 primitus
1344 804 1665 871 adorantes,
1699 805 1789 858 cui

148 900 273 954 sine
300 899 538 970 querela
563 898 802 963 servitis,
822 897 891 951 ad
916 896 1089 951 ﬁdem
1116 897 1463 952 recurrimus
1482 898 1788 968 apostolico

148 1010 246 1048 ore
288 992 598 1060 laudatam,
628 991 765 1045 inde
803 1008 1077 1062 responsa
1109 997 1432 1062 qumreutes
1465 991 1615 1046 unde
1643 991 1788 1045 nihil

151 1103 368 1153 errore,
398 1085 541 1139 nihil
585 1084 1052 1156 praesumptione,
1099 1085 1193 1139 sed
1238 1085 1555 1156 pontificali
1603 1088 1790 1139 totum

150 1179 565 1235 deliberatione
610 1178 960 1249 praecipitur.
987 1178 1129 1232 Cum
1159 1178 1281 1232 haec
1310 1178 1384 1232 ita
1425 1194 1483 1233 se
1512 1177 1787 1247 habeant,

152 1277 239 1328 est
256 1279 454 1328 tamen
478 1272 627 1326 inter
656 1288 761 1326 nos
785 1271 962 1325 falsus
987 1272 1180 1338 frater,
1210 1272 1370 1343 cujus
1396 1271 1790 1343 praesumptio-

154 1383 287 1421 nem
321 1367 468 1421 sicut
503 1364 713 1419 diutius
743 1367 927 1418 tacere
963 1381 1076 1418 non
1117 1364 1295 1431 licuit,
1326 1364 1403 1418 ita
1432 1370 1489 1419 et
1514 1364 1669 1435 loqui
1699 1365 1787 1419 fu-

155 1460 273 1514 turi
308 1458 511 1530 judicii
552 1457 853 1512 necessitas
902 1457 1220 1528 imperavit.
1254 1458 1517 1513 Silvanus
1555 1458 1792 1528 quidam

152 1554 451 1624 episcopus
480 1552 806 1621 Calagurre,
827 1550 884 1604 in
917 1551 1119 1605 ultima
1153 1557 1310 1621 parte
1331 1554 1531 1606 vestra:
1562 1552 1789 1622 provin-

156 1648 260 1701 ciae
314 1646 677 1711 constitutus,
722 1644 1095 1699 divinationes
1137 1644 1244 1698 sibi
1287 1644 1571 1698 indebitae
1626 1662 1789 1700 usur-

157 1740 376 1812 pando,
399 1738 781 1794 humilitatem
804 1741 1059 1792 nostram
1086 1738 1159 1792 ad
1180 1739 1287 1792 hoc
1310 1755 1485 1809 usque
1507 1715 1811 1810 perduxit:

157 1840 222 1890 ut
271 1840 469 1889 contra
525 1833 646 1903 ejus
698 1832 1064 1886 vanissimam
1125 1833 1594 1903 superstitionem
1642 1812 1868 1887 sedisB

158 1932 364 1982 vestrae
390 1926 628 1981 unicum
666 1926 988 1980 remedium
1032 1925 1382 1996 ﬂagitemus.
1417 1926 1513 1981 Hic
1542 1943 1792 1998 namque

151 2023 278 2093 jam
297 2026 432 2076 ante
454 2027 581 2075 octo
611 2022 710 2074 aut
734 2022 948 2091 septem
979 2020 1225 2091 amplius
1244 2036 1427 2074 annos
1449 2025 1794 2090 postponens

159 2116 393 2169 Patrum
420 2114 667 2185 regulas,
693 2116 749 2168 et
770 2119 955 2167 vestra
983 2112 1239 2167 instituta
1267 2112 1603 2185 despiciens,
1624 2112 1794 2167 nullis

160 2208 488 2281 petentibus
519 2207 745 2278 populis
771 2207 1098 2277 episcopum
1124 2206 1424 2262 ordinavit.
1455 2207 1627 2278 Cujus
1655 2224 1796 2278 prse-

160 2318 477 2374 pr0perum
510 2302 727 2356 factum
774 2300 1160 2356 existimantes
1193 2301 1442 2355 fraterna
1468 2306 1523 2355 et
1565 2300 1796 2371 pacifica

163 2413 329 2467 posse
356 2394 747 2451 admonitione
779 2395 963 2449 sanari
993 2394 1232 2465 perfecit
1251 2394 1310 2448 in
1332 2394 1517 2466 pejus.
1541 2394 1795 2465 Denique

164 2507 295 2545 cum
318 2493 523 2557 contra
541 2494 879 2543 vetustatem
906 2505 1212 2558 canonum,
1232 2492 1428 2543 contra
1445 2488 1648 2559 synodi
1667 2504 1797 2542 con-

164 2584 357 2639 stituta
417 2582 649 2638 alterius
708 2582 897 2636 fratris
963 2582 1143 2636 nostri
1215 2583 1529 2653 presbyteri
1594 2582 1796 2653 spiritu

160 2684 388 2733 tantum
416 2676 880 2748 prmsumptionis
909 2693 1196 2744 accensus,
1227 2676 1285 2729 in
1315 2676 1521 2730 eodem
1555 2676 1679 2731 loco
1701 2675 1797 2746 qui

166 2771 244 2826 illi
269 2772 464 2826 fuerat
489 2770 801 2825 destinatus
827 2771 916 2824 cui
945 2770 1119 2824 invito
1152 2774 1209 2824 et
1240 2771 1587 2840 repugnanti
1613 2769 1796 2840 impo-

167 2868 360 2920 suerat
382 2880 607 2931 manus,
637 2867 694 2919 et
722 2864 819 2935 qui
844 2869 1037 2918 nostro
1057 2864 1179 2934 jam
1206 2864 1371 2918 coetui
1396 2863 1578 2918 fuerat
1602 2880 1799 2935 aggre—

168 2966 354 3031 gatus,
387 2958 717 3029 episcopum
750 2958 905 3012 fecit.
928 2953 1077 3077 Pinc
1109 2958 1323 3011 factum
1352 2961 1455 3026 est,
1482 2960 1548 3011 ut
1575 2957 1645 3011 de
1678 2958 1800 3028 ejus

169 3051 485 3077 -..ΣΑΑ-..ζυυιη
580 3052 897 3077 δΛΜηκζίηιΑ
972 3051 1036 3077 ,ιι-1
1113 3068 1214 3077 ..ι-ι,-
1286 3052 1799 3077 ροηηλκλιιηιιηιηαιηι

167 3051 491 3107 miserrima
580 3052 899 3106 temeritate
933 3051 946 3077 '
971 3051 1041 3105 ad
1113 3068 1216 3105 nos
1286 3052 1801 3121 Ctesaraugustanze

169 3146 322 3201 urbis
355 3147 534 3200 frater
559 3151 751 3199 noster
779 3145 1041 3199 universa
1078 3144 1336 3214 referret,
1369 3145 1526 3214 cujus
1556 3144 1797 3216 diligen-
1822 3185 1876 3260 C

169 3240 234 3260 1?-
283 3246 327 3260 Δι
364 3239 676 3260 Α-112Α2ι-..1,.
718 3238 1017 3260 -J_-_J_-_-
1052 3244 1411 3260 _-_,i__.a_-_--1
1463 3237 1581 3260 -51..
1612 3238 1795 3260 -12..--.-

167 3240 245 3295 tia
275 3246 333 3294 et
358 3239 682 3294 sollicitudo
714 3238 1020 3292 admodum
1052 3244 1433 3309 prospexerat,
1460 3237 1588 3292 siin
1609 3238 1800 3310 aliquo

167 3334 495 3406 profuisset.
519 3332 813 3405 Siquidem
836 3332 1050 3386 cunctis
1076 3333 1136 3387 in
1158 3332 1363 3386 vicinia
1380 3331 1572 3403 positis
1593 3332 1802 3403 episco-

169 3428 252 3500 pis
288 3444 363 3482 ne
402 3444 462 3481 se
512 3426 871 3481 schismatico
920 3426 1307 3498 adjungerent
1349 3426 1802 3497 frequentissime

170 3521 546 3591 contradixit;
574 3520 674 3575 sed
703 3521 1079 3575 obstinatione
1108 3520 1420 3574 damnabili
1446 3525 1629 3575 totum
1654 3520 1803 3591 quod

171 3622 289 3671 erat
320 3614 603 3681 illicitum,
638 3617 696 3668 et
736 3614 885 3685 quod
914 3613 1079 3668 nobis
1121 3614 1304 3684 pudor
1332 3616 1415 3667 est
1446 3612 1655 3681 dicere,
1686 3630 1804 3668 non

172 3708 405 3765 erubuit
431 3709 527 3762 ille
549 3709 697 3762 solus
725 3708 1105 3763 committere.
1135 3708 1377 3762 Proinde
1403 3708 1535 3779 quia
1562 3707 1650 3762 his
1669 3724 1804 3779 prae-

173 3802 599 3875 sumptionibus
629 3819 757 3873 qua:
789 3802 1066 3856 unitatem
1094 3801 1372 3869 dividunt,
1406 3818 1533 3874 quae
1560 3801 1803 3857 schisma

173 3897 406 3963 faciunt,
436 3896 705 3951 velociter
752 3896 923 3951 debet
964 3896 1203 3965 occurri,
1247 3913 1572 3967 quaesumus
1613 3896 1803 3951 sedem

174 3995 445 4057 vestram,
475 3994 539 4044 ut
584 3989 719 4061 quid
749 4006 921 4061 super
945 3990 1089 4044 hanc
1124 3996 1343 4061 partem
1379 3990 1675 4045 observare
1710 4006 1803 4044 ve-

174 4087 289 4140 litis
322 4084 646 4157 apostolicis
681 4084 945 4139 affatibus
981 4084 1350 4153 instruamur,
1379 4089 1659 4156 quatenus
1692 4084 1807 4139 fra-

176 4180 447 4234 ternitate
501 4178 756 4245 collecta,
797 4177 1031 4250 prolatis
1073 4178 1131 4232 in
1175 4179 1432 4233 medium
1476 4179 1811 4234 venerandis

178 4272 384 4345 synodi
412 4271 754 4340 constitutis,
772 4275 969 4327 contra
989 4272 1312 4326 rebellionis
1338 4272 1599 4343 spiritum
1627 4278 1811 4327 vestra

180 4366 516 4422 auctoritate
541 4366 787 4431 subnixi,
811 4365 969 4437 quod
995 4369 1253 4437 oporteat
1277 4370 1333 4420 et
1356 4366 1428 4420 de
1455 4367 1809 4421 ordinatione

184 4464 239 4517 et
263 4462 331 4516 de
365 4460 626 4516 ordinato
665 4460 786 4514 fieri
827 4460 1147 4531 intelligere
1179 4460 1311 4529 (Deo
1348 4459 1604 4531 juvante)
1633 4460 1806 4531 possi-

1888 523 2305 595 sumptionibus
2341 525 2676 593 vindicetur,
2710 542 3002 599 rogamus,
3030 530 3246 584 dictum
3290 531 3521 602 septies.

1888 617 2178 671 Ordinatio
2250 618 2559 689 apostolica
2638 619 2853 675 illibata
2940 626 3228 691 servetur,
3306 624 3521 680 dictum

1888 709 2114 778 septies.
2148 712 2378 779 Exaudi,
2408 712 2645 782 Christe,
2677 713 2883 769 Hilario
2918 715 3052 785 vita,
3091 716 3305 772 dictum
3350 717 3523 789 quin-

1888 804 2067 875 quies.
2099 803 2309 874 Dignus
2339 821 2505 876 papa,
2538 806 2747 877 dignus
2774 807 2990 878 doctor,
3021 809 3235 865 dictum
3265 817 3350 865 est
3374 814 3526 866 octa—

1889 896 2026 951 vies.
2094 898 2162 951 Ut
2219 898 2530 969 antiquitas
2608 904 2886 971 servetur,
2948 919 3236 974 rogamus,
3306 903 3525 959 dictum

1889 990 2115 1060 septies.
2164 992 2235 1045 Ut
2292 990 2588 1063 disciplina
2646 998 2898 1049 servetur
2947 1012 3230 1069 rogamus.
3278 998 3523 1053 Hilarius

1892 1084 2191 1154 episcopus
2238 1084 2385 1139 dixit
2426 1103 2441 1139 :
2488 1087 2744 1158 Acceptis
2799 1105 2926 1160 quae.
2984 1091 3222 1145 recitata
3275 1094 3408 1146 sunt
3452 1092 3523 1146 de

1892 1177 2172 1245 omnibus,
2222 1195 2395 1247 nunc,
2443 1178 2669 1251 fratres,
2717 1183 2991 1252 speciales
3036 1184 3362 1254 sententias,
3409 1186 3523 1240 Deo

1890 1270 2047 1324 vobis
2100 1270 2432 1341 inspirante,
2493 1260 2853 1344 depromiteJ
2884 1276 3175 1331 Maximius
3223 1279 3525 1350 episcOpus

1892 1363 2151 1418 Ecclesia:
2176 1365 2491 1420 Tauritanis
2517 1366 2662 1421 dixit
2692 1384 2706 1421 :
2737 1369 2798 1422 In
2837 1369 3222 1425 custodiendis
3258 1372 3525 1426 omnibus

1892 1474 2020 1528 quae
2066 1457 2139 1511 ad
2183 1474 2369 1513 sacras
2409 1460 2794 1516 ordinationes
2846 1462 3136 1534 pertinent
3193 1464 3522 1536 disciplinis,

1893 1551 2095 1605 melius
2135 1552 2432 1607 sententiae
2465 1570 2631 1622 mese,
2659 1555 3013 1626 professione
3053 1558 3353 1627 denuntio,
3379 1559 3524 1614 nihil

1894 1661 1925 1698 a
1955 1660 2050 1699 me
2079 1662 2332 1717 unquam
2371 1663 2569 1702 eorum
2608 1664 2736 1719 quas
2776 1650 3064 1720 prohibita
3106 1658 3239 1707 sunt
3281 1669 3404 1707 esse
3438 1652 3522 1708 fa-

1895 1737 2115 1793 cienda.
2147 1740 2220 1793 De
2247 1740 2479 1812 reliquis
2506 1758 2733 1811 censeo,
2760 1746 2821 1797 ut
2853 1743 3110 1815 quisquis
3139 1746 3275 1800 talia
3305 1746 3522 1816 fecerit,

1894 1838 1992 1886 aut
2021 1832 2238 1887 detecta
2265 1833 2325 1887 in
2354 1834 2602 1889 ecclesiis
2634 1852 2888 1891 resecare
2929 1837 3194 1906 noluerit,
3223 1839 3441 1893 noverit
3467 1855 3526 1893 se

1895 1941 2094 1996 graves
2137 1943 2337 1982 causas
2381 1929 2703 1999 apostolicae
2732 1929 2793 1983 in
2833 1929 2984 1984 sedis
3020 1931 3241 2001 judicio
3273 1932 3523 1988 redditu-

1895 2035 2042 2074 rum.
2075 2021 2134 2073 ln
2159 2037 2271 2092 quo
2297 2022 2377 2075 illi
2407 2038 2635 2077 necesse
2677 2023 2788 2077 erit
2821 2024 3009 2078 subire
3035 2025 3400 2081 sententiam.
3438 2028 3523 2082 ln-

1895 2129 2115 2182 genuus
2145 2114 2443 2185 episcopus
2470 2116 2886 2171 Ebredunensis
2915 2116 3093 2172 dixit:
3126 2118 3260 2174 Mihi
3293 2136 3522 2192 quoque

1896 2206 2094 2261 eadem
2124 2207 2194 2262 de
2223 2208 2489 2263 omnibus
2528 2210 2786 2281 partibus
2827 2211 3112 2266 sententia
3146 2215 3250 2280 est,
3285 2230 3402 2284 qua
3430 2231 3524 2270 me

1897 2300 2016 2371 ipse
2045 2302 2391 2373 constringo,
2418 2319 2491 2358 ne
2525 2303 2662 2376 quid
2690 2322 2724 2359 a
2754 2320 2845 2359 me
2885 2321 3139 2376 unquam
3173 2306 3245 2361 de
3284 2306 3374 2361 his
3398 2324 3525 2380 quae

1896 2397 2029 2448 sunt
2069 2394 2372 2450 interdicta
2412 2400 2684 2466 tentetur,
2718 2397 2851 2468 quia
2893 2398 3027 2452 novi
3066 2404 3277 2454 statum
3306 2402 3364 2455 et
3390 2417 3523 2472 pro-

1896 2487 2200 2541 fessionem
2223 2504 2445 2556 meam;
2479 2490 2546 2544 de
2573 2491 2795 2545 caeteris
2819 2490 2989 2546 etiam
3019 2508 3242 2559 censeo,
3276 2497 3341 2548 ut
3366 2494 3523 2565 quis-

1898 2580 2025 2651 quis
2066 2585 2449 2654 transgressor
2500 2583 2795 2653 exstiterit,
2845 2585 2986 2639 sciat
3031 2601 3092 2639 se
3138 2585 3527 2642 ecclesiastica:

1897 2674 2108 2745 regulae
2137 2675 2348 2746 laqueis
2377 2676 2663 2744 innodari,
2688 2684 2746 2732 et
2771 2682 2995 2732 reatum
3021 2679 3343 2749 apostolicae
3377 2681 3527 2735 sedis

1898 2768 2210 2823 incurrere.
2241 2770 2448 2824 Paulus
2482 2770 2777 2842 episcopus
2802 2774 2981 2843 Aquae
3014 2773 3161 2827 Vivus
3191 2773 3329 2828 dixit
3364 2791 3376 2829 :
3409 2775 3525 2845 Ego

1898 2879 2125 2934 quoque
2144 2863 2312 2917 simili
2335 2880 2423 2918 me
2443 2864 2569 2935 lege
2599 2857 3044 3012 constringat?
3069 2866 3139 2921 de
3158 2867 3378 2921 caeteris
3397 2884 3526 2940 qum

1900 2958 2338 3012 transaressores
2385 2954 2599 3010 fuerint
2639 2956 2850 3012 pariter
2890 2973 2955 3012 ce
3000 2974 3117 3012 seu.
3149 2975 3255 3012 nec
3295 2959 3378 3012 eis
3407 2959 3526 3012 sine

1900 2958 2338 3024 transgressores
2385 2954 2599 3010 fuerint
2639 2956 2850 3027 pariter
2890 2954 3117 3028 cebseo,
3149 2975 3255 3013 nec
3295 2959 3378 3013 eis
3407 2959 3527 3014 sine

1902 3047 2152 3117 periculo
2184 3048 2272 3102 sui
2297 3048 2611 3120 quidquam
2639 3050 2751 3105 tale
2781 3054 2999 3106 tentare
3026 3052 3211 3121 liceat,
3238 3052 3392 3125 quod
3419 3069 3533 3108 me-

1902 3141 2011 3195 rito
2061 3141 2266 3196 debeat
2312 3142 2600 3197 vindicari.
2645 3144 2869 3198 Primus
2920 3146 3216 3218 episcopus
3271 3147 3534 3202 Ecclesiae

1900 3235 2170 3289 Atellanae
2216 3236 2356 3290 dixit
2390 3252 2402 3290 :
2431 3237 2542 3291 Hoc
2571 3242 2627 3292 et
2667 3254 2775 3308 ego
2819 3256 3022 3294 censeo
3056 3256 3176 3294 esse
3221 3240 3531 3297 observan-

1903 3328 2058 3383 dum.
2104 3328 2376 3383 Pallidius
2422 3331 2715 3402 episcopus
2763 3332 3021 3387 Ecclesiae
3062 3332 3306 3404 Salpinte
3344 3334 3529 3391 dixit:

1902 3422 2051 3478 Nihil
2081 3438 2172 3475 me
2207 3428 2407 3477 contra
2444 3423 2802 3495 disciplinam
2845 3425 3274 3481 ecclesiasticam
3302 3428 3386 3482 vel
3419 3431 3530 3483 sta-

1903 3520 2025 3570 tuta
2053 3518 2380 3569 sanctorum
2419 3532 2706 3571 canonum
2750 3517 3035 3573 facturum
3075 3536 3196 3573 esse
3239 3521 3531 3590 polliceor.

1904 3609 2172 3681 Tyberius
2196 3610 2491 3681 episc0pus
2522 3610 2780 3665 Ecclesiae
2819 3612 3145 3667 Sabinensis
3184 3613 3324 3667 dixit
3351 3630 3364 3668 :
3394 3616 3530 3669 Pro-

1906 3704 2079 3776 ﬁteor,
2094 3720 2183 3757 me
2215 3706 2423 3758 statuta
2452 3704 2597 3759 sedis
2622 3706 2945 3776 apostolicae
2974 3705 3033 3759 in
3059 3707 3321 3761 omnibus
3346 3713 3533 3763 custo-

1907 3796 2075 3854 direJ
2096 3799 2163 3853 Et
2215 3797 2260 3851 si
2308 3796 2368 3851 in
2419 3798 2663 3852 Ecclesia
2713 3815 2838 3854 mea
2884 3799 3223 3855 clericorum
3285 3801 3534 3873 aliquem

1908 3896 2104 3947 contra
2123 3894 2402 3963 praecepta
2418 3898 2743 3947 sanctorum
2768 3910 3055 3948 canonum
3081 3894 3536 3967 deprehendero,

1909 3991 2006 4041 aut
2032 3987 2334 4042 mulierem
2375 3986 2622 4055 duxisse;
2648 3994 2746 4042 aut
2787 3987 2928 4043 duas
2966 3988 3175 4044 habere
3210 4006 3437 4061 uxores,
3470 3989 3540 4044 ab

1912 4082 2281 4136 ecclesiastico
2329 4082 2513 4137 officio
2557 4098 2841 4153 separare.
2882 4083 2966 4138 Ab
3006 4084 3285 4139 universis
3326 4084 3543 4140 dictum

1910 4181 1994 4230 est
2019 4176 2297 4248 episcOpis
2327 4193 2339 4230 :
2369 4176 2690 4230 Sententias
2728 4177 2969 4231 fratrum
2997 4193 3197 4233 omnes
3224 4178 3539 4249 sequimur,

1912 4286 2112 4324 omnes
2152 4270 2575 4335 confirmamus,
2607 4272 2664 4323 et
2707 4270 3086 4325 observandas
3124 4287 3246 4325 esse
3286 4271 3539 4326 decerni-

1912 4380 2058 4418 mus.
2100 4362 2335 4429 Exaudi,
2370 4362 2610 4429 Christe,
2644 4362 2853 4416 Hilario
2897 4364 3029 4431 vita,
3067 4364 3281 4418 dictum
3336 4364 3539 4420 sexies.

1914 4457 2050 4520 Quae
2115 4456 2257 4510 male
2334 4454 2583 4509 admissa
2653 4459 2804 4523 sunt,
2860 4472 2964 4527 per
3033 4459 3086 4510 te
3160 4456 3545 4529 corrigantur,

184 4572 331 4610 mus.
388 4554 508 4608 Erit
561 4554 813 4625 profecto
862 4560 1047 4608 vester
1092 4554 1414 4625 triumphus
1469 4554 1891 4629 apostolatusD
1916 4550 2130 4605 dictum
2174 4549 2439 4604 octavies.
2470 4548 2634 4612 Quod
2687 4566 2800 4604 non
2848 4549 2997 4617 licet,
3030 4566 3144 4603 non
3175 4550 3291 4619 fiat,
3324 4550 3543 4605 dictum

181 4649 348 4703 vestri
412 4648 767 4719 temporibus
822 4648 868 4702 si
921 4648 1076 4719 quod
1124 4649 1300 4703 sancti
1350 4648 1502 4703 Petri
1545 4648 1814 4703 cathedra

183 4743 406 4799 obtinet
444 4742 724 4797 catholica
772 4741 967 4796 audiat
1014 4742 1281 4810 Ecclesia,
1315 4742 1359 4797 si
1403 4744 1623 4798 novella
1670 4746 1811 4797 ziza-

176 4838 408 4893 niorum
452 4836 675 4889 semina
709 4835 924 4890 fuerint
964 4836 1292 4907 exstirpata.
1346 4838 1411 4891 Et
1452 4836 1809 4908 subscriptio.

178 4930 453 4985 Orantem
495 4945 596 4999 pro
642 4928 804 4984 nobis
849 4935 1109 4984 sanctum
1157 4930 1533 5001 apostolatum
1564 4938 1811 4985 vestrum

172 5025 296 5096 jugi
325 5040 447 5079 aevo
482 5023 673 5078 divina
701 5028 998 5079 conservet
1026 5026 1335 5080 aeternitas.
1367 5026 1431 5080 Ut
1463 5025 1586 5079 haec
1616 5042 1809 5081 emen-

183 5118 392 5173 dentur
452 5133 764 5188 rogamus,
820 5116 1035 5172 dictum
1105 5117 1305 5172 sexies.
1359 5119 1430 5173 Ut
1484 5119 1607 5173 haec
1674 5119 1814 5175 reci-

183 5211 389 5266 dantur
457 5227 749 5282 rogamus,
816 5210 1029 5265 dictum
1094 5212 1323 5283 septies.
1387 5214 1456 5268 Ut
1520 5212 1814 5285 disciplina

183 5308 443 5360 servetur
483 5320 770 5376 rogamus,
820 5304 1035 5360 dictum
1082 5306 1402 5378 quinquies.
1455 5307 1526 5361 Ut
1568 5325 1816 5364 canones

1914 4644 2177 4699 octavics.
2221 4642 2463 4698 Hilarius
2508 4643 2805 4714 episcopus
2848 4643 3108 4698 Ecclesiae
3150 4643 3303 4698 urbis
3342 4644 3541 4698 Romae

1912 4738 2128 4810 synodo
2156 4736 2465 4809 praesidens
2490 4736 2634 4792 dixit
2662 4754 2674 4791 :
2702 4736 2984 4802 Quoniam
3019 4736 3314 4809 prtesentis
3339 4736 3541 4799 deﬁni-

1913 4832 2104 4901 tionis,
2147 4832 2388 4887 formam
2432 4848 2561 4904 quin
2606 4831 2920 4887 secundum
2964 4838 3294 4887 sanctorum
3334 4834 3544 4886 statuta

1914 4933 1998 4982 est
2044 4926 2413 4995 sententiam,
2452 4926 2513 4980 in
2559 4926 2818 4982 omnium
2862 4925 3229 4981 Eeclesiarum
3275 4924 3543 4981 notitiam

1915 5022 2211 5094 pervenire
2257 5020 2627 5089 decrevimus,
2658 5037 2729 5075 ne
2769 5020 3040 5092 cuiquam
3082 5036 3188 5092 pro
3237 5019 3325 5075 sui
3365 5019 3547 5092 possit

1914 5117 2272 5189 ignoratione
2298 5116 2469 5171 licere
2501 5116 2651 5187 quod
2679 5131 2793 5170 non
2825 5114 2957 5171 licet
2983 5113 3174 5183 edere,
3199 5119 3357 5187 gesta
3387 5119 3544 5170 nota-

1916 5211 2131 5267 riorum
2162 5210 2481 5266 sollicitudo
2508 5208 2744 5265 curabit.

733 5536 1305 5633 INCIPIUNT
1391 5542 1915 5636 DECRETA
2001 5537 2529 5635 SIMPLICII
2625 5536 2988 5632 PAPZE.

188 5694 278 5751 Ad
313 5695 573 5751 Zenonem
613 5693 928 5765 Spalensem
974 5697 1278 5766 episcopum
1302 5698 1368 5753 de
1409 5702 1687 5756 commissa
1712 5703 1821 5757 vice

757 5790 1065 5859 apostolica
1089 5791 1253 5845 sedis.

262 5880 634 5938 Dilectissimo
677 5880 839 5937 fratri
878 5883 1112 5952 Zenoni,
1152 5884 1490 5956 Simplicius.
1538 5888 1820 5943 Plurimo-

596 5978 865 6047 PATROL.
916 5982 1141 6046 CXXX.

1921 5717 2050 5756 rum
2078 5700 2260 5755 relatu
2299 5695 2686 5769 comperimus
2729 5693 3092 5750 dilectionem
3132 5697 3291 5747 tuam
3328 5692 3546 5750 fervore

1824 5836 1827 5841 ‹
1923 5798 1979 5850 et
2053 5794 2280 5867 spiritus
2365 5791 2661 5847 sanctitate
2758 5788 3018 5844 Ecclesia:
3102 5785 3544 5856 gubernatorem

1923 5890 2185 5955 existere,
2222 5894 2281 5941 ut
2310 5885 2588 5955 naufragii
2636 5884 2975 5937 detrimenta
3020 5880 3134 5932 Deo
3178 5885 3406 5935 auctore
3432 5898 3548 5938 non
