4040 6362
498 344 618 400 ’931

1416 344 1697 401 ΑΡΡΕΝΙ).
1739 343 1827 399 ΑΒ
1864 342 2020 399 διΕΟ.
2066 344 2150 398 IX.
2180 372 2247 382 ωε
2289 342 2528 399 lSlDORl
2566 342 2989 400 MERCATORIS

3778 348 3881 399 93')

523 453 750 509 sentiat.
778 452 1004 509 Talibus
1030 453 1238 508 idcirco
1262 452 1573 523 gloriantes
1586 451 1816 522 judiciis
1834 468 2150 523 congruum
2173 466 2230 537 Α
2252 468 2384 507 vero
2416 452 2713 524 episcopis.
2736 452 2956 507 Relatio
2980 467 3083 506 nos
3100 455 3302 506 vestra
3329 450 3647 507 dilectionis
3665 453 3849 507 instru
3864 485 3880 493 -

526 546 794 603 duximus
820 547 1025 602 vicaria
1051 546 1198 602 sedis
1227 550 1432 600 nostra
1468 551 1523 599 te
1563 545 1902 600 auctoritate
1938 545 2147 613 fulciri,

524 643 685 713 cujus
730 641 926 712 vigore
971 640 1243 707 munitus,
1274 639 1595 711 apostolica
1634 639 2006 694 institutionis
2049 639 2148 693 de-

524 738 678 791 creta
704 734 789 788 vel
819 737 1143 788 sanctorum
1186 732 1462 787 terminos
1506 734 1740 787 Patrum
1783 733 1938 788 nullo
1980 732 2150 787 modo

520 827 842 883 transcendi
873 827 1187 898 permittas,
1210 827 1484 898 quoniam
1519 827 1694 896 digna
1719 827 1947 882 honoris
1965 843 2151 882 remu-

518 920 815 977 neratione
883 920 1266 976 cumulandus
1324 938 1401 988 es,
1457 937 1562 991 per
1611 936 1784 993 quem
1843 925 1899 976 et
1949 921 2009 975 in
2061 920 2149 975 his

520 1014 844 1086 regionibus
889 1014 1156 1069 divinitus
1201 1030 1451 1069 crescere
1484 1014 1737 1069 innotuit
1767 1015 1968 1070 cultus.
2002 1015 2149 1069 Deus

519 1115 574 1163 te
604 1109 935 1163 incolumen
979 1107 1276 1175 custodiat,
1307 1108 1484 1163 frater
1512 1107 1861 1163 charissima.

588 1224 833 1294 Epistula
851 1224 1120 1294 Simplicii
1142 1239 1303 1307 papa
1330 1224 1403 1278 ad
1427 1226 1688 1279 Joannem
1712 1226 2077 1280 Ravennatem

1174 1310 1494 1366 episcopum.

589 1389 645 1445 Si
673 1389 800 1460 quis
825 1391 973 1443 esset
1002 1388 1237 1442 intuitus
1272 1387 1662 1442 ecclesiasticae
1701 1388 2030 1459 disciplina,
2060 1390 2145 1444 vel

519 1485 563 1537 si
594 1482 751 1554 .quid
795 1482 946 1552 apud
986 1486 1041 1536 te
1085 1481 1446 1536 sacerdotalis
1494 1481 1789 1536 modestia
1832 1485 2143 1550 teneretur,

516 1592 812 1648 nunquam
838 1574 1152 1646 plectibiles
1178 1577 1651 1647 perpetrarentur
1677 1592 1951 1643 excessus,
1973 1593 2005 1630 a
2027 1576 2147 1648 qui-

515 1673 619 1726 bus
649 1671 696 1724 si
730 1670 887 1724 nullo
915 1672 970 1723 te
999 1673 1370 1739 paternarum
1392 1669 1723 1739 regularum
1752 1676 1979 1739 poteras
2007 1685 2141 1724 con-

513 1766 695 1821 tinere
725 1766 1034 1836 pracepto,
1058 1762 1257 1816 saltem
1282 1766 1488 1817 sancta
1512 1763 1810 1817 memoria
1830 1762 2143 1834 pradeces-

515 1857 657 1914 soris
712 1857 796 1912 tui
857 1857 1047 1911 fueras
1111 1856 1466 1910 revocandus
1532 1858 1809 1927 exemplo.
1862 1857 1966 1920 Qui
2013 1836 2221 1911 cumB

514 1952 773 2007 faciendo
787 1950 1182 2022 presbyterum
1198 1950 1388 2004 minus
1401 1949 2007 2021 deliquissetinvitum,
2022 1968 2145 2005 sen-

513 2048 662 2101 serat
686 2050 881 2100 tamen
909 2043 1150 2114 dignum
1176 2060 1279 2115 pro
1309 2044 1410 2097 tali
1436 2044 1805 2115 usurpatione
1834 2044 2138 2115 judicium.

514 2140 618 2195 Ubi
655 2139 764 2193 ista
803 2137 1062 2205 didicisti,
1093 2154 1221 2209 qua
1260 2136 1317 2191 in
1356 2137 1593 2193 fratrem
1641 2142 1697 2192 et
1745 2138 2140 2210 coepiscopum

512 2236 773 2289 nostrum
836 2230 1192 2302 Gregorium,
1242 2246 1356 2285 non
1422 2231 1701 2285 electione
1774 2231 1869 2286 sed
1933 2231 2143 2286 invidia

509 2325 870 2398 perpetrasti,
902 2340 1074 2396 quem
1102 2323 1473 2379 inexcusabili
1500 2324 1769 2379 violentia
1793 2325 2051 2395 pertrahi
2071 2324 2141 2379 ad

492 2402 568 2475 'te
593 2435 792 2492 passus
811 2434 869 2474 es
889 2426 1058 2490 atque
1082 2418 1295 2488 vexari,
1320 2423 1383 2473 ut
1402 2418 1451 2472 ei
1472 2418 1753 2472 honorem
1780 2420 2003 2473 tantum
2025 2435 2138 2473 non

508 2529 614 2586 per
642 2512 819 2568 animi
858 2512 1347 2584 tranquillitatem,
1376 2511 1474 2565 sed
1503 2528 1608 2582 per
1637 2512 1952 2566 amentiam
1998 2512 2141 2567 sicut

509 2606 814 2664 dicendum
853 2611 939 2662 est
965 2605 1296 2677 irrogares?
1320 2606 1513 2677 Neque
1559 2605 1712 2669 enim
1750 2606 1888 2661 talia
1917 2605 2135 2677 potuis-

507 2705 635 2758 sent
651 2700 775 2756 ﬁeri
792 2699 1035 2755 sanitate
1061 2699 1303 2753 consilii.
1333 2699 1605 2753 Nolumus
1621 2714 1838 2770 exagge
1847 2715 1968 2754 rare
1988 2700 2139 2770 quod

509 2801 734 2867 gestum
763 2798 868 2862 est,
897 2810 970 2849 ne
994 2809 1271 2863 cogamur
1294 2791 1551 2863 judicare
1577 2792 1728 2863 quod
1766 2792 2007 2863 dignum
2035 2798 2135 2848 est.

508 2890 651 2944 Nam
698 2887 1061 2963 privilegium
1102 2890 1359 2941 meretur
1398 2886 1685 2953 amittere,
1718 2886 1817 2957 qui
1860 2886 2137 2957 permissa

507 2982 613 3038 sibi
641 2981 894 3035 abutitur
927 2983 1221 3051 potestate.
1253 2979 1367 3035 Sed
1396 2996 1510 3033 una
1534 2996 1640 3035 nos
1681 2980 1826 3035 ratio
1858 2980 1991 3035 facit
2015 2997 2137 3036 esse

508 3074 801 3131 sententia
846 3074 1144 3141 mollioris,
1186 3090 1359 3144 quam
1407 3073 1717 3128 maluimus
1755 3077 1811 3128 te
1858 3074 2034 3129 fratre
2081 3078 2139 3129 et

506 3169 836 3241 coepiscOpo
892 3172 1083 3223 nostro
1129 3168 1385 3237 Projecto
1435 3168 1718 3222 referente
1768 3184 2131 3239 cognoscere,

503 3280 619 3319 non
658 3263 865 3318 nostris
902 3262 1105 3317 litteris
1142 3266 1374 3333 propter
1401 3262 1777 3332 opprobrium
1821 3262 2128 3333 publicare.

504 3358 646 3413 Nam
678 3356 959 3424 scandala,
986 3355 1145 3427 cujus
1171 3361 1366 3435 auctor
1394 3356 1742 3425 agnosceris,
1776 3356 1852 3409 ita
1877 3357 2132 3410 modera-

504 3452 582 3507 tio
610 3456 801 3506 nostra
825 3449 1199 3522 compescuit,
1220 3454 1285 3503 ut
1309 3449 1484 3504 frater
1503 3454 1559 3503 et
1585 3449 1952 3522 coepiscopus
1971 3466 2133 3505 meus

501 3548 671 3617 Greg.
703 3561 875 3617 quem
904 3560 1019 3598 non
1069 3548 1401 3615 provectum
1447 3546 1667 3597 constat
1697 3559 1836 3611 esse,
1869 3544 1967 3598 sed
2004 3545 2130 3614 pul-

503 3656 649 3709 sum,
678 3640 896 3694 nullam
922 3654 1170 3707 causam,
1199 3638 1345 3692 sicut
1386 3636 1563 3708 petiit,
1593 3642 1779 3692 tecum
1813 3637 2130 3705 habiturus,

499 3735 871 3790 Mucirensem
912 3733 1193 3804 gubernet
1229 3730 1555 3798 Ecclesiam,
1594 3735 1650 3785 et
1692 3732 2132 3786 contubernium

501 3827 752 3899 spiritale
791 3826 942 3898 quod
980 3825 1170 3880 sortiri
1218 3841 1332 3878 non
1374 3824 1673 3895 oportebat
1718 3825 1983 3894 invitum,
2016 3842 2132 3880 non

501 3923 725 3976 recuset
750 3919 1031 3990 amplecti.
1061 3918 1161 3971 Cui
1188 3918 1233 3971 si
1261 3918 1398 3988 quid
1437 3918 1656 3989 negotii
1687 3919 1921 3973 forsitan
1946 3935 2129 3973 emer-

502 4013 658 4079 serit,
677 4018 936 4067 nostrum
963 4029 1030 4065 ex
1054 4028 1122 4065 eo
1135 4012 1224 4064 vel
1241 4015 1440 4065 contra
1466 4028 1597 4064 eum
1619 4014 1848 4082 petatur
1868 4029 2129 4068 examen.

504 4105 939 4162 Necessitatibus
978 4105 1173 4173 etiam,
1207 4120 1345 4174 quas
1392 4104 1632 4158 faciente
1677 4108 1731 4158 te
1774 4107 2133 4178 compellitur

502 4200 804 4267 sustinere,
858 4200 961 4253 hac
1010 4198 1345 4253 deﬁnitione
1407 4198 1773 4267 consulimus,
1825 4205 1889 4254 ut
1940 4202 2130 4256 refuso

501 4295 717 4367 pradio
752 4293 902 4367 quod
931 4295 1063 4347 ante
1095 4309 1313 4347 annum
1346 4292 1453 4347 sibi
1484 4292 1681 4348 datum
1721 4309 1842 4349 esse
1878 4311 2127 4350 comme-

460 4372 470 4381 ’
502 4395 702 4459 morat,
721 4393 892 4459 atque
912 4388 981 4442 ad
1007 4387 1314 4442 Ecclesiam
1341 4388 1722 4443 Ravennatem
1753 4405 1976 4445 reverso
1997 4406 2125 4461 pos-

502 4484 671 4540 sessio
698 4484 759 4538 in
792 4481 1131 4537 Bononiensi
1163 4482 1394 4553 triginta
1438 4482 1751 4538 solidorum
1785 4484 2035 4538 redditus
2062 4485 2127 4538 1i-

2251 546 2347 613 xit,
2382 548 2440 600 et
2483 548 2773 617 gestorum
2817 546 2962 600 serie
3004 544 3308 613 intimavit,
3335 545 3724 601 Gaudentium
3766 549 3881 600 Au-

2248 638 2524 695 funiensis
2555 639 2817 694 Ecclesia
2844 639 3193 695 sacerdotem
3218 642 3419 694 contra
3457 643 3673 694 statuta
3713 656 3880 695 cano-

2249 750 2390 788 num
2443 750 2509 788 ac
2573 736 2770 788 nostra
2836 738 3124 804 pracepta
3193 732 3584 787 ordinationes
3658 733 3885 788 illicitas

2248 831 2619 899 perpetrasse,
2651 843 2897 898 quarum
2926 827 3009 881 illi
3037 830 3213 881 totam
3242 826 3469 898 penitus
3498 826 3711 881 auferri
3736 844 3879 898 pra-

2249 920 2488 991 cipimus
2525 923 2882 993 potestatem.
2932 920 3270 992 Scripsimus
3316 920 3468 975 enim
3495 920 3568 974 ad
3615 920 3880 975 Severum

2249 1014 2484 1069 fratrem
2511 1017 2568 1069 et
2588 1014 2989 1085 coepiscopum
3021 1017 3307 1083 nostrum,
3332 1017 3394 1067 ut
3423 1013 3469 1068 si
3496 1030 3730 1069 necesse
3759 1015 3878 1069 fuc-

2248 1108 2339 1177 rit,
2369 1108 2488 1179 ipse
2514 1109 2574 1162 in
2600 1107 2923 1179 supradicta
2947 1108 3215 1176 Ecclesia,
3242 1107 3613 1163 consideratis
3645 1109 3879 1163 Patrum

2246 1202 2479 1272 regulis,
2518 1201 2628 1256 hoc
2666 1202 2942 1271 fungatur
2980 1200 3187 1269 officio,
3216 1217 3328 1272 quo
3364 1201 3461 1255 ille
3504 1201 3717 1256 abusus
3761 1218 3879 1256 esse

2247 1295 2535 1350 convictus
2561 1298 2666 1361 est,
2698 1294 2777 1349 ita
2802 1299 2866 1348 ut
2904 1295 2965 1348 hi
2994 1294 3091 1366 qui
3134 1294 3329 1349 illicite
3370 1294 3440 1349 ab
3470 1310 3538 1349 eo
3575 1300 3709 1350 sunt
3746 1312 3875 1366 pro-

2247 1390 2412 1457 vecti,
2442 1389 2511 1443 ab
2538 1388 2927 1443 ecclesiasticis
2953 1388 3283 1442 ministeriis
3314 1388 3430 1442 sint
3454 1388 3681 1443 remoti.
3704 1388 3877 1443 Simul

2246 1483 2420 1538 etiam
2450 1483 2520 1537 de
2550 1482 2867 1537 redditibus
2910 1481 3167 1537 Ecclesia
3192 1482 3277 1535 vel
3315 1480 3598 1536 oblatione
3626 1481 3876 1537 ﬁdelium

2247 1577 2382 1647 quid
2415 1576 2614 1631 deceat
2635 1575 2915 1630 nescienti
2943 1574 3086 1629 nihil
3112 1575 3283 1630 licere
3305 1576 3621 1646 permittat,
3646 1576 3742 1630 sed
3765 1576 3875 1630 sola

2246 1670 2301 1724 ei
2330 1686 2396 1724 ex
2421 1670 2509 1724 his
2537 1675 2743 1741 quarta
2776 1669 2965 1740 portio
3001 1669 3356 1738 remittatur;
3383 1668 3512 1723 dua
3538 1668 3875 1724 ecclesiasti-

2245 1763 2323 1817 cis
2364 1764 2615 1833 fabricis,
2644 1766 2702 1818 et
2727 1763 3041 1833 erogationi
3080 1763 3521 1834 peregrinorum
3563 1766 3621 1817 et
3662 1779 3872 1835 paupe-

2244 1875 2373 1914 rum
2416 1858 2734 1929 profutura
2759 1857 2828 1910 ab
2859 1856 3070 1928 Ovagio
3115 1857 3447 1927 presbytero
3487 1856 3590 1911 sub
3621 1857 3872 1927 periculo

2245 1952 2332 2007 sui
2378 1951 2594 2006 ordinis
2649 1950 3071 2020 ministrentur;
3111 1950 3313 2004 ultima
3364 1950 3516 2005 inter
3563 1966 3622 2003 se
3663 1949 3875 2005 clericis

2243 2062 2347 2117 pro
2375 2044 2731 2116 singulorum
2755 2044 2970 2099 meritis
2997 2043 3301 2099 dividatur.
3324 2047 3394 2099 At
3408 2060 3542 2097 vero
3559 2042 3876 2098 ministeria

2243 2139 2503 2193 Ecclesia
2540 2155 2669 2209 qua
2712 2138 2958 2192 alienata
3003 2137 3386 2209 comperimus
3429 2153 3699 2208 reparare
3727 2153 3872 2208 pra-

2241 2235 2504 2304 sumptor
2562 2231 2815 2303 pradicti
2887 2231 3080 2286 fratris
3153 2214 3521 2302 compellatur
3583 2230 3871 2296 instantia,

2241 2326 2331 2380 cui
2382 2325 2553 2380 etiam
2603 2326 2664 2380 in
2722 2325 2828 2380 hoc
2883 2324 3207 2397 specialiter
3255 2323 3622 2396 praecipimus
3678 2324 3871 2379 immi-

2243 2436 2398 2487 nere,
2447 2424 2513 2474 ut
2554 2424 2670 2473 tres
2718 2418 2839 2473 illas
2888 2419 3173 2489 portiones
3231 2435 3374 2489 quas
3414 2434 3518 2489 per
3565 2417 3873 2473 triennium

2240 2514 2447 2569 dicitur
2478 2513 2585 2567 sibi
2628 2513 3024 2567 tantummodo
3061 2512 3393 2581 vindicasse,
3427 2512 3707 2567 restituat.
3738 2513 3875 2566 Data

2239 2623 2336 2662 xm
2377 2606 2656 2661 Kalendas
2701 2606 3043 2673 Decembris,
3092 2611 3221 2678 post
3268 2606 3622 2661 consulatum
3670 2605 3874 2660 Leonis

2239 2701 2497 2772 Augusti.

2662 2778 2844 2853 231
2880 2781 3191 2850 Simplicius
3222 2783 3437 2837 Acacio.

2310 2888 2683 2945 Dilectissimo
2699 2888 2857 2943 fratri
2877 2888 3074 2943 Acacio
3090 2887 3430 2959 Simplicius.
3445 2870 3869 2958 Cogitationum

2236 2982 2400 3038 ferias
2425 3000 2541 3038 non
2570 2982 2870 3052 habemus,
2904 2999 3009 3037 nec
3041 2984 3195 3037 enim
3237 2981 3526 3052 quiescere
3562 2997 3668 3036 nos
3702 2998 3870 3036 causa

2237 3077 2533 3149 permittit,
2557 3093 2732 3148 quam
2759 3076 2805 3131 si
2833 3077 3240 3148 relinquamus,
3261 3075 3480 3130 Christo
3503 3075 3745 3131 Domino
3764 3092 3870 3130 no-

2238 3176 2353 3226 stro
2381 3172 2540 3240 cujus
2566 3170 2819 3237 interest,
2850 3169 3257 3224 inexcusabiles
3297 3185 3511 3223 sumus.
3548 3171 3615 3223 Et
3655 3169 3869 3224 mirum

2236 3270 2320 3320 est
2337 3264 2700 3319 dilectionem
2727 3268 2888 3319 tuam
2919 3269 3001 3319 tot
3027 3263 3274 3318 emensis
3304 3262 3682 3334 temporibus,
3709 3266 3768 3317 et
3787 3266 3869 3317 tot

2233 3359 2751 3430 opportunitatibus
2814 3359 2948 3413 inde
3006 3357 3383 3425 venientibus,
3436 3357 3579 3411 nihil
3645 3373 3753 3412 nos
3799 3357 3868 3412 de

2232 3452 2613 3507 Alexandrina
2633 3453 2894 3520 Ecclesia,
2912 3470 3040 3524 qua
3057 3458 3173 3507 tam
3197 3450 3446 3523 graviter
3465 3451 3742 3523 quatitur,
3758 3451 3870 3506 ins-

2233 3552 2422 3602 truere
2438 3547 2702 3617 voluisse,
2719 3564 2846 3601 cum
2869 3563 3109 3601 monere
3124 3550 3202 3613 te,
3219 3561 3327 3600 nec
3344 3544 3660 3616 increpatio
3677 3550 3869 3600 nostra

2234 3642 2531 3710 destiterit,
2562 3646 2627 3696 ut
2662 3641 3003 3712 participata
3047 3639 3423 3695 sollicitudine
3463 3639 3681 3693 litteras
3711 3655 3869 3695 meas

2233 3738 2384 3808 apud
2411 3735 2957 3792 Christianissimum
2984 3734 3320 3805 principem,
3354 3732 3729 3804 prasentibus
3756 3736 3868 3788 tua

2234 3830 2552 3886 dilectionis
2593 3828 2951 3901 prosequeris
2985 3827 3264 3899 alloquiis,
3294 3830 3350 3882 et
3387 3826 3631 3881 instituti
3661 3827 3870 3883 veteris

2234 3936 2454 3975 memor
2472 3920 2532 3973 in
2547 3919 2996 3974 orthodoxorum
3014 3916 3409 3972 defensionem
3428 3915 3748 3983 nobiscum,
3768 3917 3870 3971 sic-

2232 4017 2298 4069 ut
2326 4029 2549 4084 semper
2574 4012 2954 4081 incumberes,
2977 4028 3051 4065 ne
3084 4010 3390 4082 quisquam
3418 4013 3682 4064 nostrum
3705 4009 3867 4065 Chrio

2232 4107 2412 4162 stiana
2451 4107 2618 4179 plebe
2649 4110 2926 4178 pereunte
2969 4108 3192 4160 reatum
3241 4103 3545 4159 deditionis
3591 4103 3869 4159 incurrat.

2232 4201 2389 4257 Unde
2430 4201 2724 4255 hortamur
2769 4199 3133 4255 dilectionem
3188 4203 3375 4268 tuam,
3429 4200 3492 4252 ut
3541 4201 3869 4269 opportune

2230 4297 2403 4367 atque
2426 4295 2751 4366 importune
2772 4294 2879 4366 piis
2909 4292 3140 4348 auribus
3166 4291 3457 4347 insinuare
3476 4307 3595 4346 non
3624 4290 3868 4359 desinat,

2231 4395 2511 4461 quatenus
2565 4388 2962 4443 Alexandrina
3014 4385 3276 4441 Ecclesia
3327 4402 3437 4457 pax
3488 4389 3680 4456 optata
3730 4385 3867 4440 red-

2231 4484 2415 4552 datur,
2444 4486 2501 4538 et
2543 4483 2801 4538 celeriter
2834 4481 3144 4554 vigilantia
3183 4484 3297 4535 tua
3340 4482 3652 4552 proventus
3692 4479 3869 4535 indu-

499 4579 772 4634 berorum
800 4576 919 4631 sine
954 4575 1306 4630 dubitatione
1335 4577 1594 4631 tradatur
1630 4578 1690 4631 in
1733 4577 1887 4631 diem
1918 4577 2207 4659 scilicetD
2230 4582 2408 4633 catur.
2440 4581 2579 4633 Data
2607 4594 2702 4633 vm
2748 4577 2875 4633 ldus
2918 4575 3210 4644 Novemb.,
3250 4573 3518 4629 Severino
3560 4589 3745 4642 cons.,
3780 4573 3867 4628 di-

502 4672 629 4727 vita
660 4671 801 4743 ejus,
829 4669 980 4724 salvo
1005 4669 1368 4741 proprietatis
1401 4670 1531 4740 jure
1571 4671 1909 4726 Ravennatis
1939 4672 2127 4726 Eccle-

502 4767 621 4834 sia,
642 4765 713 4819 ad
734 4780 901 4837 quam
930 4767 1060 4835 post
1074 4763 1333 4835 pradicti
1367 4764 1586 4819 obitum
1609 4768 1945 4819 revertetur.
1966 4766 2130 4829 Quod

501 4861 550 4915 si
577 4876 695 4914 non
737 4857 911 4913 fuerit
945 4858 1156 4911 nostris
1195 4857 1448 4928 partium
1494 4858 1810 4913 constitutis
1840 4859 1975 4929 quid
2004 4861 2131 4930 post

499 4951 1010 5024 transgressionem
1036 4954 1283 5019 maneat,
1308 4956 1700 5006 contumacem
1732 4953 1853 5024 ipse
1878 4969 2123 5024 perpen-

500 5048 604 5102 dis.
635 5046 1042 5101 Denuntiamus
1066 5051 1276 5113 autem,
1304 5046 1456 5117 quod
1482 5046 1527 5100 si
1555 5046 1792 5118 posthac
1820 5047 2128 5120 quidquam

500 5142 611 5196 tale
662 5139 1111 5212 prasumpseris,
1168 5144 1224 5195 et
1287 5140 1556 5211 aliquem,
1618 5157 1713 5196 seu
1778 5141 2122 5215 episcopum,

503 5251 600 5289 seu
658 5233 1077 5306 presbyterum,
1131 5251 1228 5289 seu
1283 5234 1582 5290 diaconum
1639 5234 1878 5292 invitum
1944 5237 2126 5293 facere

499 5329 643 5385 forte
730 5327 1065 5398 credideris,
1143 5328 1524 5385 ordinationes
1597 5330 1700 5385 tibi
1786 5333 2127 5388 Ravennatis

500 5422 760 5480 Ecclesia
804 5423 890 5476 vel
934 5422 1251 5477 Emiliensis
1298 5423 1521 5479 noveris
1577 5425 1937 5481 auferendae.
1984 5428 2127 5480 Data

498 5534 558 5573 ιιι
603 5514 883 5571 Kalendas
928 5515 1098 5583 Junii,
1127 5517 1423 5571 Severiano
1465 5518 1583 5572 viro
1630 5518 1941 5573 clarissimo
1989 5535 2123 5573 con-

497 5611 638 5666 sule.

496 5729 744 5797 Epistula
787 5728 1053 5797 Simplicii
1073 5743 1237 5796 papa
1261 5728 1336 5781 ad
1361 5728 1707 5790 Florentium,
1742 5730 2042 5798 Equitium,
2076 5735 2126 5783 et

1020 5800 1295 5859 Severum,
1320 5800 1599 5868 episcopis.
1948 5839 1960 5851 .

572 5889 891 5961 Simplicius
944 5889 1235 5958 episcopus
1284 5889 1588 5957 Florentio,
1635 5893 1877 5963 Equitio.
1923 5897 1975 5945 et
2025 5894 2121 5947 Se-

2230 4678 2380 4727 recta
2405 4688 2510 4744 per
2535 4671 2901 4727 Restitutum.

2228 4791 2561 4859 Rescriptum
2592 4791 2779 4844 Acacii
2808 4787 2883 4842 ad
2917 4787 3257 4872 Simplicium
3283 4785 3435 4841 urbis
3464 4788 3643 4841 Roma
3675 4786 3866 4839 archi-

2881 4874 3203 4929 episcopum.

2301 4955 2545 5010 Domino
2613 4958 2809 5009 sancto
2871 4952 3018 5024 patri
3080 4950 3507 5022 archiepiscopo
3570 4948 3871 5021 Simplicio

2227 5049 2485 5104 Aeacius.
2540 5048 2992 5104 Sollicitudinem
3036 5045 3298 5100 omnium
3340 5044 3723 5099 Ecclesiarum
3772 5060 3869 5099 se-

2228 5143 2482 5197 cundum
2508 5144 2841 5215 Apostolum
2862 5140 3330 5196 circumferentes
3347 5154 3453 5193 nos
3470 5136 3873 5192 indesinenter

2229 5236 2556 5307 hortamini,
2586 5236 2845 5308 quamvis
2867 5239 3066 5307 sponte
3094 5234 3392 5305 vigilantes
3417 5248 3484 5287 ac
3506 5247 3871 5304 pracurren-

2229 5337 2333 5401 tes,
2368 5331 2466 5385 sed
2496 5346 2591 5386 vos
2622 5330 2812 5386 divino
2837 5330 2953 5385 zelo
2979 5328 3245 5383 sollicitos
3288 5325 3709 5394 demonstratis,
3746 5326 3870 5378 sta-

2227 5430 2348 5480 tum
2396 5426 2788 5482 Alexandrina
2834 5423 3090 5480 Ecclesia
3134 5421 3345 5477 certius
3387 5419 3766 5492 requirentes,
3806 5425 3875 5473 ut

2228 5536 2328 5591 pro
2384 5521 2638 5592 paternis
2691 5519 3007 5575 canonibus
3055 5515 3368 5587 suscipiatis
3412 5514 3673 5569 laborem
3720 5512 3871 5585 piis-

2226 5614 2369 5669 simo
2434 5615 2707 5669 stillantes
2755 5613 2962 5667 sudore
3010 5629 3112 5684 pro
3161 5611 3268 5676 his,
3309 5609 3453 5663 sicut
3495 5623 3728 5679 semper
3783 5612 3875 5661 est

2226 5708 2640 5786 approbatum;
2683 5708 2778 5762 sed
2807 5706 3063 5764 Christus
3089 5706 3234 5759 Deus
3270 5706 3466 5757 noster
3489 5700 3588 5773 qui
3614 5699 3871 5772 diligen-

2226 5802 2376 5856 tibus
2394 5818 2451 5854 se
2480 5801 2540 5855 in
2558 5801 2772 5855 bonum
2800 5804 3156 5871 cooperatur,
3181 5796 3389 5853 nostris
3416 5794 3874 5866 cogitationibus

2226 5896 2496 5965 insidens,
2530 5901 2581 5949 et
2608 5912 2779 5949 unam
2806 5894 2969 5949 nobis
2998 5893 3056 5948 in
3085 5893 3172 5947 his
3201 5896 3455 5947 mentem
3493 5893 3667 5962 atque
3697 5906 3871 5947 eam-
