4040 6328
101 355 195 407 933

1332 349 1797 405 DECRETALIUM
1838 349 2226 406 COLLECTIO.

3361 355 3459 407 {uti

95 464 221 515 dem
273 459 518 531 gloriam
573 476 693 514 esse
743 475 1108 530 cognoscens,
1157 473 1386 512 omnem
1430 457 1722 512 victoriam
1748 459 2187 544 Anocteadhuc
2207 457 3465 529 jacontemdavereilliusquipaternoscano-

94 557 210 626 ipse
265 553 523 625 perfecit,
582 555 872 607 consortes
922 570 1024 606 nos
1078 567 1208 606 cum
1259 551 1725 623 tranquillissimo

95 647 348 718 principe
389 647 618 701 faciens.
669 648 736 701 Et
777 647 1143 700 Timotheum
1183 646 1418 716 quidem
1469 645 1725 699 decesso-

97 758 215 796 rem
246 741 560 812 spirantem
589 741 860 811 procellas
900 744 958 794 et
986 739 1418 794 ecclesiasticam
1455 739 1731 809 tranquil-

96 835 336 901 litatem,
371 835 517 888 sicut
539 833 802 904 apparuit
827 833 1282 901 conturbantem,
1303 833 1434 886 vitae
1457 833 1732 887 subtraxit

99 930 387 996 humanae,
442 928 638 982 dicens
683 927 732 980 ei
779 945 790 980 :
838 928 981 980 Tace
1013 931 1068 981 et
1099 927 1468 981 obmutesce:
1506 928 1729 980 Petrum

94 1038 326 1094 quoque
381 1020 476 1092 qui
523 1021 593 1074 ab
636 1020 977 1075 Alexandria
1022 1037 1183 1075 more
1229 1020 1427 1074 similis
1473 1021 1732 1090 procellae

95 1121 446 1181 surrexerat,
518 1114 807 1185 dissipavit
870 1120 1043 1185 atque
1097 1114 1156 1168 in
1211 1119 1486 1168 aeternam
1538 1114 1731 1184 fugam

97 1212 294 1263 sancto
353 1207 568 1278 Spiritu
615 1207 786 1261 ﬂante
835 1208 1133 1276 convertit,
1183 1223 1363 1261 unum
1403 1224 1471 1262 ex
1513 1207 1598 1260 his
1638 1207 1734 1277 qui

98 1303 232 1356 olim
272 1303 502 1357 fuerant
532 1291 809 1355 damnati.
841 1301 994 1356 Sicut
1034 1301 1190 1355 enim
1220 1301 1278 1356 in
1304 1300 1514 1355 nostris
1545 1300 1732 1354 archi-

99 1397 181 1450 vis
199 1396 290 1450 vel
316 1394 570 1449 conciliis
591 1393 884 1448 inventum
917 1398 1018 1461 est,
1053 1397 1109 1448 et
1137 1395 1208 1448 de
1257 1394 1462 1449 nostris
1493 1393 1732 1461 scriniis,

100 1491 144 1542 si
173 1488 498 1560 dignamini
540 1488 853 1558 requirere,
889 1488 1146 1558 poteritis
1175 1504 1482 1558 agnoscere
1513 1504 1639 1558 quae
1666 1489 1734 1542 de

98 1583 302 1637 eodem
342 1581 643 1636 subsecuta
693 1581 762 1634 ab
806 1581 1190 1635 Alexandrino
1223 1581 1486 1652 episcopo
1524 1581 1594 1635 ad
1628 1583 1733 1635 Ro-

102 1694 252 1731 mam
309 1677 653 1730 alterutrum
697 1675 806 1729 sint
875 1676 1069 1729 relata.
1144 1675 1252 1738 Qui
1299 1677 1497 1730 Petrus
1558 1675 1736 1729 noctis

101 1771 352 1824 existens
394 1769 564 1835 ﬁlius,
612 1773 668 1823 et
714 1785 952 1840 operum
1000 1767 1111 1822 diei
1157 1769 1472 1823 lucentium
1523 1768 1738 1822 alienus

1831 567 1930 606 nes
1965 551 2316 606 subverterat
2345 551 2649 622 insepulta,
2682 551 2964 622 subripuit
2989 552 3046 605 in
3072 553 3284 619 sedem,
3325 554 3466 608 sicut

1831 645 1947 716 ipse
1995 645 2297 700 arbitratus
2341 651 2428 699 est
2467 661 2582 700 uno
2622 649 2678 701 et
2716 645 2831 699 solo
2862 648 3140 716 praesente
3181 649 3238 700 et
3265 663 3335 701 eo
3367 648 3462 718 qui

1830 755 2061 793 consors
2101 739 2252 792 illius
2295 739 2593 794 insistebat
2623 739 2886 808 insania,
2925 739 3022 810 qui
3055 756 3335 812 nusquam
3368 759 3464 812 pe-

1835 833 1986 886 nitus
2025 833 2258 887 omnino
2286 836 2486 904 postea
2525 832 2865 905 comparuit.
2897 832 3230 888 Timotheus
3275 839 3464 889 autem

1835 926 1929 997 qui
1975 925 2248 980 Davidicaz
2289 927 2741 982 mansuetudinis
2781 927 3043 998 exemplo
3101 927 3364 982 subditur
3411 933 3468 982 et

1835 1036 2010 1090 usque
2064 1019 2121 1073 in
2170 1021 2344 1075 finem
2393 1020 2650 1091 patiens,
2704 1023 2874 1091 atque
2921 1021 3185 1091 potestati
3218 1022 3465 1093 propriae

1834 1113 2126 1168 restitutus
2167 1130 2201 1168 a
2236 1113 2461 1168 Christo
2503 1114 2748 1185 propriae
2778 1113 2928 1169 sedis
2968 1115 3191 1170 honore
3224 1116 3467 1184 laatatur,

1835 1211 1891 1261 et
1948 1207 2330 1278 spiritualium
2368 1207 2615 1262 ﬁliorum
2661 1223 2826 1262 voces
2871 1209 3172 1278 accipiens,
3227 1209 3467 1280 gratiam

1836 1301 2145 1356 curationis
2190 1306 2493 1373 exspectat,
2550 1302 2930 1372 multiplicato
2985 1302 3040 1356 in
3079 1320 3136 1356 se
3168 1303 3386 1357 honore
3437 1321 3467 1355 a

1835 1394 2054 1449 Christo
2084 1393 2340 1466 principe
2365 1395 2749 1464 sacerdotum,
2781 1397 3014 1466 propter
3045 1412 3217 1467 quem
3251 1402 3306 1450 et
3335 1396 3472 1450 tole-

1839 1488 2039 1542 rantia:
2065 1505 2338 1542 coronam
2381 1488 2606 1543 sibimet
2643 1488 2919 1560 religavit.
2968 1490 3252 1544 Attentius
3291 1490 3470 1560 igitur

1841 1585 1968 1635 oret
1996 1585 2183 1637 vestra
2207 1582 2496 1638 beatitudo
2523 1599 2629 1654 pro
2654 1582 3130 1637 Christianissimo
3158 1583 3468 1653 imperato-

1841 1691 1898 1730 re
1924 1679 1981 1730 et
2009 1693 2112 1746 pro
2145 1676 2311 1731 nobis
2343 1675 2494 1748 ipsis.
2527 1676 2861 1731 Universam
2891 1676 3312 1730 fraternitatem
3342 1694 3467 1747 qua.

1842 1769 2134 1824 vobiscum
2188 1774 2272 1824 est
2312 1769 2372 1824 in
2412 1769 2657 1839 Christo,
2704 1785 2813 1840 ego
2854 1775 2910 1824 et
2939 1769 3035 1841 qui
3064 1785 3290 1825 mecum
3319 1775 3469 1828 sunt.

101 1880 407 1936 apparens,
432 1861 666 1916 omnino
686 1863 947 1916 tenebras
976 1861 1047 1916 ad
1072 1862 1435 1916 latrocinium
1461 1879 1744 1934 congruas
1763 1843 1820 1916 Β
1844 1864 2170 1917 salutamus.
2197 1865 2267 1918 Et
2292 1864 2408 1918 alia
2432 1879 2600 1918 manu
2628 1883 2644 1918 :
2676 1865 2734 1917 In
2770 1863 3010 1918 Domino
3039 1880 3132 1918 ora
3162 1880 3267 1935 pro
3291 1863 3473 1931 nobis,

106 1957 509 2029 peragendum
559 1972 753 2011 earum
799 1959 1135 2027 cooperator
1176 1955 1503 2022 inveniens,
1560 1957 1745 2010 media

1837 1957 2157 2027 justissime
2192 1960 2374 2028 pater.

716 2245 1290 2337 INCIPIUNT
1384 2246 1904 2337 DECRETA
1998 2244 2423 2338 FELICIS
2512 2243 2880 2336 PAPIE.

614 2429 701 2482 Ad
726 2429 933 2483 Siculos
955 2432 1244 2499 episcopos.

187 2526 231 2574 l.
281 2521 360 2575 De
400 2520 486 2574 his
520 2521 618 2591 qui
656 2521 920 2591 baptizati
948 2523 1274 2590 doluerunt,
1307 2526 1370 2576 et
1394 2525 1594 2594 postea
1625 2540 1740 2593 pce-

113 2615 297 2669 nitere
328 2615 660 2670 noluerunt.

183 2712 234 2762 '2.
271 2709 349 2762 De
378 2708 724 2778 presbyteris
751 2709 836 2762 vel
867 2709 1196 2763 diaconibus
1225 2709 1322 2780 qui
1350 2710 1404 2762 in
1437 2711 1594 2782 lapsu
1630 2711 1743 2765 hie-

111 2801 422 2856 reticorum
450 2817 509 2855 se
539 2801 860 2872 baptismati
888 2801 1186 2856 dederunt.

180 2899 235 2950 3.
273 2896 348 2948 De
379 2895 468 2949 his
493 2895 591 2966 qui
619 2911 677 2950 se
706 2896 1140 2965 rebaptizandos
1167 2895 1340 2967 impie
1370 2897 1668 2952 dederunt.

181 2991 234 3044 4.
271 2990 350 3043 De
380 2989 470 3042 his
499 2989 596 3060 qui
627 3006 728 3060 per
762 2990 1149 3061 ignorantiam
1185 2991 1368 3045 mtatis
1413 2990 1748 3061 rebaptizati

119 3086 274 3137 sunt.

187 3181 240 3231 5.
275 3178 349 3231 De
401 3176 488 3230 his
533 3176 631 3246 qui
675 3177 744 3230 ab
795 3177 1076 3232 haereticis
1117 3177 1406 3248 baptizati,
1453 3182 1548 3232 aut
1594 3178 1751 3233 reba-

117 3271 310 3342 ptizati
346 3275 499 3340 sunt,
531 3273 593 3324 ut
627 3270 695 3324 ad
725 3271 1157 3327 ecclesiasticam
1185 3271 1451 3325 militiam
1481 3289 1595 3327 non
1619 3289 1749 3344 per-
1772 3230 1826 3304 Ο

120 3365 369 3419 veniant.

189 3464 240 3512 6.
273 3459 354 3512 De
385 3458 796 3530 paenitentibus
822 3465 884 3514 ut
907 3459 977 3513 ab
995 3459 1118 3514 aliis
1151 3459 1554 3530 episcopisnon
1583 3460 1753 3514 susci-

122 3552 376 3623 piantur.

187 3646 405 3714 Flavio,
431 3646 642 3713 Boetio,
666 3647 798 3702 viris
819 3647 1143 3702 clarissimis
1169 3648 1515 3714 consulibus,
1537 3647 1640 3702 sub
1661 3649 1753 3703 die

122 3757 178 3797 m
211 3741 415 3796 Iduum
443 3741 785 3808 Martiarum,
820 3741 877 3794 in
915 3741 1146 3796 basilica
1175 3741 1644 3812 Constantiniani,
1668 3759 1754 3796 re-

124 3835 346 3889 sidente
383 3834 690 3888 venerabili
716 3835 836 3889 viro
872 3851 1022 3906 papa
1059 3835 1260 3905 Felice,
1300 3852 1415 3890 una
1446 3852 1577 3890 cum
1609 3853 1752 3907 qua-

125 3928 390 3999 draginta
409 3928 685 3999 episcopis
706 3928 1133 3984 considentibus
1161 3929 1440 3984 universis
1472 3930 1756 4001 presbyte-

127 4024 218 4088 ris,
269 4022 588 4076 astantibus
634 4022 807 4077 etiam
859 4022 1212 4090 diaconibus,
1265 4024 1416 4078 Felix
1458 4023 1757 4096 episcopus

126 4116 387 4188 Ecclesiae
421 4115 718 4170 catholicae
759 4117 910 4170 urbis
947 4119 1140 4172 Romae
1171 4119 1386 4189 synodo
1417 4119 1753 4190 prmsidens,

127 4209 311 4264 dixit:
347 4209 678 4264 Communis
723 4210 884 4265 dolor
932 4215 988 4265 et
1040 4211 1323 4281 generalis
1375 4216 1461 4267 est
1511 4213 1756 4284 gemitus

125 4304 279 4375 quod
318 4304 470 4357 intra
509 4303 757 4358 Africam
794 4305 1189 4376 rebaptizatos,
1235 4306 1406 4360 etiam
1439 4307 1754 4378 episcopos,

126 4398 508 4468 presbyteros,
543 4397 922 4470 diaconosque
948 4399 1340 4470 cognovimus.
1366 4401 1500 4464 Quae
1527 4417 1616 4454 res
1636 4401 1756 4455 sine

130 4491 306 4546 dubio
335 4491 407 4544 ad
436 4495 640 4545 nostra;
665 4508 896 4564 quoque
923 4493 1182 4564 pervenit
1211 4510 1473 4548 normam
1500 4495 1760 4549 sanctita-

1847 2427 2083 2483 curandi
2114 2427 2351 2482 facilitas
2394 2428 2690 2483 mortifera
2734 2427 2938 2498 capitis
2976 2429 3135 2498 peste
3175 2426 3314 2482 nihil
3352 2443 3480 2499 pro-

1848 2523 1958 2576 sit:
1994 2523 2089 2577 sed
2133 2522 2364 2592 segnius
2405 2525 2581 2577 tracta
2627 2521 2907 2592 pernicies
2953 2523 3114 2574 reatu
3158 2537 3274 2576 non
3334 2520 3475 2592 legi-

1849 2616 2001 2670 timae
2055 2615 2362 2670 curationis
2417 2615 2659 2670 involvat
2713 2615 2928 2685 pariter
2976 2614 3195 2669 saucios
3251 2619 3308 2668 et
3353 2630 3476 2670 me-

1848 2711 2065 2765 dentes.

1919 2807 2044 2860 CAP.
2078 2806 2116 2859 Ι.
2147 2806 2208 2858 In
2238 2803 2437 2876 primis
2464 2804 2660 2874 itaque
2688 2802 2968 2858 venientis
2993 2803 3064 2856 ad
3094 2818 3192 2856 vos
3219 2807 3273 2856 et
3300 2818 3478 2858 reme-

1850 2898 2008 2951 dium
2041 2897 2378 2968 postulantis
2421 2896 2656 2951 sollicite
2686 2894 3044 2950 discutienda
3069 2901 3153 2950 est
3183 2895 3481 2967 professio,

1850 2994 1906 3045 et
1930 3007 2178 3062 persona
2200 2990 2442 3062 decepti,
2466 2996 2530 3045 ut
2552 2989 2778 3044 medela
2798 2989 2975 3061 possit
2993 3004 3315 3059 congruens
3334 2989 3486 3044 exhi-

1850 3085 1992 3139 beri.
2026 3087 2091 3140 Et
2119 3085 2218 3156 qui
2255 3085 2639 3140 satisfacturus
2692 3085 2806 3138 Deo
2838 3100 2944 3157 per
2986 3083 3383 3155 paenitentiam
3426 3098 3484 3138 se

1850 3179 2267 3250 rebaptizatum
2319 3179 2576 3250 legitime
2625 3178 2890 3246 doluerit,
2931 3180 3127 3231 utrum
3169 3177 3239 3231 ad
3268 3177 3376 3231 hoc
3403 3176 3483 3230 fa-

1854 3274 2012 3327 cinus
2066 3273 2379 3327 occurrerit
2426 3289 2498 3326 an
2550 3272 2824 3342 impulsus
2880 3271 3178 3325 accesserit
3228 3270 3485 3342 requira-

1854 3373 1946 3421 tur
1998 3367 2177 3421 sciens
2221 3365 2376 3438 quod
2423 3382 2480 3420 se
2522 3365 2769 3435 decipiat
2813 3365 2934 3435 ipse
2981 3364 3080 3434 qui
3110 3363 3274 3431 fallit,
3314 3363 3484 3418 nihil-

1853 3477 1964 3532 que
2006 3477 2108 3531 per
2153 3465 2406 3514 nostram
2450 3457 2782 3513 facilitatem
2825 3456 3121 3512 tribunalis
3162 3457 3368 3511 excelsi
3391 3457 3487 3527 ju-

1855 3554 1998 3608 dicio
2051 3552 2332 3624 derogari,
2381 3552 2472 3605 cui
2517 3552 2613 3606 illa
2664 3555 2797 3606 sunt
2845 3555 2990 3619 rata,
3035 3567 3161 3621 quae
3207 3550 3316 3620 pia,
3362 3567 3488 3621 qum

1858 3665 2004 3718 vera,
2051 3664 2178 3718 qua:
2211 3647 2368 3717 justa
2418 3649 2571 3713 sunt,
2616 3649 2673 3700 et
2711 3644 2880 3700 aliter
2928 3644 3292 3714 necessitatis,
3323 3644 3492 3698 aliter

1855 3741 2187 3797 tranctanda
2217 3745 2302 3795 est
2332 3739 2478 3794 ratio
2511 3737 2839 3795 voluntatis.
2886 3738 3142 3793 Deterior
3181 3742 3266 3792 est
3293 3742 3485 3792 autem

1857 3852 2026 3891 causa
2081 3835 2251 3905 illius,
2308 3833 2407 3906 qui
2454 3834 2603 3888 forte
2655 3834 2838 3905 pretio
2887 3831 3216 3888 sollicitatus
3267 3837 3369 3900 est,
3428 3837 3490 3886 ut

1859 3931 2090 4002 periret.
2147 3928 2295 3983 Nihil
2339 3927 2496 3983 enim
2544 3929 2893 3983 intentatum
2944 3926 3174 3998 reliquit
3200 3926 3487 3996 inimicus,

1857 4026 1967 4093 cui,
1995 4040 2068 4079 ne
2093 4024 2162 4079 de
2192 4040 2289 4078 sua
2309 4023 2476 4078 liceat
2503 4022 2749 4094 gaudere
2766 4027 3016 4093 captura,
3041 4021 3489 4078 succurrendum

1859 4121 1945 4172 est
1973 4117 2228 4189 irretitis,
2258 4123 2315 4173 et
2338 4118 2720 4174 conterendus
2747 4121 2833 4172 est
2858 4118 3117 4172 venantis
3146 4117 3404 4188 laqueus,
3432 4121 3492 4172 ut

1857 4213 2173 4268 infucatum
2213 4213 2654 4267 lamentantibus
2694 4213 2916 4283 lapsum
2956 4216 3073 4265 tam
3103 4211 3337 4282 justitia:
3364 4227 3486 4265 mo-

1859 4307 2171 4375 deratione,
2226 4323 2398 4378 quam
2443 4269 2886 4378 compunctione
2932 4269 3156 4376 pietatis
3187 4305 3254 4358 ad
3299 4269 3526 4382 aulam)

1857 4417 2034 4472 quam
2050 4401 2399 4472 reliquerant
2415 4399 2486 4455 sit
2512 4415 2822 4470 regressus,
2850 4414 2956 4452 nec
2988 4397 3205 4469 pudeat
3228 4398 3488 4464 forsitan,

1860 4499 1958 4549 aut
2000 4494 2196 4566 pigeat
2238 4495 2464 4549 indictis
2493 4493 2848 4565 jejuniorum
2877 4491 3310 4562 gemituumque
3345 4496 3488 4546 tem-

129 4585 216 4652 tis,
245 4585 312 4640 de
341 4601 457 4656 quo
486 4585 622 4656 quid
651 4587 936 4641 observari
964 4588 1190 4653 debeat,
1216 4588 1483 4643 ordinare
1503 4605 1606 4642 nos
1632 4605 1759 4644 con-
1777 4606 1837 4680 D
1863 4589 2092 4660 poribus
2110 4588 2362 4652 obedire,
2382 4593 2481 4644 aut
2504 4587 2626 4641 aliis
2643 4585 3017 4641 observantiae
3035 4585 3359 4639 saluhrioris
3389 4585 3487 4640 ob-

128 4679 297 4734 venit.
327 4679 567 4733 Proinde
587 4683 652 4734 ut
673 4681 973 4736 manifesta
1001 4681 1071 4735 sit
1094 4699 1268 4753 super
1295 4683 1400 4737 hoc
1423 4687 1618 4737 nostra
1639 4702 1761 4738 sen-

135 4774 327 4838 tentia,
348 4789 476 4844 qua:
495 4773 659 4827 nobis
690 4779 823 4830 sunt
848 4775 984 4834 visa.
1007 4777 1342 4831 recitentur.
1373 4778 1622 4832 Astasius
1645 4778 1762 4832 dia-

137 4883 306 4921 conus
333 4867 611 4922 recitavit.

208 4960 596 5016 Dilectissimis
645 4961 702 5015 in
747 4962 968 5018 Christo
1015 4965 1143 5018 Jesu
1186 4965 1459 5021 fratribus
1487 4966 1762 5021 universis

140 5055 410 5126 episcopis
454 5072 555 5126 per
593 5055 840 5111 diversas
860 5057 1178 5128 provincias
1201 5060 1537 5114 constitutis.
1573 5063 1761 5125 Quali-

142 5153 223 5202 ter
251 5149 310 5203 in
351 5149 627 5203 Africanis
656 5150 986 5222 regionibus
1026 5152 1234 5207 astutia
1271 5154 1483 5208 diaboli
1521 5155 1766 5210 saevierit

139 5243 192 5296 in
226 5243 505 5316 populum
533 5243 914 5299 Christianum
951 5250 1120 5318 atque
1146 5245 1205 5299 id
1237 5247 1535 5319 multiplici
1563 5249 1765 5320 decep—

142 5337 287 5392 tione
318 5337 670 5409 proruperit,
716 5343 780 5393 ut
812 5355 926 5392 non
972 5340 1148 5395 modo
1205 5343 1408 5413 vulgus
1444 5342 1760 5412 incautum,

143 5432 232 5485 sed
252 5431 405 5502 ipsos
434 5431 494 5484 in
522 5431 722 5485 mortis
747 5433 1026 5502 profunda
1061 5434 1398 5491 demerserit
1423 5438 1762 5504 sacerdotes,

147 5526 320 5579 nullus
350 5524 507 5579 orbis
534 5541 651 5579 non
683 5528 928 5596 gemuit,
962 5527 1117 5581 nulla
1140 5532 1292 5582 terra
1318 5530 1574 5585 nescivit.
1604 5532 1765 5585 Unde

148 5620 195 5672 in
247 5619 452 5692 grandi
508 5636 753 5675 maerore
795 5621 956 5691 positi
1012 5620 1364 5677 dissimulare
1407 5641 1522 5678 non
1570 5641 1763 5696 possu-

150 5730 264 5767 mus
288 5711 662 5785 pereuntium
694 5719 864 5785 atque
909 5731 941 5768 a
980 5714 1144 5768 nobis
1186 5715 1604 5786 exigendarum
1651 5720 1765 5773 dis-

150 5808 355 5862 crimen
405 5806 755 5864 animarum.
803 5808 1158 5880 Quapropter
1210 5815 1533 5881 competens
1596 5813 1765 5867 adhi-

153 5901 319 5956 benda
377 5900 584 5954 talibus
627 5901 902 5956 medicina
944 5903 1293 5972 vulneribus,
1337 5921 1406 5958 ne
1469 5907 1768 5961 immatura

1864 4687 2185 4754 temperare
2218 4683 2532 4754 prmceptis,
2575 4681 2709 4752 quia
2748 4679 3060 4734 humilibus
3091 4679 3260 4733 datur
3291 4679 3491 4750 gratia,

1864 4793 1980 4832 non
2007 4776 2285 4846 superbis.
2323 4777 2406 4831 Sit
2437 4792 2574 4846 ergo
2605 4775 2786 4829 ruinae
2825 4790 2940 4827 suae
2961 4773 3156 4828 dolore
3178 4775 3494 4844 prostratus

1866 4870 2120 4942 quisquis
2147 4870 2206 4924 in
2231 4869 2452 4925 Christo
2484 4870 2605 4924 fieri
2643 4867 2850 4940 quaerit
2891 4866 3121 4933 electus,
3157 4869 3212 4920 et
3240 4883 3344 4938 per
3375 4866 3492 4920 dis-

1865 4964 2161 5035 positionis
2205 4969 2412 5019 nostrte
2440 4963 2792 5036 mysterium,
2842 4961 2998 5034 quod
3037 4964 3280 5015 vestram
3335 4961 3493 5032 sequi

1865 5059 2130 5114 convenit
2168 5059 2526 5125 charitatem,
2566 5073 2669 5114 nec
2725 5056 2894 5111 alicui
2934 5056 3019 5110 fas
3072 5060 3155 5110 est
3215 5055 3298 5108 vel
3357 5056 3495 5109 velle

1868 5153 1953 5206 vel
2013 5170 2171 5224 posse
2229 5153 2623 5208 transcendere
2684 5167 2879 5206 causas
2929 5150 3090 5219 ejus,
3149 5149 3245 5220 qui
3298 5153 3494 5203 contra

1868 5248 2234 5318 apostolicam
2261 5246 2575 5302 doctrinam
2606 5246 2676 5300 ad
2712 5242 3076 5298 iterationem
3103 5258 3162 5296 se
3188 5242 3494 5314 baptisma-

1871 5341 1938 5395 tis
1963 5340 2133 5395 nimis
2161 5341 2471 5394 infaustam
2507 5338 2680 5407 dedit,
2713 5337 2799 5391 vel
2827 5337 2949 5408 ejus
2975 5335 3071 5407 qui
3100 5336 3382 5408 aliquibus
3407 5353 3494 5390 ar-

1869 5435 2153 5507 gumentis
2196 5433 2584 5489 excusandum
2627 5431 2825 5486 callide
2871 5430 3168 5502 proprium
3217 5431 3494 5502 putaverit

1867 5547 1988 5584 esse
2015 5507 2754 5615 consensum.‘Sacerdotali
2774 5525 2964 5596 vigore
2988 5529 3045 5579 et
3063 5525 3420 5580 humanitate
3438 5524 3496 5577 in

1868 5625 1947 5680 eis
1975 5623 2131 5691 ﬁdes,
2161 5638 2287 5693 quae
2315 5621 2424 5676 nisi
2455 5625 2541 5675 est
2579 5636 2693 5674 una
2722 5620 2848 5691 jam
2891 5619 3048 5672 nulla
3078 5624 3180 5686 est,
3216 5617 3498 5687 adjutorio

1871 5717 2094 5772 Domini
2129 5715 2339 5787 judicis
2365 5716 2436 5770 ad
2472 5716 2736 5781 salutem,
2768 5713 2888 5767 sine
2915 5716 3122 5767 nostrae
3154 5709 3498 5781 operationis

1872 5812 2181 5866 offensione
2226 5814 2542 5881 reparetur,
2595 5807 2728 5879 quia
2763 5824 2894 5862 cum
2936 5804 3242 5876 peccatoris
3273 5821 3306 5856 ει
3336 5801 3501 5857 nobis

1873 5906 2180 5959 satisfactio
2215 5905 2598 5976 protrahatur.
2631 5918 2741 5956 non
2765 5904 2974 5972 praiter
3001 5897 3225 5952 laudem
3250 5901 3503 5951 nostram
