4040 6354
548 344 648 397 935

1425 329 1707 396 APPEND.
1746 339 1834 394 AD
1871 339 2032 396 SIEC.
2074 340 2160 394 IX.
2193 367 2264 381 -ο
2299 327 2553 397 lSlDOBl
2589 335 3016 398 MERCATORIS

3808 342 3908 396 936

544 451 715 522 atque
739 447 997 504 laetitiam
1020 464 1184 502 mens
1211 447 1330 519 ejus
1359 447 1428 502 ad
1450 447 1677 502 veniam
1705 447 2001 520 purgatior
2019 448 2174 504 inve-
2196 460 2254 533 Α
2275 457 2362 505 ter
2399 466 2496 505 eos
2525 450 2622 523 qui
2655 450 2908 505 oratione
2938 449 3057 504 sola
3101 446 3560 515 communicant,
3590 445 3772 502 donec
3801 447 3906 502 im-

545 543 720 597 nitur.
755 544 820 596 Et
838 542 966 596 ideo
988 540 1364 596 memineritis
1385 541 1530 595 hanc
1549 558 1720 614 super
1736 541 1822 596 his
1845 559 1946 596 nos
1967 543 2178 601 habere

545 635 902 700 sententiam,
932 638 1012 702 ut,
1037 640 1256 689 servata
1302 634 1638 688 discretione
1666 636 2041 706 peccantium,
2064 655 2180 694 non

545 729 741 782 eadem
755 727 936 781 cuncti
952 728 1047 799 qui
1067 727 1207 798 lapsi
1222 731 1355 782 sunt
1375 729 1536 782 lance
1559 732 1890 800 pensentur,
1907 733 2177 802 quoniam

545 821 778 892 majoris
801 821 1192 891 castigationis
1213 822 1524 892 exigendus
1541 829 1626 876 est
1648 840 1838 891 usura,
1862 825 1953 878 cui
1973 826 2180 880 domus

548 913 773 968 Domini
801 914 1099 968 commissa
1127 914 1298 969 fuerit
1329 915 1641 985 disciplina.

617 1010 682 1064 Il.
725 1008 795 1061 Ut
815 1024 953 1078 ergo
985 1008 1054 1061 ab
1083 1009 1346 1062 Ecclesiae
1375 1009 1798 1064 summitatibus
1825 1010 2176 1079 inchoemus,

525 1090 644 1156 .eos
673 1117 814 1172 quos
843 1101 1154 1172 episcopos,
1185 1102 1547 1173 presbyteros
1589 1104 1672 1156 vel
1710 1103 1977 1159 diaconos
2011 1105 2178 1160 fuisse

546 1195 896 1262 constiterit,
951 1199 1007 1249 et
1057 1213 1115 1250 se
1168 1202 1428 1266 optantes
1489 1196 1752 1262 forsitan,
1807 1215 1903 1251 seu
1957 1206 2180 1254 coactos

549 1290 753 1343 lavacri
815 1289 962 1342 illius
1021 1289 1174 1343 unici
1246 1290 1619 1361 salutarisque
1671 1291 1937 1346 claruerit
1986 1293 2180 1348 fecisse

539 1382 846 1452 jacturam,
874 1387 931 1436 et
958 1382 1243 1436 Christum
1269 1399 1443 1453 quem
1472 1400 1587 1437 nou
1621 1384 1808 1438 solum
1839 1385 1988 1440 dono
2015 1402 2178 1457 rege-

548 1476 878 1542 nerationis,
918 1492 1113 1530 verum
1155 1475 1328 1530 etiam
1370 1476 1612 1546 gratiam
1659 1479 1921 1549 praecepti
1951 1479 2181 1534 honoris

548 1569 856 1624 induerant
882 1570 1104 1624 exuisse
1130 1587 1261 1624 cum
1288 1574 1530 1639 constet,
1560 1571 1849 1626 neminem
1882 1573 1950 1626 ad
1977 1590 2178 1627 secun-

549 1665 682 1718 dam
737 1664 1072 1717 tinctionem
1117 1663 1305 1717 venire
1360 1664 1652 1735 potuisse,
1722 1665 1828 1719 nisi
1882 1683 1940 1720 se
1993 1669 2180 1738 palam

549 1756 934 1814 Christianum
980 1757 1291 1826 negaverit,
1338 1761 1395 1811 et
1439 1759 1724 1828 professus
1770 1760 1947 1814 fuerit
1972 1777 2031 1814 se
2062 1778 2180 1816 esse

2279 545 2502 615 pleatur
2536 545 2785 616 spatium
2818 542 3096 614 temporis
3135 542 3316 597 eidem
3354 540 3760 613 praestitutum.
3803 540 3913 594 Nec

2279 638 2717 693 catechumenos
2746 641 2989 705 nostros,
3027 636 3125 707 qui
3156 635 3260 690 sub
3297 635 3394 689 tali
3429 635 3786 706 professione
3810 633 3910 688 ba-

2279 732 2468 802 ptizati
2495 739 2628 786 sunt
2649 731 3158 802 praetermittimus,
3181 730 3313 800 quia
3332 746 3448 783 non
3462 732 3546 783 est
3565 744 3739 782 causa
3755 726 3915 782 dissi-

2281 821 2432 875 milis
2455 837 2468 874 :
2497 821 2640 874 sicut
2668 820 2843 874 iidem
2867 819 3045 873 sancti
3072 835 3318 873 canones
3344 818 3756 872 ordinaverunt
3795 817 3916 886 ejus

2279 914 2378 986 qui
2411 913 2664 986 quolibet
2699 913 2869 967 modo
2898 913 3185 966 Christum
3210 928 3381 983 quem
3413 911 3584 966 semel
3617 912 3916 966 confessus

2277 1009 2567 1078 abjurarit.
2597 1008 2795 1062 Tribus
2817 1007 2978 1061 annis
2999 1006 3147 1060 inter
3165 1006 3464 1060 audientes
3483 1005 3618 1072 sint,
3638 1011 3696 1059 et
3716 1008 3916 1076 postea

2280 1118 2410 1156 cum
2443 1099 2903 1155 cathecliumeuis
2935 1099 3339 1170 permittantur
3369 1115 3551 1165 orare,
3578 1114 3682 1169 per
3709 1115 3916 1152 manus

2281 1195 2701 1265 impositionem
2735 1193 3152 1247 communionis
3180 1192 3470 1247 catholicas
3501 1192 3746 1262 gratiam
3782 1208 3912 1262 per-

2281 1289 2519 1360 cepturi,
2541 1305 2668 1344 excr
2679 1288 2787 1359 ptis
2804 1305 2939 1342 sane
2951 1285 3353 1342 tantummodo
3367 1285 3664 1358 episcopis,
3681 1285 3918 1356 presby-

2281 1381 2415 1436 teris
2463 1388 2520 1437 et
2561 1381 2892 1436 diaconibus
2935 1397 3081 1452 quos
3122 1381 3238 1434 solo
3281 1380 3480 1434 mortis
3506 1395 3622 1432 suae
3651 1386 3914 1449 tempore

2279 1475 2725 1531 reconciliaudos
2749 1492 2866 1530 esse
2881 1476 3008 1546 jam
3037 1473 3323 1528 duximus.
3347 1475 3612 1538 Cmteros,
3630 1472 3686 1526 id
3708 1477 3794 1526 est
3817 1489 3917 1526 seu

2281 1570 2529 1636 clericos,
2567 1571 2680 1624 sive
2718 1570 3053 1636 monachos,
3099 1585 3196 1622 seu
3227 1567 3394 1622 laicos
3423 1567 3717 1637 utriusque
3745 1582 3916 1620 sexus

2279 1680 2570 1734 personas,
2606 1680 2750 1734 quos
2791 1662 3061 1717 violentia
3105 1661 3371 1732 periculis
3399 1667 3619 1715 coactos
3653 1660 3914 1714 iteratio-

2280 1774 2412 1811 nem
2459 1757 2812 1828 baptismatis
2850 1756 3066 1810 subisse
3098 1755 3435 1820 constiterit,
3470 1755 3553 1808 vel
3591 1754 3690 1824 qui
3719 1754 3914 1824 aliquo

553 1866 866 1922 paganum.
922 1849 1080 1913 Quod
1132 1866 1262 1903 cum
1320 1851 1660 1921 generaliter
1709 1852 1780 1906 sit
1823 1853 1878 1906 in
1916 1835 2605 1908 omnibusBcommento
2649 1851 2818 1922 hujus
2866 1867 2923 1904 se
2966 1849 3229 1904 facinoris
3259 1847 3481 1920 piaculo
3509 1848 3761 1902 dixerint
3794 1864 3914 1901 non

552 1943 987 2009 exsecrandum,
1013 1943 1191 1997 multo
1215 1943 1472 2014 magisin
1495 1945 1792 2016 episcopis,
1814 1947 2174 2017 presbyteris,

549 2037 876 2092 diaconibus
904 2036 1162 2091 auditum
1196 2038 1395 2092 saltem
1428 2037 1695 2110 dictoque
1739 2040 2010 2110 probatur
2054 2042 2180 2095 hor-

550 2131 814 2186 rendum.
864 2129 973 2185 Sed
1033 2131 1167 2201 quia
1223 2129 1380 2185 idem
1433 2132 1702 2186 Dominus
1729 2137 1899 2204 atque
1928 2135 2181 2189 Salvator

551 2224 1020 2279 clementissimus
1072 2228 1154 2278 est
1209 2229 1267 2278 et
1297 2225 1590 2279 neminem
1621 2227 1739 2280 vult
1766 2228 1969 2298 perire,
2004 2245 2179 2300 usque

551 2318 624 2373 ad
651 2319 835 2373 exitus
864 2318 948 2372 sui
976 2318 1124 2372 diem
1153 2318 1212 2371 in
1243 2319 1579 2389 poenitentia
1606 2320 1653 2374 si
1683 2321 2017 2392 resipiscunt
2032 2323 2182 2393 jace-

552 2429 611 2466 re
641 2412 956 2480 conveniet,
987 2428 1092 2465 nec
1121 2412 1368 2466 orationi
1403 2430 1518 2467 nou
1559 2415 1731 2469 modo
1771 2415 2047 2483 fidelium,
2080 2417 2181 2470 sed

553 2522 655 2561 nec
682 2506 1226 2560 catechumenorum
1273 2498 1618 2562 omnimodis
1649 2508 1939 2564 interesse.
1969 2511 2182 2574 Quibus

550 2599 875 2656 communio
924 2599 1070 2654 laica
1119 2599 1180 2654 in
1231 2606 1420 2655 morte
1471 2601 1824 2656 redhibenda
1868 2609 1968 2658 est.
2003 2605 2181 2667 Quam

549 2711 673 2750 rem
721 2694 1051 2764 diligentius
1089 2695 1380 2764 explorare
1430 2696 1516 2750 vel
1567 2695 1751 2751 facere
1794 2697 2182 2766 probatissimi

552 2788 852 2843 sacerdotis
879 2805 1009 2842 cura
1042 2787 1285 2843 debebit.

620 2883 708 2937 Ill.
765 2882 840 2935 De
900 2881 1116 2936 clericis
1163 2885 1354 2936 autem
1406 2885 1464 2935 et
1516 2884 1828 2952 monachis,
1879 2888 1980 2939 aut
2016 2885 2177 2956 puel-

547 2976 614 3032 lis
663 2975 782 3043 Dei,
836 2977 936 3028 aut
982 2975 1364 3042 saecularibus,
1417 2977 1800 3047 praecipimus,
1834 2978 1985 3032 hunc
2031 2983 2183 3034 teno-

549 3085 676 3124 rem
739 3084 909 3139 quem
972 3068 1193 3121 Nicmna
1243 3069 1494 3139 synodus
1538 3071 1686 3124 circa
1748 3088 1839 3125 eos
1892 3073 1990 3143 qui
2044 3074 2182 3144 lapsi

556 3168 688 3218 sunt
739 3163 827 3216 vel
854 3161 1072 3215 fuerint
1100 3161 1442 3216 servandum
1475 3179 1596 3217 esse
1638 3165 1948 3232 constituit,
1986 3170 2049 3220 ut
2084 3167 2183 3221 sci-

550 3256 682 3312 licet
725 3256 820 3328 qui
870 3256 1026 3310 nulla
1065 3255 1417 3324 necessitate,
1477 3258 1689 3311 nullius
1732 3259 1816 3313 rei
1849 3260 2056 3314 timore
2085 3266 2184 3315 aut

549 3350 820 3423 periculo,
864 3367 920 3405 se
978 3352 1038 3403 ut
1091 3348 1518 3420 rebaptizentur
1550 3351 1832 3406 haereticis
1876 3354 2051 3425 impie
2093 3355 2184 3410 de-

550 3445 778 3512 derunt,
833 3444 880 3497 si
937 3449 1129 3498 tamen
1182 3460 1277 3497 eos
1329 3461 1391 3497 ex
1446 3446 1614 3499 corde
1665 3449 1954 3517 poeniteat,
2006 3449 2183 3502 tribus

549 3539 716 3594 annis
773 3539 920 3593 inter
973 3537 1272 3591 audientes
1314 3537 1446 3592 sint.
1498 3540 1724 3609 Septem
1780 3545 1972 3596 autem
2020 3543 2183 3596 annis

553 3632 882 3704 subjaceant
919 3631 1069 3685 inter
1113 3631 1452 3701 pmnitentes
1493 3633 1755 3687 manibus
1802 3635 2180 3704 sacerdotum,

552 3727 772 3781 duobus
814 3731 1004 3780 autem
1046 3724 1356 3780 oblationes
1393 3727 1574 3781 modis
1627 3728 1892 3782 omnibus
1952 3747 2068 3784 non
2118 3731 2185 3784 si-

2203 3212 2257 3285 C

2279 1945 2480 2012 teneri,
2500 1945 2586 1998 his
2613 1945 3007 2015 paenitentiam
3031 1961 3135 2015 per
3157 1942 3468 1996 triennium
3494 1942 3698 1996 durare
3721 1941 3916 1995 decre-

2277 2038 2481 2108 vimus,
2526 2042 2584 2092 et
2625 2055 2727 2110 per
2769 2055 2974 2092 manus
3021 2037 3444 2109 impositionem
3479 2036 3550 2090 ad
3578 2035 3912 2090 societatem

2279 2132 2454 2203 recipi
2475 2149 2570 2187 eos
2592 2132 2957 2187 sacramenti.

2350 2227 2413 2280 V.
2444 2228 2541 2281 lllo
2568 2243 2672 2298 per
2699 2227 2898 2281 omnia
2914 2225 3214 2292 custodito,
3247 2241 3318 2278 ne
3337 2241 3405 2279 ex
3427 2224 3506 2278 eis
3527 2239 3792 2294 unquam
3817 2223 3916 2294 qui

2281 2321 2339 2375 in
2369 2321 2621 2392 qualibet
2644 2325 2807 2375 astate
2836 2320 2971 2375 alibi
3016 2336 3191 2392 quam
3232 2319 3288 2373 in
3327 2318 3576 2373 Ecclesia
3613 2317 3914 2384 catholica,

2280 2419 2378 2469 aut
2404 2413 2598 2488 232
2627 2415 2908 2486 baptizati,
2939 2418 3039 2468 aut
3067 2412 3398 2484 rebaptizati
3427 2415 3579 2478 sunt,
3625 2412 3696 2465 ad
3730 2411 3914 2465 eccle-

2281 2508 2565 2564 siasticam
2611 2508 2874 2563 militiam
2923 2525 3153 2580 prorsus
3184 2506 3590 2578 permittantur
3621 2505 3913 2560 accedere.

2281 2603 2498 2666 Quibus
2530 2603 2662 2657 satis
2695 2619 2813 2657 esse
2843 2602 3031 2670 debet,
3073 2601 3222 2673 quod
3267 2601 3324 2654 in
3368 2600 3778 2654 catholicorum
3817 2614 3918 2652 nu—

2281 2713 2444 2751 mero
2472 2702 2605 2751 sunt
2629 2697 2864 2768 recepti,
2896 2695 3169 2768 quoniam
3212 2695 3280 2750 de
3309 2711 3410 2749 suo
3439 2694 3642 2750 ordine
3669 2696 3728 2747 et
3759 2708 3916 2746 com-

2283 2791 2562 2846 munione
2612 2791 2894 2845 videbitur
2948 2791 3095 2845 ferre
3134 2789 3439 2860 judicium,
3494 2787 3756 2859 quisquis
3811 2787 3920 2840 hoc

2282 2885 2575 2940 violaverit
2615 2885 2957 2954 antistitum,
3008 2884 3098 2938 vel
3136 2884 3234 2955 qui
3279 2900 3394 2937 non
3433 2881 3748 2936 removerit
3784 2895 3920 2936 eum

2282 2996 2454 3052 quem
2503 2996 2572 3034 ex
2621 2979 2700 3033 eis
2746 2979 2816 3032 ad
2871 2977 3252 3033 ministerium
3288 2975 3547 3031 clericale
3593 2975 3919 3046 Obrepsisse

2283 3073 2633 3145 cognoverit.

2355 3169 2442 3223 Vl.
2474 3168 2802 3222 Curandum
2831 3182 2963 3221 vero
2995 3166 3246 3220 maxime
3286 3169 3343 3219 et
3387 3163 3542 3218 omni
3587 3162 3810 3216 cautela
3838 3167 3922 3216 est

2285 3261 2726 3332 providendum,
2766 3277 2837 3315 ne
2875 3260 3001 3332 quis
3046 3261 3289 3314 fratrum
3331 3257 3922 3328 coepiscoporumque

2285 3361 2630 3421 nostrorum,
2653 3360 2750 3408 aut
2769 3354 2936 3408 etiam
2965 3352 3421 3424 presbyterorum
3444 3351 3501 3403 in
3523 3348 3764 3402 alterius
3785 3349 3921 3404 civi—

2282 3452 2398 3504 tate
2428 3450 2512 3503 vel
2542 3447 2764 3503 dioecesi
2792 3448 3180 3520 poenitentem,
3211 3446 3295 3500 vel
3328 3445 3430 3499 sub
3464 3459 3642 3497 manu
3666 3443 3926 3513 positum

2283 3543 2613 3612 sacerdotis,
2640 3548 2738 3597 aut
2771 3559 2902 3597 eum
2934 3542 3032 3612 qui
3061 3539 3482 3595 reconciliatum
3507 3554 3568 3591 se
3608 3553 3735 3591 esse
3773 3537 3928 3592 dixe-

2284 3640 2375 3706 rit,
2405 3639 2525 3692 sine
2553 3637 2806 3709 episcopi
2833 3637 2921 3690 vel
2950 3635 3271 3707 presbyteri
3296 3632 3643 3697 testimonio,
3678 3635 3743 3685 et
3769 3632 3924 3685 litte-

2284 3733 2380 3802 ris,
2407 3736 2506 3787 aut
2530 3733 2589 3786 in
2618 3730 2882 3802 parochia
2912 3731 3227 3801 presbyter,
3258 3732 3357 3782 aut
3383 3728 3678 3798 episcopus
3707 3726 3773 3779 in
3795 3725 3929 3780 civi-

558 3826 769 3874 nantur
811 3818 1012 3872 otferre
1039 3860 1052 3887 ,
1111 3819 1210 3873 sed
1261 3821 1655 3876 tantummodo
1713 3823 2070 3878 smcularibus
2125 3824 2243 3930 in\
2283 3830 2399 3882 tate
2428 3825 2714 3896 suscipiat.
2745 3825 2902 3889 Quod
2925 3825 2972 3877 si
2997 3824 3187 3894 aliqua
3208 3822 3658 3877 dissimulatione
3680 3819 3932 3890 negligi-

558 3912 816 3967 oratione
851 3912 1154 3967 socieutur.
1187 3914 1295 3966 Nec
1334 3914 1719 3968 confundatur
1749 3918 1860 3970 Deo
1892 3918 2033 3971 colla
2061 3919 2186 3972 sub—

557 4005 805 4072 mittere,
835 4004 934 4075 qui
968 4022 1081 4060 non
1118 4022 1251 4059 eum
1281 4007 1471 4060 timuit
1498 4008 1802 4078 abnegare.
1834 4010 1996 4073 Quod
2023 4011 2066 4065 si
2097 4019 2182 4067 ut-

559 4104 690 4171 pote
723 4097 988 4152 mortales
1014 4098 1161 4152 intra
1197 4105 1374 4154 metas
1414 4101 1726 4172 praescripti
1764 4104 2035 4175 temporis
2073 4123 2182 4161 caa-

556 4192 706 4264 perit
748 4192 878 4247 vita:
920 4192 1047 4246 ﬁnis
1085 4209 1312 4264 urgere,
1361 4195 1814 4250 subveniendum
1851 4203 1935 4253 est
1977 4199 2184 4271 implo-

555 4287 726 4357 ranti,
759 4291 815 4341 et
841 4303 938 4341 seu
975 4287 1045 4341 ab
1075 4286 1334 4359 episcopo
1383 4288 1481 4360 qui.
1511 4291 1906 4361 poenitentiam
1945 4292 2183 4365 dederit,

559 4397 661 4436 seu
693 4381 762 4436 ab
801 4380 912 4434 alio
937 4381 1035 4453 qui
1061 4385 1255 4436 tamen
1302 4382 1490 4438 datam
1533 4401 1653 4439 esse
1698 4385 2039 4456 probaverit,
2090 4393 2189 4444 aut

558 4476 819 4530 similiter
834 4476 1166 4547 presbytero
1188 4477 1459 4531 viaticum
1483 4478 1714 4533 abeunti
1736 4480 1804 4535 de
1827 4482 2032 4536 saeculo
2070 4499 2188 4538 non

559 4576 824 4640 negetur.

628 4664 713 4718 ιν.
763 4662 957 4717 Pueris
999 4668 1192 4718 autem
1229 4664 1434 4736 quibus
1483 4667 1636 4737 quod
1691 4668 1875 4723 adhuc
1905 4669 2190 4726 imberbes

561 4763 691 4812 sunt
737 4775 770 4811 a
813 4757 1109 4828 pubertate
1147 4759 1485 4812 vocabulum
1541 4764 1644 4828 est,
1688 4778 1787 4816 seu
1830 4763 2046 4818 clericis
2077 4765 2190 4821 sive

561 4852 714 4906 laicis
764 4851 941 4905 etiam
997 4851 1275 4905 similibus
1325 4854 1552 4924 puellis,
1610 4856 1813 4926 qulbus
1868 4858 2192 4928 ignorantia

563 4945 905 5016 sutfragatur
925 4945 1126 5009 aetatis,
1157 4945 1490 5017 aliquandiu
1519 4949 1622 5002 sub
1652 4966 1855 5005 manus
1879 4953 2186 5024 impositio-

548 5053 635 5133 ipe
660 5039 905 5093 detentis
930 5038 1225 5094 reddenda
1255 5042 1581 5096 communio
1609 5047 1712 5111 est,
1746 5061 1849 5100 nec
1881 5063 2078 5102 eorum
2100 5065 2192 5103 ex-

564 5133 867 5203 spectanda
910 5133 1278 5203 poenitentia,
1321 5151 1466 5206 quos
1522 5137 1734 5208 excipit
1773 5155 1804 5191 a
1847 5142 2190 5198 coercitione

565 5242 822 5280 censura.
856 5227 1016 5289 Quod
1049 5230 1132 5281 est
1157 5245 1190 5281 a
1222 5227 1386 5281 nobis
1418 5230 1652 5300 provide
1693 5233 2090 5303 constitutum,
2120 5254 2190 5291 ne

562 5319 622 5374 hi
676 5320 880 5391 quibus
923 5319 983 5375 in
1028 5321 1246 5408 terreni
1292 5322 1421 5376 labe
1464 5325 1715 5395 contagii
1758 5327 1886 5397 plus
1931 5329 2189 5386 minusve

563 5417 739 5469 restat
773 5413 844 5468 ad
895 5415 1096 5480 vitam,
1149 5415 1286 5468 dum
1335 5415 1520 5471 adhuc
1569 5418 1628 5471 in
1671 5419 2007 5489 pasnitentia
2036 5430 2188 5493 sunt,

563 5508 894 5582 paenitenda
932 5507 1312 5563 committant.
1359 5509 1517 5574 Quod
1571 5513 1615 5566 si
1669 5517 1799 5569 ante
1847 5518 2191 5587 praeﬁnitum

563 5602 914 5675 poenitentiae
969 5605 1213 5671 tempus‘
1241 5602 1536 5673 despectus
1580 5623 1612 5659 a
1640 5609 1891 5680 medicis,
1942 5616 2040 5666 aut
2075 5613 2187 5667 evi-

562 5696 827 5751 dentibus
868 5694 1061 5748 mortis
1106 5711 1331 5764 pressus
1369 5697 1590 5752 indiciis
1630 5711 1858 5773 recepta
1887 5705 2188 5777 quisquam

565 5786 987 5843 communionis
1033 5787 1217 5857 gratia
1264 5792 1634 5860 convalescat,
1679 5811 1969 5850 servemus
2016 5799 2074 5854 in
2126 5818 2192 5855 eo

567 5879 720 5957 quod
752 5880 960 5934 Nicaeni
987 5896 1235 5935 canones
1262 5880 1691 5957 ordinaverunt,
1715 5895 1779 5942 ut
1808 5889 2082 5946 habeatur
2103 5892 2188 5947 in-

2287 3925 2399 3988 tur,
2423 3921 2590 3990 culpa
2615 3919 2801 3990 tangit
2823 3920 2994 3972 etiam
3019 3918 3234 3971 clerum
3260 3916 3357 3987 qui
3385 3915 3444 3968 in
3472 3913 3606 3968 locis
3627 3913 3686 3966 in
3712 3914 3931 3984 quibus

2288 4015 2392 4068 hoc
2423 4014 2613 4068 minus
2647 4016 2909 4067 curatum
2936 4013 3128 4078 fuerit,
3164 4016 3566 4065 commoratur.
3602 4007 3696 4061 His
3726 4009 3930 4078 itaque

2286 4108 2392 4162 rite
2421 4107 2711 4179 dispositis
2736 4113 2793 4160 et
2821 4105 3196 4160 Ecclesiarum
3221 4107 3534 4158 vestrarum
3555 4101 3622 4155 ad
3653 4100 3932 4155 notitiam

2286 4205 2476 4256 nostra
2510 4201 2916 4256 deliberatione
2961 4199 3210 4270 perlatis,
3257 4213 3456 4268 parere
3505 4211 3600 4249 vos
3650 4195 3933 4249 convenit

2287 4296 2492 4368 quibus
2518 4297 2648 4351 licet
2672 4295 2742 4349 ad
2763 4294 3078 4349 animarum
3114 4291 3530 4362 reparationem
3561 4288 3700 4342 nihil
3725 4291 3932 4343 deesse

2287 4391 2567 4458 videatur,
2597 4393 2792 4444 tamen
2819 4389 2866 4443 si
2896 4388 2984 4442 cui
3010 4389 3141 4442 novi
3173 4386 3388 4457 aliquid
3423 4388 3480 4439 et
3507 4382 3663 4454 quod
3681 4389 3930 4452 praeter-

2288 4486 2370 4539 ire
2397 4501 2502 4540 nos
2530 4484 2734 4555 potuit,
2767 4483 2941 4538 fuerit
2967 4482 3296 4547 revelatum,
3330 4477 3642 4534 secundum
3687 4477 3935 4530 beatum

2209 4595 2268 4666 D
2292 4579 2607 4650 apostolum
2634 4579 2894 4644 Paulum,
2921 4581 3138 4631 tacente
3167 4575 3353 4646 priore
3377 4570 3932 4637 tideliterinsinuet,

2291 4675 2427 4745 quia
2447 4673 2691 4744 Spiritus
2715 4672 2810 4726 ubi
2833 4672 2950 4725 vult
2975 4671 3173 4742 spirat,
3201 4668 3452 4723 maxime
3471 4682 3599 4720 cum
3620 4681 3722 4718 sua
3751 4681 3939 4719 causa

2291 4772 2583 4835 tractatur,
2635 4783 2740 4821 nec
2787 4783 2888 4820 nos
2937 4765 3154 4836 pigebit
3201 4763 3422 4816 audire.
3464 4759 3594 4814 Etsi
3631 4775 3764 4830 quas
3795 4765 3942 4813 sunt

2293 4863 2520 4927 omissa,
2549 4878 2663 4915 non
2695 4864 3031 4930 arroganter
3055 4860 3320 4925 abnuere,
3371 4855 3467 4910 sed
3507 4853 3941 4908 rationabiliter

2293 4957 2577 5012 ordinare.
2623 4956 2764 5010 Deus
2810 4953 3089 5009 custodiat
3132 4969 3251 5020 vos,
3302 4947 3656 5005 dilectissimi
3691 4947 3937 5000 fratres.

2292 5053 2429 5104 Data
2479 5051 2605 5105 ldus
2647 5050 2843 5118 Martii,
2890 5047 3122 5103 Divauio
3170 5053 3225 5102 et
3251 5045 3469 5101 Sinidio
3500 5044 3563 5097 ιν
3595 5058 3676 5096 cc.
3712 5057 3940 5095 consu-

2293 5143 2459 5200 libus.

2290 5272 2538 5342 Epistola
2588 5271 2823 5340 ejusdem
2866 5270 2940 5325 ad
2970 5270 3227 5342 Acacium
3269 5263 3947 5342 Constantinppolitonum

2361 5336 2685 5414 episcopum,
2709 5359 2819 5425 qua
2845 5358 2964 5396 eum
2983 5341 3300 5396 condemnat
3322 5341 3542 5406 propter
3562 5336 3950 5403 Euthyciauo-

2360 5432 2481 5470 rum
2509 5430 2946 5470 communionem.

2363 5523 2525 5579 Fr:le
2566 5522 2863 5594 episcopus
2901 5524 3108 5574 sanctte
3145 5517 3401 5574 Ecclesiae
3439 5512 3731 5568 catholicae
3770 5513 3951 5569 urbis

2292 5617 2489 5670 Romae
2519 5621 2740 5672 ACACIO.

2364 5711 2666 5764 Multarum
2698 5709 3241 5782 transgresssionum
3283 5703 3552 5777 reperiris
3609 5701 3910 5758 obnoxius
3932 5747 3947 5770 ,

2293 5807 2349 5856 et
2391 5804 2451 5857 in
2501 5805 2836 5859 venerabilis
2871 5803 3096 5860 conciiii
3130 5801 3339 5857 Nicmni
3383 5796 3730 5853 contumelia
3776 5813 3949 5868 saepe

2295 5903 2577 5966 versatus,
2647 5899 2968 5953 alienarum
3027 5897 3125 5951 tibi
3191 5893 3614 5968 provinciarum
3661 5891 3798 5964 jura
3851 5895 3950 5949 te-
