4040 6310
125 365 226 416 937

1377 361 1844 418 DECRETALIUM
1888 364 2270 420 COLLECTIO.

3399 369 3499 422 938

123 469 376 524 merarie
419 468 734 536 vindicasti,
771 469 1073 524 haereticos
1109 473 1166 524 et
1207 483 1559 542 pervaseres,
1595 476 1765 542 atque
1789 471 2278 556 Aobjectionibus
2310 471 2616 543 impetivit,
2645 471 2704 527 in
2730 471 3038 544 apostolica
3069 467 3384 528 secundum
3411 486 3500 530 ca-

123 565 196 618 ab
239 561 532 618 haereticis
577 561 884 630 ordinatos,
920 567 976 618 et
1015 579 1156 634 quos
1206 563 1326 634 ipse
1373 563 1764 634 damnaveras,

123 664 304 728 atque
336 656 410 710 ab
439 655 744 726 apostolica
775 657 904 710 sede
936 657 1126 727 petisti
1155 657 1436 722 damnari,
1457 675 1576 712 non
1605 659 1772 713 modo

125 749 535 804 communioni
563 755 672 804 tua:
701 750 1057 820 recipiendos
1101 751 1332 822 putasti,
1364 768 1560 805 verum
1602 752 1772 806 etiam

123 845 250 898 aliis
283 843 561 910 Ecclesiis,
594 844 750 914 quod
791 861 897 898 nec
933 844 1006 898 de
1046 844 1338 898 catholicis
1375 845 1496 898 ﬁeri
1527 849 1770 915 poterat,

123 937 442 1008 praesidere
485 937 684 1004 fecisti,
715 942 884 1008 atque
928 938 1100 992 etiam
1131 938 1440 992 honoribus
1471 938 1626 1008 quod
1656 955 1770 992 non

125 1031 530 1098 merebantur,
557 1031 783 1085 auxisti.
815 1033 1070 1086 Testatur
1099 1033 1208 1086 hoc
1245 1033 1510 1098 Joannes,
1540 1049 1712 1102 quem
1741 1049 1774 1086 a

123 1124 426 1180 catholicis
479 1123 730 1195 Apamize
779 1141 894 1178 non
951 1132 1264 1196 receptum,
1311 1127 1654 1196 pulsumque
1704 1127 1772 1182 de

123 1218 454 1273 Antiochia.
506 1218 684 1289 Tyriis
723 1217 1045 1288 prasfecisti,
1076 1223 1132 1272 et
1175 1219 1476 1272 Humerius
1521 1223 1656 1274 tunc
1704 1220 1772 1274 de

127 1312 382 1366 diacono
397 1311 609 1382 ejectus
623 1315 796 1382 atque
813 1311 1120 1368 Christiani
1139 1313 1386 1366 nominis
1398 1313 1772 1384 appellatione

126 1406 408 1476 privatus,
424 1410 528 1460 ate
547 1405 716 1460 etiam
737 1405 794 1460 in
813 1405 1146 1476 presbyterii
1169 1410 1470 1476 provectus
1491 1406 1770 1476 cilicium;

130 1505 184 1553 et
213 1499 384 1570 quasi
423 1499 544 1553 haec
573 1499 796 1554 minora
842 1499 942 1552 tibi
991 1498 1336 1566 viderentur,
1365 1499 1425 1554 in
1463 1500 1642 1571 ipsam
1670 1501 1770 1555 do-

129 1594 330 1648 ctrinze
375 1593 699 1664 apostolicae
745 1593 1046 1648 veritatem
1093 1609 1262 1648 ausus
1311 1597 1440 1648 tuos
1481 1599 1538 1648 et
1577 1611 1771 1665 super-

129 1687 286 1740 biam
315 1685 626 1752 tetendisti,
664 1691 724 1740 ut
757 1687 952 1742 Petrus
993 1703 1168 1757 quem
1216 1686 1554 1741 damnatum
1582 1704 1614 1740 a
1644 1705 1770 1741 san-

129 1785 236 1834 ctae
286 1780 584 1834 memorias
621 1779 918 1835 decessore
963 1796 1094 1834 meo
1143 1781 1260 1850 ipse
1305 1782 1602 1848 retuleras,
1632 1781 1775 1835 sicut

1869 581 2045 620 nones
2085 565 2431 637 respondere
2473 565 2760 633 diffidens,
2795 566 3018 637 abjecta
3055 566 3326 634 ﬁrmasti;
3359 567 3500 623 Feli-

1872 676 1998 712 cem
2023 675 2247 730 quoque
2272 659 2626 714 defensorem
2647 660 3046 714 fidelissimum
3073 661 3238 716 nobis
3269 662 3508 717 necessi-

1873 756 1986 807 tate
2013 753 2250 807 faciente
2280 753 2456 806 servis
2495 753 2858 808 subsecutum
2895 755 3196 824 indignum
3229 756 3338 810 tuis
3369 773 3498 810 cen-

1873 846 2032 900 suisti
2057 846 2252 900 oculis.
2283 848 2387 900 Eos
2401 863 2631 918 quoque
2649 852 2838 902 tecum
2859 847 3063 902 litteris
3080 849 3502 906 communicare

1872 943 2105 994 testatus
2154 957 2294 1011 quos
2337 943 2556 994 constat
2600 941 2918 996 hmreticos.
2971 941 3116 1006 Quid
3169 942 3322 996 enim
3370 947 3504 998 sunt

1872 1033 2027 1088 aliud
2047 1033 2146 1105 qui
2171 1037 2298 1104 post
2323 1033 2540 1088 obitum
2571 1041 2780 1089 sanctas
2811 1035 3102 1089 memoriae
3132 1036 3410 1090 Timothei
3431 1037 3502 1092 ad

1873 1127 2180 1181 Ecclesiam
2215 1127 2319 1181 sub
2351 1129 2514 1182 Petro
2558 1128 2821 1195 redeunt,
2853 1129 2938 1182 vel
2967 1129 3064 1199 qui
3093 1145 3152 1184 se
3194 1146 3260 1183 ex
3301 1130 3498 1184 catho-

1873 1221 1980 1273 lica
2011 1219 2194 1275 eidem
2223 1220 2604 1290 tradiderunt,
2632 1221 2734 1274 nisi
2767 1222 2914 1292 quod
2943 1223 3139 1276 Petrus
3169 1223 3268 1294 qui
3289 1224 3359 1278 ah
3381 1223 3505 1278 uni-

1871 1329 2034 1369 versa
2077 1313 2336 1380 Ecclesia,
2365 1319 2537 1384 atque
2579 1331 2612 1368 ει
2647 1321 2702 1368 te
2749 1315 2935 1369 fuerat
2971 1315 3306 1386 judicatus?
3349 1316 3502 1372 Habe

1875 1423 2014 1478 ergo
2040 1423 2168 1462 cum
2197 1407 2285 1460 his
2312 1424 2456 1478 quos
2493 1408 2738 1462 libenter
2761 1409 3122 1479 amplecteris
3148 1410 3498 1480 portionem,

1873 1506 1930 1554 et
1953 1501 2238 1556 sententia
2263 1501 2528 1572 praesenti
2567 1519 2740 1572 quam
2781 1519 2884 1573 per
2915 1505 3028 1556 tuas
3059 1502 3160 1557 tibi
3193 1503 3504 1558 direximus

1875 1593 2130 1648 Ecclesiae
2161 1593 2536 1660 defensorem,
2561 1595 2892 1649 sacerdotali
2919 1595 3139 1650 honore
3171 1601 3228 1650 et
3249 1612 3504 1650 commu-

1877 1686 2048 1742 nione
2091 1687 2390 1756 catholica,
2423 1703 2646 1742 necnon
2677 1687 2850 1741 etiam
2887 1705 2920 1742 a
2957 1688 3214 1742 fidelium
3263 1705 3501 1744 numero

1875 1786 2220 1850 segregatus,
2249 1781 2536 1834 sublatum
2567 1780 2672 1834 tibi
2699 1797 2908 1836 nomen
2939 1785 2998 1836 et
3022 1798 3231 1836 munus
3257 1781 3506 1837 ministeo

131 1878 424 1928 testantur
442 1874 849 1940 annexa,beati
869 1874 1233 1945 Evangelistae
1256 1874 1452 1928 sedem
1471 1878 1522 1930 te
1535 1875 1775 1944 jubente
1799 1855 1850 1926 Β
1877 1874 1944 1928 rii
1989 1874 2352 1928 sacerdotalis
2391 1891 2638 1945 agnosce
2677 1877 2854 1929 sancti
2897 1875 3139 1946 Spiritus
3178 1875 3418 1946 judicio,
3450 1877 3506 1930 et

131 1984 336 2022 rursus
367 1967 684 2034 invaderet,
718 1973 772 2022 et
799 1968 1006 2038 fugatis
1037 1967 1366 2022 orthodoxis
1398 1969 1693 2039 episcopis,
1717 1971 1774 2022 et

131 2060 358 2115 clericis
391 2061 506 2114 suis
532 2061 730 2132 procul
786 2061 960 2115 dubio
997 2061 1213 2114 similes
1242 2062 1552 2130 ordinaret,
1581 2063 1768 2133 pulso-

131 2172 246 2226 que
271 2171 338 2208 eo
370 2155 468 2226 qui
495 2155 610 2210 illic
639 2155 820 2209 fuerat
847 2155 1183 2226 regulariter
1206 2155 1568 2220 constitutus,
1592 2155 1769 2226 capti-

129 2265 262 2303 vam
283 2253 510 2304 teneret
533 2249 859 2303 Ecclesiam.
878 2249 1047 2318 Cujus
1069 2249 1168 2302 tibi
1189 2249 1332 2303 adeo
1351 2253 1512 2320 grata
1533 2244 1774 2320 plarsona

135 2347 240 2408 est,
301 2347 358 2396 et
421 2342 799 2396 ministerium
864 2343 984 2413 ejus
1048 2346 1368 2413 acceptum,
1433 2349 1492 2398 ut
1554 2344 1768 2414 episco-

133 2454 238 2508 pos
269 2443 328 2492 et
356 2435 588 2490 clericos
629 2435 906 2507 plurimos
943 2437 1288 2492 orthodoxos
1324 2442 1458 2492 tunc
1496 2439 1768 2492 Constan-

135 2530 442 2602 tinopolim
470 2530 762 2585 venientes
788 2530 1070 2601 detegaris
1101 2531 1378 2602 afﬂigere,
1399 2537 1455 2586 et
1475 2531 1774 2602 apocrisia-

133 2627 246 2680 rios
272 2625 396 2695 ejus
429 2624 754 2690 confovere,
787 2627 958 2694 atque
993 2625 1560 2680 anathematizantem
1607 2643 1770 2680 eum-

141 2719 272 2773 dem
305 2719 533 2773 Petrum
563 2717 1033 2773 Chalcedonensis
1064 2719 1290 2773 decreta
1318 2719 1564 2786 concilii,
1586 2723 1644 2774 et
1663 2720 1772 2774 vio-

135 2813 354 2868 lantem
373 2815 584 2866 sancta:
613 2812 908 2866 memoriae
934 2813 1212 2866 Timothei
1236 2814 1610 2883 sepulturam,
1633 2814 1774 2868 sicut

135 2906 206 2960 ad
249 2923 357 2960 nos
400 2905 674 2960 certiores
721 2922 874 2960 nunc
915 2921 1145 2976 quoque
1193 2907 1378 2960 nuntii
1423 2907 1770 2972 detulerunt,

137 3017 238 3070 per
283 3001 600 3054 Messenum
651 3005 708 3054 et
751 2999 988 3054 Vitalem
1041 3000 1305 3054 crederes
1359 3001 1768 3070 excusandum,

138 3109 239 3147 nec
266 3109 400 3147 eum
441 3092 679 3147 laudare
728 3092 1033 3160 desineres,
1062 3096 1118 3147 et
1151 3093 1342 3146 multis
1385 3093 1586 3147 efferre
1627 3111 1770 3164 prae-

136 3187 331 3256 coniis,
362 3185 440 3240 ita
473 3190 536 3240 ut
565 3185 998 3240 damnationem
1031 3186 1206 3257 ipsius
1232 3203 1404 3256 quam
1453 3192 1585 3240 ante
1615 3191 1768 3241 retu-

135 3281 300 3348 leras,
347 3296 538 3334 veram
583 3296 700 3334 non
743 3280 914 3334 fuisse
955 3280 1222 3351 jactares.
1276 3281 1518 3334 Tantum
1580 3283 1774 3335 autem

137 3391 464 3446 perseveras
491 3375 547 3428 in
581 3373 828 3429 hominis
855 3374 1182 3428 defensione
1213 3375 1485 3445 perversi,
1512 3380 1572 3428 ut
1594 3391 1776 3446 quon-

137 3469 268 3523 dam
309 3469 625 3540 episcopos,
659 3485 812 3524 nunc
843 3485 976 3523 vero
1009 3470 1224 3523 honore
1268 3475 1322 3523 et
1365 3469 1772 3524 communione

139 3564 408 3632 privatos,
445 3563 680 3617 Vitalem
731 3567 900 3634 atque
945 3564 1287 3630 Messenum,
1341 3580 1481 3633 quos
1528 3561 1598 3616 ad
1650 3563 1771 3632 ejus

137 3657 530 3726 expulsionem
543 3657 864 3726 specialiter
875 3657 1489 3724 miseramus,sublatos
1501 3656 1771 3710 custodiae

137 3768 332 3822 passus
377 3749 550 3804 fueris
596 3750 934 3821 mancipari,
968 3755 1025 3805 et
1065 3750 1140 3804 ad
1183 3751 1602 3821 processionem
1645 3766 1772 3820 quas

139 3845 238 3898 tibi
261 3861 393 3898 cum
421 3843 704 3898 hzereticis
741 3844 1002 3910 habetur,
1034 3845 1240 3898 exinde
1269 3845 1594 3915 productos,
1630 3844 1774 3898 sicut

141 3955 336 3992 eorum
369 3937 817 4008 professionibus
849 3939 1188 4009 patefactum
1231 3942 1316 3993 est
1357 3939 1426 3992 ad
1474 3939 1770 3992 haeretico-

141 4049 264 4087 rum
303 4037 576 4102 tuamque
619 4033 1080 4086 communionem
1129 4035 1477 4104 contempta,
1513 4049 1642 4103 qua:
1687 4033 1773 4087 vel

141 4127 398 4194 gentium
421 4125 550 4196 jure
580 4126 795 4180 servari
827 4126 1042 4192 debuit,
1075 4127 1359 4197 legatione
1391 4127 1770 4197 pertraheres,

143 4220 502 4291 praemiisque
529 4237 949 4292 corrumperes,
969 4221 1102 4274 etin
1127 4221 1420 4274 laesioncm
1452 4220 1602 4273 beati
1625 4220 1774 4274 Petri

141 4317 398 4387 apostoli,
429 4333 460 4370 a
492 4317 652 4388 cujus
694 4317 826 4371 sede
871 4317 1106 4387 profecti
1150 4317 1396 4384 fuerant,
1431 4333 1542 4370 non
1589 4317 1773 4370 solum

143 4411 466 4465 inefficaces
498 4411 684 4465 redire
723 4411 958 4478 faceres,
994 4411 1088 4464 sed
1135 4411 1302 4464 etiam
1343 4410 1773 4480 impugnatores

141 4505 394 4558 omnium
412 4519 541 4574 quae
556 4505 782 4558 fuerant
797 4505 1066 4558 mandata
1081 4505 1514 4559 monstrarean
1527 4519 1774 4574 quorum

1795 3229 1848 3303 C

1874 1968 2177 2038 apostolica
2207 1985 2308 2039 per
2341 1986 2441 2022 nos
2486 1969 2825 2023 auctoritate
2875 1969 3198 2036 damnatus,
3237 1986 3344 2024 nec
3379 1969 3504 2041 jam

1871 2063 2250 2116 anathematis
2277 2061 2516 2116 vinculis
2545 2062 2848 2116 eruendus.

2401 2157 2552 2210 Felix
2575 2171 2726 2225 papa
2753 2159 2970 2210 Zenoni.

1945 2249 2314 2304 Dilectissimo
2345 2249 2506 2303 fratri
2543 2250 2752 2302 Zenoni
2790 2249 2938 2303 Felix
2980 2251 3300 2322 episcopus.
3335 2251 3504 2306 Filius

1872 2361 2054 2410 meus,
2073 2343 2159 2397 vir
2185 2343 2526 2397 clarissimus
2547 2343 2922 2398 Terentianus
2949 2344 3021 2398 ad
3042 2344 3262 2400 Italiam
3284 2345 3502 2401 dudum

1873 2437 2108 2491 veniens
2148 2435 2465 2491 dilectionis
2494 2440 2608 2490 tua:
2649 2437 2952 2506 singularis
2983 2438 3196 2494 exstitit
3225 2439 3502 2509 praedica-

1873 2537 1961 2586 tor
1985 2531 2268 2601 talemque
2297 2533 2354 2585 te
2390 2546 2510 2584 esse
2541 2530 2812 2600 vulgavit,
2847 2531 2944 2600 qui
2971 2530 3050 2585 ita
3075 2531 3280 2585 Christi
3325 2532 3506 2603 gratia

1873 2625 2238 2690 redundares,
2291 2627 2352 2678 ut
2395 2624 2546 2678 inter
2591 2623 2788 2677 mundi
2837 2623 3094 2678 turbines
3157 2625 3506 2695 gubernator

1872 2717 2134 2772 Ecclesia:
2177 2717 2496 2788 praecipuus
2539 2733 2862 2788 apparares.
2911 2717 3288 2788 Quapropter,
3327 2718 3503 2774 frater

1873 2811 2221 2870 charissime.
2251 2827 2384 2864 cum
2422 2811 2492 2864 ad
2529 2810 2888 2881 provinciam
2933 2815 3298 2879 commearet,
3332 2813 3501 2868 sedu-

1873 2906 2042 2976 leque
2069 2905 2402 2976 deposceret
2429 2907 2650 2959 nostras
2676 2904 2744 2958 ad
2779 2903 3142 2959 dilectionem
3169 2907 3326 2960 tuam
3351 2906 3500 2962 litte-

1873 3015 1968 3053 ras
2003 2999 2308 3066 destinare,
2339 3001 2632 3069 gratanter
2661 2998 2991 3064 annuimus,
3021 2999 3156 3070 quia
3179 3005 3238 3054 et
3261 2999 3500 3072 dignum

1873 3093 1991 3148 Deo
2036 3109 2296 3146 sermone
2345 3091 2648 3162 complecti
2692 3108 3029 3162 caperemus
3074 3093 3410 3162 antistitem,
3449 3099 3508 3149 et

1873 3203 1978 3258 per
2002 3202 2134 3240 eum
2163 3185 2407 3240 maxime
2433 3185 2706 3239 vellemus
2733 3185 2792 3239 id
2813 3185 2938 3240 ﬁeri
2957 3186 3120 3256 cujus
3142 3187 3305 3241 nobis
3323 3187 3510 3242 fuerat

1873 3279 2138 3334 laudibus
2169 3279 2482 3333 intimatus.
2515 3278 2780 3340 Quamvis
2819 3295 2956 3350 ergo
2997 3281 3204 3334 sanctis
3234 3281 3504 3351 operibus

1875 3390 1944 3427 ex
1961 3372 2118 3427 omni
2135 3377 2296 3443 parte
2311 3371 2636 3442 praedictam
2657 3371 3072 3426 fraternitatem
3092 3378 3248 3428 tuam
3265 3373 3350 3428 vir
3367 3391 3506 3446 prte-

1871 3467 2018 3521 fatus
2049 3465 2368 3530 astruxerit,
2401 3465 2766 3536 multumque
2799 3465 3022 3520 fiducia;
3051 3466 3120 3520 de
3151 3473 3248 3521 tua
3269 3467 3505 3522 benevo-

1871 3560 2045 3615 lentia
2069 3564 2309 3626 teneret,
2343 3563 2538 3612 tamen
2570 3575 2798 3628 equum
2825 3561 2932 3624 est,
2957 3565 3018 3614 ut
3047 3560 3200 3630 quod
3229 3560 3506 3616 desidera-

1871 3654 1967 3708 bat
1993 3668 2342 3725 magnopere
2370 3657 2770 3723 consequatur,
2799 3655 3083 3724 quatenus
3112 3653 3210 3725 qui
3238 3653 3348 3709 tuis
3368 3654 3506 3709 olim

1875 3751 2068 3819 gratus
2115 3750 2200 3802 est
2237 3746 2464 3812 animis,
2495 3747 2974 3816 contemplatione
3009 3747 3190 3801 nostri
3233 3748 3506 3804 reddatur

1872 3841 2179 3913 acceptior,
2205 3841 2485 3911 simulque
2527 3845 2792 3894 materna
2828 3846 2884 3895 et
2925 3841 3258 3896 sacerdotali
3304 3858 3501 3897 conso-

1873 3939 2090 3992 latione
2119 3936 2392 4004 foveatur,
2427 3933 3020 4006 peregrinationisque
3047 3936 3376 4006 praesidium
3407 3953 3506 4008 pa-

1875 4031 2070 4086 storali
2109 4029 2320 4100 pietate
2365 4029 2630 4100 reperiat,
2660 4035 2722 4083 ut
2747 4032 2944 4083 vestrae
2973 4029 3267 4101 dignitatis
3305 4030 3506 4087 affectu

1875 4128 2144 4197 appareat
2169 4123 2321 4195 apud
2355 4122 2739 4178 sinceritatem
2769 4129 3036 4193 vestram,
3072 4127 3332 4178 nostram
3361 4141 3506 4197 quo-

1876 4237 2007 4290 que,
2054 4235 2166 4272 non
2211 4217 2516 4271 minimum
2557 4217 2814 4270 salutaris
2861 4217 3096 4271 valuisse
3139 4219 3504 4290 colloquium,

1875 4314 2022 4366 Deus
2078 4317 2131 4366 te
2183 4312 2510 4365 incolumen
2571 4310 2878 4378 custodiat,
2933 4310 3108 4364 frater
3155 4311 3500 4366 charissime.

1872 4405 2060 4461 Celius
2112 4404 2242 4458 felix
2297 4403 2596 4476 episcopus
2647 4408 2854 4456 sanctae
2899 4404 3159 4457 Ecclesiae
3214 4404 3508 4460 catholicas

1875 4499 2032 4553 urbis
2057 4499 2254 4552 Romae
2279 4497 2606 4568 subscripsi.
2634 4499 2772 4552 Data
2789 4513 2822 4548 v
2844 4497 3228 4552 Kalendarum
3245 4499 3504 4570 Augusti,

147 4597 542 4669 deceptionem
573 4603 728 4652 tuam
759 4598 1070 4669 nequitiam
1098 4597 1414 4669 prodidisti,
1446 4603 1502 4650 et
1528 4613 1556 4648 a
1585 4596 1854 4671 libelloD
1877 4592 2154 4646 Venantio
2203 4591 2246 4648 ll
2297 4589 2546 4646 consule.
2598 4591 2776 4646 Simul
2835 4594 3054 4661 septem
3107 4593 3162 4646 et
3215 4591 3508 4664 sexaginta

147 4692 329 4746 fratris
359 4694 418 4746 et
443 4691 764 4762 coepiscopi
795 4691 906 4746 mei
936 4691 1189 4760 Joannis,
1219 4691 1318 4762 qui
1345 4696 1400 4745 te
1433 4689 1779 4762 gravissimis

1055 5050 1610 5142 EPISTOLA
1697 5051 2146 5144 GELASII
2243 5051 2602 5142 PAP/E.

149 5258 388 5328 Epistola
429 5259 631 5314 Gelasii
667 5275 831 5330 papae
859 5262 934 5314 ad
961 5263 1233 5330 episcopos
1277 5276 1373 5329 per
1403 5261 1698 5314 Lucaniam
1727 5265 1776 5314 et

497 5333 708 5386 Brutios
736 5337 787 5386 et
810 5331 1058 5387 Siciliam
1085 5334 1416 5388 constitutos.

217 5451 262 5502 t.
297 5447 374 5501 De
405 5447 676 5502 institutis
718 5447 1111 5503 ecclesiasticis
1151 5447 1448 5502 moderate
1491 5463 1594 5518 pro
1627 5451 1774 5502 tem-

147 5557 340 5610 porum
375 5541 652 5612 qualitate
683 5541 998 5615 dispositis.

213 5637 265 5690 2.
313 5635 384 5690 Ut
437 5633 532 5688 ubi
577 5635 730 5689 nulla
779 5638 1050 5706 perurget
1099 5635 1424 5704 necessitas,
1475 5635 1778 5690 constituta

147 5716 370 5782 Patrum
411 5727 684 5784 inviolata
709 5731 1028 5784 serventur.

217 5827 264 5874 ξι.
311 5823 383 5876 Ut
427 5839 556 5876 cum
608 5822 896 5878 defuerint
952 5821 1160 5882 clerici.
1203 5821 1272 5877 de
1329 5823 1622 5878 monachis
1676 5823 1776 5877 eli-

151 5921 368 5972 «antur.

1881 4686 2126 4758 episcopi
2155 4685 2365 4756 absque
2390 4702 2540 4756 papa
2567 4684 3040 4756 subscripserunt.

3415 5019 3540 5096 \/

1950 5261 2001 5314 4.
2031 5261 2103 5314 Ut
2131 5259 2176 5314 si
2224 5259 2294 5313 de
2338 5258 2492 5312 laicis
2539 5257 2825 5328 eligantur
2851 5256 2920 5311 ad
2965 5257 3198 5324 clerum,
3228 5259 3510 5328 quantum

1877 5353 2150 5425 temporis
2181 5353 2532 5408 observatur.

1951 5452 2002 5502 5.
2033 5448 2106 5502 De
2131 5447 2374 5519 bigamis
2416 5445 2654 5517 aliisque
2683 5444 2941 5516 personis
2970 5459 3100 5516 quae
3136 5443 3210 5499 ad
3249 5444 3507 5500 ministe-

1879 5541 2024 5596 rium
2053 5540 2344 5595 clericatus
2385 5539 2710 5595 nullatenus
2737 5539 3116 5610 applicantur.

1950 5639 2003 5690 6.
2036 5636 2108 5690 Ut
2139 5634 2260 5690 sine
2297 5633 2684 5706 prmeeptione
2713 5649 2880 5706 papas
2921 5649 3081 5688 novas
3121 5631 3366 5686 basilicas
3395 5645 3510 5685 non

1880 5729 2234 5784 dedicantur.

1949 5829 2002 5878 ’7.
2027 5825 2096 5878 Ut
2125 5823 2280 5877 nulla
2305 5823 2490 5894 pretia
2516 5823 2588 5877 de
2617 5821 2970 5896 baptizandis
2994 5817 3511 5890 consignandisque

1881 5917 2142 5974 ﬁdelibus
2171 5917 2485 5988 exigantur.
