4040 6330
522 371 623 426 939

1416 366 1699 421 APPEND.
1743 365 1830 419 ΑΒ
1867 365 2027 421 sese.
2071 363 2158 417 1X.
2188 392 2255 401 —
2298 365 2541 419 lSlDUltl
2581 364 3004 420 MERCATUIUS

3792 367 3902 420 940

594 482 646 534 8.
680 478 759 533 De
789 474 1153 549 presbyteris,
1185 479 1244 529 ut
1272 474 1416 529 nihil
1460 472 1530 528 de
1573 472 1660 527 his
1698 488 1828 542 quas
1858 470 2152 543 episcopo-
2177 472 2413 554 Atione
2440 470 2718 543 diligenti,
2752 472 3033 542 quantum
3069 474 3261 541 potest
3300 471 3442 537 ﬁeri,
3477 475 3899 543 temperemus,

528 589 657 629 rum
684 574 818 627 sunt
845 573 1215 643 praesumant.

596 670 648 721 9.
678 666 749 720 Ut
769 664 1040 719 diaconos
1063 676 1393 717 mensuram
1425 658 1716 731 propriam
1731 660 1893 728 juxta
1919 658 2156 711 Patrum

526 760 751 814 decreta
777 756 1115 812 custodiant.

601 857 684 907 10.
705 852 865 916 Quod
897 850 1122 904 diaconi
1149 847 1206 903 in
1234 847 1589 919 presbyterio
1620 846 1871 901 residere
1898 861 2011 901 non
2040 860 2161 915 pos—

524 947 657 1002 sint.

599 1045 683 1097 11.
722 1040 887 1105 Quod
929 1037 1238 1110 apostolica
1268 1036 1430 1091 sedes
1474 1039 1738 1106 paternos
1782 1048 2023 1088 canones
2068 1031 2159 1102 pio

527 1134 714 1190 studio
740 1133 1054 1204 devotoque
1085 1129 1383 1185 custodiat.

600 1230 685 1284 12.
730 1228 799 1282 Ut
840 1229 1050 1298 preter
1093 1223 1381 1296 paschale'
1410 1225 1636 1293 tempus
1676 1226 1733 1277 et
1772 1222 2158 1286 Pentecosten,

526 1336 697 1377 nemo
720 1319 1007 1392 baptizare
1027 1320 1356 1389 prmsumat,
1374 1316 1486 1370 nisi
1507 1332 1605 1371 eos
1624 1320 1819 1371 tamen
1837 1329 1981 1384 quos
2000 1310 2163 1383 aegri-

524 1415 661 1471 tudo
690 1418 949 1470 extrema
983 1411 1342 1483 compulerit.

601 1512 686 1564 l3.
716 1509 795 1564 De
816 1506 1278 1579 presbyterorum
1306 1508 1362 1559 et
1380 1504 1686 1559 diaconum
1705 1499 2161 1556 ordinationibus

521 1602 689 1658 certis
713 1600 1066 1657 celebrandis
1094 1598 1465 1670 temporibus.

600 1697 682 1749 14.
713 1697 789 1748 De
815 1693 1132 1764 virginibus
1170 1692 1338 1748 sacris
1365 1691 1598 1763 quando
1628 1690 1908 1744 velentur.

600 1793 682 1844 15.
711 1788 782 1842 Ut
810 1787 996 1842 viduae
1023 1803 1138 1841 non
1163 1787 1452 1840 velentur.

2261 581 2373 635 quo
2397 581 2500 619 nec
2525 564 2584 619 in
2616 569 2799 620 totam
2833 564 3080 619 formam
3109 569 3362 619 veterum
3402 564 3705 620 videamur
3731 582 3901 621 exce-

2259 658 2393 713 dere
2421 659 2769 730 regularum,
2797 661 2854 712 et
2883 657 3216 729 reparandis
3242 657 3461 713 militias
3488 658 3761 714 clericalis
3776 660 3904 715 offi-

2260 753 2360 807 ciis
2388 769 2515 841 quae
2545 768 2645 823 per
2672 752 2919 807 diversas
2960 751 3127 807 italiae
3170 756 3380 823 partes,
3409 752 3490 806 ita
3527 752 3660 807 belli
3699 752 3903 808 famis-

2260 863 2369 918 que
2423 846 2777 917 consumpsit
2834 845 3106 911 incursio,
3158 849 3223 900 ut
3263 845 3325 900 in
3375 845 3572 900 multis
3632 847 3906 901 Ecclesiis

2260 942 2402 995 sicut
2433 939 2621 994 fratris
2645 944 2703 994 et
2736 939 3061 1010 coepiscopi
3086 939 3266 994 nostri
3292 938 3521 993 Joannis
3551 941 3905 995 Bavanensis

2261 1034 2519 1089 Ecclesiae
2540 1033 2852 1089 sacerdotis
2876 1033 3162 1104 frequenti
3188 1033 3465 1088 relatione
3486 1035 3903 1105 comperimus,

2262 1144 2677 1199 usquequaque
2725 1126 3023 1182 deﬁciente
3064 1126 3291 1181 servitio
3340 1126 3760 1195 ministrorum,
3794 1129 3905 1183 nisi

2261 1221 2608 1276 remittendo
2666 1221 2953 1292 paulisper
3006 1220 3398 1275 ecclesiasticis
3441 1221 3906 1292 promotionibus

2263 1314 2577 1386 antiquitus
2597 1314 2892 1368 intervalla
2918 1315 3150 1384 praeﬁxa
3168 1318 3523 1381 remaneant,
3547 1314 3668 1369 sine
3688 1315 3904 1386 quibus

2262 1407 2657 1463 administrari
2711 1412 3009 1479 nequeunt
3060 1409 3234 1463 sacris
3278 1408 3574 1464 ordinibus
3636 1409 3906 1463 Ecclesiae

2263 1502 2520 1557 funditus
2558 1502 2875 1571 destitutas;
2907 1506 3076 1573 atque
3124 1503 3177 1557 in
3223 1503 3488 1575 plurimis
3513 1502 3650 1557 locis
3672 1519 3784 1574 per
3808 1504 3901 1556 in-

2262 1597 2453 1667 opiam
2489 1595 2868 1666 competentis
2890 1596 3090 1649 auxilii
3120 1597 3372 1653 salutare
3396 1596 3717 1652 subsidium
3742 1598 3902 1652 redi-

2263 1689 2606 1743 mendarum
2651 1688 2797 1743 desit
2838 1688 3431 1761 animarum,nosque
3475 1706 3685 1761 magno
3730 1694 3905 1745 reatu

2261 1782 2307 1836 si
2339 1785 2494 1837 tanto
2521 1785 2845 1837 coarctante
2875 1782 3127 1853 periculo
3157 1800 3275 1838 non
3304 1783 3663 1855 aliquatenus
3688 1799 3899 1839 consu-

603 1885 682 1937 16.
709 1883 779 1936 Ut
804 1881 951 1936 servi
980 1881 1086 1935 sub
1111 1880 1347 1934 obtentu
1373 1877 1671 1949 religionis
1703 1893 1818 1931 non
1848 1875 2156 1947 suscipian-
2180 1853 2235 1925 Β
2261 1877 2445 1931 lamus
2464 1875 2692 1931 innecti.

525 1981 617 2030 tur
640 1976 698 2029 in
720 1975 935 2029 clerum
966 1974 1052 2028 vel
1077 1974 1136 2027 in
1168 1971 1594 2027 monasterium.

599 2073 679 2123 l7.
712 2070 783 2124 Ut
811 2067 997 2123 clerici
1040 2067 1224 2121 nullas
1266 2064 1680 2136 negotiationes
1730 2065 2059 2118 inhonestas
2105 2066 2160 2115 et

520 2163 708 2234 turpia
737 2163 893 2217 lucra
921 2164 1231 2216 sectentur.

594 2259 677 2311 18.
709 2257 778 2310 Ut
807 2271 977 2310 nemo
1008 2253 1326 2319 illiteratus,
1363 2254 1447 2307 vel
1475 2253 1663 2323 aliqua
1709 2256 1867 2322 parte
1905 2250 2159 2320 corporis

522 2349 880 2414 imminutus,
909 2348 981 2402 ad
1019 2347 1237 2402 clerum
1266 2352 1692 2417 promoventur.

594 2446 681 2498 19.
711 2444 786 2497 De
822 2442 909 2497 his
948 2441 1046 2513 qui
1087 2440 1301 2511 seipsos
1331 2439 1689 2495 abscindunt.

592 2540 678 2592 20.
742 2538 819 2590 De
871 2534 1188 2590 criminosis
1240 2537 1305 2587 ut
1349 2532 1420 2588 ad
1473 2534 1688 2588 clerum
1754 2550 1867 2588 non
1928 2548 2158 2603 promo-

523 2634 778 2688 veantur.

590 2730 678 2780 21.
710 2724 874 2789 Quod
900 2722 1198 2779 daemoniis
1242 2722 1482 2792 aliisque
1529 2720 1882 2792 passionibus
1928 2718 2161 2773 irretitis

523 2818 838 2874 ministeria
869 2820 1063 2871 sancta
1093 2820 1334 2870 tractare
1358 2831 1477 2870 non
1503 2815 1684 2869 liceat.

593 2916 684 2968 22.
716 2911 876 2975 Quod
922 2911 979 2965 hi
1025 2909 1122 2981 qui
1169 2910 1343 2963 sacris
1382 2907 1697 2979 virginibus
1734 2924 1794 2960 se
1834 2905 2073 2973 sociant,
2105 2909 2161 2958 et

525 3006 738 3061 fosdera
765 3004 978 3059 incesta
1006 3002 1377 3058 commiscent
1402 3000 1830 3055 communicare
1872 3015 1989 3054 non
2024 3015 2158 3070 pos-

529 3099 662 3167 sint,
694 3097 803 3153 nisi
834 3097 1120 3169 publicam
1151 3094 1549 3166 paenitentiam
1576 3093 1874 3165 gesserint.

597 3196 684 3247 23.
705 3191 866 3255 Quod
888 3190 1094 3257 viduae,
1115 3192 1178 3243 ut
1191 3204 1362 3259 supra
1380 3187 1597 3243 dictum
1618 3190 1860 3256 est,‘non
1879 3188 2161 3253 velentur,

528 3286 629 3341 sed
648 3286 692 3340 si
721 3285 1035 3356 professam
1055 3281 1467 3338 continentiam
1490 3280 1782 3353 proposito
1807 3284 2033 3336 mutato
2055 3279 2164 3334 cal-

527 3379 797 3445 caverint,
827 3379 965 3449 ipsa;
991 3393 1096 3449 pro
1140 3393 1198 3432 se
1227 3376 1513 3432 rationem
1546 3374 1805 3430 reddant.

595 3475 685 3533 24,
716 3472 877 3537 Quod
909 3470 1157 3526 secunda
1194 3469 1466 3541 conjugia
1510 3468 1875 3524 saecularibus
1911 3484 2025 3523 non
2062 3484 2165 3523 ne-

527 3572 755 3635 gentur,
775 3565 981 3638 quibus
1007 3570 1205 3621 tamen
1227 3565 1295 3619 ad
1318 3564 1537 3619 clerum
1559 3563 1803 3619 minime
1821 3563 2019 3619 venire
2040 3578 2167 3617 con-

528 3661 770 3718 ceditur.

598 3759 686 3810 25.
716 3755 785 3808 Ut
827 3753 871 3808 si
902 3754 1031 3824 quis
1070 3752 1382 3823 susceperit
1411 3752 1672 3807 Ecclesiae
1712 3750 1954 3824 propria:
1983 3750 2168 3805 deser-

529 3853 734 3913 torem,
781 3851 836 3901 et
885 3847 941 3900 in
989 3846 1185 3917 aliqua
1236 3844 1555 3916 provexerit
1601 3844 1897 3916 dignitate,
1942 3843 2168 3914 utrique

528 3941 859 4011 subjaceant
886 3938 1186 3993 sententia!
1214 3954 1385 4009 quam
1414 3954 1660 3993 canones
1685 3939 2072 4009 praeﬁxerunt.

602 4036 690 4087 26.
741 4034 820 4086 De
868 4032 1023 4086 laicis
1069 4032 1158 4084 vel
1197 4030 1514 4097 monachis,
1555 4033 1655 4102 qui
1708 4048 1811 4103 per
1864 4034 2168 4102 praemium

532 4125 893 4194 ordinantur,
922 4129 982 4181 ut
1008 4125 1243 4180 dantem
1265 4127 1325 4178 et
1342 4124 1718 4195 accipientem
1748 4125 1998 4181 Simonis
2024 4128 2168 4199 Magi

533 4219 748 4275 crimen
780 4218 1048 4274 involvat.

604 4318 692 4368 27.
725 4315 795 4369 Ut
820 4313 975 4368 nulla
1004 4312 1233 4368 basilica
1279 4314 1380 4367 sub
1432 4313 1830 4368 defunctorum
1869 4314 2171 4369 constituta

534 4408 769 4463 nomine
797 4408 1108 4463 dedicetur.

602 4505 690 4558 28.
723 4502 797 4557 De
827 4501 1059 4557 feminis
1086 4505 1147 4555 ut
1178 4501 1352 4556 sacris
1380 4501 1651 4556 altaribus
1678 4518 1791 4556 non
1820 4502 2167 4569 ministrent,

2330 1972 2390 2025 ll.
2409 1969 2612 2025 Priscis
2628 1970 2807 2041 igitur
2822 1988 2925 2042 pro
2944 1988 3042 2025 sua
3059 1972 3373 2027 reverentia
3390 1972 3754 2027 manentibus
3769 1989 3905 2026 con-

2263 2063 2493 2134 stitutis,
2532 2081 2661 2136 quae
2703 2064 2803 2119 ubi
2860 2065 3014 2120 nulla
3063 2067 3148 2120 vel
3196 2081 3388 2121 rerum
3437 2066 3522 2121 vel
3570 2070 3902 2137 temporum

2261 2161 2533 2230 perurget
2573 2158 2860 2229 angustia,
2899 2159 3239 2229 regulariter
3287 2160 3552 2214 convenit
3597 2160 3902 2227 custodiri,

2261 2256 2494 2307 eatenus
2524 2252 2784 2308 Ecclesiis
2808 2269 2935 2323 quae
2962 2253 3048 2306 vel
3077 2254 3294 2308 cunctis
3320 2258 3452 2309 sunt
3477 2253 3711 2325 privatae
3734 2254 3906 2308 mini-

2262 2345 2391 2400 stris
2417 2346 2504 2400 vel
2531 2346 2945 2401 sufﬁcientibus
2977 2362 3158 2418 usque
3190 2347 3331 2402 adeo
3363 2348 3689 2420 despoliatas
3720 2348 3903 2402 servi-

2262 2439 2371 2506 tiis,
2406 2442 2473 2493 ut
2516 2439 2774 2510 plebibus
2814 2439 2885 2494 ad
2929 2456 2986 2493 se
3033 2440 3453 2512 pertinentibus
3706 2441 3903 2496 divina

2263 2548 2499 2588 munera
2529 2533 2794 2604 supplere
2822 2550 2936 2587 non
2962 2534 3208 2603 valeant,
3229 2539 3349 2589 tam
3369 2534 3703 2590 instituendi
3724 2551 3903 2606 quam

2264 2625 2603 2696 providendi
2632 2626 2906 2681 clericalis
2933 2627 3190 2699 obsequii
3217 2627 3294 2683 sic
3321 2628 3501 2700 spatia
3520 2628 3901 2699 dispensanda

2264 2720 2649 2775 concedimus.
2756 2770 2761 2775 .

2337 2815 2424 2868 lll.
2448 2815 2519 2868 Ut
2544 2814 2589 2868 si
2609 2814 2735 2886 quis
2761 2815 2929 2869 etiam
2955 2815 3024 2870 de
3051 2816 3315 2887 religioso
3341 2817 3631 2889 proposito
3660 2822 3719 2873 et
3741 2817 3905 2872 disci-

2267 2907 2434 2979 plinis
2464 2908 2962 2963 monasterialibus
2989 2909 3264 2978 eruditus,
3293 2910 3366 2965 ad
3403 2910 3661 2966 clericale
3689 2928 3905 2966 munus

2266 3001 2520 3068 accedat,
2536 3002 2819 3073 imprimis
2833 3003 2954 3073 ejus
2966 3003 3081 3058 vita
3100 3004 3403 3075 prmteritis
3418 3008 3537 3058 acta
3548 3005 3905 3076 temporibus

2265 3094 2603 3165 inquiratur,
2628 3095 2673 3149 si
2699 3096 2856 3150 nullo
2882 3097 3041 3167 gravi
3068 3097 3319 3152 facinore
3341 3097 3615 3169 probatur
3632 3098 3899 3161 infectus,

2267 3188 2310 3242 si
2339 3189 2647 3243 secundam
2675 3206 2791 3244 non
2822 3190 3025 3245 habuit
3050 3191 3289 3246 fortasse
3313 3207 3569 3258 uxorem,
3597 3208 3705 3247 nec
3733 3210 3768 3248 a
3789 3209 3903 3247 ma-

2266 3282 2374 3336 rito
2400 3282 2671 3353 rejectam
2698 3282 2927 3338 sortitus
2957 3284 3295 3354 ostenditur,
3319 3284 3363 3339 si
3384 3284 3782 3356 paenitentiam
3807 3302 3905 3357 pu-

2265 3375 2473 3430 blicam
2504 3393 2622 3431 non
2668 3377 2863 3448 gessit,
2896 3394 2999 3432 nec
3039 3377 3153 3432 ulla
3182 3382 3346 3449 parte
3390 3378 3647 3449 corporis
3673 3379 3903 3434 vitiatus

2266 3474 2518 3541 apparet,
2538 3470 2584 3524 si
2605 3471 2823 3526 servilis
2850 3476 2949 3526 aut
2970 3471 3292 3543 originaria:
3312 3488 3430 3528 non
3450 3478 3534 3527 est
3559 3472 3904 3528 conditionis

2269 3564 2569 3632 obnoxius,
2588 3565 2629 3619 si
2653 3564 2825 3619 curiae
2845 3566 3015 3620 etiam
3037 3567 3314 3637 probatur
3334 3567 3572 3622 nexibus
3590 3566 3900 3633 absolutus,

2270 3657 2314 3711 si
2358 3663 2645 3713 assecutus
2702 3663 2789 3713 est
2833 3660 3046 3714 litteras
3089 3660 3210 3715 sine
3254 3661 3459 3732 quibus
3501 3661 3591 3714 vix
3644 3662 3905 3716 fortassis

2271 3751 2570 3805 ostiarium
2614 3751 2787 3823 possit
2834 3752 3088 3823 implere.
3121 3754 3188 3807 Et
3224 3753 3269 3808 si
3297 3753 3345 3808 is
3370 3755 3427 3808 in
3467 3753 3735 3808 omnibus
3776 3771 3904 3826 quae

2270 3848 2400 3899 sumt
2428 3846 2697 3916 praedicta
2723 3844 2974 3915 fulcitur,
3003 3846 3275 3901 continuo
3302 3848 3477 3901 lector
3505 3848 3589 3901 vel
3623 3848 3902 3913 notarius,

2272 3942 2369 3992 aut
2397 3942 2549 3993 certe
2580 3938 2847 3993 defensor
2876 3939 3112 3993 effectus
3138 3946 3264 4011 post
3300 3945 3417 3995 tres
3445 3957 3672 3995 menses
3698 3941 3903 3997 existat

2271 4031 2579 4102 acolythus.
2620 4031 2856 4087 Maxime
2894 4032 2940 4086 si
2977 4033 3109 4087 huic
3143 4037 3277 4087 aetas
3324 4034 3493 4089 etiam
3538 4034 3902 4105 suffragatur.

2273 4129 2429 4179 sexto
2458 4141 2654 4180 mense
2684 4125 3015 4181 subdiaconi
3042 4142 3255 4181 nomen
3284 4128 3542 4198 accipiat.
3574 4131 3651 4183 Ac
3696 4128 3743 4182 si
3775 4146 3903 4184 mo-

2273 4219 2448 4273 destae
2485 4218 2934 4275 conversationis
2976 4220 3338 4293 honestisque
3362 4221 3666 4277 voluntatis
3692 4223 3906 4279 existit.

2272 4330 2423 4368 nono
2451 4330 2647 4368 mense
2675 4314 2963 4382 diaconus,
2988 4316 3385 4386 completoque
3412 4332 3564 4370 anno
3596 4316 3658 4369 ﬁt
3675 4316 3910 4387 presby-

2274 4412 2377 4463 ter.
2399 4407 2500 4462 Cui
2523 4410 2736 4477 tamen,
2753 4407 2902 4477 quod
2925 4423 3206 4462 annorum
3225 4408 3529 4463 interstitia
3546 4408 3778 4463 fuerant
3794 4410 3910 4464 col-

2272 4503 2472 4570 latura,
2501 4501 2675 4555 sancti
2701 4500 2969 4572 propositi
2992 4504 3195 4572 sponte
3222 4507 3479 4573 suscepta
3510 4503 3745 4557 docetur
3765 4520 3909 4573 prse-

532 4597 617 4651 vel
644 4594 858 4667 aliquid
882 4612 950 4649 ex
974 4595 1058 4649 his
1081 4611 1209 4666 quae
1238 4594 1489 4650 virorum
1523 4598 1655 4649 sunt
1679 4595 1878 4650 ofﬁciis
1908 4596 2173 4667 deputata
2190 4592 2478 4663 Dstitisse
2510 4594 2755 4649 devotio.

533 4694 900 4760 praesumant.

604 4786 693 4837 29.
726 4785 802 4838 De
854 4783 1168 4837 redditibus
1200 4782 1456 4837 Ecclesia:
1492 4784 1573 4836 vel
1614 4782 1995 4838 oblationibus
2030 4784 2169 4838 fide-

536 4878 673 4931 lium
702 4876 851 4947 quod
896 4876 952 4930 in
981 4880 1222 4946 quatuor
1250 4875 1545 4946 portiones
1579 4876 1695 4931 ﬁeri
1723 4876 1990 4931 debeant.

606 4972 693 5023 30.
716 4969 1117 5040 Utepiscopus,
1138 4969 1436 5040 presbyter
1459 4973 1515 5022 et
1540 4969 1832 5031 diaconus,
1857 4970 1950 5041 qui
1976 4976 2173 5026 contra

538 5064 658 5116 lucc
701 5066 908 5117 statuta
954 5063 1153 5117 fecerit
1191 5062 1275 5118 sui
1308 5063 1541 5118 honoris
1585 5062 1898 5134 periculum
1936 5064 2004 5119 sit
2036 5064 2169 5118 sub-

538 5157 737 5208 iturus.

609 5250 736 5303 CAP.
758 5251 792 5303 I.
812 5250 1193 5305 Dilectissimis
1214 5251 1478 5307 fratribus
1492 5251 1768 5306 universis
1781 5252 2059 5322 episcopis
2073 5268 2174 5322 per

539 5342 866 5411 Lucaniam,
905 5343 1120 5397 Brutios
1149 5349 1205 5398 et
1235 5345 1482 5400 Siciliam
1512 5344 1850 5415 constitutis,
1883 5346 2167 5401 GELASIUS.

608 5436 930 5490 Necessaria
996 5454 1185 5493 rerum
1268 5436 1638 5509 dispositione
1714 5438 2168 5510 perstringimur,

535 5534 589 5584 et
633 5530 960 5601 apostolicm
1017 5531 1164 5586 sedis
1212 5530 1610 5585 moderamine
1652 5532 2046 5598 convenimur,
2094 5532 2171 5586 sic

534 5640 821 5679 canonum
852 5630 1220 5695 paternorum
1249 5623 1477 5678 decreta
1505 5624 1731 5695 librare,
1762 5630 1818 5679 et
1844 5631 1996 5681 retro
2024 5642 2166 5697 prse-

534 5718 723 5771 sulum
757 5716 1238 5785 decessorumque
1279 5722 1605 5772 nostrorum
1649 5722 1931 5789 prwcepta
1960 5718 2167 5781 metiri,

537 5812 597 5860 ut
618 5824 746 5875 qua:
780 5807 1141 5877 praesentium
1180 5809 1482 5864 necessitas
1505 5813 1830 5881 temporum
1856 5815 2171 5865 restauran-

533 5896 617 5949 dis
646 5899 904 5952 Ecclesiis
932 5899 1235 5953 relaxanda
1264 5901 1536 5972 deposcit,
1570 5902 1820 5956 adhibita
1848 5903 2170 5959 considera-

2291 4670 2341 4773 /
2347 4690 2427 4742 IV.
2461 4687 2519 4742 Si
2549 4704 2682 4742 vero
2713 4688 2888 4743 laicus
2917 4689 3199 4759 quispiam
3248 4691 3637 4746 ecclesiasticis
3679 4696 3768 4746 est
3806 4710 3909 4763 ag-

2275 4782 2604 4854 gregandus
2634 4783 2852 4852 officiis,
2882 4786 3042 4837 tanto
3068 4784 3363 4839 sollicitius
3404 4786 3463 4839 in
3504 4785 3744 4856 singulis
3787 4803 3917 4857 quin

2275 4876 2535 4948 superius
2556 4875 2969 4946 comprehensa
2991 4882 3142 4946 sunt,
3162 4877 3259 4950 huj
3270 4878 3487 4934 usmodi
3509 4878 3671 4935 decet
3694 4881 3912 4934 exami-

2278 4986 2417 5024 nare
2454 4985 2778 5040 personam,
2814 4973 3092 5039 quantum
3120 4969 3272 5024 inter
3298 4972 3650 5026 mundanam
3682 4972 3911 5044 religio-

2276 5079 2511 5133 samque
2540 5062 2713 5117 vitam
2745 5065 2965 5117 constat
3000 5080 3123 5118 esse
3157 5064 3517 5133 discriminis,
3546 5066 3685 5136 quia
3712 5067 3910 5138 utique.

2276 5155 2673 5212 convenientia
2719 5155 2981 5211 Ecclesia:
3026 5157 3336 5213 ministeria
3378 5159 3705 5230 reparanda
3754 5166 3904 5223 sunt,

2276 5267 2388 5305 non
2435 5250 2971 5305 inconvenientibus
3016 5252 3232 5306 meritis
3268 5251 3602 5323 ingerenda,
3635 5256 3905 5325 tantoque

2277 5344 2460 5415 magis
2488 5344 2640 5415 quod
2668 5345 2836 5399 sacris
2861 5348 3059 5417 aptum
3099 5347 3276 5416 possit
3306 5362 3425 5400 esse
3451 5346 3695 5401 servitiis
3723 5348 3786 5403 in
3813 5365 3901 5402 eo-

2276 5454 2404 5493 mm
2436 5438 2810 5509 quaerendum
2838 5443 2922 5493 est
2941 5439 3235 5507 institutis,
3254 5446 3532 5511 quantum
3556 5440 3627 5495 de
3649 5444 3905 5513 tempore

2275 5549 2386 5603 quo
2418 5533 2642 5587 fuerant.
2668 5533 2788 5586 haec
2820 5533 3178 5604 assequenda
3209 5533 3554 5606 decerpitur,
3587 5540 3649 5589 ut
3681 5551 3900 5591 morum

2274 5625 2483 5680 habere
2514 5626 2783 5680 doceatur
2826 5627 2933 5681 hoc
2980 5627 3255 5697 probitas,
3287 5628 3435 5699 quod
3465 5628 3741 5699 prolixior
3774 5648 3899 5685 con-

2273 5720 2512 5775 suetudo
2532 5735 2647 5773 non
2665 5720 2924 5787 contulit,
2946 5736 3049 5775 nec
3070 5738 3175 5791 per
3192 5721 3548 5777 occasionem
3571 5724 3898 5795 supplendas

2274 5812 2526 5884 penuriae
2558 5811 2828 5867 clericalis
2860 5813 2993 5869 vitia
3026 5815 3214 5884 potius
3238 5814 3442 5871 divinis
3473 5816 3722 5871 cultibus
3753 5819 3896 5872 intu-

2273 5906 2418 5969 lisse,
2446 5921 2554 5959 non
2577 5905 2847 5975 legitimae
2880 5906 3108 5961 familiee
3138 5913 3540 5981 computemur
3570 5926 3896 5980 procurasse
