4040 6308
180 372 271 424 941

1402 370 1869 428 DECRETALIL’M
1908 372 2295 427 COLLECTIU.

3442 378 3542 432 942

178 479 543 550 compendia.
563 482 814 544 Quorum
830 480 1287 552 promotionibus
1298 496 1468 551 super
1485 480 1621 535 anni
1634 484 1812 535 metas
1833 492 1893 566 Α
1913 484 2103 534 caturo
2123 479 2169 533 si
2192 478 2577 535 immoderata
2601 478 2874 538 facientes
2893 481 3330 539 dissimulaverit
3354 483 3541 541 vindi-

176 588 273 627 sex
296 588 529 627 menses
551 573 924 628 nihilominus
943 574 1341 645 subrogamus,
1360 574 1652 645 quoniam,
1670 573 1814 628 sicut

176 667 397 722 dictum
434 672 538 733 est,
572 667 777 724 distare
802 668 1071 724 convenit
1099 668 1251 723 inter
1275 684 1588 739 personam
1617 669 1810 724 divino

176 761 356 816 cultui
372 760 649 829 deditam,
670 764 727 816 et
741 762 811 817 de
830 762 1107 817 laicorum
1128 762 1560 818 conversatione
1587 762 1810 817 venien-

177 861 317 910 tem.
341 855 479 918 Quae
498 859 692 910 tamen
723 860 954 911 eatenus
978 856 1333 927 indulgenda
1356 856 1720 926 credidimus,
1752 860 1813 910 ut

178 948 289 1003 illis
313 949 573 1004 Ecclesiis
610 949 814 1021 quibus
842 949 1204 1005 infestatione
1230 950 1514 1005 bellorum
1539 950 1625 1004 vel
1654 950 1810 1004 nulla

175 1042 405 1112 penitus
422 1043 509 1098 vel
528 1042 736 1113 exigua
759 1047 1159 1099 remanserunt
1186 1042 1504 1098 ministeria
1526 1059 1806 1098 renoven-

177 1140 289 1202 tur,
310 1138 593 1207 quatenus
617 1136 705 1191 his
725 1137 839 1192 Deo
858 1137 1105 1208 propitio
1135 1137 1426 1205 restitutis,
1452 1137 1513 1190 in
1541 1136 1805 1192 ecclesia-
1825 1123 1844 1211 Ι

176 1229 327 1284 sticis
373 1229 646 1301 gradibus
684 1230 1059 1301 subrogandis
1101 1246 1390 1285 canonum
1439 1234 1806 1302 paternorum

178 1327 334 1379 vetus
366 1323 548 1378 forma
587 1326 864 1379 servetur.
908 1325 1021 1378 Nec
1051 1326 1252 1378 contra
1286 1339 1385 1377 eos
1440 1323 1552 1377 ulla
1589 1323 1805 1379 ratione

173 1417 495 1488 praevaleat,
519 1417 669 1488 quod
686 1433 790 1488 pro
811 1417 1116 1472 accidentis
1134 1416 1387 1472 remedio
1407 1416 1663 1472 defectus
1683 1434 1804 1489 pro-

174 1511 413 1579 videtur,
449 1527 569 1565 non
590 1510 860 1566 adversus
885 1511 1023 1566 scita
1042 1511 1327 1582 majorum
1347 1527 1495 1565 nova
1515 1511 1643 1582 lege
1669 1528 1800 1582 pro-

173 1604 405 1675 ponitur
432 1621 445 1659 :
470 1604 692 1659 caeteris
719 1604 976 1660 Ecclesiis
992 1604 1064 1659 ab
1093 1605 1198 1660 hac
1217 1604 1511 1660 occasione
1532 1605 1801 1660 cessanti-

174 1699 296 1767 bus,
315 1715 455 1770 quas
476 1715 595 1754 non
616 1698 787 1754 simili
812 1700 970 1754 clade
998 1701 1243 1754 vastatas
1266 1700 1565 1771 pristinam
1584 1699 1800 1754 facien-

174 1791 256 1845 dis
282 1791 736 1847 ordinationibus
762 1792 1029 1848 convenit
1054 1798 1252 1847 tenere
1281 1797 1477 1848 sentcn
1489 1792 1646 1848 tiam.
1656 1780 1803 1870 jQuo

1912 570 2088 643 care/

1984 669 2067 724 IX.
2096 666 2370 723 Diaconos
2397 685 2627 740 quoque
2651 669 2946 740 propriam
2976 670 3404 728 constitutionis
3422 689 3542 745 ser-

1910 778 2045 816 vare
2072 778 2423 832 mensuram,
2442 779 2548 817 nec
2576 763 2725 818 ultra
2742 770 3005 819 tenorem
3030 765 3283 836 paternis
3309 766 3541 823 canoni-

1910 856 2016 911 bus
2047 856 2384 927 deputatum
2420 856 2718 928 quidpiam
2755 860 2995 926 tentare,
3036 858 3180 913 nihil
3206 876 3409 915 eorum
3436 878 3540 916 suo

1910 950 2230 1005 ministerio
2256 949 2638 1020 permittimus
2657 950 2943 1022 applicare
2964 969 3094 1024 quas
3114 953 3314 1024 primis
3333 955 3540 1010 ordini-

1910 1042 2016 1097 bus
2034 1044 2266 1114 proprie
2295 1043 2544 1099 decrevit
2566 1043 2893 1116 antiquitas.
2915 1045 3140 1116 Absque
3162 1046 3428 1119 episcopa
3451 1050 3539 1104 vel

1910 1136 2237 1208 presbytero
2268 1137 2552 1209 baptizare
2582 1154 2700 1193 non
2730 1142 3169 1210 praesumantur,
3203 1140 3315 1196 nisi
3337 1142 3538 1213 praedi-

1908 1227 2012 1281 ctis
2040 1227 2309 1281 'fortassis
2349 1227 2545 1282 ofﬁciis
2577 1228 2809 1299 longius
2864 1229 3184 1285 constitutis
3229 1232 3534 1287 necessitas

1908 1323 2159 1375 extrema
2183 1322 2507 1393 compellat.
2535 1322 2692 1390 Quod
2723 1326 2781 1378 et
2804 1321 2962 1378 laicis
2990 1322 3326 1380 Christianis
3351 1325 3533 1382 facere

1906 1413 2247 1486 plerumque
2273 1415 2621 1470 conceditur.

1978 1508 2035 1562 Χ.
2065 1509 2169 1562 Eos
2193 1525 2308 1563 non
2337 1509 2396 1563 in
2427 1509 2780 1581 presbyterio
2801 1509 3051 1566 insidere
3077 1528 3206 1567 cum
3233 1512 3421 1569 divina
3444 1530 3531 1570 ce-

1904 1601 2221 1670 lebrantur,
2256 1603 2343 1657 vel
2377 1602 2783 1658 ecclesiasticus
2808 1604 3052 1660 habetur
3071 1606 3394 1679 quicunque
3418 1612 3534 1664 tra-

1904 1698 2103 1751 ctatus.
2134 1696 2289 1752 Sacri
2312 1698 2567 1768 corporis
2594 1698 3070 1769 praerogationem
3099 1700 3203 1755 sub
3228 1706 3537 1773 conspectu

1905 1790 2188 1860 pontiﬁcis
2217 1807 2317 1845 seu
2345 1791 2689 1863 presbyteri,
2718 1791 2826 1846 nisi
2847 1792 2936 1847 his
2959 1792 3287 1850 absentibus
3299 1795 3395 1867 jus
3419 1812 3537 1851 non

176 1885 358 1956 magis
386 1886 493 1941 hac
536 1887 960 1958 opportunitate
1007 1887 1339 1942 commoniti
1385 1887 1802 1943 observantiam
1822 1865 1879 1938 Β
1903 1900 2019 1938 non
2042 1883 2291 1939 habeant
2317 1884 2645 1941 exercendi.
2695 1888 2838 1942 Cum
2865 1885 3019 1941 enim
3047 1887 3272 1944 decreta
3309 1905 3539 1946 veneras

175 1981 626 2035 venerandorum
647 1997 930 2035 canonum
955 1981 1292 2053 propensius
1316 1981 1672 2053 delegamus,
1696 1981 1805 2036 sin-

174 2074 441 2144 gulorum
477 2074 760 2145 graduum
796 2074 1171 2131 conscientias
1204 2075 1599 2142 admonentes,
1648 2091 1721 2131 ne
1745 2075 1803 2129 in

172 2166 392 2222 illicitos
418 2184 794 2240 prorumpere
824 2169 1138 2224 moliantur
1168 2184 1450 2225 excessus.

240 2262 301 2316 V.
333 2263 443 2316 Nec
464 2262 548 2316 fas
569 2279 691 2317 esse
725 2263 971 2318 confidat
1001 2263 1258 2334 quisquis
1280 2262 1613 2334 pontificum
1639 2263 1800 2334 biga-

170 2371 311 2425 mos,
339 2358 436 2409 aut
468 2356 741 2427 conjugia
764 2357 1064 2411 sortientes
1096 2356 1167 2411 ab
1201 2356 1330 2411 aliis
1361 2356 1651 2423 derelicta,
1686 2356 1800 2411 sive

170 2448 452 2521 quoslibet
461 2453 590 2521 post
601 2450 998 2521 paenitentiam
1011 2451 1099 2505 vel
1113 2451 1234 2505 sine
1247 2450 1469 2520 litteris,
1491 2451 1577 2505 vel
1600 2467 1800 2521 corpo-

170 2559 230 2597 re
253 2542 496 2610 vitiatos,
520 2543 609 2597 vel
630 2543 1087 2612 conditionarios,
1111 2548 1210 2599 aut
1229 2544 1400 2599 curiae
1414 2544 1798 2614 publicarum-

169 2652 278 2708 que
298 2653 493 2692 rerum
516 2637 758 2693 nexibus
779 2638 1118 2709 implicatos,
1135 2641 1233 2693 aut
1251 2639 1465 2710 passim
1487 2638 1646 2692 nulla
1661 2643 1801 2694 tem-

170 2730 318 2801 poris
329 2731 701 2803 congruentis
717 2732 1129 2803 exspectatione
1142 2732 1436 2799 discussos,
1458 2732 1662 2788 divinis
1680 2749 1797 2787 ser-

168 2824 381 2880 vituros
413 2825 699 2897 applicare
738 2825 1091 2893 ministeriis,
1128 2843 1316 2897 neque
1360 2842 1465 2897 pro
1502 2843 1602 2880 suo
1635 2826 1801 2881 libitu

160 2918 288 2989 jura
316 2918 583 2974 studeant
612 2919 798 2974 aliena
823 2920 1150 2990 pervadere,
1174 2919 1390 2990 absque
1410 2919 1556 2974 sedis
1578 2925 1801 2991 aposto-

167 3012 287 3067 licae
303 3012 461 3083 justa
480 3012 854 3084 dispositione
872 3014 1203 3069 mandante.

237 3107 321 3161 Vl.
357 3106 618 3161 Basilicas
643 3106 861 3162 naviter
881 3106 1166 3161 institutas
1186 3123 1300 3161 non
1330 3107 1524 3179 petitis
1545 3124 1613 3163 ex
1639 3124 1797 3163 more

166 3199 639 3271 praeceptionibus
665 3200 926 3256 dedicare
945 3217 1116 3255 nemo
1144 3201 1368 3269 audeat,
1402 3218 1507 3255 nec
1539 3201 1798 3257 ambiant

164 3294 393 3350 sibimet
417 3293 668 3367 episcopi
696 3294 986 3350 vindicare
1035 3295 1267 3349 clericos
1305 3296 1606 3366 potestatis
1644 3297 1789 3351 aliae.

228 3388 333 3442 VII.
380 3388 739 3460 Baptizandis
772 3388 1287 3460 consignandisque
1319 3388 1584 3443 ﬁdelibus
1610 3390 1795 3461 pretia

162 3482 319 3537 nulla
340 3481 733 3554 praeﬁgantur,
754 3498 857 3537 nec
877 3482 1223 3536 illationibus
1242 3482 1594 3554 quibuslibet
1612 3483 1793 3554 impo-

157 3574 274 3630 sitis
314 3575 603 3646 exagitare
639 3575 867 3647 cupiant
911 3579 1294 3645 renascentes,
1340 3575 1611 3648 quoniam
1663 3594 1790 3648 quae

157 3668 334 3739 gratis
378 3668 707 3740 accipimus,
753 3670 928 3740 gratis
973 3670 1110 3724 dare
1153 3670 1514 3740 mandamur,
1562 3673 1618 3725 et
1663 3670 1792 3725 ideo

160 3762 301 3816 nihil
325 3779 359 3816 a
390 3762 674 3834 pradictis
698 3780 931 3834 prorsus
958 3764 1185 3834 exigere
1212 3763 1535 3831 moliantur,
1562 3781 1676 3836 quo
1702 3765 1789 3819 vel

160 3858 495 3929 paupertate
522 3861 761 3928 cogente
789 3858 1061 3925 deterriti,
1095 3858 1183 3913 vel
1212 3858 1609 3929 indignatione
1637 3875 1791 3914 revo-

158 3950 288 4017 cati,
312 3950 723 4022 redemptionis
743 3969 936 4007 causas
954 3968 1071 4006 suae
1090 3952 1289 4007 audire
1308 3952 1649 4023 despiciant;
1675 3968 1789 4007 cer-

160 4046 279 4098 tum
308 4044 578 4099 habentes
602 4045 755 4116 quod
775 4046 872 4116 qui
892 4044 1179 4116 prohibita
1200 4045 1541 4118 deprehensi
1568 4047 1785 4102 fuerint

154 4136 467 4204 admisisse,
502 4137 591 4192 vel
616 4138 916 4193 commissa
942 4156 1055 4193 non
1084 4139 1272 4210 potius
1303 4156 1403 4194 sua
1428 4145 1629 4211 sponte
1659 4158 1784 4195 cor-

155 4231 427 4299 rexerint,
459 4232 776 4302 periculum
805 4232 1043 4287 subituri
1072 4232 1290 4304 proprii
1319 4233 1433 4287 sint
1460 4234 1711 4288 honoris.

224 4326 356 4380 VIII.
390 4326 504 4380 Nec
534 4325 722 4381 minus
754 4326 929 4381 etiam
967 4327 1325 4398 presbyteros
1369 4327 1523 4382 ultra
1548 4329 1786 4383 modum

152 4436 324 4475 suum
368 4420 603 4475 tendere
647 4421 1042 4491 prohibemus,
1074 4438 1177 4476 nec
1214 4420 1517 4493 episcopali
1554 4422 1783 4492 fastigio

148 4513 405 4569 indebita
429 4513 660 4569 sibimet
682 4515 950 4570 audacter
973 4532 1285 4585 assumere,
1309 4532 1422 4570 non
1446 4516 1785 4571 conﬁciendi

1904 1977 2107 2032 bilium
2128 1978 2486 2034 sanctionum
2508 1995 2610 2034 nos
2629 1995 2861 2051 quoque
2886 1996 3235 2052 magnopere
3253 1984 3537 2040 custodire

1907 2070 2179 2141 nitamur,
2229 2089 2293 2127 ac
2345 2072 2465 2126 sine
2517 2088 2719 2128 eorum
2749 2071 3046 2144 dispendio
3075 2075 3246 2130 etiam
3280 2076 3378 2132 illa
3406 2094 3534 2150 qua:

1904 2182 2006 2235 pro
2030 2165 2265 2237 alicujus
2294 2166 2553 2220 utilitatis
2590 2166 2830 2221 fortasse
2869 2169 3212 2239 compendio
3240 2169 3536 2227 videantur

1905 2259 2145 2314 laxanda
2171 2259 2457 2315 cedamus.

1973 2353 2055 2408 XI.
2082 2354 2340 2426 Cumque
2366 2353 2529 2409 nobis
2557 2355 2755 2409 contra
2785 2355 3120 2412 salutarium
3151 2360 3533 2417 reverentiam

1904 2449 2236 2518 regularum
2265 2448 2561 2521 cupiamus
2581 2453 2796 2506 temere
2816 2449 2959 2505 nihil
2982 2451 3172 2521 licere,
3200 2456 3258 2508 et
3282 2470 3414 2510 cum
3440 2473 3531 2511 se-

1902 2541 1998 2595 des
2013 2542 2317 2612 apostolica
2333 2542 2590 2614 superior
2604 2542 2690 2597 his
2709 2544 2997 2614 omnibus,
3020 2546 3247 2602 favente
3265 2548 3529 2619 Domino,

1900 2651 2027 2706 quae
2047 2636 2300 2706 paternis
2328 2636 2640 2692 canonibus
2658 2642 2793 2693 sunt
2816 2638 3068 2710 praefixa,
3093 2640 3187 2710 pio
3216 2641 3530 2715 devotaque

1902 2729 2094 2783 animo
2119 2729 2341 2784 studeat
2368 2734 2565 2784 tenere
2597 2732 2907 2803 proposito,
2949 2734 3084 2788 satis
3112 2733 3416 2806 indignum
3445 2742 3531 2793 est

1900 2839 2248 2895 quemquam
2278 2823 2365 2879 vel
2394 2824 2729 2895 pontiﬁcum
2763 2827 2851 2880 vel
2878 2827 3146 2883 ordinum
3176 2829 3526 2902 subsequen-

1902 2917 2045 2971 tium
2072 2918 2220 2971 hanc
2246 2918 2666 2974 observantiam
2698 2920 2969 2990 refutare,
3004 2938 3177 2993 quam
3200 2922 3350 2979 beati
3377 2925 3528 2981 Petri

1900 3011 2093 3065 sedem
2115 3014 2172 3065 et
2199 3012 2362 3084 sequi
2380 3011 2569 3068 videat
2589 3016 2645 3068 et
2664 3014 2887 3081 docere,
2909 3014 3158 3087 satisque
3184 3018 3528 3073 conveniens

1900 3104 1990 3171 sit,
2027 3110 2087 3159 ut
2115 3109 2302 3160 totum
2323 3092 2529 3178 corpus
2559 3107 2822 3163 Ecclesiae
2851 3107 2911 3162 in
2937 3109 3046 3165 hac
3074 3108 3303 3165 sibimet
3330 3112 3524 3167 obser-

1898 3200 2124 3253 vatione
2154 3200 2471 3268 concordet,
2499 3218 2673 3272 quam
2713 3200 2827 3255 illic
2852 3202 3043 3273 vigere
3074 3204 3399 3275 conspiciat,
3431 3206 3528 3262 ubi

1898 3293 2171 3347 Dominus
2200 3293 2458 3348 Ecclesiae
2484 3294 2654 3348 totius
2683 3295 2870 3365 posuit
2893 3296 3275 3368 principatum
3302 3299 3523 3356 dicente

1896 3387 2188 3457 Scriptura
2209 3404 2221 3441 :
2249 3409 2275 3435 ‹‹
2292 3386 2561 3442 Ordinate
2580 3386 2641 3442 in
2655 3404 2745 3443 me
2767 3389 3102 3445 charitatem
3122 3390 3299 3460 (Cant.
3318 3410 3380 3463 ιι,
3400 3396 3472 3465 4).
3492 3418 3519 3444 ››

1895 3483 1960 3535 Et
1983 3481 2231 3535 iterum:
2263 3480 2506 3535 «Omnia
2524 3485 2674 3535 certo
2698 3482 2896 3537 ordine
2915 3482 3056 3537 ﬁant
3070 3485 3220 3554 (Gen.
3242 3502 3349 3553 XLI,
3368 3489 3473 3557 t8).
3490 3511 3516 3538 ››

1892 3577 2077 3645 Atque
2118 3574 2325 3628 iterum
2359 3574 2655 3629 Psalmista
2690 3575 3033 3646 praedicante
3065 3595 3077 3632 :
3110 3599 3137 3627 ‹‹
3164 3579 3520 3637 Circumdate

1893 3668 2025 3723 Sion
2060 3670 2118 3722 et
2142 3667 2587 3738 complectimini
2605 3685 2730 3724 eam
2762 3675 2986 3725 narrate
3015 3670 3074 3725 in
3101 3673 3350 3729 turribus
3375 3676 3517 3746 ejus.

1893 3762 2088 3816 Ponite
2112 3760 2283 3816 corda
2306 3764 2492 3816 vestra
2516 3761 2578 3815 in
2602 3760 2808 3817 virtute
2832 3763 2976 3834 ejus,
3001 3769 3058 3819 et
3083 3765 3401 3823 distribuite
3424 3769 3521 3824 do-

1894 3873 2015 3910 mos
2044 3855 2184 3927 ejus,
2222 3857 2287 3910 ut
2321 3854 2594 3911 enarratis
2624 3856 2683 3910 in
2708 3858 2983 3928 progenie
3012 3859 3207 3928 altera,
3243 3862 3517 3932 quoniam

1893 3949 1983 4005 hic
2007 3952 2089 4005 est
2113 3951 2264 4005 Deus
2291 3955 2489 4005 noster
2506 3949 2566 4005 in
2594 3952 2894 4020 aeternum,
2923 3957 2979 4008 et
2998 3952 3119 4025 ipse
3145 3960 3308 4027 reget
3331 3973 3434 4012 nos
3459 3958 3518 4012 in

1891 4045 2099 4100 saecula
2142 4045 2310 4115 (Psal.
2355 4061 2517 4116 XLVII,
2559 4047 2766 4117 13-15).
2796 4068 2822 4096 ››
2860 4047 2955 4101 Hic
2980 4049 3376 4118 proculdubio
3421 4053 3519 4124 qui

1890 4140 1946 4193 in
1975 4139 2486 4195 ecclesiasticarum
2515 4144 2784 4195 narratur
2820 4140 3118 4198 altitudine
3150 4144 3516 4215 dignitatum,

1889 4232 2018 4301 etin
2033 4233 2193 4303 cujus
2208 4233 2417 4287 virtute
2432 4232 2597 4287 bonis
2612 4233 2879 4303 operibus
2896 4236 3067 4289 corda
3082 4239 3347 4307 ponenda
3363 4245 3514 4309 sunt,

1890 4326 2161 4395 gradibus
2193 4326 2392 4397 utique
2436 4325 2769 4393 distributis,
2815 4328 3031 4382 cunctis
3066 4330 3213 4384 Deus
3242 4336 3437 4387 noster
3462 4339 3515 4387 et

1888 4423 2072 4474 rector
2090 4418 2284 4490 populi
2310 4418 2705 4489 przedicandus
2733 4423 2820 4473 est
2841 4420 3195 4492 Christianis,
3221 4424 3316 4478 ubi
3343 4441 3514 4482 nemo

1887 4512 2115 4567 sibimet
2150 4511 2343 4583 aliqua
2373 4513 2500 4582 jam
2536 4514 2827 4568 existimet
2856 4514 3246 4585 imminutum,
3293 4534 3424 4573 cum
3461 4525 3517 4575 et

151 4608 492 4677 chrismatis,
508 4625 626 4662 non
637 4608 1083 4679 consignationis
1095 4608 1431 4680 pontiﬁcalis
1447 4609 1783 4665 adhibendae
1803 4614 1862 4686 D
1889 4606 2328 4678 uniuscujusque
2347 4605 2555 4677 gradus
2571 4607 2921 4677 profectione
2941 4608 3023 4663 nil
3039 4610 3284 4681 deperit,
3308 4616 3364 4667 et
3384 4629 3515 4668 con-

153 4702 383 4757 sibimet
414 4702 670 4774 accipere
698 4703 1050 4771 facultatem,
1085 4720 1199 4759 non
1227 4709 1505 4775 praesente
1535 4704 1787 4775 quolibet

155 4796 429 4866 antistite,
473 4795 583 4850 nisi
607 4796 845 4851 fortasse
878 4797 1211 4867 jubeantur,
1247 4800 1331 4853 vel
1366 4798 1660 4866 orationis,
1702 4798 1786 4852 vel

153 4890 393 4945 actionis
421 4907 592 4945 sacrae
623 4893 924 4963 suppetere
951 4891 1055 4947 sibi
1080 4898 1430 4963 przesumant
1461 4909 1581 4947 esse
1609 4892 1782 4946 licen-

155 4984 310 5054 tiam,
342 5000 528 5055 neque
556 4984 658 5040 sub
681 4984 804 5056 ejus
823 4990 1074 5056 aspectu,
1103 4986 1210 5041 nisi
1228 4985 1560 5057 jubeantur,
1583 4990 1680 5040 aut
1707 5003 1786 5040 se-

155 5077 287 5133 dere
320 5083 687 5149 praesumant,
730 5083 829 5135 aut
852 5080 1179 5134 veneranda
1204 5085 1446 5135 tractare
1478 5080 1744 5150 mysteria
1770 5097 1783 5139 ξ

154 5188 254 5227 nec
269 5171 377 5227 sibi
393 5172 764 5229 meminerint
780 5174 891 5228 ulla
909 5173 1124 5229 ratione
1142 5174 1398 5241 concedi,
1419 5173 1540 5228 sine
1557 5190 1786 5229 summo
1798 5231 1821 5248 μ

154 5266 423 5337 pontiﬁce
443 5265 874 5337 subdiaconum,
898 5271 999 5323 aut
1015 5269 1339 5339 acolythum
1352 5268 1447 5339 jus
1469 5267 1680 5322 habere
1702 5260 1819 5364 fa-l

152 5359 357 5430 ciendi,
388 5376 493 5415 nec
517 5377 749 5432 prorsus
776 5361 834 5416 id
862 5361 1142 5429 dubitent,
1165 5362 1212 5417 si
1237 5362 1549 5434 quidquam
1570 5361 1643 5417 ad
1664 5363 1784 5433 epi-

150 5455 344 5526 copale
388 5453 768 5510 ministerium
811 5455 1126 5527 specialiter
1150 5457 1442 5528 pertinens
1482 5474 1583 5511 suo
1626 5459 1788 5511 motu

151 5548 477 5617 putaverint
533 5550 981 5621 exsequendum,
1035 5551 1306 5605 continuo
1346 5568 1405 5605 se
1449 5550 1787 5622 presbyterii

154 5642 457 5713 dignitate,
487 5646 545 5698 et
568 5659 729 5699 sacra
756 5643 1163 5699 communione
1203 5644 1428 5716 privari.
1477 5644 1639 5710 Quod
1664 5644 1791 5700 ﬁeri

156 5750 383 5792 necesse
412 5738 501 5792 est
526 5753 878 5806 censeamus,
918 5737 963 5793 si
991 5754 1192 5793 eorum
1220 5740 1461 5809 praesule
1493 5739 1787 5794 deferente

157 5828 485 5899 hujusmodi
510 5830 685 5885 fuerit
708 5832 1102 5902 praevaricatio
1124 5832 1510 5903 comprobata,
1541 5849 1643 5889 nec
1663 5832 1788 5904 ipso

157 5939 354 5978 eorum
384 5923 652 5996 episcopo
685 5941 717 5981 a
742 5927 905 5999 culpa
935 5926 1329 5994 conniventite,
1363 5930 1422 5981 et
1446 5926 1664 5983 ultione
1691 5942 1785 5981 va-

1887 4701 2182 4756 venienter
2208 4700 2534 4769 retinendo,
2562 4702 2714 4773 quod
2738 4702 2949 4756 caelesti
2975 4703 3393 4774 dispensatione
3422 4707 3517 4762 do-

1886 4801 2085 4851 natum
2105 4800 2208 4864 est,
2224 4794 2438 4866 pariter
2458 4794 2639 4862 nobis,
2659 4800 2715 4849 et
2731 4796 3171 4867 cognoscibilem
3189 4798 3370 4854 Deum
3391 4801 3512 4855 fieri

1891 4890 2084 4945 tribuit
2110 4906 2232 4944 esse
2265 4891 2322 4944 et
2347 4894 2649 4944 rectorem.
2684 4891 2823 4944 Nam
2854 4895 2911 4945 et
2941 4890 2984 4943 si
3013 4890 3151 4961 quid
3179 4890 3516 4965 indulgetur

1887 4986 1955 5039 de
1971 4989 2300 5056 temporum
2318 4984 2633 5055 quantitate
2662 4983 2915 5038 moribus
2929 4990 3244 5056 aggregata
3268 4989 3513 5042 strenui—

1888 5066 2001 5134 tate
2031 5081 2304 5149 pensatur
2335 5094 2349 5132 :
2380 5078 2428 5131 si
2462 5078 2586 5132 vitae
2628 5077 2803 5132 etiam
2850 5078 3138 5149 proposito
3170 5080 3514 5149 continetur,

1889 5173 2039 5242 quod
2074 5189 2176 5243 pro
2207 5171 2383 5226 relata
2413 5171 2585 5226 fuerit
2623 5174 2787 5226 aetate
2823 5173 3163 5239 curandum,
3201 5175 3515 5233 dummodo

1888 5266 1985 5321 illa
1999 5268 2322 5321 nullatenus
2341 5266 2693 5320 dissimulata
2711 5266 3041 5338 subrepant,
3065 5284 3313 5339 quorum
3342 5273 3520 5342 quod.

1888 5360 2042 5427 libet,
2059 5360 2104 5414 si
2122 5359 2305 5415 inesse
2322 5359 2605 5425 claruerit,
2623 5361 2827 5415 merito
2848 5360 3409 5420 clericalibusinfulis
3431 5381 3515 5420 re-

1891 5453 2239 5524 probabilem
2265 5453 2565 5508 convincat
2594 5469 2713 5508 esse
2738 5470 3064 5526 personam.
3108 5457 3223 5512 Etsi
3252 5457 3347 5513 illa
3375 5476 3514 5512 non-

1891 5564 2183 5621 nunquam
2213 5546 2451 5603 sinenda
2483 5551 2635 5616 sunt,
2681 5565 2829 5620 quae,
2859 5550 2905 5604 si
2936 5553 3272 5606 caeterorum
3298 5556 3519 5606 constet

1890 5642 2209 5715 integritas,
2235 5642 2355 5697 sola
2378 5658 2585 5697 nocere
2607 5658 2725 5697 non
2758 5643 3015 5712 valeant;
3045 5645 3143 5699 illa
3172 5647 3361 5699 tamen
3386 5648 3519 5698 sunt

1890 5747 2238 5805 magnopere
2282 5731 2678 5804 prmcavenda,
2719 5750 2848 5805 quas
2872 5733 3047 5804 recipi
3074 5732 3184 5787 nisi
3220 5732 3515 5789 manifesta

1890 5826 2313 5883 decoloratione
2339 5843 2453 5881 non
2482 5827 2720 5898 possint.
2758 5832 2831 5883 Ac
2858 5828 2902 5882 si
2935 5844 3002 5882 ea
3028 5827 3151 5897 ipsa
3192 5843 3321 5898 quae
3360 5827 3518 5882 nullo

1891 5922 2233 5979 detrimento
2263 5920 2561 5993 aliquoties
2592 5921 2937 5992 indulgenda
2963 5920 3291 5992 creduntur,
3312 5922 3399 5977 vel
3431 5939 3515 5978 re-
