4040 6328
487 387 587 445 943

1374 390 1659 447 ΑΡΡΕΝΙ).
1700 389 1791 444 AD
1831 387 1992 443 SIEC.
2027 388 2112 443 IX.
2148 416 2214 429 ση-
2250 389 2495 446 lSlDORl
2531 390 2957 446 MERCATORIS

3748 392 3855 448 944

482 513 615 553 rum
637 496 1084 571 temporumquo
1101 498 1253 568 cogit
1269 497 1529 565 intuitus,
1551 484 1965 552 velaccelerate
1986 512 2114 567 pro-
2136 505 2193 580 Α
2216 498 2548 553 clericorum
2579 498 3061 570 negotiationibus
3089 496 3408 554 inhonestis
3439 504 3497 555 et
3520 498 3693 555 lucris
3723 504 3848 555 tur-

489 592 724 648 visionis
752 598 1035 664 respectus
1061 595 1292 647 excusat
1316 609 1329 647 :
1360 597 1573 664 quanto
1606 590 1789 662 magis
1815 590 1912 644 illa
1936 590 2117 644 nulla-

488 692 655 742 tenus
696 687 1010 741 mutilanda
1048 690 1181 740 sunt
1215 702 1344 758 quas
1371 702 1477 740 nec
1503 686 1622 740 ulla
1660 684 1982 751 necessitas,
2013 700 2115 738 nec

492 780 867 848 ecclesiastica
891 797 1121 851 prorsus
1147 783 1446 851 extorquet
1472 777 1687 833 utilitas
1710 778 1738 833 ?

562 875 666 929 XII.
710 874 1033 945 Baptizandi
1065 873 1169 929 sibi
1197 873 1484 945 quispiam
1524 871 1737 943 passim
1778 886 2117 942 quocunque

490 970 746 1039 tempore
776 968 987 1023 nullam
1021 968 1214 1023 credat
1240 968 1422 1022 inesse
1451 966 1740 1020 ﬁduciam.
1774 966 1985 1019 Praeter
2012 980 2112 1035 pa-

489 1063 674 1118 schale
716 1062 927 1117 festum
970 1068 1027 1117 et
1068 1063 1420 1117 Pentecostes
1449 1059 1769 1115 venerabile
1798 1074 2118 1113 sacramen-

485 1161 629 1226 tum,
652 1162 889 1227 excepto
913 1156 1191 1211 duntaxat
1210 1154 1523 1227 gravissimi
1549 1152 1843 1224 languoris
1863 1152 2114 1218 incursu,

488 1249 548 1304 in
577 1266 691 1322 quo
735 1250 1044 1305 verendum
1076 1253 1279 1319 estne,
1307 1248 1495 1303 morbi
1525 1252 1810 1302 crescente
1842 1245 2114 1317 periculo,

491 1346 611 1399 sine
642 1344 898 1399 remedio
919 1343 1154 1398 salutari
1182 1342 1440 1398 fortassis
1461 1345 1763 1413 aegrotans,
1787 1338 1959 1395 exitio
1979 1355 2119 1411 prae-

489 1442 691 1493 ventus
718 1438 1003 1493 abscedat.

563 1533 695 1589 XIII.
725 1533 1118 1588 Ordinationes
1143 1532 1320 1586 etiam
1356 1530 1839 1601 presbyterorum,
1863 1531 1921 1582 et
1941 1526 2120 1582 diaco-

490 1643 698 1682 norum
728 1627 835 1681 nisi
851 1626 1019 1681 certis
1047 1625 1403 1696 temporibus
1424 1627 1480 1678 et
1499 1623 1698 1678 diebus
1719 1637 1981 1676 exercere
2000 1637 2119 1676 non

492 1720 752 1775 debeant.
789 1721 845 1774 Id
876 1725 960 1774 est
983 1719 1167 1789 quarti
1204 1718 1421 1772 mensis
1434 1716 1655 1789 jejunio
1678 1714 1907 1787 septimi
1936 1720 1993 1769 et
2017 1715 2117 1769 de-

490 1814 643 1879 cimi,
667 1814 766 1868 sed
786 1816 842 1867 et
872 1812 1046 1867 etiam
1073 1811 1587 1883 quadragesimalis
1608 1809 1773 1877 initii,
1809 1826 1873 1864 ac
1905 1808 2116 1863 media-

2214 592 2379 662 pibus
2401 592 2724 660 imminere,
2745 593 2901 646 nullo
2920 593 3135 663 pudore
3151 609 3282 647 cern
3291 599 3449 648 entes
3463 593 3855 665 evangelicum

2216 685 2538 751 lectionem,
2571 702 2701 757 quae
2724 686 2845 757 ipse
2871 686 3140 740 Dominus
3165 686 3544 758 negotiatores
3574 704 3605 742 e
3636 689 3858 759 templo

2186 766 2545 891 'verberatos
2568 779 2809 850 ﬂagellis
2826 780 3095 834 asseritur
3133 781 3434 851 expulisse,
3471 797 3574 835 nec
3603 781 3859 852 Apostoli

2216 873 2385 928 verba
2406 874 2714 928 recolentes
2734 873 2940 944 quibus
2959 874 3037 928 ait
3059 890 3073 928 :
3106 894 3134 926 α
3158 875 3335 929 Nemo
3359 875 3609 930 militans
3625 876 3740 930 Deo
3755 875 3862 929 im-

2217 967 2385 1038 plicat
2408 984 2465 1021 se
2484 966 2728 1039 negotiis
2749 967 3114 1022 saecularibus
3157 970 3232 1037 (II
3260 971 3395 1023 Tim.
3449 986 3505 1037 ιι,
3529 970 3604 1039 4).
3635 990 3663 1019 ››
3708 968 3860 1024 Psal-

2217 1060 2386 1115 mista
2419 1077 2649 1133 quoque
2676 1061 2845 1116 David
2887 1062 3062 1117 surda
3101 1062 3523 1118 dissimulantes
3555 1080 3696 1118 aure
3723 1080 3859 1117 can-

2216 1157 2436 1208 tantem
2466 1171 2479 1208 :
2516 1176 2543 1203 ‹‹
2573 1155 2853 1219 Quoniam
2878 1172 2992 1209 non
3026 1157 3267 1227 cognovi
3298 1157 3736 1228 negotiationes,
3771 1157 3862 1212 in-

2217 1248 2481 1303 troiboin
2499 1249 2774 1319 potentias
2802 1249 3031 1304 Domini
3061 1250 3225 1316 (Psal.
3254 1266 3380 1317 Lxx,
3408 1251 3513 1317 t6).
3540 1271 3567 1302 ι)
3605 1251 3856 1306 Proinde

2218 1341 2547 1412 hujusmodi
2567 1348 2623 1396 et
2640 1342 2710 1397 ab
2725 1342 2977 1414 indignis
3003 1342 3205 1416 234
3223 1350 3420 1415 postea
3432 1345 3746 1416 quaestibus
3762 1362 3860 1399 no-

2219 1435 2361 1490 verit
2386 1435 2813 1504 abstinendum,
2838 1442 2894 1491 et
2918 1437 2989 1491 ab
3010 1438 3169 1492 omni
3195 1438 3499 1509 cujuslibet
3526 1439 3856 1509 negotiatio-

2218 1529 2305 1583 nis
2324 1529 2556 1600 ingenio
2577 1531 2664 1584 vel
2688 1530 2998 1602 cupiditate
3018 1533 3376 1599 cessandum,
3407 1536 3508 1587 aut
3528 1534 3586 1587 in
3606 1549 3863 1604 quocun-

2219 1639 2331 1696 que
2354 1623 2538 1695 gradu
2552 1624 2666 1678 sint
2684 1624 2852 1695 positi
2875 1641 3001 1679 mox
3023 1642 3057 1679 a
3081 1626 3434 1681 clericalibus
3455 1626 3657 1681 ofﬁciis
3682 1626 3859 1683 absti-

2218 1733 2357 1771 nere
2378 1721 2677 1787 cogantur,
2703 1719 2976 1789 quoniam
3000 1719 3202 1773 domus
3230 1721 3346 1787 Dei,
3372 1738 3497 1792 quae
3518 1721 3725 1776 domus
3740 1734 3865 1775 ora-

2220 1810 2389 1865 tionis
2409 1814 2465 1865 et
2486 1828 2607 1865 esse
2632 1811 2802 1867 debet
2819 1816 2875 1866 et
2892 1812 3021 1878 dici,
3043 1830 3115 1867 ne
3133 1814 3359 1868 ofﬁcina
3380 1814 3789 1885 negotiationis
3804 1819 3865 1869 et

491 1921 564 1962 na
593 1907 1060 1978 Quadragesimae
1086 1878 1177 1961 die
1206 1878 1433 1961 Sab'bati
1457 1904 1680 1975 jejunio
1717 1903 1866 1957 circa
1907 1904 2115 1972 Vespe-
2138 1878 2197 1953 B
2221 1905 2491 1975 spelunca
2511 1904 2700 1976 potius
2726 1906 2800 1960 sit
2832 1906 3137 1961 latronum.

492 2020 586 2057 ras
634 2001 897 2055 noverint
941 2000 1323 2054 celebrandas.
1369 1999 1481 2053 Nec
1507 1997 1808 2069 cujuslibet
1840 1996 2117 2063 utilitatis,

493 2114 593 2150 seu
621 2096 1044 2167 presbyterum,
1084 2110 1181 2148 seu
1225 2093 1550 2162 diaconum,
1597 2091 1685 2146 his
1721 2091 1991 2162 praeferre
2021 2090 2123 2161 qui

491 2193 622 2244 ante
642 2189 800 2262 ipsos
828 2188 1043 2243 fuerint
1068 2186 1336 2242 ordinati.

562 2285 690 2337 XIV.
745 2282 967 2337 Devotis
1013 2298 1243 2352 quoque
1290 2280 1607 2351 virginibus
1648 2279 1756 2333 nisi
1783 2277 1965 2332 autin
1990 2277 2121 2347 Epi-

492 2377 855 2448 phaniorum,
878 2376 1050 2430 autin
1069 2375 1210 2429 albis
1225 2373 1606 2446 paschalibus,
1623 2377 1721 2427 aut
1739 2373 2123 2443 apostolorum

493 2470 764 2526 natalitiis
807 2486 1030 2524 sacrum
1079 2468 1315 2523 minime
1348 2468 1607 2521 velamen
1656 2466 1977 2537 imponant,
2016 2464 2123 2519 nisi

496 2564 757 2632 forsitan,
787 2564 931 2618 sicut
968 2563 1040 2618 de
1074 2563 1410 2633 baptismate
1439 2560 1653 2615 dictum
1684 2563 1786 2626 est,
1818 2558 1975 2630 gravi
2002 2558 2124 2612 lan-

496 2675 671 2730 guore
708 2657 1003 2729 correptis,
1041 2673 1111 2710 ne
1143 2657 1264 2710 sine
1296 2656 1401 2709 hoc
1430 2670 1668 2709 munere
1699 2654 1768 2709 de
1802 2652 2009 2707 saaculo
2038 2668 2125 2707 ex-

496 2757 645 2820 eant,
676 2752 1108 2822 implorantibus
1132 2767 1246 2804 non
1273 2755 1535 2820 negetur.

565 2848 672 2901 XV.
702 2846 906 2899 Viduas
935 2850 1125 2899 autem
1152 2845 1336 2898 velare
1360 2843 1698 2914 pontificum
1727 2841 1919 2896 nullus
1947 2846 2126 2895 atten-

492 2944 594 3009 tet,
626 2940 776 3011 quod
802 2956 903 2994 nec
924 2938 1226 2993 auctoritas
1245 2937 1433 2991 divina
1453 2936 1697 3007 delegat,
1721 2952 1824 2990 nec
1843 2951 2125 2989 canonum

492 3036 677 3089 forma
698 3032 1020 3104 praastituit.
1053 3033 1174 3085 Non
1198 3037 1283 3086 est
1311 3047 1448 3101 ergo
1476 3029 1703 3102 penitus
1737 3029 2124 3100 usurpandum

496 3129 598 3196 eis,
629 3126 763 3199 quia
792 3127 868 3180 sic
901 3125 1279 3180 ecclesiastica
1307 3128 1440 3179 sunt
1471 3123 1813 3179 conferenda
1840 3123 2123 3196 praesidia,

492 3228 557 3277 ut
585 3221 728 3275 nihil
746 3220 1135 3275 committatur
1160 3219 1442 3274 illicitum.

568 3316 696 3371 XVI.
728 3313 1017 3369 Generalis
1036 3313 1206 3368 etiam
1236 3312 1481 3384 querelre
1509 3312 1737 3366 vitanda
1757 3312 2127 3383 przesumptio

496 3415 598 3477 est,
650 3426 761 3482 qua
801 3408 1221 3480 propemodum
1269 3413 1579 3462 causantur
1620 3406 1889 3473 universi,
1918 3406 2127 3477 passim

496 3521 682 3559 servos
705 3509 762 3559 et
778 3501 1118 3575 originarios
1133 3501 1503 3557 dominorum
1516 3501 1667 3571 jura,
1691 3499 2128 3571 possessionum-

494 3616 605 3670 que
630 3597 931 3669 fugientes,
961 3596 1065 3650 sub
1090 3595 1375 3667 religiosae
1396 3593 1846 3649 conversationis
1867 3594 2124 3661 obtentu,

495 3694 581 3747 vel
605 3692 679 3747 ad
721 3690 1063 3745 monasteria
1092 3706 1208 3745 sese
1235 3690 1518 3758 conferre,
1569 3688 1655 3743 vel
1698 3688 1769 3743 ad
1809 3688 2130 3743 ecclesiasti-

496 3801 625 3841 cum
655 3786 1017 3851 famulatum,
1049 3783 1480 3838 conniventibus
1522 3799 1752 3855 quoque
1792 3782 2129 3853 praesulibus

498 3879 895 3934 indifferenter
921 3877 1161 3945 admitti,
1194 3893 1322 3947 quas
1349 3876 1538 3931 modis
1568 3876 1831 3931 omnibus
1858 3879 1943 3930 est
1968 3893 2124 3930 amo-

498 3972 683 4026 venda
716 3969 1012 4041 pernicies,
1053 3987 1124 4025 ne
1171 3987 1274 4041 per
1298 3969 1597 4025 Christiani
1628 3970 1878 4023 nominis
1901 3970 2128 4024 institu-

500 4070 644 4133 tum,
676 4070 773 4119 aut
797 4062 982 4117 aliena
1010 4062 1264 4135 pervadi,
1303 4066 1402 4117 aut
1425 4062 1654 4134 publica
1682 4062 1938 4117 videatur
1959 4063 2123 4118 disci-

450 4146 470 4243 I
497 4159 655 4230 plina
681 4156 948 4225 subverti,
980 4156 1264 4228 praecipue
1292 4173 1421 4211 cum
1451 4172 1603 4211 nunc
1624 4156 1806 4228 ipsam
1829 4156 2128 4212 ministerii

500 4252 775 4308 clericalis
804 4253 952 4307 hanc
981 4250 1386 4322 obligationem
1425 4250 1698 4322 suspicari
1728 4251 2025 4306 conveniat
2051 4252 2129 4306 di-

499 4348 798 4419 gnitatem,
819 4352 1169 4417 cogaturque
1186 4362 1289 4416 pro
1311 4348 1459 4400 statu
1481 4345 1852 4399 militantium
1877 4345 1983 4400 stbi
1999 4363 2127 4401 con-

498 4441 828 4513 ditioneqne
847 4440 1090 4513 jurgari,
1117 4445 1217 4495 aut
1240 4438 1440 4506 videri,
1476 4439 1632 4510 quod
1659 4439 1824 4507 absit,
1856 4440 2123 4494 obnoxia.

496 4535 707 4599 Quibus
728 4535 969 4590 sollicita
994 4537 1385 4605 competenter
1402 4533 1801 4589 interdictione
1822 4533 2127 4604 prohibitis

2147 3251 2202 3325 C

2289 1999 2464 2052 XVIII.
2496 1998 2810 2053 Illitteratos
2832 2015 3059 2070 quoque
3087 1998 3149 2055 et
3174 2002 3442 2056 nonnulla
3470 2006 3630 2073 parte
3660 2018 3864 2074 corpo-

2221 2092 2298 2146 ris
2318 2091 2652 2147 imminutos
2669 2093 2790 2147 sine
2811 2094 2919 2147 ullo
2941 2101 3202 2165 respectu
3221 2095 3291 2149 ad
3309 2096 3751 2150 ecclesiasticum
3774 2113 3866 2149 ve-

2219 2185 2344 2240 nire
2367 2186 2656 2240 servitium
2681 2186 2999 2242 didicimus.
3017 2188 3178 2252 Quod
3194 2189 3362 2243 simul
3379 2190 3615 2260 antiqua
3632 2190 3863 2245 traditio

2224 2283 2281 2334 et
2304 2280 2630 2350 apostolicae
2652 2281 2797 2335 sedis
2817 2285 2977 2336 vetus
3004 2282 3188 2336 forma
3204 2300 3320 2337 non
3344 2283 3566 2354 recipit,
3592 2283 3727 2354 quia
3757 2300 3861 2338 nec

2221 2373 2425 2427 litteris
2456 2390 2656 2428 carens
2689 2375 2858 2429 sacris
2893 2392 3015 2429 esse
3051 2380 3232 2446 potest
3259 2381 3424 2448 aptus
3453 2377 3653 2431 ofﬁciis
3680 2381 3739 2431 et
3774 2379 3861 2432 vi-

2222 2468 2430 2521 tiosum
2452 2468 2597 2522 nihil
2617 2485 2847 2539 prorsus
2865 2470 2979 2523 Deo
2998 2470 3186 2524 offerri
3203 2471 3407 2541 legalia
3426 2475 3715 2542 praecepta
3736 2488 3863 2527 san-

2223 2566 2449 2616 xerunt.
2472 2563 2670 2633 Itaque
2693 2562 2764 2616 de
2792 2567 2995 2617 caetero
3029 2564 3213 2618 modis
3238 2564 3501 2619 omnibus
3530 2564 3656 2619 haec
3678 2565 3864 2619 viten-

2225 2658 2337 2724 tur,
2364 2672 2469 2710 nec
2500 2655 2801 2726 quisquam
2832 2657 2960 2711 talis
2982 2658 3316 2729 suscipiatur
3342 2658 3401 2713 in
3421 2660 3659 2713 clerum.
3683 2659 3742 2714 Si
3761 2659 3863 2730 qui

2224 2765 2357 2803 vero
2380 2750 2465 2802 vel
2504 2749 2885 2804 temeritatem
2920 2751 3149 2822 propria
3177 2753 3263 2806 vel
3299 2752 3519 2806 incuria
3544 2753 3863 2823 prtesiden-

2225 2842 2369 2897 tium
2393 2843 2529 2896 tales
2560 2846 2692 2896 ante
2717 2845 2960 2915 suscepti
2980 2849 3131 2912 sunt,
3155 2845 3210 2899 in
3236 2845 3320 2900 his
3339 2846 3395 2900 in
3417 2846 3623 2917 quibus
3644 2847 3863 2901 consti-

2227 2936 2334 2990 tuti
2360 2939 2493 2990 sunt
2511 2937 2645 2990 locis
2672 2940 2904 2991 eatenus
2940 2943 3318 3009 perseverent,
3341 2944 3406 2994 ut
3425 2940 3567 2994 nihil
3603 2956 3861 3011 unquam

2226 3030 2610 3101 promotionis
2643 3031 2938 3102 arripiant,
2977 3033 3220 3105 satisque
3250 3034 3512 3103 habeant,
3542 3034 3654 3089 hoc
3673 3035 3863 3106 ipsum

2227 3123 2335 3178 sibi
2356 3140 2458 3194 pro
2480 3124 2663 3179 nimia
2684 3126 3046 3181 miseratione
3068 3128 3426 3198 permissum.

2299 3219 2423 3271 XIX.
2463 3219 2536 3272 De
2558 3218 2647 3271 his
2668 3225 2859 3273 autem
2884 3220 2979 3291 qui
3007 3220 3219 3292 seipsos
3242 3220 3599 3289 abscindunt,
3634 3224 3867 3294 paterni

2228 3328 2476 3366 canones
2508 3312 2800 3367 evidenter
2829 3315 3120 3385 sequenda
3150 3321 3484 3387 posuerunt,
3507 3332 3761 3387 quorum
3790 3321 3867 3371 te-

2227 3420 2428 3460 norem
2466 3405 2709 3459 sufﬁciat
2747 3406 3036 3475 indidisse,
3075 3408 3274 3463 dicunt
3306 3408 3459 3463 enim
3492 3409 3625 3465 talia
3651 3426 3862 3481 perpe-

2227 3504 2459 3568 trantes,
2486 3515 2625 3553 mox
2648 3503 2710 3553 ut
2727 3500 2908 3570 agniti
2927 3500 3158 3569 fuerint,
3189 3519 3222 3556 a
3243 3518 3480 3556 munere
3503 3503 3866 3559 clericalide-

2228 3593 2365 3648 bere
2394 3610 2487 3648 eos
2511 3593 2744 3662 secludi,
2769 3595 2916 3665 quod
2942 3595 3128 3649 modis
3156 3596 3420 3651 omnibus
3445 3597 3733 3652 custodire
3762 3616 3869 3653 nos

2229 3687 2647 3759 convenit,quia
2662 3688 2745 3741 fas
2760 3705 2881 3743 esse
2894 3689 3034 3743 nulli
3048 3690 3375 3761 suppeditat
3387 3690 3701 3762 quidquam
3718 3709 3869 3763 pree-

2229 3786 2315 3836 ter
2334 3782 2422 3835 illa
2443 3798 2569 3853 quae
2595 3782 2985 3837 memorabilis
3005 3783 3251 3838 decrevit
3271 3785 3452 3839 forma
3475 3802 3731 3840 censere.

2300 3877 2402 3930 XX.
2434 3876 2829 3946 Comperimus
2855 3877 3027 3931 etiam
3051 3878 3351 3933 horrendis
3383 3879 3727 3950 quibusdam
3762 3882 3870 3935 cri-

2229 3969 2479 4023 minibus
2507 3968 2826 4040 implicatos
2854 3974 2971 4025 tota
2998 3972 3337 4027 discretione
3359 3973 3623 4028 submota
3647 3991 3762 4028 non
3782 3991 3869 4030 so-

2229 4064 2347 4117 lum
2367 4064 2438 4117 de
2456 4063 2619 4118 factis
2633 4064 2917 4119 atrocibus
2935 4066 3305 4120 necessariam
3322 4067 3731 4137 pcenitudinem
3751 4086 3867 4122 non

2230 4157 2460 4221 habere,
2494 4158 2589 4210 sed
2615 4174 2718 4211 nec
2752 4157 3000 4229 aliquem
3040 4161 3385 4214 correctione
3417 4161 3645 4232 penitus
3677 4178 3872 4216 succe-

2229 4251 2399 4305 dente
2433 4250 2505 4304 ad
2534 4250 2788 4306 divinum
2817 4252 3197 4308 ministerium
3220 4254 3616 4325 honoremque
3639 4262 3873 4310 conten-

2228 4344 2384 4399 dere.
2413 4345 2725 4400 Nonnullos
2748 4349 2941 4399 autem
2968 4347 3025 4400 in
3050 4346 3186 4417 ipsis
3206 4347 3500 4402 ordinibus
3521 4350 3869 4404 constitutos

2230 4438 2491 4509 gravibus
2520 4438 2916 4510 delinquentes
2959 4440 3309 4495 facinoribus
3340 4459 3456 4496 non
3484 4442 3708 4514 repelli,
3733 4459 3867 4497 eum

2229 4531 2463 4587 mandet
2477 4534 2772 4603 Apostolus
2788 4533 3008 4587 nemini
3027 4535 3139 4589 cito
3156 4552 3360 4589 manus
3378 4535 3757 4607 imponendas
3772 4553 3871 4591 ne-

498 4629 1398 4701 quisqueepisc0pus,presbyter,
1413 4628 1909 4693 autdiaconus,vel
1925 4645 2125 4683 eorum
2149 4625 2206 4696 D
2230 4642 2337 4697 que
2376 4626 2918 4681 communicandum
2958 4629 3201 4698 peccatis
3236 4629 3451 4697 alienis,
3495 4634 3551 4684 et
3576 4629 3868 4700 majorum

501 4723 597 4793 qui
627 4722 987 4778 monasteriis
1013 4739 1257 4794 praaesse
1286 4725 1616 4788 noscuntur,
1653 4721 1980 4791 hujusmodi
2008 4738 2132 4792 per-

500 4833 668 4871 sonas
689 4816 839 4888 apud
860 4833 920 4871 se
934 4821 1190 4871 tenentes
1208 4832 1325 4870 non
1345 4814 1721 4870 restituendas
1738 4814 2010 4886 patronis,
2032 4820 2132 4869 aut

503 4910 769 4982 deinceps
783 4911 871 4965 vel
889 4909 1278 4964 ecclesiastica!
1297 4908 1575 4975 servituti,
1593 4909 1680 4963 vel
1705 4909 1984 4979 religiosis
2003 4926 2130 4963 con-

498 5004 928 5074 gregationibus
950 5002 1269 5074 putaverint
1289 5002 1677 5073 applieandas,
1701 5019 1815 5056 non
1838 5001 2129 5058 voluntate

501 5096 735 5150 forsitan
770 5095 1162 5162 dominorum,
1196 5096 1298 5151 sub
1329 5096 1632 5166 Scripturse
1666 5094 1993 5150 testimonio
2019 5096 2131 5168 pri-

500 5189 672 5244 mitus
697 5189 1003 5259 absolutas,
1029 5191 1111 5245 vel
1131 5190 1387 5261 legitima
1406 5189 1787 5245 transactione
1808 5207 2124 5260 concessas,

498 5282 816 5355 periculum
838 5300 895 5339 se
915 5284 1147 5339 honoris
1175 5283 1394 5355 proprii
1421 5300 1536 5338 non
1556 5284 1849 5355 ambigant
1876 5301 2127 5340 commu-

496 5376 796 5448 nionisque
817 5378 1118 5447 subituros,
1143 5379 1189 5434 si
1209 5394 1379 5449 super
1397 5374 1503 5432 hac
1520 5395 1581 5433 re
1603 5379 1941 5451 cujusquam
1957 5397 2123 5435 verax

497 5489 599 5527 nos
624 5472 854 5544 querela
878 5474 1206 5545 pulsaverit.
1234 5472 1447 5546 Magnis
1466 5473 1678 5546 quippe
1709 5472 1908 5527 studiis
1929 5490 2126 5528 secun-

496 5565 635 5621 dum
654 5565 884 5622 beatum
905 5570 944 5622 Α
954 5569 1235 5639 postolum
1254 5568 1687 5639 praecavendum
1707 5570 1805 5633 est,
1827 5583 1898 5619 ne
1918 5567 2055 5621 ﬁdes
2071 5573 2125 5621 et

492 5659 787 5731 disciplina
810 5661 1035 5715 Domini
1060 5661 1509 5733 blasphematur.

566 5754 716 5808 XVII.
750 5757 1114 5825 Consequens
1147 5754 1273 5819 fuit,
1305 5757 1371 5807 ut
1401 5754 1497 5807 illa
1528 5770 1756 5825 quoque
1785 5770 1913 5825 quae
1947 5753 2017 5807 de
2042 5753 2124 5807 Pi-

496 5845 619 5897 ceni
644 5846 903 5914 partibus
932 5862 1118 5915 nuper
1147 5845 1220 5899 ad
1254 5861 1353 5898 nos
1384 5846 1557 5900 missa
1604 5848 1803 5901 relatio
1840 5845 2124 5900 nuntiavit

500 5952 599 5987 nec
630 5952 779 5989 nunc
811 5937 1209 6007 praetereunda
1241 5942 1585 6008 putaremus,
1623 5939 1675 5992 id
1707 5943 1809 6005 est,
1850 5939 2122 6008 plurimos

2231 4720 2553 4775 veneranda
2582 4721 2887 4776 constituta
2908 4724 3301 4792 pronuntiant.
3328 4723 3662 4794 Hujusmodi
3687 4725 3865 4780 etiam

2231 4814 2277 4868 si
2302 4815 2446 4868 forte
2465 4813 2873 4886 subrepserint,
2898 4819 3016 4870 tam
3048 4817 3144 4887 qui
3168 4820 3300 4872 ante
3322 4824 3697 4889 peccaverunt
3715 4818 3871 4875 dete~

2230 4912 2345 4963 ctos
2378 4914 2639 4979 oportere
2666 4909 2869 4979 repelli
2893 4926 3063 4980 quam
3085 4927 3257 4965 sacras
3276 4911 3641 4983 professionis
3662 4913 3868 4969 oblitos

2230 5002 2808 5074 praevaricatoresque
2832 5004 3007 5058 sancti
3026 5005 3299 5076 propositi
3326 5006 3521 5077 procul
3542 5006 3714 5061 dubio
3736 5007 3867 5062 sub-

2229 5096 2564 5151 movendos.

2300 5190 2424 5244 XXI.
2454 5191 2636 5261 Usque
2664 5191 2804 5246 adeo
2825 5207 2963 5245 sane
2991 5193 3377 5264 comperimus
3401 5194 3595 5250 illicita
3620 5212 3863 5268 quaeque

2228 5300 2623 5355 prorumpere,
2660 5288 2723 5339 ut
2750 5284 3045 5341 daemoniis
3074 5288 3313 5359 aliisque
3346 5289 3699 5359 passionibus
3723 5289 3862 5344 irre-

2230 5378 2346 5432 titis
2372 5377 2686 5434 ministeria
2716 5383 3073 5435 sacrosancta
3111 5384 3349 5437 tractare
3387 5383 3690 5437 tribuatur.
3726 5384 3863 5448 Qui-

2226 5472 2332 5526 bus
2361 5472 2491 5526 siin
2521 5472 2627 5528 hoc
2672 5489 2844 5544 opere
2882 5474 3080 5544 positis
3121 5475 3333 5546 aliquid
3384 5475 3629 5548 propriae
3668 5492 3864 5532 neces-

2227 5566 2405 5621 sitatis
2440 5571 2717 5633 occurrat,
2754 5567 2882 5638 quis
2908 5568 2977 5623 de
3006 5585 3105 5622 sua
3133 5585 3198 5623 ac
3224 5569 3479 5624 ﬁdelium
3510 5569 3695 5624 salute
3727 5587 3864 5626 con-

2224 5659 2384 5715 ﬁdat.
2414 5660 2519 5714 Ubi
2550 5660 2837 5715 ministros
2878 5662 3031 5733 ipsos
3065 5663 3372 5717 curationis
3402 5664 3675 5718 humanae
3708 5666 3866 5719 tanta

2223 5753 2577 5825 perspexerit
2606 5754 2932 5826 calamitate
2973 5756 3214 5811 vexari?
3245 5759 3425 5828 Atque
3475 5756 3603 5811 ideo
3644 5773 3717 5811 ne
3754 5774 3865 5812 ces.

2224 5847 2372 5901 sario
2411 5849 2747 5902 removendi
2783 5855 2935 5918 sunt,
2964 5866 3038 5904 ne
3087 5850 3437 5922 quibuslibet
3465 5850 3674 5922 quibus
3702 5852 3862 5908 Chri-

2223 5946 2341 5993 stus
2392 5946 2470 5992 est
2525 5947 2815 6007 mortuus,
2883 5944 3213 5999 scandalum
3262 5948 3571 6011 generetur
3620 5944 3863 6001 inﬁrmis
