4040 6306
225 384 327 438 945

1472 382 1943 439 DECRETALIUM
1981 383 2374 440 COLLECTIO.

3489 388 3592 443 946

222 490 515 545 Postremo
531 488 577 544 si
605 505 840 561 corpore
871 490 1187 545 sauciatum
1211 490 1461 544 fortassis
1482 493 1583 545 aut
1606 491 1856 546 debilem
1879 503 1938 576 Α
1959 495 2165 558 certus,
2194 497 2251 547 et
2285 491 2431 547 ﬁxus
2458 496 2559 561 est,
2594 496 2652 548 et
2676 492 2988 548 districtius
3022 492 3131 548 ista
3159 496 3511 566 quarantur,
3538 498 3596 550 et

222 599 591 654 nequaquam
619 588 815 638 sancta
841 583 1177 654 contingere
1216 584 1303 638 lex
1330 583 1523 638 divina
1557 584 1856 655 permittit,

224 684 436 749 quanto
458 677 643 747 magis
669 677 802 732 doni
832 677 1255 748 dispensatores
1281 694 1401 732 esse
1430 695 1546 733 non
1570 679 1856 748 convenit,

221 771 377 843 quod
406 775 494 825 est
517 772 771 826 deterius
797 778 990 827 mente
1023 788 1339 843 percussos.

296 866 443 920 XXII.
463 865 807 936 Virginibus,
835 868 1027 920 autem
1059 865 1233 920 sacris
1260 869 1475 921 temere
1500 883 1559 921 se
1586 867 1859 937 quosdam

222 959 439 1014 sociare
485 958 882 1029 cognovimus,
911 963 969 1014 et
996 964 1123 1030 post
1148 960 1472 1015 dedicatum
1503 962 1616 1015 Deo
1649 977 1857 1032 propo-

219 1053 395 1107 situm
446 1053 665 1108 incesta
711 1053 927 1108 fadera
975 1055 1361 1125 sacrilegaque
1405 1053 1664 1109 miscere.
1705 1055 1863 1119 Quos

220 1147 486 1217 protinus
513 1164 739 1219 aquum
766 1153 850 1202 est
874 1165 906 1201 a
937 1153 1127 1202 sancta
1163 1148 1569 1203 communione
1605 1148 1855 1216 detrudi,

220 1245 281 1295 et
301 1240 411 1295 nisi
436 1258 541 1311 per
565 1241 851 1312 publicam
872 1241 1287 1312 probatamque
1318 1241 1710 1312 paenitentiam
1739 1258 1859 1297 om-

219 1334 360 1388 nino
404 1351 524 1389 non
573 1334 765 1405 recipi,
794 1339 894 1388 aut
935 1335 1025 1389 his
1063 1338 1215 1389 certe
1249 1334 1517 1389 viaticum
1544 1335 1613 1390 de
1657 1336 1861 1389 saculo

220 1430 673 1496 transeuntibus,
704 1429 750 1483 si
778 1432 972 1483 tamen
1003 1428 1391 1500 poenituerint,
1419 1445 1537 1484 non
1566 1430 1785 1500 negari.

295 1525 473 1580 XXIII.
502 1525 644 1578 Nam
678 1523 749 1577 de
780 1523 963 1577 viduis
1004 1523 1107 1577 sub
1144 1524 1299 1577 nulla
1339 1523 1735 1578 benedictione
1760 1540 1857 1578 ve-

216 1619 406 1675 landis
459 1616 724 1689 superius
770 1617 885 1671 late
937 1617 1400 1688 sufﬁcienterque
1465 1617 1858 1688 pradiximus,

219 1729 352 1785 qua
375 1713 420 1767 si
448 1712 683 1784 propria
710 1712 1002 1766 voluntate
1024 1712 1332 1783 professam
1360 1712 1585 1783 pristini
1606 1711 1863 1783 conjugii

220 1809 544 1863 castitatem
574 1807 837 1862 mutabili
864 1812 1059 1861 mente
1084 1806 1447 1875 calcaverint,
1477 1807 1713 1878 periculi
1742 1806 1863 1877 ejus

222 1902 505 1969 intererit,
529 1902 680 1973 quali
711 1897 895 1956 Deum
926 1901 1170 1955 debeant
1196 1873 1581 1955 satisfactione
1611 1873 1858 1972 placare,
1880 1873 1939 1946 B

219 1997 360 2068 quia
393 1997 561 2067 juxta
587 1996 917 2067 Apostolum
958 1995 1203 2066 primam
1243 1994 1418 2049 ﬁdem
1458 1995 1681 2049 irritam
1710 1994 1857 2049 fece-

218 2093 387 2145 runt:
408 2090 490 2144 sic
509 2090 708 2145 habita
733 2106 925 2144 secum
952 2087 1361 2160 deliberationp
1386 2088 1725 2160 promissam
1748 2090 1860 2144 Deo

216 2184 514 2256 pudicitia
545 2184 717 2238 tidem
756 2183 970 2238 debent
1016 2182 1472 2256 custodire.|N03
1504 2187 1697 2236 autem
1726 2182 1857 2237 tali-

221 2278 329 2332 bus
360 2278 585 2331 nullnm
629 2278 901 2348 laqueum
946 2276 1218 2331 debemus
1257 2276 1514 2346 injicere,
1546 2276 1644 2330 sed
1675 2277 1861 2331 solum

220 2371 650 2425 adhortationes
676 2370 898 2440 pramii
929 2370 1288 2441 sempiterni,
1318 2387 1628 2441 panasque
1654 2387 1859 2441 propo-

224 2481 363 2520 nere
384 2465 559 2519 divini
581 2464 804 2536 judicii,
826 2469 888 2519 ut
910 2469 967 2518 et
988 2467 1185 2518 nostra
1206 2464 1278 2518 sit
1302 2464 1560 2518 absoluta
1579 2464 1863 2519 conscien-

224 2560 305 2613 tia
329 2563 389 2613 et
426 2559 653 2613 illarum
681 2575 785 2629 pro
817 2574 875 2612 se
911 2558 1191 2612 rationem
1220 2559 1338 2612 Deo
1369 2557 1575 2613 reddat
1599 2558 1856 2613 intentio.

224 2653 552 2709 Cavendum
590 2656 674 2706 est
702 2651 913 2723 quippe
943 2668 1071 2723 qua
1102 2652 1170 2706 de
1211 2668 1411 2706 earum
1443 2652 1698 2706 moribus
1721 2652 1857 2707 acti-

134 2787 139 2791 .
220 2747 445 2818 busque
508 2746 707 2800 beatus
773 2746 978 2801 Paulus
1042 2746 1331 2817 apostolus
1394 2748 1650 2813 testatur,
1704 2746 1861 2818 quod

223 2840 449 2912 plenius
499 2857 780 2911 exponere
829 2840 1209 2911 praeterimus,
1257 2856 1328 2895 ne
1376 2856 1544 2895 sexus
1584 2840 1862 2894 instabilis

220 2951 340 2989 non
371 2938 490 2989 tam
530 2934 809 2989 deterreri
835 2950 1012 3005 quam
1040 2933 1336 2989 admoneri
1362 2934 1643 2988 videatur.

294 3029 468 3084 XXIV.
515 3028 804 3083 Secundas
847 3028 1077 3099 nuptias
1121 3027 1267 3082 sicut
1310 3028 1671 3082 saecularibus
1716 3026 1861 3083 inire

224 3122 572 3189 conceditur,
604 3122 677 3177 ita
721 3125 851 3193 post
892 3138 989 3176 eas
1030 3122 1220 3176 nullus
1263 3117 1334 3177 ad
1365 3122 1619 3176 clericale
1658 3121 1862 3176 sinitur

223 3216 416 3270 venire
445 3215 770 3287 collegium.
804 3215 927 3270 Alia
955 3220 1041 3271 est
1081 3215 1237 3270 enim
1266 3215 1532 3270 humana
1566 3214 1860 3286 fragilitati
1880 3246 1936 3320 Ο

226 3309 569 3381 generaliter
610 3325 876 3363 concessa
920 3308 1170 3376 licentia,
1213 3308 1327 3363 alia
1373 3307 1541 3363 debet
1578 3323 1699 3363 esse
1748 3308 1862 3363 vita

228 3403 553 3457 divinarum
580 3418 771 3457 rerum
803 3402 1031 3457 servitio
1059 3402 1342 3457 dedicata.

295 3498 444 3551 XXV.
489 3496 754 3569 Quisquis
801 3496 1032 3569 proprie
1076 3496 1337 3551 desertor
1373 3496 1635 3551 Ecclesia
1689 3494 1860 3549 nullis

224 3591 575 3647 exstantibus
599 3591 785 3645 causis
811 3592 883 3645 ad
910 3590 1081 3645 aliam
1118 3590 1400 3661 putaverit
1427 3589 1857 3659 transeundum,

228 3690 561 3756 temereque
589 3688 882 3755 susceptus
904 3684 1093 3752 fuerit,
1119 3690 1176 3738 et
1196 3687 1507 3755 promotus,
1529 3683 1863 3738 reverendo-

225 3795 355 3833 rum
385 3794 669 3833 canonum
698 3778 786 3832 vel
816 3779 954 3849 ipse,
986 3779 1070 3832 vel
1105 3784 1363 3849 receptor
1389 3778 1512 3848 ejus
1536 3780 1706 3848 atque
1734 3793 1864 3848 pro-

224 3876 416 3928 vector
452 3873 760 3927 constituta
801 3889 918 3927 non
965 3872 1220 3943 effugiet,
1252 3888 1379 3944 qua
1425 3872 1498 3926 de
1529 3871 1861 3942 hujusmodi

228 3967 736 4039 prasumptoribus
764 3968 1059 4038 praﬁxere
1097 3966 1397 4021 servanda.

298 4061 476 4117 XXVI.
518 4062 593 4115 De
621 4060 915 4116 monachis
940 4060 1208 4131 laicisque
1248 4059 1308 4114 in
1350 4059 1537 4131 prima
1586 4060 1862 4131 copiosius

228 4154 625 4228 praceptionis
644 4155 815 4226 hujus
840 4159 1002 4226 parte
1026 4154 1311 4225 digestum
1334 4159 1437 4222 est,
1459 4155 1548 4208 vel
1572 4171 1699 4225 qua
1721 4171 1859 4226 qua-

232 4253 394 4304 tenus
421 4250 508 4303 his
534 4266 639 4322 pro
664 4265 855 4303 rerum
888 4251 1331 4319 temporumque
1368 4247 1699 4302 necessitate
1724 4265 1858 4302 con-

231 4360 379 4399 cessa
404 4343 538 4412 sint,
566 4344 651 4397 vel
679 4342 1161 4415 quemadmodum
1187 4341 1285 4395 ubi
1312 4341 1524 4396 nullius
1556 4341 1859 4395 necessita-

233 4437 300 4492 tis
348 4437 622 4492 interesse
680 4436 971 4508 probatur,
1021 4452 1140 4490 non
1206 4433 1315 4489 nisi
1370 4440 1527 4489 vetus
1580 4434 1861 4489 institutio

232 4536 433 4591 debeat
457 4536 747 4590 custodiri.
779 4537 928 4600 Quos
954 4551 1088 4588 vero
1112 4532 1428 4588 constiterit
1458 4531 1723 4602 indignos
1748 4548 1863 4587 me-

1957 604 1990 640 a
2020 587 2227 658 quibus
2254 586 2472 641 fuerint
2499 590 2677 658 gesta,
2696 587 3031 658 prodantur,
3055 588 3330 659 quoniam
3352 588 3495 644 sicut
3510 588 3592 643 la-

1959 680 2213 736 tentibus
2242 681 2299 735 in
2331 681 2439 735 hac
2467 680 2763 736 atrocitate
2788 680 3121 736 nominibus
3160 698 3274 736 non
3312 686 3500 739 exstat
3533 683 3594 738 in

1959 791 2131 846 quem
2161 775 2445 830 sententia
2460 774 2647 830 debita
2665 775 3106 846 proferatur,ita
3125 792 3257 831 cum
3275 777 3597 832 manifestis

1958 869 2135 924 fuerit
2187 869 2547 925 documentis
2603 870 2912 940 expositus,
2964 886 3137 941 quem
3178 871 3323 925 tanti
3366 872 3596 926 sceleris

1959 964 2140 1035 poscit
2162 963 2510 1030 immanitas,
2541 979 2655 1018 non
2683 963 2883 1017 vitabit
2906 963 3192 1018 ullatenus
3214 964 3517 1020 ultionem.
3540 976 3543 981 '

2032 1058 2248 1113 XXVIII.
2281 1056 2660 1111 Nihilominus
2699 1056 3066 1128 impatienter
3107 1057 3431 1113 audivimus
3461 1064 3592 1114 tan-

1961 1157 2086 1207 tum
2107 1150 2427 1206 divinarum
2450 1167 2643 1206 rerum
2663 1150 2877 1205 subisse
2896 1151 3250 1223 despectum,
3272 1155 3337 1207 ut
3358 1152 3592 1209 feminae

1961 1246 2136 1300 sacris
2150 1245 2427 1299 altaribus
2443 1244 2769 1299 ministrare
2792 1243 3113 1313 ﬁrmentur,
3133 1251 3449 1317 cunctaque
3465 1263 3594 1318 qua

1959 1356 2078 1394 non
2105 1339 2216 1393 nisi
2234 1338 2483 1393 virorum
2509 1338 2810 1394 famulatui
2837 1339 3128 1410 deputata,
3148 1357 3343 1395 sexum
3364 1340 3454 1395 cui
3475 1357 3593 1396 non

1961 1435 2237 1504 competit
2279 1432 2570 1501 exhibere,
2604 1432 2711 1487 nisi
2757 1432 2909 1503 quod
2949 1432 3208 1487 omnium
3255 1434 3595 1489 delictorum

1961 1544 2089 1599 quae
2120 1526 2413 1598 sigillatim
2439 1526 2878 1597 perstrinximus
2901 1543 3049 1581 noxa
3074 1527 3262 1581 omnis
3294 1530 3351 1582 et
3373 1528 3593 1583 crimen

1965 1637 2062 1675 eos
2096 1620 2330 1691 respicit
2364 1620 2685 1675 sacerdotes
2712 1620 2812 1691 qui
2837 1621 2921 1675 vel
2954 1620 3065 1675 ista
3093 1620 3478 1689 committunt,
3506 1623 3593 1676 vel

1963 1715 2386 1770 committentes
2423 1714 2660 1769 minime
2689 1714 3035 1785 publicando
3064 1714 3251 1786 pravis
3276 1715 3595 1770 excessibus

1964 1826 2024 1863 se
2052 1810 2239 1864 favere
2272 1808 2616 1879 signiﬁcant,
2640 1808 2685 1863 si
2721 1814 2913 1863 tamen
2945 1808 3308 1864 sacerdotum
3329 1808 3454 1879 jam
3482 1809 3600 1865 sint

1961 1903 2233 1958 vocabulo
2256 1902 2622 1974 nuncupandi
2661 1902 2762 1974 qui
2807 1902 3132 1974 delegatum
3172 1902 3275 1957 sibi
3303 1902 3597 1975 religionis

1962 1997 2210 2053 ofticium
2239 1996 2317 2051 sic
2354 2000 2718 2067 prosternere
2762 1996 3102 2063 moliuntur,
3132 2000 3196 2050 ut
3228 1996 3289 2050 in
3328 2012 3596 2068 perversa

1962 2107 2205 2163 quaque
2232 2091 2580 2161 profanaque
2605 2089 2884 2160 proclives
2916 2088 3037 2143 sine
3070 2090 3182 2143 ullo
3206 2095 3470 2161 respectu
3501 2107 3593 2146 re-

1963 2186 2110 2257 gula
2136 2183 2473 2240 Christiana
2502 2182 2815 2255 pracipitia
2840 2184 3066 2238 funesta
3096 2188 3402 2238 sectantur.
3430 2184 3597 2239 Cum-

1963 2295 2073 2351 que
2117 2278 2394 2349 scriptum
2433 2277 2547 2332 sit:
2581 2276 2869 2332 «Minima
2908 2276 3008 2349 qui
3052 2276 3272 2348 spernit
3315 2277 3593 2349 paulatim

1961 2372 2169 2428 decidit
2195 2373 2378 2440 (Ecch'.
2415 2388 2527 2441 xxx,
2559 2371 2630 2442 t),
2663 2390 2691 2423 ››
2738 2370 2878 2443 quid
2916 2376 3001 2426 est
3044 2371 3113 2425 de
3150 2370 3357 2425 talibus
3404 2372 3593 2427 existi-

1961 2467 2237 2522 mandum
2266 2466 2366 2537 qui
2394 2465 2688 2520 immensis
2717 2481 2782 2519 ac
2811 2463 3222 2535 multiplicibus
3249 2464 3593 2535 pravitatum

1961 2561 2207 2616 molibus
2236 2559 2468 2630 ingente
2505 2558 2729 2613 ruinam
2767 2556 3119 2613 multimodis
3154 2557 3595 2629 impulsionibus

1962 2654 2282 2710 ediderint?
2300 2654 2419 2707 Non
2438 2652 2735 2723 ambigant
2752 2651 2850 2723 qui
2870 2652 2993 2706 hac
3012 2650 3134 2706 ausi
3155 2655 3592 2719 suntexercere,

1960 2748 2060 2805 sed
2092 2748 2260 2803 etiam
2288 2748 2387 2818 qui
2413 2747 2685 2801 hactenus
2723 2745 2953 2818 cognita
3000 2745 3258 2800 siluerint
3284 2745 3387 2801 sub
3413 2745 3595 2801 hono-

1958 2843 2039 2897 ris
2060 2841 2275 2914 proprii
2297 2858 2358 2895 se
2369 2840 2559 2912 jacere
2580 2839 2900 2911 dispendio,
2918 2838 2965 2893 si
2984 2855 3103 2894 non
3118 2847 3332 2910 quanta
3352 2839 3591 2911 possint,

1960 2936 2305 2991 celeritatem
2332 2934 2625 3004 festinent,
2643 2936 2710 2987 ut
2729 2932 2965 2988 lethalia
2987 2933 3222 2987 vulnera
3246 2932 3596 3004 competenti

1961 2975 2305 2991 sucum...“
2332 2975 2604 2990 κανων...
2649 2975 2710 2987 υ..
2729 2975 2965 2988 Nam...
2997 2975 3222 2987 ...........
3247 2975 3596 3004 “mrum...

1961 3030 2243 3085 medicina
2290 3034 2584 3084 sanentur.
2607 2975 2751 3105 [Quo
2794 3026 2948 3082 enim
2987 3043 3150 3082 more
3187 3029 3427 3082 teneant
3461 3026 3596 3098 jura

1961 3124 2295 3197 pontificum
2312 3122 2409 3195 qui
2429 3120 2848 3195 pontificalibus
2873 3120 3124 3176 excubiis
3144 3124 3385 3175 eatenus

1960 3222 2050 3273 cia
2093 3217 2468 3285 dissimulant,
2496 3222 2561 3271 ut
2601 3214 2884 3270 contraria
2928 3213 3121 3269 domui
3152 3213 3250 3269 Dei
3277 3213 3368 3268 cui
3394 3213 3593 3285 prasi-

1962 3313 2101 3367 dent
2125 3311 2313 3383 potius
2352 3314 2662 3382 operantur
2685 3312 3078 3380 quantumque
3107 3307 3257 3379 apud
3287 3306 3593 3363 Dominum

1960 3408 2208 3478 possent,
2241 3404 2287 3458 si
2314 3403 2366 3458 ei
2398 3401 2792 3458 convenientia
2817 3404 3216 3473 procurarent,
3238 3405 3433 3455 tamen
3452 3399 3591 3473 quid

1961 3505 2290 3555 mereantur
2312 3496 2609 3569 aspiciant,
2642 3511 2773 3550 cum
2799 3493 3126 3550 exsecrabili
3155 3494 3341 3549 studio
3368 3499 3591 3549 secten-

1960 3599 2054 3649 tur
2079 3593 2329 3648 adversa.
2364 3593 2430 3647 Et
2458 3589 2619 3661 quasi
2645 3589 2831 3661 magis
2865 3589 2986 3643 hac
3014 3586 3212 3659 regula
3240 3586 3313 3642 sit
3342 3604 3459 3658 qua
3487 3588 3591 3643 Ec-

1961 3686 2149 3742 clesia
2188 3685 2431 3740 debeant
2475 3682 2780 3755 gubernari
2808 3681 2854 3736 si
2894 3680 3171 3753 quidquid
3205 3680 3594 3736 ecclesiasticis

1961 3780 2259 3837 inimicum
2286 3778 2494 3850 regulis
2515 3780 2894 3849 perpetratur,
2917 3792 3048 3830 cum
3073 3780 3130 3830 et
3153 3774 3200 3829 si
3224 3774 3479 3845 cognitos
3498 3774 3596 3829 ha-

1961 3876 2093 3931 beat
2134 3889 2378 3929 canones
2417 3871 2813 3942 unusquisque
2860 3869 3200 3943 pontificum
3247 3868 3592 3925 intemerata

1963 3967 2225 4025 debuerit
2249 3970 2445 4021 tenere
2472 3965 2746 4021 custodia.

2033 4063 2207 4119 XXIX.
2251 4062 2505 4126 Quatuor
2547 4062 2741 4115 autem
2785 4063 2906 4114 tam
2952 4058 3022 4113 de
3056 4057 3287 4114 redditu
3325 4072 3502 4129 quam
3524 4056 3596 4111 de

1963 4157 2247 4211 oblatione
2276 4155 2528 4210 fidelium
2555 4154 2825 4209 convenit
2851 4152 2976 4207 ﬁeri
3000 4153 3308 4223 portiones.
3338 4151 3594 4216 Quarum

1965 4251 2037 4305 sit
2063 4267 2180 4304 una
2204 4248 2507 4321 pontiﬁcis,
2536 4249 2712 4301 altera
2741 4246 3101 4313 clericorum,
3129 4261 3445 4317 pauperum
3476 4249 3595 4298 ter-

1962 4344 2061 4411 tia,
2089 4347 2295 4413 quarta
2329 4340 2554 4395 fabricis
2585 4339 2946 4411 applicanda.
2978 4340 3058 4393 De
3084 4338 3310 4409 quibus,
3338 4337 3484 4391 sicut
3511 4353 3596 4392 sa-

1963 4436 2207 4492 cerdotis
2234 4434 2511 4501 intererit,
2540 4433 2825 4504 integram
2857 4431 3130 4487 ministris
3173 4430 3432 4486 Ecclesia
3467 4447 3592 4485 me-

1964 4535 2241 4585 moratam
2274 4527 2599 4599 depcndere
2642 4526 3044 4598 quantitatem,
3073 4525 3152 4579 sic
3181 4523 3418 4580 clericus
3442 4524 3596 4578 ultra

233 4630 350 4683 ritis
380 4646 601 4684 sacram
630 4632 908 4683 mercatos
935 4646 1054 4681 esse
1074 4627 1259 4698 pretio
1290 4626 1655 4697 dignitatem,
1678 4626 1865 4680 convi-
1883 4618 1943 4691 D
1966 4625 2285 4695 delegatam
2312 4621 2418 4698 sibi
2443 4637 2734 4675 summam
2762 4619 2903 4674 nihil
2928 4618 3241 4674 insolenter
3266 4616 3488 4673 noverit
3508 4634 3599 4672 ex-

234 4728 350 4779 ctos
370 4726 595 4795 oportet
613 4723 814 4789 arceri,
835 4739 947 4776 non
970 4721 1079 4776 nisi
1100 4720 1354 4792 periculo
1377 4718 1593 4774 facinus
1611 4719 1724 4773 tale
1744 4735 1866 4790 per-

236 4819 539 4887 petrantes,
569 4816 704 4888 quia
733 4816 964 4870 dantem
993 4814 1204 4886 pariter
1229 4818 1285 4868 et
1308 4813 1682 4884 accipientem
1708 4812 1865 4867 dam-

237 4912 388 4967 natio
416 4910 687 4976 Simonis,
720 4926 896 4982 quam
927 4926 1086 4964 sacra
1123 4907 1288 4963 lectio
1314 4910 1574 4974 testatur,
1607 4906 1861 4962 involvit.

304 5006 498 5059 XXVII.
515 5005 592 5059 De
608 5005 862 5059 locorum
880 5002 1301 5058 consecratione
1319 5004 1653 5055 sanctorum
1672 5018 1867 5073 quam-

235 5099 311 5154 vis
354 5098 614 5171 superius
661 5098 900 5153 strictim
950 5097 1124 5152 fuerit
1167 5096 1673 5168 comprehensum,
1704 5096 1867 5150 nobis

236 5208 460 5265 quoque
487 5192 836 5264 patefactum
862 5195 966 5258 est,
990 5190 1140 5262 quod
1167 5191 1384 5262 absque
1409 5192 1697 5261 pracepto
1719 5190 1867 5245 sedis

232 5287 552 5361 apostolica
608 5286 870 5342 nonnulli
935 5287 1107 5341 factas
1170 5283 1432 5339 ecclesias
1477 5283 1564 5339 vel
1621 5283 1868 5339 oratoria

234 5398 451 5437 sacrare
482 5385 864 5452 prasumant;
898 5381 1008 5435 hoc
1039 5395 1235 5433 sumus
1259 5383 1451 5433 tamen
1472 5377 1689 5449 judicio
1718 5378 1868 5433 dete-

235 5476 519 5531 stabiliore
556 5474 825 5546 permoti,
855 5473 1007 5545 quod
1042 5472 1098 5527 in
1127 5488 1470 5545 quocunque
1500 5471 1730 5527 nomine
1762 5472 1863 5528 de-

230 5571 557 5626 functorum
577 5572 634 5624 et
658 5574 938 5640 quantum
961 5566 1186 5633 dicitur,
1209 5583 1327 5622 non
1351 5566 1588 5621 omnino
1610 5566 1864 5621 ﬁdelium

235 5664 684 5720 constructiones
703 5662 1007 5717 adiﬁcatas
1034 5660 1207 5715 sacris
1236 5659 1685 5731 professionibus
1699 5660 1868 5715 auda-

235 5765 349 5815 cter
368 5757 668 5813 instituere
687 5759 1099 5812 memorantur.
1127 5755 1264 5819 Qua
1281 5754 1554 5826 quoniam
1581 5757 1699 5809 tam
1718 5770 1870 5810 acer-

235 5854 456 5921 ba,tam
474 5851 617 5906 dura
630 5856 780 5917 sunt,
798 5854 864 5905 ut
884 5850 1088 5904 eadem
1104 5848 1192 5903 vix
1208 5853 1398 5904 noster
1407 5848 1557 5903 ferre
1576 5847 1756 5920 possit
1774 5865 1869 5903 au-

236 5948 401 6007 ditus,
418 5946 463 6001 si
479 5962 608 6001 vere
627 5942 1063 6001 Christianitatis
1080 5942 1387 5997 affectusin
1408 5942 1516 5997 illis
1537 5940 1868 6010 regionibus

1965 4696 2331 4791 petendumj
2365 4717 2442 4770 Ea
2503 4731 2635 4769 vero
2696 4730 2826 4785 qua
2886 4711 3271 4768 ecclesiasticis
3344 4710 3597 4766 adiﬁciis

1965 4812 2238 4868 attributa
2267 4816 2400 4865 sunt
2428 4809 2560 4865 huic
2589 4807 2746 4880 operi
2777 4806 3051 4862 veraciter
3080 4807 3418 4877 prarogata,
3445 4805 3593 4860 loco-

1965 4924 2095 4962 rum
2122 4907 2322 4961 doceat
2349 4903 2688 4960 instauratio
2710 4902 3013 4957 manifesta
3040 4902 3390 4966 sanctorum,
3412 4897 3594 4970 ipsam

1965 5000 2340 5056 nihilominus
2355 4998 2664 5070 ascriptam
2683 4995 3029 5069 pauperibus
3046 4992 3373 5066 portionem
3396 5007 3614 5064 quam-

1967 5096 2049 5150 vis
2076 5094 2285 5149 divinis
2327 5092 2640 5148 rationibus
2677 5108 2738 5147 se
2780 5090 3136 5161 dispensasse
3178 5091 3598 5142 monstraturus

1967 5205 2088 5245 esse
2116 5188 2394 5254 videatur,
2424 5191 2616 5241 tamen
2635 5185 2799 5256 juxta
2823 5182 2975 5256 quod
3011 5182 3286 5253 scriptum
3310 5184 3396 5236 est
3422 5196 3437 5235 :
3474 5201 3504 5231 ‹‹
3528 5181 3599 5236 Ut

1966 5282 2195 5338 videant
2222 5296 2395 5353 opera
2418 5283 2604 5335 vestra
2628 5279 2795 5346 bona,
2826 5280 2885 5333 et
2909 5276 3227 5349 gloriﬁcent
3253 5276 3480 5331 Patrem
3501 5290 3596 5329 ve-

1966 5380 2169 5444 strum,
2196 5375 2292 5448 qui
2322 5374 2382 5430 in
2426 5373 2576 5430 caelis
2601 5378 2685 5429 est
2710 5374 2927 5442 (Matth.
2960 5388 3015 5442 v,
3049 5372 3155 5442 t6),
3187 5392 3217 5421 »
3255 5386 3398 5443 opus
3426 5368 3596 5425 etiam

1965 5471 2024 5526 in
2052 5468 2321 5541 prasenti
2352 5466 2752 5523 testificatione
2787 5466 3105 5539 praedicari,
3133 5470 3190 5522 et
3220 5465 3384 5522 bona
3428 5463 3598 5519 fama

1967 5563 2269 5636 praconiis
2295 5577 2411 5616 non
2442 5560 2638 5616 taceri.

2037 5658 2185 5713 XXX.
2215 5656 2574 5729 Quapropter
2596 5670 2705 5710 nec
2747 5654 3088 5711 clericorum
3111 5654 3212 5725 qui
3239 5650 3514 5723 sapientia
3539 5667 3598 5707 se

1968 5753 2140 5825 hujus
2167 5750 2401 5807 offensa
2425 5750 2684 5806 futurum
2712 5749 2960 5805 conﬁdat
2983 5749 3322 5817 immunem,
3354 5744 3403 5800 si
3431 5744 3490 5800 in
3512 5745 3599 5801 his

1968 5863 2098 5919 qua
2140 5845 2439 5901 salubriter
2482 5845 2776 5917 sequenda
2820 5840 3298 5915 deprompsimus,
3331 5839 3446 5896 sive
3474 5839 3598 5913 epi-

1969 5956 2226 6017 scopum,
2257 5938 2371 5995 sive
2423 5938 2838 6013 presbyterum,
2887 5937 2998 5991 sive
3043 5934 3347 5992 diaconum
3393 5934 3598 5991 viderit
