4040 6328
437 395 538 449 947
1328 393 1609 447 ΑΡΡΕΝΙ).
1650 392 1736 446 ΑΙ)
1774 393 1933 446 δίΕίὶ.
1978 391 2059 445 ιχ.

2198 391 2447 447 lSlDORl
2483 391 2908 447 MERCATORIS
3695 390 3800 444 948

434 501 824 567 excedentem,
857 516 972 555 non
1001 499 1263 570 protinus
1289 500 1363 554 ad
1391 515 1557 555 aures
1586 503 1812 555 nostras
1839 499 2063 554 deferre
2085 510 2145 583 Α
2164 499 2287 569 ejus
2311 500 2623 572 redarguit,
2645 505 2704 555 et
2727 504 2924 571 postea
2954 500 3373 569 consequenter
3401 496 3614 564 vitavit,
3645 496 3795 568 pari-

433 595 735 651 curaverit.
758 594 845 650 Sic
869 609 1001 649 vero
1028 592 1218 648 modis
1243 592 1510 648 omnibus
1537 594 1646 648 erit
1670 594 2066 665 unusquisque
2166 598 2364 664 terque
2407 594 2741 649 assumenda
2779 597 2931 659 sunt,
2963 608 3093 646 cum
3136 591 3224 645 his
3262 607 3390 662 qua
3430 593 3630 663 utpote
3677 590 3795 663 pri-

434 688 766 761 pontiﬂcum
797 687 1012 743 ordinis
1038 691 1095 742 et
1124 687 1357 742 honoris
1384 686 1572 755 elisor,
1596 687 1638 741 si
1670 687 1934 759 cuiquam
1961 688 2066 742 cle-
2166 704 2293 742 mus
2314 689 2605 758 apostolus
2623 687 2865 742 salubria
2882 685 3253 757 pradicavit?
3275 684 3679 756 Nunquidnam
3701 688 3799 739 aut

433 783 681 838 ricorum
708 782 796 836 vel
838 781 1101 836 Ecclesia
1140 780 1315 836 totius
1357 781 1582 836 auditui
1622 782 1744 836 hac
1788 779 2067 853 putaverit
2167 782 2288 852 ejus
2320 784 2470 836 recta
2503 781 2757 835 doctrina
2782 795 2911 834 cum
2931 779 3021 834 his
3050 794 3179 850 qua
3205 777 3535 833 humanitus
3555 793 3801 832 accesse-

431 875 859 948 supprimenda.
892 876 1027 928 Data
1049 892 1080 927 v
1102 875 1232 931 Idus
1251 874 1453 942 Martii,
1474 875 1691 930 Asterio
1717 881 1773 930 et
1795 873 2064 931 Prasidio
2112 876 2132 959 ξ
2167 879 2295 929 rant
2324 874 2680 945 repudianda
2704 877 2808 942 est,
2836 876 2937 928 aut
2960 873 3056 927 illa
3084 872 3272 927 adhuc
3300 871 3598 926 imbecillis
3625 870 3798 925 insci-

324 949 375 995 \‘
430 971 497 1026 IV
523 968 876 1025 consulibus.
2121 949 2131 959 ’
2169 969 2265 1037 tia,
2313 985 2443 1022 cum
2500 968 2753 1039 perfecta
2801 968 2922 1037 ejus
2967 965 3325 1037 suscipienda
3371 967 3457 1020 est
3496 963 3801 1020 doctrina?

298 1040 416 1107 ί
829 1063 1076 1133 Epistola
1102 1063 1308 1117 Gelasiz’
1331 1064 1407 1117 ad
1438 1063 1661 1118 Siculos.
2167 1062 2565 1134 Nunquidnam
2609 1062 2668 1116 in
2714 1062 2969 1132 ipsorum
3013 1059 3417 1115 hareticorum
3461 1058 3619 1113 libris
3676 1075 3798 1113 non

507 1162 552 1212 l.
588 1158 665 1213 De
691 1156 841 1212 bene
872 1156 1140 1227 regendis
1166 1156 1339 1211 rebus
1371 1156 1637 1211 Ecclesia
1668 1157 1738 1211 ab
1764 1156 2061 1229 episcopis.
2166 1157 2346 1210 multa
2359 1172 2487 1227 qua
2503 1156 2572 1210 ad
2583 1155 2876 1210 veritatem
2894 1152 3408 1225 pertineantposita
3420 1151 3801 1223 releguntur?

511 1191 523 1212 Ι
541 1200 552 1211 ι
588 1191 665 1213 υῑῖ
692 1191 841 1212 υῠιιῠ
873 1191 891 1211 ι
903 1191 1140 1227 εδῠιιωο
1166 1191 1184 1211 ι
1198 1191 1339 1211 ῠυυῠ
1371 1191 1637 1211 nbula-710.7
1668 1191 1738 1211 αυ
1764 1191 2061 1229 ῠγιῦυυνιο.
2166 1191 2346 1210 ωιιιυα
2359 1191 2487 1227 qua:
2503 1191 2572 1210 au
2589 1191 2604 1208 ν
2617 1191 2670 1210 ῡι
2682 1191 2876 1209 ιυαυῠιιι
2894 1191 2985 1225 μοι
3003 1191 3408 1223 ωιιναιιιυιρινῡιυιι
3421 1191 3441 1206 ι
3453 1191 3751 1223 υιυδιιιιυιιι.
3778 1194 3790 1205 ι

497 1254 552 1305 2.
584 1252 663 1306 De
694 1250 952 1305 tricenali
984 1250 1435 1322 praescriptione.
2166 1250 2569 1320 Nunquidnam
2585 1248 2714 1303 ideo
2728 1248 2935 1303 veritas
2951 1247 3250 1302 refutanda
3265 1248 3368 1313 est,
3387 1245 3803 1316 quialibri,ubi

498 1346 760 1399 GELASIUS
800 1346 1070 1400 Romana
1117 1344 1380 1399 Ecclesia
1427 1344 1729 1415 episcopus
1772 1343 2062 1398 dilectissi-
2166 1342 2413 1414 pravitas
2459 1342 2711 1406 interest,
2747 1339 3108 1396 refutantur?
3148 1342 3257 1394 Aut
3298 1338 3426 1394 ideo
3466 1338 3625 1410 pravi
3666 1338 3800 1392 libri

428 1437 537 1494 mis
551 1438 678 1493 etin
693 1438 917 1495 Christo
930 1438 1207 1493 charitate
1221 1437 1573 1492 unanimiter
1584 1437 1860 1492 connexis
1881 1438 2067 1492 fratri-
2167 1435 2508 1507 suscipiendi
2528 1438 2660 1490 sunt
2680 1450 2900 1503 eorum,
2920 1433 3055 1506 quia
3073 1433 3280 1488 veritas
3303 1449 3427 1504 qua
3448 1431 3564 1487 illic
3582 1431 3803 1486 inserta

429 1532 536 1586 bus
566 1532 844 1603 episcopis
873 1531 973 1603 qui
1002 1532 1061 1586 in
1087 1531 1275 1587 Sicilia
1305 1535 1439 1586 sunt
1467 1530 1777 1586 constituti.

499 1629 627 1682 CAP.
641 1627 681 1680 Ι.
696 1625 1011 1680 Prasulum
1023 1625 1330 1680 auctoritas
1348 1629 1674 1680 nostrorum
1696 1624 2067 1696 emanavit,ut

2167 1536 2251 1585 est
2276 1546 2389 1584 non
2416 1528 2703 1601 negatur?
2731 1528 2823 1583 Ait
2860 1528 3165 1599 Apostolus
3198 1544 3210 1581 :
3242 1548 3270 1576 ‹‹
3298 1525 3504 1582 Omnia
3536 1525 3798 1597 probate,

2165 1640 2291 1696 qua
2317 1624 2469 1679 bona
2499 1629 2632 1678 sunt
2657 1626 2848 1683 tenete
2875 1622 2921 1691 (Ι
2946 1622 3178 1689 Thcss.v,
3205 1622 3317 1692 2l).
3340 1643 3367 1671 ››
3403 1620 3624 1676 Scimus
3649 1623 3797 1690 Apo-

431 1719 723 1774 facultates
744 1717 1310 1773 EcclesiaChristiad
1324 1718 1639 1788 regendum
1651 1717 2068 1791 habeantpote-
2149 1710 2374 1773 ‘stolum
2404 1717 2577 1772 etiam
2608 1717 2678 1771 de
2711 1731 3072 1787 paganorum
3097 1715 3258 1770 libris
3285 1714 3477 1785 aliqua
3515 1712 3796 1785 posuisse.

431 1813 747 1867 statem.lta
761 1815 957 1866 tamen
973 1811 1915 1883 utviduarum,pupillorum,atque
1931 1828 2065 1883 pau—
2085 1880 2123 1883 _
2140 1791 2436 1883 lNunquid
2466 1811 2595 1865 ideo
2623 1816 2681 1864 et
2706 1814 2910 1865 cuncta
2957 1809 3285 1880 recipienda
3323 1813 3473 1874 sunt,
3506 1824 3638 1879 qua
3665 1823 3801 1861 cum

430 1921 655 1976 perum,
670 1921 896 1959 necnon
912 1905 1313 1960 etclericorum
1331 1880 1615 1976 stipendia
1625 1880 1959 1961 distribuere
1971 1906 2064 1961 de—
2085 1880 2141 1951 B
2166 1906 2252 1960 his
2282 1880 2498 1977 pariter
2522 1910 2656 1958 sunt
2683 1904 2899 1974 prolata
2915 1905 2942 1958 ?
2976 1905 3094 1974 lpse
3121 1903 3423 1973 Apostolus
3446 1901 3527 1955 ait
3552 1918 3565 1956 :
3593 1901 3802 1956 Multos

428 1999 626 2055 beant.
642 2000 755 2053 Hoc
767 1998 847 2053 eis
859 1998 1159 2054 statuimus
1170 1997 1292 2053 dari
1314 1999 1464 2070 quod
1480 1999 1752 2053 hactenus
1772 1999 2062 2054 decretum
2164 1998 2562 2071 praedicatores
2590 1997 2753 2053 aliter
2776 2000 2951 2068 atque
2970 1998 3130 2052 aliter
3145 1996 3434 2051 Christum
3458 1994 3796 2065 pradicare,

430 2096 530 2147 est.
550 2092 851 2164 Reliquum
868 2092 973 2147 sibi
985 2092 1294 2161 vindicent,
1307 2092 1542 2161 ut,sicut
1552 2096 1683 2147 ante
1695 2092 2061 2164 diximus,pe-
2157 2093 2260 2149 ubi
2277 2098 2469 2148 tamen
2498 2092 2627 2147 licet
2644 2107 2987 2164 quocunque
3013 2090 3185 2146 modo
3205 2089 3494 2146 Christum
3512 2087 3793 2160 pradica-

428 2186 793 2257 regrinorum
809 2192 979 2258 atque
994 2185 1662 2257 captivorumlargitores
1682 2202 1802 2241 esse
1817 2187 2058 2258 possint.
2163 2193 2285 2241 tum
2312 2190 2539 2259 oportet
2579 2185 2823 2241 admitti.
2854 2187 3068 2240 Tamen
3092 2200 3206 2239 non
3238 2183 3361 2238 ideo
3385 2183 3547 2237 illum
3575 2198 3800 2236 morem

498 2281 561 2334 ll.
576 2280 720 2335 Illud
734 2280 962 2335 annecti
978 2279 1191 2352 placuit
1205 2285 1271 2334 ut
1289 2280 1354 2348 si,
1370 2280 1520 2351 quod
1547 2279 1710 2347 absit,
1728 2280 2058 2335 facultatum
2164 2297 2278 2352 quo
2303 2297 2420 2336 non
2446 2284 2596 2336 recte
2619 2279 2998 2352 pradicatum
3022 2282 3107 2333 est
3130 2278 3403 2333 admonet
3427 2276 3662 2330 evitare.
3686 2276 3801 2329 Ma-

425 2374 706 2442 Ecclesia,
760 2389 980 2428 necnon
1034 2378 1091 2428 et
1144 2373 1411 2428 dioeceses
1468 2389 1596 2444 qua
1651 2373 1720 2428 ab
1780 2374 2061 2446 aliquibus
2162 2374 2543 2446 losoperarios
2558 2373 2681 2445 ipse
2701 2368 3803 2444 conqueritur,quorumaliarefutanda,

426 2467 787 2539 possidentur
827 2467 1104 2539 episcopis
1136 2467 1268 2539 jure
1308 2466 1415 2521 sibi
1453 2466 1756 2535 vindicent,
1787 2468 1920 2539 quia
1958 2467 2056 2523 tri-
2161 2469 2268 2523 alia
2295 2469 2461 2523 docet
2482 2484 2603 2523 esse
2631 2466 2916 2522 sectanda.
2946 2467 3071 2520 Hac
3099 2469 3153 2519 et
3178 2463 3512 2535 hujusmodi
3530 2462 3804 2533 exempla

426 2561 636 2615 cenalis
687 2560 776 2616 lex
822 2561 1115 2629 conclusit,
1150 2561 1283 2633 quia
1333 2564 1392 2615 et
1436 2560 1689 2616 filiorum
1735 2564 2061 2616 nostrorum
2162 2579 2265 2618 nos
2291 2564 2498 2618 docent
2519 2566 2575 2618 et
2598 2560 2925 2616 testimonia
2951 2559 3140 2614 divina
3164 2557 3527 2625 conﬁrmant,
3546 2572 3663 2611 non
3680 2572 3803 2612 om-

430 2654 750 2726 principum
776 2655 857 2709 ita
883 2654 1174 2710 emanavit
1196 2655 1520 2723 auctoritas,
1552 2659 1617 2710 ut
1642 2656 1789 2710 ultra
1826 2655 2061 2726 triginta
2164 2657 2259 2711 nia
2284 2656 2527 2728 pessime
2557 2673 2591 2710 a
2612 2670 2955 2727 quocunque
2983 2652 3127 2708 dicta
3143 2653 3229 2707 vel
3248 2651 3573 2723 ubicunque
3591 2649 3804 2722 scripta

424 2764 606 2803 annos
622 2748 764 2803 nulli
780 2748 1245 2820 liceatappellare
1267 2765 1412 2820 quos
1427 2749 1621 2820 legum
1638 2752 1861 2820 tempus
1882 2750 2060 2804 exclu-

426 2840 519 2896 sit.
545 2842 684 2896 Data
703 2841 832 2897 Idus
851 2842 1000 2909 Maii,
1019 2842 1236 2896 Asterio
1254 2844 1313 2896 et
1339 2842 1609 2896 Prasidio
1628 2843 1692 2897 ιν
1714 2843 2056 2897 consulibus.

426 2936 627 3004 Incipit
661 2939 832 2989 tomus
876 2936 941 2990 de
971 2936 1335 2990 anathematis
1372 2936 1590 2990 vinculo
1638 2937 1840 2992 Gelasii
1877 2953 2056 3007 papa.

500 3029 579 3081 Ne
619 3027 763 3082 forte
808 3028 961 3099 quod
1006 3030 1208 3095 solent,
1264 3028 1477 3095 dicant,
1522 3028 1673 3100 quod
1719 3030 1765 3083 si
1812 3030 2062 3100 synodus

427 3121 900 3177 Chalcedonensis
924 3121 1259 3190 admittitur,
1291 3122 1487 3176 omnia
1511 3126 1766 3178 constare
1796 3123 2057 3190 debeant,

429 3232 559 3287 qua
590 3215 701 3270 illic
730 3216 995 3270 videntur
1023 3232 1143 3270 esse
1173 3217 1529 3288 deprompta,
1554 3222 1654 3271 aut
1673 3217 1824 3272 enim
1852 3235 1916 3271 ex
1945 3223 2060 3273 toto

430 3326 556 3365 eam
605 3309 830 3365 admitti
876 3314 1155 3382 oportere,
1188 3314 1287 3365 aut
1315 3327 1381 3365 ex
1411 3314 1570 3382 parte
1602 3310 1644 3364 si
1690 3311 2061 3383 repudiabilis

429 3408 533 3471 est,
562 3404 789 3458 firmam
816 3421 884 3458 ex
909 3408 1025 3458 toto
1054 3408 1315 3459 constare
1345 3421 1463 3460 non
1490 3418 1674 3476 posse.
1705 3406 2064 3476 Cognoscant

431 3497 608 3568 igitur
616 3498 887 3569 quoniam
901 3497 1039 3553 illud
1055 3499 1369 3553 secundum
1382 3498 1697 3570 Scripturas
1715 3505 1938 3554 sanctas
1955 3504 2064 3555 tra-

428 3591 817 3664 ditionemque
830 3593 1115 3663 majorum
1135 3593 1447 3647 secundum
1465 3609 1710 3649 canones
1724 3594 2060 3666 regulasque

431 3685 687 3740 Ecclesia
722 3702 825 3756 pro
855 3686 967 3741 fide
1006 3687 1295 3741 communi
1340 3692 1397 3741 et
1427 3688 1663 3742 veritate
1702 3688 1978 3742 catholica
2006 3692 2064 3742 et

430 3778 754 3849 apostolica,
785 3796 890 3851 pro
918 3796 1033 3850 qua
1057 3780 1205 3834 hanc
1238 3781 1360 3834 ﬁeri
1390 3780 1554 3835 sedes
1578 3781 1883 3852 apostolica
1909 3782 2058 3837 dele-

430 3872 602 3942 gavit,
622 3873 947 3943 factamque
972 3872 1238 3940 ﬁrmavit,
1257 3890 1291 3926 a
1318 3878 1433 3928 tota
1463 3875 1701 3929 Ecclesia
1726 3875 2058 3930 indubitan-

432 3971 513 4021 ter
558 3964 805 4019 admitti.
857 3965 976 4020 Alia
1019 3969 1212 4019 autem
1260 3984 1387 4036 qua
1434 3984 1537 4037 per
1579 3969 2062 4039 incompetentem

432 4044 945 4128 praesumptionem
980 4059 1092 4112 illic
1125 4059 1345 4130 prolata
1369 4066 1519 4127 sunt,
1550 4063 1637 4116 vel
1668 4063 1853 4133 potius
1881 4063 2057 4117 venti-

429 4152 561 4217 lata,
596 4167 727 4221 qua
754 4150 917 4206 sedes
950 4152 1261 4222 apostolica
1305 4154 1564 4224 gerenda
1595 4155 1896 4227 delegavit,
1933 4173 2059 4228 qua

432 4260 560 4300 mox
591 4261 626 4298 a
649 4244 875 4299 vicariis
905 4246 1054 4301 sedis
1083 4247 1405 4318 apostolica
1443 4248 1794 4304 contradicta
1816 4250 2058 4305 manife-

395 4343 577 4433 ‘stum
609 4343 723 4433 est;
763 4356 892 4411 qua
920 4341 1080 4396 sedes
1110 4341 1436 4413 apostolica,
1466 4343 1635 4398 etiam
1664 4347 1893 4415 petente
1919 4346 2055 4399 Mar-

2163 2750 2560 2806 indiﬂ'erenter
2576 2749 2854 2820 accipere,
2871 2747 2970 2802 sed
2990 2746 3224 2801 retentis
3239 2745 3405 2800 bonis
3416 2761 3545 2816 qua
3558 2749 3805 2799 noceant

2164 2844 2430 2898 refutare.
2462 2842 2743 2898 Peccatori
2778 2840 2997 2896 homini
3030 2856 3186 2895 mors
3213 2839 3369 2894 illata
3389 2843 3492 2906 est,
3521 2841 3578 2893 et
3605 2841 3799 2893 tamen

2165 2937 2383 2991 homini
2406 2938 2537 2992 Jesu
2568 2935 2791 2992 Christo
2819 2951 2976 2989 mors
3005 2933 3162 2988 illata
3187 2948 3353 2987 reum
3377 2931 3512 2987 fecit
3540 2948 3667 2987 esse
3687 2930 3803 2987 dia-

2162 3032 2376 3097 bolum,
2409 3030 2544 3102 quia
2571 3030 2667 3084 ubi
2694 3044 2864 3084 causa
2899 3028 3100 3083 mortis
3142 3043 3257 3083 non
3285 3029 3429 3096 erat,
3462 3025 3542 3080 ibi
3585 3025 3800 3096 peccati

2162 3141 2275 3179 non
2299 3124 2612 3179 debebatur
2624 3128 2680 3178 et
2691 3140 2881 3195 pana.
2905 3121 3199 3178 Sententia
3212 3119 3533 3192 praﬁgitur
3550 3119 3639 3174 vel
3660 3135 3805 3191 pra-

2163 3218 2271 3273 ﬂxa
2304 3223 2389 3273 est
2429 3234 2657 3289 semper
2703 3217 2901 3271 errori.
2947 3218 3081 3284 Qua
3124 3213 3404 3270 sententia
3439 3212 3573 3269 huic
3619 3214 3802 3268 errori

2165 3312 2393 3383 praﬁxa
2449 3327 2745 3382 nunquam
2792 3310 3025 3365 omnino
3071 3310 3407 3375 resolvetur,
3448 3307 3595 3361 sicut
3639 3307 3799 3361 enim

2165 3405 2220 3459 in
2251 3409 2527 3478 quantum
2558 3406 2644 3458 est
2673 3403 2792 3474 ipse
2820 3420 2998 3472 error,
3028 3418 3321 3473 nunquam
3357 3417 3517 3455 error
3546 3415 3673 3455 esse
3701 3400 3801 3455 de-

2164 3499 2327 3564 sistit,
2360 3500 2439 3553 sic
2477 3515 2510 3552 a
2551 3497 2834 3552 sententia
2858 3512 3150 3568 nunquam
3190 3496 3419 3566 praﬁxa
3456 3495 3801 3561 resolvetur,

2163 3593 2293 3664 quia
2340 3608 2499 3647 error
2536 3590 2633 3663 qui
2677 3590 3005 3662 agnoscitur
3053 3606 3172 3645 esse
3222 3589 3546 3655 damnatus,
3595 3587 3803 3643 eadem

2163 3685 2416 3757 quandin
2446 3687 2642 3739 manet
2667 3701 2830 3739 error
2854 3683 3136 3757 probatur
3160 3678 3442 3736 astriCtus.
3479 3683 3678 3752 Itaque
3698 3681 3801 3753 qui

2162 3780 2218 3833 in
2252 3796 2316 3834 eo
2341 3795 2534 3833 errore
2566 3783 2699 3833 sunt
2740 3777 3026 3833 sententia
3049 3775 3254 3831 erroris
3279 3774 3530 3831 obstricti
3554 3779 3711 3844 sunt,
3744 3779 3801 3829 et

2163 3873 2416 3945 qnandiu
2458 3873 2517 3926 in
2566 3889 2632 3927 eo
2683 3875 2916 3926 manent
2971 3871 3296 3925 nullatenus
3345 3868 3585 3924 absoluti
3636 3875 3796 3937 sunt,

2162 3970 2305 4024 sicut
2343 3986 2447 4023 nec
2485 3970 2603 4041 ipse
2644 3970 2702 4022 in
2742 3986 2858 4040 quo
2900 3972 3035 4022 sunt
3074 3984 3238 4022 error
3263 3966 3591 4022 absolvitur.
3626 3968 3801 4022 Error

2162 4063 2317 4118 enim
2343 4063 2462 4134 ipse
2491 4079 2790 4134 nunquam
2814 4063 3039 4117 veniam
3064 4065 3448 4132 promeretur,
3477 4060 3578 4114 sed
3604 4061 3707 4132 qui
3738 4061 3796 4114 in

2164 4174 2230 4211 eo
2260 4156 2536 4211 veraciter
2573 4156 2843 4224 caruerit,
2871 4161 3041 4228 atque
3072 4155 3143 4209 ab
3184 4156 3307 4226 ejus
3354 4153 3799 4226 participatione

2163 4250 2415 4305 discedit.
2435 4249 2693 4314 Quandiu
2714 4266 2853 4320 ergo
2880 4249 2939 4303 in
2963 4249 3045 4303 eis
3071 4253 3155 4302 est
3180 4264 3342 4303 error
3367 4248 3797 4303 damnationem

2163 4360 2324 4397 suam
2356 4348 2527 4411 tenet,
2559 4359 2856 4415 nunquam
2880 4342 3199 4411 resolvitur,
3219 4342 3354 4413 quia
3383 4358 3545 4397 error
3569 4357 3801 4413 semper

432 4431 585 4486 liano
611 4432 891 4504 principe,
924 4434 1251 4489 nullatenus
1291 4436 1657 4507 approbavit;
1691 4454 1816 4508 qua
1853 4438 2060 4508 prasul
2164 4454 2387 4508 panam
2414 4441 2682 4492 meretur.
2713 4436 3018 4506 Participes
3038 4452 3168 4490 vero
3193 4435 3315 4506 ejus
3335 4438 3468 4490 sunt
3493 4451 3723 4507 semper
3739 4440 3798 4491 et

432 4526 682 4581 Ecclesia
723 4526 1366 4599 Constantinopolitana
1404 4534 1540 4585 tunc
1578 4531 1928 4595 Anatholius,
1958 4548 2060 4586 nec
2162 4531 2281 4602 ejus
2307 4548 2490 4602 poena
2521 4530 2844 4601 participes,
2863 4528 2985 4584 siin
3009 4529 3212 4585 eodem
3233 4534 3489 4600 perstare
3510 4546 3627 4585 non
3650 4529 3799 4584 desi-

429 4636 485 4674 se
512 4620 939 4692 prasumpsisse
975 4623 1262 4692 professus
1303 4628 1405 4692 est,
1438 4628 1496 4677 et
1540 4624 1598 4678 in
1625 4625 1942 4695 apostolica
1970 4642 2055 4679 se-
2077 4623 2135 4695 D
2160 4628 2319 4691 nant,
2354 4628 2452 4678 aut
2494 4624 2539 4678 si
2569 4624 2641 4678 ab
2669 4622 2873 4678 eodem
2904 4623 3243 4678 recesserint
3265 4639 3435 4694 quam
3464 4622 3631 4678 alieni
3656 4622 3798 4677 facti

430 4714 515 4767 dis
565 4714 836 4769 antistitis
881 4732 993 4770 non
1042 4716 1288 4787 negavit,
1329 4717 1513 4788 posita
1558 4722 1851 4788 potestate.
1900 4720 2059 4786 Quod

430 4808 557 4862 idco
587 4810 663 4863 sic
685 4808 770 4880 (ut
801 4809 1013 4864 dictum
1046 4815 1143 4879 est)
1165 4811 1326 4865 sedes
1359 4812 1661 4882 apostolica
1688 4829 1802 4867 non
1825 4814 2056 4884 recepit,

428 4901 557 4971 quia
601 4919 730 4973 (pia
762 4903 1076 4974 privilegiis
1106 4904 1441 4959 venerabilis
1482 4906 1738 4961 Ecclesia
1776 4907 2060 4961 contraria

432 4996 761 5064 probantur,
799 4997 955 5050 nulla
984 4998 1203 5053 ratione
1230 4999 1490 5053 sustinet.
1523 5000 1668 5064 Quid
1695 4999 1891 5055 enim?
1917 5001 2059 5065 Quia

430 5089 483 5142 in
515 5088 665 5143 libris
689 5090 893 5144 sanctis
920 5108 1062 5161 quos
1080 5092 1278 5163 utique
1305 5110 1650 5148 veneramur
1665 5097 1721 5148 et
1742 5095 2055 5165 sequimur,

430 5182 701 5252 quoniam
723 5185 1103 5254 quorumdam
1122 5186 1235 5241 illic
1252 5192 1308 5242 et
1329 5188 1699 5259 profanitates
1720 5205 1841 5243 esse
1862 5190 2056 5243 ferun-

435 5280 489 5329 lu
500 5293 545 5343 r,
569 5278 626 5329 et
639 5277 852 5331 scelera
870 5283 1030 5349 gesta
1044 5285 1375 5336 narrantur.
1393 5283 1520 5337 ldeo
1538 5282 1696 5336 nobis
1715 5283 1944 5353 pariter,
1962 5287 2061 5337 aut

432 5370 750 5423 veneranda
794 5377 944 5442 sunt,
980 5377 1079 5428 aut
1121 5375 1413 5445 sequenda
1442 5375 1574 5445 quia
1617 5376 1673 5429 in
1716 5375 1826 5430 illis
1856 5375 2060 5429 sanctis

430 5463 585 5518 libris
624 5466 681 5517 et
703 5466 1119 5521 venerabilibus
1160 5467 1546 5522 continentur.
1585 5469 1816 5523 Sanctus
1863 5470 2060 5523 Petrus

428 5558 643 5626 primus
666 5561 1073 5629 apostolorum,
1095 5561 1174 5614 sic
1195 5560 1526 5615 existimans
1552 5562 1686 5617 Novi
1717 5563 2057 5619 Testamenti

429 5652 668 5721 gratiam
680 5652 1126 5723 pradicandam,
1141 5657 1206 5707 ut
1217 5670 1250 5707 a
1267 5653 1407 5725 legis
1419 5655 1619 5710 veteris
1635 5673 1746 5711 non
1767 5657 2062 5712 recederet

431 5744 722 5811 institutis,
754 5746 1020 5815 quadam
1073 5762 1177 5816 per
1215 5746 1639 5804 simulationem
1679 5751 1885 5821 legitur
1912 5750 2061 5805 inter

430 5835 651 5887 .ludaos
705 5837 1057 5907 gentilesque
1096 5838 1352 5907 gessisse.
1392 5840 1652 5911 Nunquid
1687 5843 1812 5896 ideo
1842 5846 1941 5896 aut
1968 5842 2063 5896 illa

435 5922 627 5995 235
650 5925 771 5994 ejus
789 5929 1074 5997 sequenda
1093 5933 1242 5991 sunt.
1262 5947 1387 6001 qua
1407 5931 1609 5985 merito
1636 5937 1692 5986 ct
1714 5936 2062 6004 coapostolus

2160 4722 2293 4772 sunt
2315 4719 2384 4772 ab
2407 4734 2623 4782 errore,
2644 4720 2702 4771 et
2723 4717 2795 4771 ab
2818 4716 2939 4787 ejus
2960 4716 3386 4787 participatione
3408 4716 3653 4784 discreti,
3670 4720 3795 4771 tam

2162 4817 2219 4866 et
2242 4829 2421 4882 poena
2442 4812 2563 4882 ejus
2585 4814 2756 4865 erunt
2775 4813 3194 4881 consequenter
3213 4810 3400 4865 alieni.
3418 4811 3558 4865 Cum
3577 4812 3796 4866 erranti

2162 4924 2324 4977 poena
2350 4904 2664 4977 praﬁgitur
2678 4904 2934 4977 quandiu
2955 4907 3154 4958 manet
3173 4921 3388 4974 errans,
3406 4904 3603 4961 eadem
3624 4921 3795 4975 pana

2161 4999 2600 5069 constringitur;
2625 5000 2756 5070 quia
2778 5014 2974 5053 errans
3000 5015 3120 5053 esse
3138 5015 3253 5053 non
3277 5002 3465 5070 potest
3483 4998 3605 5053 sine
3626 5015 3795 5070 pana

2161 5093 2377 5149 erratis.
2410 5094 2538 5147 Hac
2581 5093 2785 5147 eadem
2822 5109 2991 5163 poena
3036 5098 3313 5164 perpetua
3339 5099 3425 5147 est
3469 5109 3795 5163 nunquam—

2159 5205 2267 5259 que
2296 5187 2564 5241 solvenda
2587 5186 2842 5258 quandiu
2875 5203 3073 5241 errans
3103 5203 3225 5241 esse
3254 5186 3581 5258 perstiterit.
3618 5186 3729 5251 Qui
3751 5188 3800 5241 si

2162 5298 2355 5335 errans
2383 5297 2505 5336 esse
2532 5280 2836 5350 destiterit,
2868 5297 3032 5351 pana
3066 5297 3195 5352 qua
3224 5280 3435 5335 erranti
3456 5284 3541 5335 est
3561 5279 3797 5351 praﬁxa

2160 5378 2456 5446 perpetua,
2478 5390 2595 5429 non
2623 5375 2853 5440 erranti,
2876 5374 2933 5428 id
2961 5380 3047 5429 est
3076 5374 3239 5429 alteri
3271 5373 3489 5442 eﬁ‘ecto,
3511 5391 3684 5445 quam
3704 5376 3797 5428 cui

2160 5469 2390 5539 praefixa
2431 5472 2532 5535 est,
2564 5485 2682 5523 non
2713 5468 2900 5523 solum
2939 5484 3055 5522 non
3098 5471 3285 5539 potest
3332 5484 3453 5522 esse
3498 5472 3798 5539 perpetua,

2118 5558 2259 5643 '.-‘sed
2289 5578 2392 5617 nec
2411 5562 2587 5617 etiam
2609 5562 2735 5633 jam
2756 5578 2940 5633 poena.
2971 5563 3094 5617 Non
3123 5566 3208 5616 est
3225 5560 3376 5617 enim
3398 5561 3522 5633 ipse
3542 5561 3635 5616 cui
3655 5577 3803 5633 pra-

2161 5656 2267 5709 ﬁxa
2292 5658 2395 5710 est.
2431 5655 2657 5710 Erranti
2688 5655 2844 5710 enim
2877 5655 3111 5726 praefixa
3140 5659 3245 5721 est,
3276 5672 3381 5709 nec
3410 5670 3528 5710 non
3554 5655 3799 5710 erranti.

2163 5750 2302 5812 Qua
2333 5748 2485 5804 enim
2510 5748 2724 5804 erranti
2758 5749 2991 5820 praefixa
3014 5755 3117 5817 est,
3152 5754 3427 5820 perpetua
3453 5752 3556 5815 est,
3588 5751 3643 5803 et
3673 5766 3803 5819 per-

2165 5846 2333 5912 petuo
2369 5842 2714 5913 constringit
2739 5848 3048 5911 errantem,
3081 5860 3192 5898 non
3223 5846 3510 5898 errantem
3538 5859 3654 5897 non
3690 5859 3797 5912 po-

2165 5938 2267 5990 test
2292 5935 2415 6006 jam
2445 5938 2660 5989 tenere.
2691 5934 2770 5991 Sit
2807 5936 3019 5991 erranti
3061 5938 3204 5992 dicta
3242 5938 3359 5992 fore
3406 5940 3695 6011 perpetua.
3728 5938 3795 5993 sil
