4040 6318
269 395 372 448 949
1507 399 1864 456 DECRETAL]

2032 399 2091 452 LO
2100 400 2306 454 LLECT
2309 401 2391 454 10.
3527 409 3627 458 950

267 509 478 564 erranti
510 509 660 564 dicta
683 527 978 580 nunquam
1000 527 1118 564 esse
1151 509 1436 566 solvenda.
1460 512 1642 566 Manet
1663 513 1898 566 omnino
1921 523 1978 594 Α
1999 515 2222 579 peccato
2273 510 2656 564 manentibus.
2711 511 2939 564 Nullum
2975 515 3058 566 est
3087 511 3296 583 quippe
3334 519 3624 584 peccatum

269 607 322 657 et
349 619 496 668 vere,
527 605 860 674 certumque
885 608 967 658 est
993 604 1144 674 quod
1172 603 1230 657 in
1257 621 1324 658 ea
1341 605 1638 674 praefixum
1661 610 1765 670 est,
1795 621 1899 658 nec
2001 619 2103 672 pro
2117 621 2226 673 quo
2246 607 2345 657 aut
2359 619 2476 658 non
2493 608 2614 658 oret
2628 604 2879 658 Ecclesia
2891 605 3324 673 remittendum,
3339 611 3438 662 aut
3449 608 3624 678 quod,

271 701 452 766 potest
499 713 732 766 prorsus
770 696 1005 764 absolvi,
1054 697 1304 768 quandiu
1343 698 1602 752 manenti
1641 699 1896 769 praefixa,
2001 697 2128 750 data
2155 696 2260 750 sibi
2291 697 2564 750 divinitus
2583 700 2886 767 potestate,
2911 698 3398 754 desistentibusab
3421 701 3624 757 eodem

269 790 510 844 debetur
537 790 766 844 erranti.
797 791 920 844 Non
945 791 1157 844 erranti
1186 793 1378 846 autem
1400 807 1504 845 nec
1529 809 1695 862 paena
1719 796 1898 862 potest
2001 806 2116 844 non
2143 789 2318 860 possit
2339 790 2648 857 absolvere,
2681 791 2768 844 vel
2787 791 3196 862 paenitentibus
3222 794 3503 864 relaxare,
3533 796 3622 850 cui

267 899 410 958 esse,
437 899 568 954 quae
600 900 716 938 non
743 883 952 937 erranti
984 899 1100 938 non
1129 883 1300 939 debet
1325 884 1542 938 inferri.
1577 885 1686 938 Nec
1713 889 1896 940 muta-
1997 883 2202 938 dicitur
2231 900 2244 938 :
2277 905 2305 934 ‹‹
2335 885 2700 954 Quaecunque
2737 884 3062 940 dimiseritis
3090 903 3260 956 super
3287 892 3504 942 terram
3535 888 3620 942 di-

267 981 360 1030 tur
387 976 484 1030 illa
511 976 746 1030 omnino
775 993 878 1030 nec
901 975 1132 1030 solvitur
1159 994 1286 1047 quae
1317 977 1558 1032 debetur
1579 979 1808 1032 erranti.
1835 981 1894 1031 ln
1997 976 2170 1030 missa
2195 981 2364 1031 erunt
2388 981 2446 1032 et
2475 978 2534 1030 in
2559 977 2732 1045 caelis,
2762 981 2819 1032 et
2847 995 3201 1050 quaecunque
3223 981 3499 1036 solveritis
3525 997 3620 1036 su-

266 1085 368 1124 suo
399 1086 536 1140 ergo
559 1075 754 1124 tenore
773 1070 869 1124 illa
895 1070 1129 1141 praeﬁxa
1151 1074 1254 1137 est,
1289 1071 1346 1124 in
1375 1087 1474 1124 suo
1490 1072 1621 1140 jure
1653 1087 1765 1125 non
1788 1089 1892 1142 po-
1999 1087 2100 1140 per
2125 1073 2356 1137 terram,
2381 1073 2552 1124 erunt
2571 1073 2758 1126 soluta
2776 1075 2833 1126 et
2851 1072 2910 1126 in
2931 1073 3085 1127 caelis
3108 1072 3322 1144 (Matth.
3347 1075 3615 1144 xv1,18).u

269 1165 374 1217 test
389 1163 626 1218 omnino
647 1165 880 1232 resolvi;
913 1164 972 1218 in
1000 1181 1114 1218 non
1143 1181 1242 1217 suo
1263 1168 1456 1218 tenore
1483 1181 1610 1235 quae
1637 1181 1756 1218 esse
1779 1181 1892 1218 non
1997 1164 2058 1217 In
2089 1163 2522 1235 quibuscunque
2561 1166 2756 1220 omnia
2786 1170 2920 1220 sunt
2942 1169 3387 1239 quantacunque
3423 1169 3537 1222 sint
3567 1173 3626 1222 et

265 1261 454 1327 potest
476 1257 596 1326 jam
629 1257 863 1311 docetur
890 1274 1008 1311 esse
1037 1264 1294 1326 vacuata,
1323 1263 1380 1312 et
1409 1259 1502 1328 jus
1531 1257 1640 1312 illic
1671 1259 1895 1328 penitus
1995 1257 2412 1328 qualiacunque
2434 1257 2548 1312 sint
2571 1274 2582 1313 :
2606 1258 2790 1312 veraci
2813 1258 3187 1334 nihilominus
3205 1264 3478 1316 manente
3499 1277 3623 1316 sen-

263 1366 382 1404 non
407 1350 638 1417 habere,
671 1350 766 1404 ubi
787 1367 1013 1405 causam
1043 1367 1159 1406 non
1187 1351 1360 1405 habet
1381 1351 1680 1405 existendi.
1709 1352 1893 1406 Plenas
1993 1350 2193 1417 tentia,
2219 1367 2347 1421 quae
2365 1367 2664 1422 nunquam
2688 1353 2958 1407 solvenda
2979 1369 3098 1406 esse
3129 1354 3528 1423 denuntiatur;
3559 1355 3618 1408 in

263 1447 396 1498 sunt
423 1448 634 1498 sanctae
667 1444 974 1515 Scriptura:
1009 1445 1102 1499 tali
1132 1445 1312 1500 forma
1331 1444 1590 1516 justitize.
1632 1445 1849 1500 Dicitur
1877 1463 1890 1500 :
1994 1458 2192 1498 eorum
2213 1449 2408 1498 tenore
2437 1445 2750 1500 consistens
2776 1445 2836 1500 in
2861 1446 3048 1500 Acacii
3067 1447 3346 1502 sententia
3375 1447 3622 1505 rationa-

265 1561 290 1584 η
321 1540 570 1593 Pereant
613 1541 940 1608 peccatores
981 1555 1014 1592 a
1043 1543 1210 1605 terra,
1253 1539 1328 1593 ita
1355 1543 1416 1592 ut
1441 1555 1556 1592 non
1585 1538 1698 1592 sint
1727 1540 1888 1606 (Psal.
1993 1535 2180 1591 biliter
2205 1537 2546 1592 intuendum
2573 1542 2677 1608 est,
2719 1539 2778 1592 in
2819 1555 2930 1610 qua
2967 1556 3086 1595 non
3113 1541 3286 1596 etiam
3318 1541 3388 1595 ab
3417 1542 3618 1596 eodem

235 1647 426 1724 Γ[ΑΠΙΙ.
483 1631 556 1701 3),
604 1655 632 1682 υ
673 1635 738 1686 ut
781 1649 891 1686 non
945 1633 1058 1686 sint
1109 1637 1462 1704 peccatores,
1517 1637 1576 1687 ut
1622 1633 1894 1688 desistant
1993 1635 2118 1700 post
2141 1631 2432 1686 recedens.
2463 1631 2815 1695 Quodetiam
2836 1633 2881 1686 si
2898 1633 2948 1688 ei
2965 1633 3282 1690 dictumest
3299 1651 3617 1705 nunquam-

227 1725 382 1788 tesse
431 1729 754 1796 peccatores
808 1744 820 1778 :
875 1726 1188 1780 secundum
1218 1727 1514 1796 Prophetas
1547 1729 1888 1781 sententiam
1991 1740 2101 1794 que
2139 1725 2462 1792 solvendus,
2492 1741 2608 1780 non
2637 1729 2722 1780 est
2745 1726 3030 1797 adjectum
3065 1731 3257 1782 tamen
3283 1728 3503 1782 etiamsi
3525 1745 3618 1782 re-

265 1835 670 1890 usquequaque
706 1820 1052 1890 deperirent,
1093 1825 1158 1874 ut
1184 1820 1628 1874 substantialiter
1653 1837 1771 1875 non
1794 1838 1888 1875 su-
1991 1816 2249 1887 sipueris,
2285 1818 2510 1873 etiamsi
2537 1819 2605 1872 ab
2635 1835 2830 1874 errore
2857 1820 3196 1888 discesseris,
3227 1821 3444 1876 etiamsi
3471 1839 3617 1892 prae-

263 1913 506 1978 bessent,
535 1913 634 1984 qui
659 1913 858 1967 salvari
884 1914 1204 1984 potuissent
1231 1931 1264 1966 a
1291 1913 1676 1983 Redemptore
1696 1920 1890 1970 nostro
1914 1899 1967 1969 Β
1993 1911 2263 1966 varicator
2306 1928 2426 1966 esse
2473 1912 2774 1966 destiteris.
2830 1914 3187 1985 Quapropter
3225 1915 3284 1969 in
3315 1921 3512 1986 aperto
3540 1921 3624 1971 est

261 2005 356 2076 qui
385 2007 538 2060 venit
563 2024 681 2061 non
700 2007 886 2076 justos
921 2023 1124 2061 vocare
1163 2007 1260 2062 sed
1293 2010 1638 2077 peccatores,
1685 2009 1775 2061 vel
1820 2008 1889 2062 de
1995 2004 2070 2058 ita
2096 2005 2330 2072 dictum,
2359 2022 2660 2075 nunquam
2687 2007 2985 2061 solvendus
3002 2009 3047 2061 si
3077 2009 3206 2062 talis
3227 2009 3454 2075 scilicet,
3481 2025 3620 2080 qua-

262 2095 466 2166 quibus
515 2097 652 2152 dicit
698 2098 1002 2168 Apostolus
1031 2116 1043 2152 :
1089 2119 1115 2148 ‹‹
1145 2097 1399 2152 Christus
1445 2098 1600 2151 venit
1641 2097 1700 2152 in
1738 2098 1889 2153 hunc
1991 2098 2056 2152 lis
2085 2102 2170 2152 est
2196 2101 2254 2152 et
2279 2099 2506 2169 ligatus,
2528 2115 2646 2153 non
2670 2103 2866 2154 autem
2882 2101 3014 2155 talis
3034 2101 3266 2156 effectus
3282 2101 3623 2172 sicutligan-

263 2189 544 2245 mundum
575 2196 899 2261 peccatores
929 2192 1112 2246 salvos
1159 2191 1360 2259 facere,
1393 2208 1639 2261 quorum
1674 2191 1889 2262 primus
1989 2191 2092 2245 dus
2137 2207 2252 2246 non
2290 2197 2430 2259 erat,
2477 2193 2556 2247 sic
2601 2193 2890 2248 absolutus
2935 2211 3057 2248 esse
3105 2195 3434 2250 docebatur.
3465 2195 3618 2251 Sicut

258 2301 364 2354 ego
387 2301 536 2352 sum,
566 2289 622 2338 et
649 2301 776 2338 cum
805 2290 1132 2355 peccatores
1169 2301 1421 2339 essemus
1462 2285 1615 2338 misit
1634 2285 1779 2338 Deus
1799 2285 1886 2338 Fi-
1989 2285 2213 2340 carebat
2237 2286 2584 2356 obligatione
2605 2303 2734 2342 cum
2756 2287 3114 2358 obligationis
3144 2305 3312 2343 causa
3327 2289 3616 2358 caruisset,

259 2377 394 2430 lium
423 2393 592 2431 suum
624 2379 671 2448 (1
703 2380 836 2432 Tim.
867 2396 906 2446 1,
939 2381 1033 2442 l5;
1069 2379 1189 2434 Gal.
1219 2394 1289 2443 1v,
1324 2379 1396 2446 4),
1427 2399 1454 2426 ››
1488 2381 1546 2431 et
1561 2381 1766 2431 caetera
1787 2378 1888 2432 hu-
1989 2379 2065 2432 sic
2093 2380 2290 2450 utique
2319 2380 2612 2434 absolutus
2642 2381 2922 2450 existeret,
2957 2387 3238 2453 quatenus
3269 2386 3326 2437 et
3353 2383 3474 2453 ipse
3502 2399 3618 2438 non

249 2470 522 2540 jusmodi.
557 2471 652 2524 Hic
679 2487 872 2526 revera
888 2471 1118 2542 plurimi
1143 2471 1314 2526 etiam
1332 2471 1778 2526 substantialiter
1793 2489 1885 2542 pe-
1989 2473 2319 2526 necessitate
2342 2473 2505 2528 dictas
2527 2475 2823 2529 sententiae
2850 2475 3138 2531 videretur
3158 2493 3272 2530 non
3292 2493 3455 2547 posse
3483 2493 3620 2547 quo-

257 2564 474 2619 rierunt
501 2569 843 2635 peccatores,
864 2565 922 2618 in
946 2565 1188 2636 peccatis
1204 2565 1317 2620 suis
1339 2565 1533 2636 utique
1549 2581 1886 2635 permanen-
1986 2565 2292 2620 dammodo
2312 2566 2434 2635 jam
2463 2567 2620 2634 solvi,
2645 2567 2753 2622 nisi
2772 2567 2897 2622 talis
2924 2568 3158 2624 effectus
3184 2571 3240 2624 et
3267 2569 3614 2640 obligatione

259 2661 356 2724 tes,
389 2675 630 2730 veraque
655 2659 714 2713 in
742 2659 824 2712 eis
851 2658 1138 2713 sententia
1175 2659 1322 2713 dicta
1355 2659 1688 2729 permansit,
1733 2676 1880 2712 nun-
1985 2675 2181 2714 carens
2225 2660 2388 2714 ﬁeret
2424 2661 2737 2728 absolutus,
2789 2664 2846 2716 et
2881 2661 3028 2716 circa
3060 2663 3198 2732 tales
3229 2663 3458 2732 praeﬁxa
3485 2679 3616 2717 sen-

259 2719 558 2824 quamque
579 2753 832 2808 resoluta
875 2757 978 2820 est,
1030 2756 1085 2806 et
1113 2755 1308 2806 tamen
1337 2719 1536 2807 eadem
1569 2753 1629 2806 in
1656 2719 1882 2822 talibus,
1985 2753 2159 2806 tentia
2181 2753 2510 2808 nullomodo
2533 2719 2782 2808 solubilis
2798 2755 3152 2810 redderetur.
3156 2719 3440 2851 )‘tunquid
3459 2755 3616 2811 enim

252 2847 456 2917 quibus
493 2847 723 2918 praefixa
753 2849 856 2914 est,
884 2850 1260 2917 permanente
1292 2850 1588 2917 perpetua,
1629 2847 1882 2918 quodam
1985 2847 2162 2912 misit,
2197 2847 2473 2918 quaesivit,
2514 2847 2750 2919 expetiit
2775 2852 2832 2903 et
2858 2849 3112 2919 abjectus
3141 2847 3241 2918 est,
3279 2850 3470 2920 itaque
3496 2851 3620 2920 ipse

253 2957 464 3011 genere
512 2941 726 2994 factum
771 2943 874 3006 est,
911 2945 973 2994 ut
1003 2941 1060 2994 in
1091 2940 1297 2994 talibus
1323 2957 1440 2995 non
1469 2957 1882 3012 usquequaque
1985 2941 2039 2994 in
2069 2957 2128 2994 se
2155 2941 2513 2996 insolubilem
2537 2942 2672 2996 fecit
2697 2946 2818 2996 esse
2845 2942 3184 2998 sententiam
3215 2943 3312 3013 qui
3331 2943 3464 2998 talis
3493 2959 3616 3014 per-

251 3035 611 3088 manantibus
651 3040 708 3089 et
745 3036 802 3089 in
839 3035 1087 3104 peccatis
1132 3035 1266 3101 suis,
1317 3051 1432 3088 non
1475 3051 1882 3106 usquequaque
1987 3051 2220 3089 manere
2250 3034 2480 3106 delegit,
2507 3035 2685 3106 qualis
2717 3036 2989 3091 veraciter
3015 3053 3132 3090 non
3169 3037 3346 3106 possit
3385 3037 3613 3104 absolvi,

251 3128 586 3182 durantibus
623 3129 900 3182 sententia
933 3133 1126 3182 tamen
1159 3127 1390 3198 praefixa
1416 3127 1627 3182 talibus
1651 3144 1880 3198 perma-
1983 3133 2040 3182 et
2063 3129 2240 3184 voluit
2267 3129 2397 3183 talis
2427 3129 2594 3198 efﬁci,
2623 3129 2770 3184 circa
2801 3131 3050 3200 qualem,
3083 3135 3455 3200 permanente
3482 3145 3610 3186 sen-

257 3224 434 3276 neret.
466 3222 608 3275 Nam
637 3221 745 3292 ipsi
775 3224 1034 3291 pereunt,
1067 3221 1166 3275 sed
1196 3236 1315 3274 esse
1340 3225 1682 3291 peccatores,
1707 3225 1772 3276 ut
1794 3221 1880 3275 di-
1906 3267 1955 3292 η
1987 3222 2162 3276 tentia
2180 3222 2328 3276 circa
2343 3223 2536 3291 talem,
2558 3222 2822 3277 effectum
2841 3240 2956 3278 non
2973 3224 3146 3277 talem
3166 3224 3480 3279 insolubilis
3495 3241 3620 3278 sen-

257 3267 434 3276 ""‘""
467 3267 608 3275 “"""“
637 3267 745 3292 ’r""
775 3267 866 3291 I'“
880 3267 1034 3290 ""“"1
1067 3267 1166 3275 *ν*
1199 3267 1314 3274 “’“’“’“¹’
1341 3267 1592 3291 Γ⁷“⁸“’“”“⁷“’“
1607 3267 1682 3290 ""7
1711 3267 1772 3276 ’⁵⁵⁷
1797 3267 1850 3275 *⁵⁵
1988 3267 2162 3276 “ν³“⁷““”
2183 3267 2328 3276 ν⁵⁵ν““
2347 3267 2536 3291 ’“”¹”“¹’“⁶”,
2559 3267 2822 3277 ν⁵⁵νν“¹““⁸¹“⁴
2841 3267 2956 3278 “VM
2978 3267 3146 3277 "‘V‘“
3169 3267 3480 3279 ⁸³⁵⁹ν⁶““¹¹’⁸⁸⁸“’
3495 3267 3594 3278 vv"

251 3320 400 3370 ctum
433 3320 518 3370 est
539 3357 552 3383 ,
599 3332 717 3370 non
747 3315 1062 3385 pcenaliter,
1095 3315 1192 3368 sed
1223 3314 1608 3368 remedialiter
1633 3315 1884 3385 quodam
1904 3267 1958 3340 Ο
1985 3314 2160 3368 tentia
2189 3331 2304 3369 non
2335 3321 2718 3385 permaneret,
2753 3333 2879 3386 quia
2909 3317 3057 3370 circa
3081 3315 3346 3372 effectum
3373 3334 3488 3372 non
3529 3321 3612 3372 ta-

252 3409 426 3479 etipsi
461 3425 670 3478 genere
703 3408 1012 3478 perierunt.
1042 3408 1296 3471 Quodam
1334 3423 1544 3478 genere
1577 3411 1636 3460 et
1659 3408 1718 3461 in
1749 3407 1882 3478 ipsis
1985 3409 2098 3461 lem
2117 3424 2228 3462 non
2241 3407 2782 3463 haberetlicentiam
2803 3410 3336 3480 permanendi.Quo
3359 3410 3618 3481 magisut

251 3502 460 3556 mansit
483 3501 712 3573 praeﬁxa
737 3501 1039 3567 sententia,
1070 3503 1244 3556 donec
1269 3517 1614 3571 permanens
1641 3517 1737 3556 eos
1758 3502 1879 3556 efﬁ-
1985 3502 2198 3555 dictum
2216 3506 2300 3555 est
2316 3503 2578 3572 exemplo
2597 3508 2768 3572 atque
2787 3503 3038 3572 periculo
3064 3503 3260 3556 moniti
3281 3503 3378 3573 qui
3405 3503 3610 3558 eodem

251 3601 400 3650 ceret
433 3613 548 3650 non
586 3613 706 3650 esse
748 3601 1094 3666 peccatores,
1137 3597 1222 3649 vel
1263 3599 1585 3665 peccatores
1617 3613 1728 3649 non
1759 3612 1880 3650 esse
1983 3599 2180 3649 tenore
2209 3599 2343 3650 sunt
2373 3595 2660 3650 constricti
2686 3596 2957 3650 festinare
2987 3596 3218 3660 debent,
3249 3601 3448 3650 utnon
3475 3598 3615 3651 tales

249 3689 562 3759 perﬁceret.
589 3690 884 3760 Completa
912 3693 996 3744 est
1017 3690 1075 3743 in
1098 3689 1178 3744 eis
1201 3689 1500 3754 sententia,
1531 3705 1634 3743 nec
1660 3705 1774 3760 quo
1803 3693 1882 3743 te-
1982 3704 2100 3742 esse
2121 3692 2524 3760 permaneant,
2552 3689 2757 3760 quibus
2776 3690 3060 3744 sententia
3079 3689 3173 3743 illa
3203 3707 3320 3745 non
3341 3691 3614 3745 solvenda

255 3801 386 3840 nore
412 3789 643 3854 peracto
683 3801 1031 3854 permanens
1065 3783 1158 3836 illa
1191 3783 1467 3837 sententia
1508 3783 1882 3852 pereuntibus
1985 3783 2212 3852 praefixa
2240 3788 2344 3848 est,
2376 3788 2577 3838 etesse
2613 3784 2752 3838 tales
2777 3783 3071 3854 incipiant,
3097 3783 3358 3854 qualibus
3385 3800 3502 3838 non
3528 3784 3614 3838 in-

249 3878 654 3947 peccatoribus,
677 3878 754 3932 ita
769 3883 828 3932 ut
847 3894 960 3932 non
986 3881 1176 3930 essent
1207 3877 1401 3947 utique
1434 3881 1774 3947 peccatores.
1803 3879 1882 3931 Ea
1982 3875 2240 3930 solubilis
2267 3877 2500 3946 praefixa
2526 3877 2806 3932 sententia
2823 3877 3002 3948 possit
3021 3893 3143 3930 esse
3167 3877 3438 3932 solubilis.
3469 3877 3613 3940 Quo-

241 3973 364 4038 jam
389 3971 448 4026 in
477 3987 598 4026 non
629 3971 1012 4042 peccatoribus
1033 3987 1268 4025 manere
1295 3987 1408 4024 non
1435 3970 1638 4042 potuit,
1669 3971 1802 4042 quia
1823 3971 1878 4025 in
1984 3969 2141 4024 uiam
2169 3973 2363 4024 autem
2391 3971 2588 4025 effecto
2610 3987 2722 4025 non
2743 3971 2840 4025 tali
2865 3971 3017 4042 quali
3039 3987 3156 4024 non
3179 3971 3446 4026 solvenda
3467 3989 3610 4042 pree-

251 4066 328 4119 eis
357 4066 416 4120 in
439 4065 644 4136 quibus
671 4064 882 4119 inﬂicta
915 4081 1030 4119 non
1061 4066 1265 4130 fuerat,
1291 4064 1386 4134 jus
1427 4064 1694 4119 manendi
1720 4065 1878 4135 peni-
1983 4064 2092 4118 fixa
2121 4064 2406 4118 sententia
2437 4070 2538 4132 est,
2569 4065 2787 4134 effecto,
2817 4065 3076 4136 inquam,
3117 4082 3230 4120 non
3273 4065 3390 4132 tali,
3435 4069 3614 4136 potest

251 4163 336 4212 tus
385 4175 500 4213 non
549 4159 816 4213 habebat.
859 4160 938 4212 Ita
973 4175 1124 4212 nunc
1162 4158 1224 4211 in
1255 4175 1355 4212 suo
1379 4159 1510 4228 jure
1535 4159 1623 4213 vel
1651 4159 1880 4212 tramite
1983 4158 2236 4212 solubilis
2263 4174 2382 4212 esse
2415 4159 2721 4227 sententia;
2757 4160 2893 4230 quia
2909 4159 3032 4230 jam
3049 4159 3250 4214 Acacio
3268 4176 3386 4214 non
3407 4159 3610 4214 volenti

251 4255 533 4307 ullatenus
566 4252 848 4307 sententia
893 4253 1141 4306 resoluta
1169 4255 1269 4320 est,
1311 4255 1366 4305 et
1394 4253 1589 4306 eadem
1619 4251 1676 4306 in
1709 4253 1796 4306 bis
1823 4253 1880 4306 in
1985 4269 2096 4305 non
2127 4252 2300 4306 talem
2331 4267 2449 4305 esse
2475 4252 2618 4306 sicut
2651 4252 2748 4306 tali
2771 4269 2952 4323 usque
2983 4253 3042 4306 in
3059 4254 3235 4306 finem
3255 4253 3612 4323 permanenti

249 4346 452 4418 quibus
482 4347 696 4402 inﬂicta
725 4352 809 4401 est
843 4350 1236 4417 permanente,
1275 4345 1344 4399 ab
1388 4345 1474 4399 his
1519 4347 1618 4416 qui
1659 4346 1728 4400 ab
1760 4347 1880 4416 ejus
1985 4345 2293 4414 permansit
2313 4343 2370 4397 in
2394 4345 2650 4399 absoluta
2672 4345 2972 4412 sententia,
2999 4344 3074 4398 ita
3086 4345 3210 4415 jam
3231 4361 3350 4400 non
3372 4345 3468 4399 tali
3489 4347 3613 4400 effi-

240 4441 368 4510 jure
393 4440 622 4495 discreti
638 4445 789 4510 sunt,
812 4440 996 4495 aliena
1009 4455 1239 4510 prorsus
1268 4438 1470 4492 effecta
1498 4441 1602 4506 est,
1622 4455 1694 4493 ne
1711 4439 1772 4492 in
1792 4439 1880 4493 his
1980 4439 2029 4490 ci
2074 4454 2188 4491 non
2229 4437 2440 4492 volenti
2485 4438 2737 4492 solubilis
2783 4454 2900 4492 non
2937 4442 3124 4508 potest
3153 4454 3272 4492 esse
3299 4439 3603 4492 sententia.

249 4535 398 4589 salva
421 4534 510 4588 sui
534 4534 858 4589 conditione
883 4533 964 4587 fas
993 4533 1226 4587 haberet
1255 4531 1522 4586 manendi
1556 4531 1759 4602 quibus
1793 4532 1876 4586 in-
1979 4533 2172 4584 Nonne
2199 4535 2386 4586 tantos
2419 4530 2672 4584 habebat
2711 4531 2964 4598 Aeacius,
2999 4548 3246 4603 quorum
3275 4533 3602 4601 exemplum

251 4629 400 4683 flicta
425 4644 542 4682 non
569 4633 710 4683 erat.
735 4627 879 4681 Dixit
905 4627 1180 4681 Dominus
1201 4626 1351 4697 quod
1373 4626 1431 4680 in
1453 4625 1728 4695 Spiritum
1754 4643 1876 4680 san-
1896 4643 1954 4714 D
1977 4625 2134 4695 sequi
2171 4623 2442 4694 potuisset
2482 4624 2764 4679 antistites
2799 4625 2898 4695 qui
2941 4625 2996 4694 in
3035 4625 3318 4695 Ephesino
3359 4611 3608 4696 prolapsi

249 4727 400 4778 ctum
429 4722 796 4792 peccantibus
813 4738 918 4776 nec
945 4722 1036 4775 hic
1064 4725 1210 4775 esset
1235 4737 1340 4774 nec
1367 4720 1428 4773 in
1451 4721 1644 4774 futuro
1672 4721 1876 4774 saeculo
1979 4717 2292 4782 latrocinio,
2323 4717 2580 4788 quolibet
2599 4718 2767 4772 modo
2797 4718 2853 4771 in
2882 4719 3258 4773 consensione
3291 4718 3614 4773 reciderent

249 4816 676 4872 remittendum.
706 4816 956 4880 Quantos
987 4819 1176 4868 autem
1200 4813 1598 4883 cognoscimus
1617 4813 1676 4866 in
1703 4813 1872 4884 Spiris
1977 4811 2263 4882 pravitatis
2285 4809 2334 4898 1"!
2353 4811 2557 4881 Utique
2585 4815 2778 4866 tamen
2809 4819 2864 4866 et
2891 4813 2936 4865 si
2974 4812 3188 4866 dictum
3219 4829 3334 4866 non
3373 4817 3513 4878 erat,
3553 4817 3612 4865 et

249 4915 366 4964 tum
393 4913 656 4964 sanctum
690 4909 1084 4979 delinquentes
1107 4909 1252 4962 sicut
1279 4907 1576 4962 haereticos
1601 4907 1873 4976 diversos,
1979 4909 2310 4977 perpetuam
2350 4906 2780 4960 damnationem
2807 4906 2954 4960 ferre
2989 4905 3320 4975 potuissent,
3353 4905 3462 4959 nisi
3481 4905 3614 4958 resi-

243 5005 498 5072 Arianos,
527 5003 974 5070 Macedonianos,
1010 5003 1082 5058 ad
1121 5003 1296 5056 fidem
1323 5001 1656 5056 catholicam
1685 5019 1872 5056 rever-
1977 5001 2258 5070 piscantes
2295 5016 2408 5054 non
2448 5001 2584 5054 tales
2623 4999 2774 5053 efﬁci
2813 5000 3008 5070 quales
3049 4999 3158 5052 illic
3199 4999 3330 5054 facti
3361 5000 3608 5064 fuerant,

241 5102 443 5164 tentes,
493 5101 550 5151 et
579 5097 671 5152 hic
697 5097 1094 5151 remissionem
1123 5113 1240 5152 suae
1267 5096 1584 5166 percepisse
1611 5096 1872 5165 blasphe-
1980 5093 2524 5164 damnationemque
2579 5097 2911 5162 perpetuam
2971 5091 3362 5156 merebantur,
3411 5092 3608 5147 resolvi

245 5191 368 5244 mite
415 5195 472 5245 et
515 5190 576 5244 in
629 5191 888 5244 futurum
938 5206 1096 5260 spem
1137 5189 1444 5260 sumpsisse
1501 5189 1876 5258 indulgentia:
1978 5187 2198 5248 ciricase
2218 5186 3606 5256 damnationemrecedentesaperpetuaedamna-

243 5284 692 5356 consequentiae?
721 5285 830 5338 Nec
849 5283 978 5338 ideo
1001 5300 1116 5338 non
1148 5299 1280 5337 vera
1300 5287 1385 5336 est
1405 5281 1628 5336 Domini
1649 5287 1877 5336 senten-
1981 5281 2147 5334 tionis
2172 5297 2338 5334 causa
2365 5285 2719 5344 meruerunt,
2747 5295 2922 5350 quam
2941 5279 3038 5350 qui
3061 5279 3357 5349 perstitere
3382 5280 3530 5335 circa
3551 5296 3608 5332 se

243 5378 340 5445 tia,
375 5383 476 5433 aut
499 5377 791 5449 putabitur
815 5394 936 5432 esse
969 5377 1244 5431 ullatenus
1269 5376 1543 5442 resoluta,
1573 5393 1702 5430 cum
1732 5375 1878 5430 circa
1977 5373 2342 5428 insolubilem
2383 5372 2772 5428 reddiderunt.
2803 5373 2954 5428 Nihil
2979 5373 3218 5428 interest
3243 5372 3436 5444 igitur,
3470 5373 3608 5426 nihil

241 5473 401 5539 tales,
425 5471 472 5526 si
497 5471 606 5526 hoc
630 5487 750 5526 esse
771 5474 1172 5542 permaneant,
1195 5486 1487 5542 nunquam
1512 5469 1876 5537 omnino,sol—
1979 5466 2187 5535 differt,
2241 5473 2428 5521 utrum
2476 5466 2696 5520 dicatur
2745 5465 2880 5537 quia
2921 5467 3299 5522 ecclesiastica
3327 5467 3606 5520 sententia

243 5565 424 5620 venda
447 5565 728 5637 persistat,
756 5564 968 5620 effectis
999 5567 1190 5618 autem
1213 5581 1329 5618 non
1359 5563 1565 5619 talibus
1584 5579 1700 5617 non
1725 5562 1872 5618 irro-
1981 5577 2103 5614 reos
2133 5565 2189 5614 et
2219 5560 2678 5630 p'raavaricatores
2708 5560 2942 5632 obligat.
2974 5561 3120 5626 Quia
3139 5561 3282 5616 sicut
3307 5560 3356 5614 ei
3377 5576 3492 5613 non
3515 5576 3610 5630 po-

243 5665 390 5730 gata.
432 5659 588 5716 Sicut
634 5659 808 5714 etiam
834 5662 1253 5729 consequenter
1276 5661 1332 5712 et
1359 5657 1500 5712 illud
1526 5657 1677 5711 beati
1700 5658 1874 5712 Joan-
1979 5657 2084 5708 test
2125 5654 2274 5724 quod
2325 5670 2438 5708 non
2484 5659 2568 5708 est
2604 5653 2923 5725 suffragari,
2970 5653 3126 5726 quod
3161 5669 3274 5707 non
3311 5657 3394 5706 est
3425 5651 3609 5706 dictus

245 5753 326 5808 nis
362 5753 596 5825 apostoli
627 5769 640 5808 :
675 5755 769 5809 Est
788 5757 1088 5824 peccatum
1113 5752 1188 5805 ad
1215 5756 1484 5818 mortem,
1520 5767 1637 5806 non
1663 5751 1788 5805 dico
1815 5753 1876 5804 ut
1979 5763 2273 5818 nunquam
2303 5747 2620 5814 solvendus,
2651 5747 2750 5802 sed
2771 5748 2818 5802 si
2841 5747 2894 5802 in
2919 5763 3108 5802 errore
3131 5745 3610 5817 permanseritiu-

244 5851 434 5902 oretur
463 5865 562 5918 pro
593 5864 680 5902 eo.
713 5849 810 5901 Est
834 5850 1131 5916 peccatum
1152 5862 1269 5900 non
1290 5846 1362 5899 ad
1383 5849 1650 5912 mortem,
1671 5844 1796 5900 dico
1815 5849 1876 5900 ut
1977 5843 2224 5898 solubilis
2253 5843 2438 5898 modis
2460 5844 2726 5898 omnibus
2755 5845 3094 5918 perseverat,
3129 5857 3234 5895 nec
3259 5843 3448 5912 potest
3479 5841 3608 5896 inde

248 5944 438 5995 oretur
467 5957 568 6011 pro
609 5957 692 5994 eo.
731 5942 820 5994 list
861 5943 1150 6012 peccatum
1195 5939 1264 5992 ad
1308 5943 1548 5992 mortem
1585 5938 1638 5992 in
1673 5937 1872 5993 eodem
1979 5938 2082 5994 nisi
2115 5955 2226 5994 non
2251 5937 2373 5992 talis
2402 5937 2636 5994 effertus
2660 5936 2870 5992 absolvi
2904 5913 3028 6012 τρεῖς
3057 5935 3320 6006 cuiquam
3343 5935 3614 6006 prmjurli-
