4040 6334
407 405 512 463 951

1306 406 1587 461 ΑΡΡΕΝΙ).
1625 407 1713 460 ΑΙ)
1751 406 1910 461 SEC.
1957 406 2042 460 IX.
2180 406 2421 461 lSlDORl
2458 404 2883 460 MERCATORIS

3670 406 3778 460 952

402 530 532 569 care
562 526 677 569 non
702 516 891 585 potest
916 530 929 567 :
959 512 1190 567 tametsi
1218 512 1431 567 dictum
1462 516 1552 567 est
1579 529 1875 585 nunquam
1909 530 2033 568 esse
2054 525 2115 599 Α
2136 517 2304 585 gente
2332 513 2659 568 Judaeorum
2685 512 2832 568 adeo
2859 511 3035 567 etiam
3069 527 3174 583 per
3202 512 3399 567 Isaiam
3429 513 3779 584 prophetam

397 608 738 664 solvendum
769 606 1063 662 manifesta
1089 606 1310 660 ratione
1342 611 1702 662 monstrante
1731 607 1867 678 quia
1894 625 2038 662 nun-

401 719 574 774 quam
610 702 685 755 sit
728 701 963 756 omnino
999 700 1317 769 solvendus,
1363 701 1409 755 si
1439 701 1567 755 talis
1608 701 1792 771 qualis
1829 701 2039 773 ligatus

404 812 525 852 esse
565 794 847 866 persistat,
889 795 976 849 vel
1020 794 1150 849 talis
1182 794 1381 865 utique
1413 802 1709 866 nunquam
1739 795 2039 849 solvendus

399 888 582 961 qualis
610 894 696 942 est
717 887 1018 959 obligatus.
1049 889 1170 942 Non
1194 887 1416 958 abjecto
1447 892 1637 942 autem
1671 887 1843 942 etiam
1871 888 1917 942 si
1948 905 2034 943 re-

401 983 625 1054 sipiscat
654 986 712 1037 et
744 982 1008 1052 corrigat,
1041 985 1238 1053 patere
1289 997 1523 1052 prorsus
1559 987 1617 1037 et
1645 980 1891 1037 liberum
1918 999 2037 1037 non

402 1076 643 1131 dubium
667 1075 759 1145 sit,
784 1081 846 1130 ut
871 1090 988 1130 non
1018 1075 1146 1129 talis
1169 1074 1403 1129 effectus
1424 1074 1605 1146 qualis
1629 1091 1928 1146 nunquam
1948 1076 2035 1130 di-

405 1175 545 1237 ctus,
566 1185 865 1241 nunquam
884 1185 1006 1223 esse
1024 1168 1344 1235 solvendus,
1365 1168 1462 1223 sed
1481 1168 1607 1223 talis
1620 1170 1805 1240 qualis
1822 1186 1935 1225 non
1952 1173 2039 1224 est

403 1263 585 1318 dictus
616 1279 915 1334 nunquam
951 1278 1073 1316 esse
1112 1262 1439 1329 solvendus,
1478 1261 1537 1316 id
1564 1265 1650 1316 est
1673 1266 1958 1319 correctus
1981 1266 2040 1318 et

406 1357 743 1413 emendatus
763 1361 1183 1427 consequenter
1199 1358 1485 1410 correctus
1498 1356 1741 1427 etpossit
1759 1356 1918 1411 solvi.
1936 1357 2040 1412 No-

404 1450 649 1507 tandum
689 1450 1145 1522 quod'quolibet
1175 1465 1387 1521 genere
1428 1449 1951 1521 blasphemantibus
1976 1450 2037 1506 in

405 1545 683 1616 Spiritum
704 1549 959 1599 sanctum
975 1544 1021 1599 si
1035 1543 1372 1616 resipiscant
1387 1548 1444 1598 et
1458 1544 1763 1615 corrigant,
1779 1546 1838 1599 et
1852 1544 1945 1599 hic
1959 1544 2039 1599 eis

403 1639 532 1693 etin
554 1639 746 1693 futuro
761 1638 969 1692 saeculo
983 1638 1328 1707 remittatur,
1344 1654 1452 1692 nec
1472 1637 1606 1692 inde
1624 1637 1801 1710 possit
1813 1638 2038 1693 Domini

407 1731 613 1786 mutari
642 1732 944 1800 sententia,
974 1748 1102 1803 quae
1129 1731 1277 1786 circa
1301 1732 1444 1786 tales
1472 1731 1666 1803 utique
1692 1748 2035 1803 permanen-

403 1830 488 1879 tes
515 1840 860 1896 permanere
887 1824 1035 1880 dicta
1061 1830 1163 1891 est,
1186 1841 1300 1879 non
1320 1824 1467 1879 circa
1486 1841 1598 1879 non
1628 1825 1768 1879 tales
1786 1825 2034 1880 effectos.

2137 606 2524 679 peremptorie
2550 606 2729 661 vetuti
2751 606 3190 677 pronuntiatum
3210 609 3298 660 est
3313 624 3327 660 :
3342 605 3534 680 236
3560 628 3588 657 «
3605 608 3775 662 Clau-

2137 701 2207 756 de
2234 701 2427 755 oculos
2457 716 2682 768 eorum,
2705 703 2764 754 et
2791 700 2995 755 obtura
3016 715 3184 755 aures
3201 716 3421 768 eorum,
3444 707 3501 755 et
3519 700 3780 756 videntes

2139 811 2253 849 non
2269 794 2519 861 videant,
2547 796 2605 848 et
2622 793 2923 849 audientes
2945 809 3063 848 non
3083 793 3325 848 audiant
3344 797 3488 863 (Isai.
3512 811 3590 861 vr,
3611 798 3720 866 10),
3742 817 3774 845 ››

2136 904 2211 942 ne
2236 887 2470 959 quando
2495 886 2849 959 intelligant,
2879 891 2936 941 et
2957 886 3175 942 obdura
3213 903 3314 942 cor
3349 888 3546 959 populi
3576 889 3773 959 hujus,

2137 997 2212 1035 ne
2236 997 2494 1052 unquam
2527 984 2952 1051 convertantur,
2986 986 3045 1035 et
3073 997 3271 1036 sanem
3298 981 3442 1036 illos.
3475 981 3572 1036 Hic
3597 982 3775 1037 etiam

2138 1074 2411 1130 correctio
2433 1080 2490 1129 et
2506 1074 2835 1130 emendatio
2851 1075 3154 1131 interdicta
3174 1078 3547 1143 monstratur,
3567 1080 3626 1130 et
3642 1076 3776 1131 resi-

2138 1168 2393 1240 piscendi
2430 1185 2656 1240 quoque
2691 1185 2819 1240 spes
2854 1185 3084 1240 prorsus
3115 1168 3485 1224 abscinditur.
3537 1171 3614 1224 De
3656 1186 3775 1242 quo

2137 1262 2271 1316 inde
2297 1262 2508 1333 populo
2533 1262 2815 1332 apostolos
2844 1265 2901 1316 et
2941 1262 3247 1317 Ecclesiam
3275 1261 3622 1333 primitivam
3657 1278 3770 1318 no-

2139 1355 2321 1409 vimus
2344 1354 2699 1425 processisse,
2726 1358 2784 1409 et
2809 1357 2896 1410 tot
2923 1354 3101 1409 millia
3126 1354 3431 1409 hominum
3447 1372 3563 1410 una
3581 1355 3673 1410 die
3699 1357 3772 1411 de

2136 1448 2480 1520 baptismate
2515 1448 2686 1503 fuisse
2718 1448 2947 1504 salvata.
2979 1450 3119 1505 Ecce
3157 1453 3215 1504 et
3250 1448 3311 1503 in
3340 1449 3774 1520 persistentibus

2137 1546 2322 1617 qualis
2348 1551 2435 1601 est
2472 1545 2569 1600 illa
2595 1545 2879 1600 sententia
2904 1547 3268 1617 promulgata
3294 1546 3633 1618 permansit,
3664 1563 3774 1602 nec

2139 1639 2209 1694 ad
2250 1638 2659 1694 correctionem
2698 1655 2929 1711 prorsus
2983 1639 3180 1694 venire
3231 1639 3488 1695 sanitatis
3538 1640 3774 1696 admissi

2137 1736 2287 1801 sunt,
2306 1733 2406 1787 sed
2428 1732 2518 1803 adj
2529 1732 2735 1787 udicati
2759 1736 2894 1787 sunt
2913 1732 2971 1787 in
2987 1749 3087 1787 sua
3108 1732 3364 1804 nequitia
3383 1733 3665 1804 deperire,
3690 1738 3769 1804 et,

2138 1828 2405 1880 manente
2424 1825 2616 1880 divina
2634 1826 2934 1893 sententia,
2952 1842 3070 1880 non
3088 1841 3190 1897 per
3208 1827 3461 1897 ipsorum
3479 1826 3776 1898 propriam

402 1918 667 1984 Quandiu
699 1921 891 1973 autem
921 1918 979 1973 in
1010 1919 1115 1973 hoc
1144 1921 1400 1986 manent,
1434 1919 1571 1974 tales
1592 1924 1745 1986 sunt,
1769 1899 2114 1991 qualibusB
2140 1918 2609 1974 emendationem
2645 1936 2860 1991 suoque
2890 1919 3182 1975 intellectu
3212 1920 3300 1974 vel
3338 1924 3521 1987 motu,
3556 1937 3773 1993 suaque

403 2028 519 2067 non
537 2012 948 2067 remittendum
974 2029 1095 2067 esse
1123 2013 1420 2083 praeﬁxum
1450 2016 1557 2068 est.
1584 2014 1724 2067 Cum
1750 2019 1942 2068 autem
1967 2013 2037 2068 ab
2137 2013 2343 2068 virtute
2370 2013 2456 2067 vel
2483 2012 2856 2084 possibilitate
2876 2013 3133 2068 conversi
3154 2018 3307 2082 sunt,
3326 2018 3392 2067 ut
3411 2018 3772 2081 sanarentur,

401 2107 508 2160 hoc
545 2106 901 2173 recesserint,
940 2123 1057 2161 non
1082 2107 1221 2161 tales
1248 2106 1588 2175 efﬁciuntur,
1622 2106 1882 2178 qualibus
1922 2123 2035 2161 non
2138 2106 2236 2160 sed
2266 2123 2371 2177 per
2396 2107 2640 2178 gratiam
2666 2107 2845 2161 sanati
2885 2111 3037 2174 sunt,
3075 2110 3142 2161 ut
3169 2110 3672 2161 converterentur:
3694 2108 3775 2162 Ne

402 2199 810 2255 remittendum
832 2216 951 2255 esse
980 2200 1277 2270 prirtixum
1308 2202 1414 2253 est.
1443 2200 1511 2254 Et
1530 2200 1658 2254 ideo
1687 2216 1804 2254 non
1831 2199 2037 2254 talibus

402 2292 617 2349 eﬁ'ectis
645 2296 831 2364 potest
860 2295 920 2347 et
945 2293 1035 2347 hic
1061 2296 1118 2347 et
1150 2292 1207 2347 in
1227 2292 1420 2347 futuro
1440 2293 1646 2348 saeculo
1661 2293 1781 2364 jam
1804 2293 2034 2348 dimitti.

402 2386 686 2459 Alioquin,
719 2386 872 2458 quod
889 2386 1054 2453 absit,
1088 2387 1297 2441 frustra
1324 2386 1550 2442 videtur
1580 2387 1821 2442 Ecclesia
1844 2387 2039 2457 hujus-

404 2480 563 2536 modi
590 2497 693 2536 sua
718 2480 1171 2536 reconciliatione
1200 2481 1504 2552 suscipere.
1535 2480 1681 2545 Quia
1705 2486 1897 2535 autem
1918 2480 2038 2534 fru-

406 2575 572 2629 strari
603 2591 719 2629 non
749 2577 953 2646 potest,
987 2575 1094 2630 hoc
1131 2574 1480 2629 intellectum
1524 2574 1708 2628 modis
1749 2574 2034 2644 omnibus,

360 2722 361 2725 η
407 2669 555 2722 salva
594 2668 815 2724 Domini
847 2668 1153 2737 sententia,
1186 2667 1617 2740 praedicandum
1648 2673 1735 2723 est
1764 2673 2039 2740 quantum

404 2762 479 2818 ad
506 2779 607 2816 nos
638 2762 903 2834 pertinet,
939 2762 1181 2818 omnino
1207 2778 1322 2816 non
1355 2777 1543 2833 posse.
1566 2761 1711 2816 Talis
1741 2761 1918 2832 igitur
1950 2762 2036 2816 di-

403 2856 526 2906 ctus
565 2857 651 2907 est
694 2852 929 2907 Acacius
972 2854 1154 2925 qualis
1201 2854 1412 2925 ligatus
1456 2858 1541 2908 est
1574 2869 1873 2924 nunquam
1916 2869 2038 2907 esse

406 2944 728 3000 solvendus.
758 2947 903 3000 Talis
923 2963 1104 3018 usque
1127 2947 1185 3001 in
1209 2947 1389 3001 ﬁnem
1410 2946 1744 3018 permansit,
1774 2947 1898 3001 talis
1917 2963 2039 3001 esse

404 3059 525 3099 non
556 3042 788 3111 destitit,
822 3043 898 3098 ita
926 3044 1051 3098 talis
1067 3050 1151 3099 est
1179 3044 1351 3099 hodie
1373 3044 1556 3115 qualis
1585 3046 1671 3099 est
1698 3044 1902 3099 dictus.
1920 3046 2042 3099 Non

402 3136 528 3191 talis
561 3152 684 3191 esse
704 3136 825 3207 jam
859 3153 976 3192 non
1000 3140 1208 3209 potest,
1240 3153 1537 3208 nunquam
1555 3137 1731 3208 igitur
1756 3138 1889 3192 talis
1908 3154 2035 3210 per-

403 3230 692 3285 manendo
722 3230 1024 3285 solvendus
1065 3235 1168 3297 est,
1199 3230 1333 3301 quia
1369 3231 1416 3285 si
1452 3232 1575 3285 talis
1603 3247 1721 3286 esse
1749 3231 2042 3287 desisteret

402 3339 521 3378 non
553 3323 612 3378 in
642 3339 753 3378 non
781 3324 880 3379 tali
910 3325 1340 3396 permansisset,
1371 3330 1427 3380 et
1447 3341 1745 3397 nunquam
1776 3342 1895 3380 esse
1925 3325 2036 3380 sol-

401 3417 674 3486 vendum,
718 3418 849 3490 quia
877 3434 995 3473 non
1024 3418 1152 3473 talis
1190 3418 1372 3491 qualis
1395 3419 1579 3474 dictus
1605 3423 1708 3487 est,
1740 3436 2036 3492 nunquam

403 3526 524 3566 esse
549 3512 725 3584 possit
751 3511 990 3582 absolvi,
1018 3515 1076 3567 et
1108 3529 1221 3567 non
1245 3513 1349 3567 tali
1390 3530 1684 3585 nunquam
1710 3513 1849 3569 solvi
1874 3530 2035 3569 rece-

402 3606 579 3673 deret,
608 3609 665 3660 et
693 3604 821 3660 ideo
851 3610 915 3660 ut
940 3605 1079 3661 solvi
1112 3611 1303 3678 posset
1342 3607 1649 3662 accederet.
1683 3608 1844 3672 Quod
1872 3607 2039 3663 sedes

402 3699 710 3770 apostolica
740 3715 857 3754 non
889 3700 1192 3767 consensit,
1224 3717 1377 3754 nunc
1405 3701 1717 3772 imperator
1745 3701 2035 3773 imposuit,

402 3810 507 3848 nec
534 3793 826 3848 Anatolius
856 3794 1164 3865 usurpavit.
1199 3795 1537 3865 Totumque,
1582 3798 1648 3849 ut
1691 3794 1906 3850 dictum
1932 3800 2034 3863 est,

403 3888 460 3939 in
512 3885 661 3940 sedis
704 3886 1024 3957 apostolicae.
1070 3891 1370 3958 potestate.
1411 3889 1492 3942 lta
1525 3887 1675 3958 quod
1705 3888 1949 3943 ﬁrmavit
1976 3889 2035 3943 in

403 3979 624 4049 synodo
671 3979 830 4034 sedes
875 3980 1201 4050 apostolica,
1243 3980 1353 4034 hoc
1381 3980 1558 4034 robur
1588 3981 1853 4049 obtinuit,
1884 3983 2037 4053 quod

405 4071 676 4126 refutavit
694 4072 903 4126 habere
919 4089 1031 4126 non
1051 4073 1241 4144 potuit
1257 4072 1603 4143 ﬁrmitatem,
1628 4080 1684 4129 et
1699 4075 1816 4130 sola
1834 4076 2036 4130 rescin-

402 4167 506 4234 dit,
536 4165 695 4237 quod
724 4169 929 4237 praeter
954 4166 1212 4221 ordinem
1241 4168 1608 4239 congregatio
1635 4168 1907 4240 synodica
1930 4187 2031 4240 pu-

402 4261 619 4314 taverat
646 4259 1056 4330 usurpandum.
1082 4260 1203 4314 Non
1224 4261 1645 4332 promulgatrix
1666 4261 1883 4317 iteratae
1905 4279 2031 4317 sen-

404 4352 619 4419 tentias,
648 4353 746 4408 sed
775 4369 905 4407 cum
952 4355 1259 4426 apostolica
1293 4356 1423 4410 sede
1449 4355 1655 4410 veteris
1696 4357 2032 4412 exsecutrix.

406 4448 515 4501 lloc
543 4451 736 4501 tamen
777 4447 930 4518 quod
961 4448 1032 4503 de
1070 4464 1183 4502 uno
1213 4449 1529 4521 eodemque
1559 4450 1791 4506 homine
1821 4451 2034 4506 dictum

401 4545 503 4607 est,
532 4540 646 4595 sive
675 4540 770 4594 tali
811 4541 1151 4612 persisteute
1192 4542 1378 4613 qualis
1417 4544 1756 4599 sententiam
1796 4560 2031 4615 compe-

2137 2202 2556 2267 convertantur,
2585 2199 2791 2272 inquit,
2831 2202 2890 2253 et
2916 2216 3110 2255 sanem
3139 2216 3257 2269 eos,
3295 2217 3369 2255 ne
3401 2217 3503 2255 sua
3546 2207 3772 2273 sponte,

2135 2309 2208 2347 ne
2237 2293 2352 2346 suis
2368 2293 2635 2364 operibus
2656 2293 2863 2365 quibus
2882 2293 3076 2365 utique
3100 2293 3481 2362 conﬁdebant,
3515 2311 3587 2349 ne
3609 2311 3775 2349 suam

2132 2386 2413 2456 justitiam
2454 2390 2754 2456 sectantes,
2792 2386 3029 2458 justitiae
3068 2388 3167 2441 Dei
3210 2403 3328 2442 non
3378 2387 3628 2443 debeant
3654 2404 3776 2443 esse

2140 2479 2398 2550 subjecti,
2439 2479 2511 2534 de
2546 2480 2660 2534 suis
2697 2480 2910 2535 viribus
2942 2481 3308 2547 conﬁdentes,
3336 2497 3452 2535 non
3481 2481 3689 2537 divinus
3714 2498 3776 2538 se

2138 2572 2529 2628 misericordia
2549 2572 3073 2645 illuminationique
3095 2574 3420 2629 subdentes.
3445 2575 3513 2628 Et
3530 2575 3660 2630 ideo
3682 2575 3771 2630 in-

2138 2666 2368 2721 hibetur
2387 2666 2469 2720 eis
2486 2667 2745 2738 superbae
2776 2668 3239 2739 praesumptionis
3264 2667 3517 2737 effectus,
3540 2685 3613 2723 ne
3634 2686 3773 2724 con-

2138 2764 2436 2815 vertantur
2451 2760 2564 2815 suis
2581 2761 3008 2829 intentionibus,
3021 2761 3137 2816 suis
3150 2762 3386 2830 nisibus,
3400 2766 3466 2817 ut
3480 2769 3775 2834 putarant,
3867 2826 3870 2830 Α

2140 2858 2197 2909 et
2221 2870 2419 2909 sanem
2442 2870 2560 2921 eos,
2585 2870 2657 2909 ne
2689 2871 2888 2909 eorum
2910 2855 3069 2927 quasi
3100 2872 3166 2910 ex
3184 2856 3423 2924 meritis,
3447 2872 3515 2911 ex
3546 2858 3777 2929 propria

2139 2948 2406 3003 facultate
2432 2947 2789 3002 venientibus
2817 2948 3079 3003 salvatrix
3110 2949 3297 3020 gratia
3316 2949 3567 3017 daretur,
3598 2954 3775 3023 atque

2138 3041 2217 3095 ita
2258 3041 2445 3112 gratia
2479 3041 2601 3112 jam
2644 3058 2760 3097 non
2787 3046 2934 3097 esset
2963 3042 3170 3114 gratia,
3220 3043 3265 3097 si
3293 3060 3406 3098 non
3435 3044 3609 3114 gratis
3636 3045 3775 3100 dare

2141 3138 2289 3190 esset
2308 3135 2630 3204 immeritis,
2662 3135 2761 3190 sed
2788 3152 3004 3191 merces
3038 3140 3315 3208 tanquam
3353 3137 3571 3192 meritis
3602 3139 3772 3194 resti-

2139 3234 2279 3284 tuta.
2309 3230 2429 3283 Non
2458 3245 2597 3300 ergo
2627 3229 2733 3300 ipsi
2763 3233 3179 3298 convertantur,
3220 3235 3277 3286 et
3302 3246 3495 3284 sanem
3524 3247 3642 3299 eos,
3676 3232 3773 3287 sed

2141 3322 2321 3377 sanati
2358 3339 2461 3394 per
2497 3324 2742 3395 gratiam
2772 3322 3019 3394 qualiter
3041 3323 3111 3378 ad
3138 3323 3520 3379 humilitatem
3560 3325 3774 3381 Christi

2137 3419 2561 3483 convertantur,
2592 3418 2926 3487 agnoscant.
2958 3417 3037 3471 Ita
3059 3416 3120 3471 in
3145 3417 3423 3489 utrisque,
3445 3418 3554 3472 hoc
3581 3421 3690 3488 est,
3717 3422 3776 3474 et

2138 3510 2196 3565 in
2221 3526 2286 3565 eo
2311 3510 2856 3583 permanentibusin
2880 3526 2995 3582 quo
3018 3510 3190 3565 talem
3217 3511 3557 3566 sententiam
3579 3528 3776 3583 perce-

2138 3607 2365 3675 perunt,
2398 3607 2454 3658 et
2473 3604 2532 3657 in
2562 3603 2788 3659 salvatis
2812 3604 3016 3659 exinde
3040 3604 3326 3659 sententia
3349 3605 3643 3660 Dominica
3663 3606 3776 3661 ﬁxa

2137 3698 2472 3769 permansit,
2506 3702 2563 3752 et
2607 3702 2795 3752 tamen
2833 3714 2965 3753 cum
3000 3703 3375 3769 permanente
3413 3698 3491 3753 sic
3518 3698 3600 3753 eis
3622 3699 3774 3755 miro

2140 3806 2350 3861 genere
2380 3791 2590 3847 sanitas
2624 3774 2951 3847 introducta
2983 3794 3086 3862 est,
3118 3796 3180 3847 ut
3208 3792 3305 3846 illa
3337 3793 3623 3848 sententia
3653 3810 3773 3849 non

2138 3887 2357 3940 mutata
2382 3885 2688 3954 videretur,
2709 3886 2808 3940 sed
2829 3886 3033 3941 eadem
3053 3887 3396 3958 perdurante
3421 3886 3635 3942 sanitas
3654 3904 3775 3943 non

2136 3994 2337 4034 eorum
2363 3978 2726 4046 conﬁdentia,
2774 3980 2873 4033 sed
2908 3979 3099 4035 divino
3139 3996 3377 4035 munere
3418 3982 3772 4051 proveniret.

2135 4072 2296 4136 Quod
2323 4072 2369 4126 si
2395 4072 2517 4127 haec
2545 4077 2758 4127 tentare
2787 4073 3120 4143 formidant,
3152 4090 3254 4129 nec
3279 4073 3353 4128 ad
3378 4090 3497 4129 sua:
3519 4075 3777 4145 pertine-

2136 4183 2200 4220 re
2219 4169 2573 4237 cognoscunt
2592 4166 2886 4221 modulum
2902 4167 3209 4239 potestatis,
3236 4168 3325 4222 cui
3339 4172 3565 4223 tantum
3582 4168 3655 4224 de
3672 4169 3779 4225 hu-

2136 4261 2322 4315 manis
2342 4260 2514 4315 rebus
2534 4261 2875 4332 permissum
2907 4265 3011 4330 est,
3042 4279 3159 4317 non
3175 4262 3350 4317 etiam
3371 4278 3501 4317 eam
3524 4279 3775 4333 praeesse

2137 4354 2360 4422 divinis,
2392 4354 2684 4426 quomodo
2717 4355 2787 4410 de
2816 4356 2907 4410 his
2931 4373 3034 4428 per
3057 4373 3198 4428 quos
3218 4355 3407 4411 divina
3437 4356 3771 4411 ministran-

2134 4456 2228 4504 tur
2246 4449 2503 4521 judicare
2540 4450 2940 4521 praesumunt?
2983 4451 3216 4505 Fuerint
3251 4451 3375 4506 haec
3403 4456 3535 4505 ante
3560 4451 3774 4507 adven-

2133 4548 2254 4597 tum
2281 4543 2508 4614 Christi,
2542 4549 2607 4597 ut
2632 4543 2868 4615 quidem
2900 4544 3234 4615 ﬁguraliter,
3262 4544 3449 4599 adhuc
3480 4547 3673 4599 tamen
3714 4546 3775 4601 in

409 4637 593 4689 tenter
620 4634 858 4705 accepit,
888 4634 1002 4689 sive
1026 4652 1143 4691 non
1171 4636 1267 4690 tali
1291 4636 1490 4691 effecto
1517 4641 1572 4691 et
1595 4637 1665 4691 ab
1685 4638 1781 4692 illa
1804 4642 2034 4694 senten-
2056 4641 2115 4714 Ι)
2139 4636 2454 4691 carnalibus
2469 4636 2684 4692 actibus
2700 4638 3239 4709 constituti,pariter
3252 4655 3420 4725 reges
3436 4638 3770 4708 existerent,

406 4729 484 4782 tia
508 4745 637 4799 qua:
666 4745 781 4783 non
808 4728 910 4784 tali
939 4745 1056 4783 non
1084 4728 1232 4784 dicta
1258 4735 1344 4784 est
1382 4730 1665 4797 absoluto,
1712 4734 1771 4785 et
1808 4731 1866 4786 in
1894 4749 2033 4787 una-

363 4818 385 4923 ι
404 4837 632 4893 quaque
651 4821 880 4877 civitate
903 4821 1131 4894 legitur,
1145 4823 1406 4878 similiter
1425 4840 1546 4878 esse
1568 4824 1884 4895 praeﬁxum,
1904 4830 1962 4881 et
1978 4826 2035 4881 in

403 4916 613 4986 populo
637 4932 702 4971 ac
735 4916 908 4971 simul
942 4920 1112 4988 gente
1139 4917 1542 4988 depromptum
1576 4917 1786 4988 potius,
1819 4935 1947 4989 qua:
1976 4920 2035 4974 in

400 5014 517 5064 toto
545 5009 680 5065 orbe
717 5010 901 5081 portio
938 5014 1040 5064 est.
1085 5010 1239 5065 Idem
1275 5010 1430 5066 enim
1472 5011 1719 5065 mundus
1747 5017 1832 5067 est
1856 5011 1951 5083 qui
1983 5017 2038 5069 et

402 5101 685 5173 periturus
710 5108 795 5159 est
824 5103 1028 5171 dictus,
1062 5109 1118 5159 et
1153 5120 1345 5159 sermo
1380 5104 1482 5159 Dei
1522 5121 1639 5159 non
1670 5108 1858 5176 potest
1884 5106 2032 5161 exci-

401 5196 560 5264 dere,
590 5197 729 5251 etin
768 5197 892 5269 ipso
916 5197 1134 5252 mundo
1164 5197 1539 5253 nihilominus
1568 5215 1601 5253 a
1633 5199 1816 5270 pravis
1845 5201 2033 5255 inten-

401 5288 650 5344 tionibus
678 5290 979 5346 recedente
1016 5308 1132 5347 non
1162 5292 1465 5364 promitur.
1492 5292 1583 5349 Sic
1608 5294 1784 5365 Tyrus
1810 5299 1867 5350 et
1885 5295 2037 5350 Beri-

399 5390 501 5439 ton
542 5399 701 5455 gaza,
750 5387 807 5439 et
843 5386 1113 5458 zEgyptus
1158 5385 1546 5458 pronuntiatus
1590 5391 1724 5442 sunt
1764 5388 2037 5460 periturae

399 5495 541 5550 quas
561 5482 763 5550 postea
787 5494 890 5550 per
916 5481 1285 5552 Evangelium
1319 5481 1581 5537 novimus
1614 5498 1737 5537 esse
1769 5483 2032 5537 salvatas.

397 5572 699 5628 Perierunt
709 5573 901 5645 itaque
919 5573 1131 5646 duplici
1145 5575 1315 5630 modo
1332 5592 1345 5629 :
1365 5579 1464 5629 aut
1478 5579 1880 5646 permanentes
1893 5575 1952 5630 in
1965 5592 2034 5631 eo

401 5667 552 5736 quod
586 5667 761 5721 talem
790 5667 1132 5723 sententiam
1158 5673 1553 5739 susceperunt,
1581 5674 1679 5723 aut
1715 5668 2036 5724 deﬁcientes

400 5758 469 5811 ab
498 5774 564 5812 eo
587 5775 698 5828 quo
723 5762 861 5814 tales
884 5761 1144 5827 fuerant;
1176 5760 1382 5829 quibus
1408 5764 1494 5814 est
1536 5760 1628 5815 illa
1658 5762 1941 5817 sententia
1976 5766 2038 5816 ut

405 5857 816 5917 consequenter
833 5852 905 5905 ad
927 5868 1041 5905 non
1061 5852 1206 5905 tales
1225 5865 1342 5904 non
1364 5852 1678 5921 pertineret
1694 5854 1794 5908 illa
1815 5858 2039 5909 senten-

408 5938 485 5991 tia
513 5954 638 6009 quae
666 5956 778 5993 non
810 5943 1015 5997 talibus
1037 5942 1264 6012 praeﬁxa
1286 5958 1401 5997 non
1430 5943 1630 5998 fuerat.
1661 5944 1749 5999 Sic
1770 5944 1943 6000 etiam
1967 5947 2036 6003 de

2138 4736 2195 4786 et
2233 4731 2445 4802 pariter
2480 4731 2815 4787 sacerdotes.
2855 4732 3017 4797 Quod
3058 4737 3322 4787 sanctum
3358 4731 3777 4788 Melchisedech

2136 4824 2310 4879 fuisse
2331 4840 2487 4878 sacra
2510 4824 2700 4896 prodit
2720 4824 2972 4880 historia.
3000 4824 3164 4890 Quod
3187 4825 3247 4880 in
3267 4825 3383 4881 suis
3399 4841 3631 4898 quoque
3652 4825 3776 4881 dia-

2136 4918 2300 4974 bolus
2319 4918 2575 4974 imitatus
2596 4924 2699 4987 est,
2720 4922 2920 4990 utpote
2939 4919 3039 4992 qui
3055 4935 3283 4991 semper
3296 4936 3426 4992 quas
3445 4919 3641 4974 divino
3658 4919 3779 4974 cul-

2135 5012 2220 5066 tui
2239 5013 2609 5069 convenirent
2632 5013 2860 5068 sibimet
2891 5015 3189 5085 tyrannico
3224 5013 3447 5086 spiritui
3483 5012 3777 5070 vindicare

2135 5106 2446 5176 contendit,
2476 5113 2539 5162 ut
2560 5108 2769 5179 pagani
2800 5106 3174 5179 imperatores
3216 5107 3394 5163 iidem
3433 5112 3492 5163 et
3531 5107 3775 5162 maximi

2136 5201 2432 5272 pontiﬁces
2461 5201 2803 5257 dicerentur.

2207 5294 2316 5350 Sed
2356 5311 2486 5349 cum
2532 5294 2605 5350 ad
2652 5311 2850 5351 verum
2881 5299 3113 5351 ventum
3143 5300 3247 5367 est,
3275 5294 3544 5351 eumdem
3572 5311 3775 5369 regem

2133 5393 2303 5459 atque
2331 5389 2662 5460 pontiﬁcem
2690 5390 2837 5444 ultra
2866 5388 2974 5444 sibi
3003 5406 3109 5445 nec
3134 5389 3451 5462 imperator
3482 5389 3777 5462 pontiﬁcis

2136 5498 2345 5536 nomen
2376 5481 2671 5555 imposuit,
2697 5500 2802 5539 nec
2822 5483 3077 5556 pontifex
3102 5485 3296 5557 regale
3318 5484 3614 5556 fastigium
3644 5500 3776 5540 ven-

2136 5575 2360 5631 dicavit.
2404 5577 2671 5642 Quamvis
2706 5578 2860 5634 enim
2896 5579 3159 5634 membra
3186 5578 3385 5651 ipsius,
3423 5578 3484 5633 id
3513 5583 3615 5646 est,
3651 5579 3775 5634 veri

2134 5669 2288 5741 regis
2341 5675 2511 5743 atque
2560 5671 2844 5742 pontiﬁcis
2900 5672 3215 5728 secundum
3266 5671 3773 5744 participationem

2135 5764 2433 5835 magniﬁce
2454 5768 2760 5837 utrumque
2782 5766 2839 5821 in
2863 5783 3022 5822 sacra
3048 5766 3436 5838 generositate
3457 5765 3773 5838 sumpsisse

2136 5856 2419 5925 dicantur,
2448 5863 2512 5911 ut
2535 5858 2702 5913 simul
2732 5862 2926 5932 regale
2958 5876 3140 5932 genus
3171 5866 3227 5916 et
3264 5860 3612 5917 sacerdotale
3645 5859 3775 5915 sub-

2137 5948 2357 6009 sistant.
2392 5950 2664 6021 quoniam
2694 5952 2948 6009 Christus
2968 5969 3190 6009 memor
3216 5953 3535 6027 fragilitatis
3566 5953 3770 6008 huma~
