4040 6310
242 286 344 354 953

1471 291 1942 356 DECRETALIUM
1981 291 2369 357 COLLECTIO.

3499 303 3603 358 954

238 422 348 473 me,
384 404 540 476 quod
579 419 820 461 suorum
860 405 1028 462 saluti
1066 413 1408 479 congrueret
1450 409 1871 480 dispensatione
1892 408 2050 492 Acis
2093 410 2492 481 haereticisque
2535 409 2863 481 suppositis,
2896 409 2984 466 vel
3030 405 3120 464 his
3165 410 3264 481 qui
3307 410 3602 466 heretico-

240 499 547 570 magniﬁca
575 500 931 570 temperavit,
967 501 1044 556 sic
1069 501 1386 556 actionibus
1415 502 1660 574 propriis
1691 501 1874 573 digni-

242 593 564 664 tatibusque
634 593 909 648 distinctis
975 595 1158 650 ofﬁcia
1212 596 1508 667 potestatis
1578 596 1872 666 utriusque

239 686 522 753 discrevit,
551 703 680 741 suos
707 687 898 742 volens
926 688 1255 743 medicinali
1281 690 1600 744 humilitate
1646 689 1870 755 salvari,

238 796 354 835 non
372 780 634 834 humana
661 781 928 852 superbia
946 798 1142 836 rursus
1168 782 1447 853 intercipi,
1465 783 1542 836 ita
1565 787 1626 836 ut
1645 788 1700 836 et
1717 782 1874 837 Chri-

239 873 407 928 stiani
463 872 835 945 imperatores
899 867 1002 946 pro
1071 882 1286 930 aeterna
1343 876 1457 930 vita
1512 875 1873 946 pontiﬁcibus

240 967 587 1038 indigerent,
637 971 694 1022 et
745 969 1042 1038 pontifices
1094 985 1196 1040 pro
1257 969 1661 1040 temporalium
1706 985 1871 1023 cursu

239 1076 438 1140 rerum
471 1060 858 1130 imperialibus
887 1061 1349 1132 dispositionibus
1377 1065 1700 1129 uterentur,
1731 1079 1870 1133 qua-

241 1157 406 1208 tenus
426 1153 694 1224 spiritalis
714 1155 858 1209 actio
877 1171 909 1208 a
930 1156 1248 1210 carnalibus
1268 1156 1502 1210 distaret
1520 1156 1870 1222 incursibus;

241 1251 296 1300 et
323 1245 452 1302 ideo
477 1246 731 1302 militans
748 1248 864 1302 Deo
885 1248 1125 1302 minime
1151 1265 1208 1302 se
1233 1248 1477 1318 negotiis
1503 1248 1873 1302 saecularibus

240 1340 581 1411 implicaret,
614 1357 678 1395 ac
707 1341 950 1396 vicissim
979 1359 1095 1396 non
1122 1342 1212 1396 ille
1249 1342 1414 1396 rebus
1444 1342 1646 1396 divinis
1675 1342 1870 1413 praesi-

243 1433 378 1488 dere
406 1433 713 1501 videretur,
747 1433 845 1505 qui
891 1438 1037 1490 esset
1081 1436 1321 1506 negotiis
1369 1436 1732 1490 saecularibus
1764 1435 1869 1488 im-

240 1528 506 1598 plicatus,
527 1531 668 1582 utet
695 1528 975 1583 modestia
1003 1529 1294 1600 utriusque
1317 1529 1535 1584 ordinis
1558 1532 1868 1596 curaretur,

245 1639 313 1676 ne
331 1623 703 1676 extolleretur
723 1627 962 1693 utroque
988 1623 1283 1691 suffultus;
1312 1629 1368 1677 et
1393 1629 1721 1693 competens
1743 1639 1874 1692 qua-

242 1715 495 1770 litatibus
533 1717 822 1770 actionum
870 1716 1191 1786 specialiter
1233 1716 1510 1788 professio
1559 1719 1868 1787 aptaretur.

1971 519 2099 557 rum
2144 503 2489 558 tenebantur
2523 503 2927 558 communione
2971 503 3194 575 polluti,
3231 502 3400 559 etiam
3433 521 3609 561 sacrae

1972 597 2262 668 religionis
2305 597 2362 652 in
2407 597 2724 653 sinceritate
2766 597 2988 668 polluti,
3031 597 3369 668 participem
3418 615 3605 666 suum,

1971 697 2087 744 tam
2135 690 2422 746 absolvere
2467 691 2867 763 nequiverunt,
2915 707 3086 761 quam
3132 691 3242 762 ipsi
3287 709 3402 745 non
3445 699 3610 747 erant

1973 783 2239 838 absoluti.
2271 788 2347 838 Ac
2375 785 2612 856 proinde
2647 789 2764 839 tam
2797 783 3192 839 ecclesiastica:
3218 786 3437 855 regula:
3458 802 3604 855 prte-

1973 877 2314 932 varicatores
2360 896 2527 950 quam
2577 882 2950 933 sacrosancta
2997 878 3411 932 communionis
3454 879 3605 934 inte-

1974 971 2234 1040 gritatem
2264 972 2617 1027 maculantes
2644 971 2930 1027 consortio
2963 971 3327 1042 perﬁdorum,
3354 972 3510 1043 quod
3532 972 3603 1026 de

1974 1080 2071 1118 reo
2084 1064 2372 1119 simillimo
2393 1071 2705 1135 potuerunt
2729 1066 2880 1120 ferre
2896 1065 3198 1136 judicium.
3222 1067 3297 1120 De
3315 1065 3608 1120 catholicis

1976 1157 2130 1210 enim
2144 1158 2503 1228 pontificibus
2519 1176 2623 1229 per
2635 1161 2820 1213 totum
2838 1159 3148 1226 Orientem,
3166 1162 3264 1213 aut
3279 1159 3607 1230 quicunque

1974 1251 2238 1320 perstitit,
2271 1257 2356 1306 est
2399 1253 2631 1321 ejectus,
2660 1256 2759 1305 aut
2802 1252 2896 1306 ille
2938 1253 3142 1306 restitit
3182 1252 3280 1324 qui
3325 1253 3608 1306 consensit

1976 1343 2175 1410 errori,
2194 1350 2250 1398 et
2271 1361 2326 1398 se
2349 1346 2420 1399 ab
2449 1345 2765 1399 errantium
2796 1345 3136 1416 contagione
3168 1345 3424 1400 retraxit.
3446 1345 3604 1409 Quod

1974 1435 2148 1506 igitur
2203 1455 2400 1492 eorum
2458 1438 2643 1508 potuit
2693 1439 2763 1492 de
2829 1440 3168 1509 cujusquam
3232 1455 3427 1493 errore
3481 1455 3605 1492 esse

1965 1529 2266 1599 judicium,
2299 1532 2397 1602 qui
2439 1549 2734 1603 nunquam
2763 1548 2878 1587 non
2923 1549 3143 1586 errasse
3189 1538 3602 1599 monstrantur,

1975 1624 2069 1676 sed
2129 1625 2528 1679 haereticorum
2581 1626 2836 1681 similiter
2894 1627 3413 1697 catholicorumque
3467 1642 3604 1680 con~

1974 1717 2219 1773 fessione
2261 1718 2535 1789 permista
2576 1725 2808 1774 cunctas
2855 1719 3150 1789 religionis
3195 1735 3345 1773 verae
3391 1725 3448 1774 et
3491 1719 3602 1773 sin-

241 1808 456 1873 Quibus
479 1809 744 1862 omnibus
773 1809 880 1863 rite
919 1810 1167 1864 collectis
1195 1809 1328 1864 satis
1354 1810 1648 1864 evidenter
1675 1815 1868 1863 osten-
1891 1791 1949 1862 B
1973 1828 2116 1866 cerae
2137 1813 2296 1866 sedes
2311 1812 2592 1878 turbasse,
2609 1813 2947 1868 catholicam
2973 1813 3454 1884 apostolicamque
3475 1829 3606 1868 con-

244 1903 396 1956 ditur
419 1920 452 1956 a
480 1903 739 1956 saeculari
783 1907 1083 1974 potestate,
1118 1920 1220 1957 nec
1268 1903 1436 1974 ligari
1485 1887 1736 1974 prorsus,
1771 1917 1874 1956 nec

247 1996 381 2050 solvi
408 2012 576 2067 posse
602 1996 954 2066 pontiﬁcem.
989 1997 1112 2060 Quo
1141 1996 1494 2051 manifestius
1530 1995 1873 2067 approbatur

246 2089 697 2144 Alexandrinum
729 2091 960 2145 Petrum
979 2107 1084 2162 per
1100 2090 1458 2160 imperiali-m
1479 2089 1874 2144 tantummodo

247 2183 592 2238 sententiam
615 2185 768 2239 nullo
788 2185 957 2238 modo
986 2183 1238 2256 potuisse
1269 2191 1500 2255 prorsus
1520 2182 1758 2249 absolvi;
1780 2182 1875 2237 ubi

245 2277 289 2331 si
325 2277 660 2348 pontificum
699 2295 923 2350 quoque
969 2278 1213 2332 sociatur
1248 2295 1528 2344 assensus,
1566 2276 1875 2349 quaerimus

247 2377 438 2426 utrum
489 2372 849 2443 processerit,
897 2389 970 2426 an
1015 2373 1189 2427 fuerit
1239 2372 1586 2427 subsecutus.
1634 2371 1694 2426 Si
1738 2371 1871 2425 sub-

246 2472 471 2530 secutus
517 2471 602 2520 est
645 2466 1017 2521 nihilominus
1063 2467 1134 2521 ad
1182 2467 1241 2520 id
1285 2465 1566 2534 redditur,
1601 2474 1663 2520 ut
1705 2465 1871 2520 abso-

246 2559 381 2613 lutio
433 2560 686 2614 saeculari
728 2563 1005 2631 potestate
1054 2563 1340 2631 praecepta
1383 2565 1439 2614 et
1489 2558 1875 2630 principaliter

246 2653 513 2708 inchoata
538 2654 726 2707 valere
766 2671 883 2708 non
921 2654 1119 2725 possit,
1152 2653 1605 2724 pontificumque
1650 2657 1875 2707 secutus

245 2762 508 2800 assensus
555 2746 900 2801 adulationis
941 2747 1130 2818 potius
1161 2747 1352 2813 fuerit,
1384 2763 1555 2818 quam
1599 2746 1875 2816 legitimae

247 2839 571 2895 sanationis.
622 2841 677 2895 Si
723 2841 1024 2912 praecessit,
1053 2841 1324 2895 doceatur
1361 2858 1392 2894 a
1437 2840 1644 2910 quibus
1687 2843 1742 2894 et
1776 2839 1876 2894 ubi

249 2933 340 2989 ille
390 2933 464 2987 sit
528 2939 736 3004 gestus,
790 2935 838 2989 si
894 2936 1208 2989 secundum
1284 2934 1542 2989 Ecclesiae
1616 2935 1876 3005 regulam

247 3027 585 3096 celebratus,
620 3027 664 3081 si
708 3035 945 3099 paterna
989 3029 1293 3083 traditione
1334 3029 1643 3099 profectus,
1673 3028 1720 3082 si
1753 3044 1876 3082 ma-

239 3122 432 3192 jorum
464 3137 625 3176 more
670 3123 942 3193 prolatus,
976 3123 1023 3176 si
1066 3122 1409 3194 competenti
1457 3122 1875 3177 examinatione

247 3215 643 3286 depromptus.
692 3217 796 3270 Ubi
844 3217 1043 3287 procul
1093 3217 1266 3270 dubio
1313 3217 1719 3287 requirendum
1771 3221 1874 3280 est,

247 3309 291 3363 si
353 3309 614 3380 synodali
688 3312 1129 3382 congregatione
1203 3311 1535 3377 celebratus,
1601 3310 1756 3381 quod
1821 3309 1877 3363 in

248 3404 579 3475 receptione
628 3404 907 3472 damnari,
950 3411 1008 3459 et
1051 3405 1382 3476 depulsione
1429 3405 1708 3473 catholici,
1749 3403 1882 3474 quia

250 3514 396 3553 nova
421 3501 508 3552 est
537 3515 722 3568 causa,
752 3498 874 3553 ﬁeri
906 3499 1284 3553 certissimum
1315 3502 1428 3565 est;
1463 3499 1508 3553 si
1535 3499 1603 3553 ad
1634 3499 1877 3570 primam

252 3593 470 3658 sedem,
541 3592 699 3662 cujus
772 3593 1048 3648 intererat
1116 3593 1428 3660 sententiae,
1495 3609 1609 3664 qua
1685 3594 1880 3646 Petrus

251 3687 572 3755 tenebatur,
604 3688 926 3754 obstrictus,
959 3692 1015 3741 et
1040 3689 1354 3742 secundum
1384 3689 1606 3758 regulas
1634 3690 1718 3740 est
1744 3687 1884 3739 rela-

253 3785 410 3847 tum;
438 3781 484 3834 si
506 3782 702 3836 eadem
733 3799 858 3852 quae
887 3783 1098 3852 ligavit,
1121 3782 1386 3850 absolvit;
1411 3781 1454 3835 si
1483 3782 1580 3835 illa
1611 3797 1740 3851 quae
1766 3797 1881 3835 non

254 3875 528 3945 ligaverat
562 3876 897 3942 resolvente,
926 3876 1046 3930 imo
1075 3875 1248 3930 etiam
1290 3876 1574 3930 nesciente
1613 3875 1884 3946 potuisset

255 3967 501 4022 dissolvi.
531 3968 587 4023 Si
616 3969 738 4022 haec
766 3975 918 4040 gesta
946 3986 1059 4024 non
1090 3975 1240 4036 sunt,
1272 3986 1386 4040 quo
1424 3986 1601 4036 more,
1630 3985 1742 4040 quo
1771 3967 1884 4022 ritu

254 4061 665 4116 Alexandrinus
722 4064 920 4116 Petrus
967 4063 1345 4133 praetenditur
1393 4063 1705 4129 absolutus,
1755 4078 1885 4116 cum

251 4171 360 4209 nec
388 4172 418 4208 a
449 4156 812 4226 pontiﬁcibus
843 4157 1120 4227 legitime,
1153 4164 1210 4211 et
1246 4157 1634 4211 ecclesiasticis
1663 4157 1885 4228 legibus

250 4248 426 4304 fuerit
465 4251 774 4320 expeditus,
807 4267 907 4304 nec
945 4268 978 4303 a
1008 4251 1261 4306 saeculari
1312 4255 1594 4322 potestate
1640 4250 1886 4321 potuerit

253 4350 460 4414 praeter
499 4344 756 4398 Ecclesiae
800 4345 1086 4399 tramitem
1130 4362 1363 4416 prorsus
1405 4344 1668 4398 absolvi?
1704 4345 1884 4398 Tanto

251 4437 440 4508 magis
468 4438 719 4508 poscenti
749 4439 1077 4509 imperatori
1105 4457 1136 4492 a
1164 4439 1523 4510 pontiﬁcibus
1553 4439 1738 4491 fuerat
1759 4453 1887 4507 sug-

1897 3165 1952 3239 C

1975 1905 2187 1959 fudisse
2217 1907 2543 1976 puritatem.
2573 1909 2710 1961 Ecce
2742 1906 2841 1977 qui
2878 1923 3040 1960 reum
3070 1906 3380 1975 absolvere,
3403 1907 3502 1978 qui
3524 1907 3604 1961 rei

1972 2015 2092 2070 prae
2125 1999 2388 2053 omnibus
2431 1999 2783 2053 docebantur
2825 1999 3026 2054 effecti.
3060 2000 3202 2053 Ecce
3243 2017 3374 2054 cum
3399 2001 3605 2070 quibus

1974 2091 2042 2147 de
2069 2092 2410 2147 absolvendo
2444 2108 2543 2146 reo
2576 2093 2822 2162 synodus
2852 2093 3036 2146 fuerat
3080 2093 3352 2147 ineunda.
3383 2093 3439 2148 Si
3471 2094 3607 2149 fides

1973 2191 2029 2240 et
2073 2187 2403 2241 communio
2452 2185 2732 2241 catholica
2779 2186 3154 2252 retinebatur,
3200 2203 3302 2240 cur
3345 2187 3605 2241 catholici

1973 2280 2331 2350 pellebantur
2359 2279 2663 2349 antistites,
2695 2279 2986 2350 quomodo
3007 2280 3406 2335 tantummodo
3429 2281 3607 2336 haere-

1973 2373 2071 2428 tici
2091 2373 2466 2428 servabantur
2477 2373 2505 2428 ?

1975 2493 2103 2546 Item
2147 2491 2373 2558 epistola
2415 2490 2616 2546 Gelasii
2656 2504 2814 2558 papae
2860 2490 2935 2543 ad
2976 2491 3235 2545 Faustum
3285 2493 3605 2559 magistrum

2114 2563 2427 2630 fungentem
2453 2561 2738 2629 legationis
2767 2563 2943 2629 ofﬁcio
2976 2564 3459 2632 Constantinopoli.

2045 2655 2162 2725 Ego
2193 2670 2422 2724 quoque
2451 2659 2643 2708 mente
2687 2653 2912 2724 percepi
2955 2655 3179 2709 Graecos
3207 2655 3265 2708 in
3296 2672 3400 2710 sua
3428 2655 3601 2711 obsti-

1974 2748 2200 2802 natione
2246 2764 2567 2815 mansuros,
2597 2763 2671 2800 ne
2713 2747 2802 2800 cui
2842 2747 2996 2801 velut
3034 2748 3382 2819 insperatum
3427 2750 3605 2804 videri

1975 2841 2340 2914 potest,quod
2355 2844 2440 2896 est
2455 2841 2512 2895 in
2531 2843 2662 2894 ante
2676 2841 3106 2911 prtecognitum.
3122 2843 3477 2913 Quapropter
3487 2860 3604 2898 non

1975 2942 2095 2990 tam
2127 2939 2363 3006 propter
2389 2934 2693 3005 legationis
2727 2951 2925 2988 causas
2965 2936 3197 2989 student
3222 2936 3603 3007 dispesitioni-

1976 3031 2083 3084 bus
2112 3028 2352 3101 publicis
2379 3029 2630 3096 obviare,
2659 3027 2758 3083 sed
2801 3029 2995 3100 potius
3024 3045 3124 3100 per
3153 3029 3506 3084 occasionem
3532 3030 3612 3085 le-

1980 3124 2218 3194 gationis
2245 3123 2418 3194 regiae.
2437 3123 2772 3177 catholicam
2799 3122 2973 3177 fidem
2988 3122 3309 3178 moliuntur
3329 3130 3606 3194 evertere,

1979 3220 2035 3272 et
2075 3217 2172 3271 tali
2205 3219 2528 3270 commento
2574 3215 2834 3269 nituntur
2874 3221 3101 3286 sperata
3143 3223 3432 3286 praestare.
3467 3217 3613 3281 Quid

1980 3311 2083 3366 sibi
2108 3312 2227 3364 vult
2251 3314 2440 3364 autem
2465 3309 2616 3380 quod
2646 3309 2854 3363 dixerit
2878 3308 3210 3379 imperator,
3229 3327 3264 3364 a
3284 3310 3449 3365 nobis
3473 3327 3532 3365 se
3549 3311 3609 3365 in

1979 3405 2259 3476 religione
2288 3404 2644 3467 damnatum,
2663 3418 2792 3455 cum
2819 3419 2992 3472 super
3009 3402 3112 3456 hac
3129 3407 3293 3473 parte
3318 3409 3373 3458 et
3393 3404 3613 3474 praede-

1981 3513 2342 3553 cessormeus
2357 3513 2473 3550 non
2491 3496 2677 3550 solum
2695 3495 2930 3550 minime
2949 3512 3165 3549 nomen
3189 3496 3310 3566 ejus
3329 3497 3609 3568 attigerit,

1981 3593 2080 3646 sed
2132 3592 2363 3660 insuper
2403 3589 2632 3659 quando
2683 3588 2960 3660 principia
3003 3589 3243 3660 adeptus
3282 3591 3460 3661 regiae
3504 3608 3606 3663 po-

1981 3686 2198 3740 testatis
2242 3683 2510 3749 exercuit,
2535 3683 2592 3736 in
2632 3683 2752 3752 ejus
2787 3699 2845 3736 se
2890 3682 3178 3752 rescripsit
3217 3683 3447 3754 imperii
3473 3701 3606 3756 pro.

1983 3779 2237 3834 motione
2272 3777 2536 3848 gaudere,
2569 3780 2626 3830 et
2653 3792 2762 3846 ego
2795 3776 2952 3831 nulla
2979 3776 3156 3846 ipsius
3183 3793 3438 3849 unquam
3470 3780 3609 3833 scri-

1984 3879 2080 3945 pta
2121 3871 2440 3944 percipiens
2482 3870 2805 3925 honoriﬁcis
2835 3869 3042 3924 nostris
3067 3887 3200 3924 eum
3233 3871 3435 3926 litteris
3464 3873 3610 3927 salu-

1983 3973 2106 4022 tare
2133 3963 2487 4021 curaverim‘?
2516 3966 2964 4019 Prtedecessores
3007 3965 3126 4019 mei
3168 3966 3485 4022 sacerdotes
3516 3964 3613 4038 qui

1984 4060 2509 4134 praevaricatoribus
2558 4076 2617 4113 se
2680 4059 3129 4114 communicasse
3191 4061 3428 4132 propria
3480 4077 3614 4116 voce

1985 4155 2229 4212 confessi
2255 4159 2406 4223 sunt,
2437 4171 2471 4208 a
2501 4153 2907 4208 communione
2936 4169 3032 4208 eos
3057 4154 3367 4224 apostolica
3394 4155 3617 4210 submo-

1986 4255 2203 4304 verunt.
2237 4248 2292 4303 Si
2325 4248 2402 4301 ita
2426 4247 2610 4317 placet
2639 4263 2698 4300 se
2725 4246 2961 4300 miscere
2988 4247 3288 4313 damnatis,
3313 4248 3477 4302 nobis
3504 4266 3620 4305 non

1984 4346 2172 4415 potest
2224 4339 2491 4411 imputari
2546 4340 2591 4393 si
2641 4340 2712 4393 ab
2765 4340 2847 4392 eis
2893 4339 3029 4392 velit
3083 4340 3404 4408 abscedere,
3462 4346 3620 4396 tanto

1987 4437 2172 4507 magis
2198 4452 2229 4488 a
2255 4433 2418 4488 nobis
2449 4450 2566 4488 non
2597 4437 2782 4503 potest
2809 4449 2928 4488 esse
2957 4432 3276 4500 damnatus,
3302 4435 3399 4489 sed
3429 4437 3617 4506 potius

256 4530 596 4602 gerendum,
619 4533 745 4586 utsi
773 4549 903 4587 eum
928 4534 1183 4604 legitime
1201 4535 1365 4588 vellet
1391 4532 1602 4586 absolvi
1628 4531 1888 4601 legitima
1906 4535 1966 4607 Ι)
1991 4531 2060 4584 ad
2088 4527 2330 4600 gratiam
2369 4526 2606 4580 sincerae
2635 4526 3053 4580 communionis
3084 4526 3387 4582 admissus.
3417 4527 3503 4582 Ad
3531 4547 3618 4584 se-

255 4625 621 4679 ecclesiastici
676 4628 890 4681 tenoris
943 4628 1224 4682 absolutio
1267 4626 1608 4699 proveniret,
1655 4631 1712 4680 et
1766 4626 1887 4679 haec

258 4719 454 4774 omnia
483 4737 610 4791 qua:
637 4721 895 4792 superius
924 4723 1070 4777 dicta
1110 4728 1240 4777 sunt
1274 4721 1588 4776 secundum
1625 4720 1888 4774 Ecclesia“:

259 4814 556 4867 tramitem
600 4822 960 4870 servarentur
992 4833 1004 4870 2
1039 4817 1324 4887 praecipue
1354 4832 1483 4869 cum
1513 4815 1580 4868 de
1624 4813 1889 4868 secunda:

259 4906 410 4960 sedis
449 4910 720 4978 ageretur
755 4909 1025 4977 antistite,
1058 4927 1163 4964 nec
1201 4893 1274 4963 ab
1312 4908 1574 4963 inferiore
1617 4907 1887 4978 qualibet,

261 5001 358 5056 sed
377 5017 409 5054 a
427 5001 613 5073 prima
635 5003 764 5057 sede
786 5003 919 5073 jure
950 5003 1126 5074 possit
1155 5003 1386 5058 absolvi.
1414 5003 1654 5057 Inferior
1677 5002 1890 5073 quippe

260 5093 548 5165 potiorem
605 5095 900 5151 absolvere
946 5115 1063 5152 non
1110 5102 1313 5169 potest,
1357 5097 1477 5152 sola
1524 5107 1660 5168 ergo
1705 5095 1892 5167 potior

261 5188 590 5244 inferiorem
618 5192 1021 5246 convenienter
1044 5192 1302 5248 absolvit.
1336 5191 1578 5246 Proinde
1611 5190 1893 5244 inferioris

265 5283 369 5338 loci
399 5283 694 5354 pontiﬁces
726 5286 826 5357 qui
869 5287 1195 5341 nullatenus
1221 5303 1279 5341 se
1307 5290 1580 5341 noverant
1615 5284 1892 5356 potiorem

263 5376 373 5432 sibi
399 5377 521 5433 sine
545 5379 728 5449 prima
754 5380 890 5434 sede
913 5397 1073 5451 posse
1095 5383 1393 5448 resolvere,
1414 5379 1696 5452 praecipue
1719 5394 1892 5449 quem

263 5471 387 5542 ejus
415 5473 701 5527 sententia
743 5480 1018 5529 noverant
1065 5475 1402 5545 obligatum,
1435 5470 1896 5546 prmvaricaloria

264 5566 622 5622 absolutione
677 5569 866 5639 potius
921 5586 1034 5622 non
1087 5569 1248 5623 illum
1308 5568 1534 5639 penitus
1597 5569 1892 5632 exuerunt,

267 5659 364 5714 sed
419 5661 885 5732 praevaricatione
958 5662 1144 5734 potius
1209 5666 1546 5717 nexuerunt.
1609 5663 1688 5716 lta
1749 5658 1896 5714 Petri

266 5753 548 5810 absolutio
626 5772 693 5810 ex
767 5762 1009 5829 utroque
1083 5773 1196 5810 non
1275 5761 1510 5824 constat,
1588 5755 1722 5827 quia
1797 5770 1898 5808 nec

269 5848 726 5918 praevaricatoria
760 5850 1116 5906 absolutione
1148 5850 1233 5905 rei
1272 5867 1437 5905 reum
1474 5850 1766 5905 absolvere
1793 5864 1896 5920 po-

270 5943 519 6009 tuerunt,
564 5948 618 5998 et
665 5944 909 6015 depulsis
954 5944 1208 6015 undique
1260 5943 1624 6015 pontificibus
1663 5941 1896 5996 catholi-

1989 4627 2189 4678 natum
2232 4620 2484 4693 pertinet
2529 4621 2868 4688 Romanum,
2897 4625 2962 4674 ut
3005 4637 3233 4675 memor
3275 4621 3408 4676 ﬁdei
3447 4639 3618 4693 quam

1991 4735 2025 4772 a
2089 4715 2418 4788 parentibus
2492 4731 2549 4769 se
2624 4713 2933 4784 suscepisse
3009 4714 3297 4781 meminit,
3361 4719 3623 4788 contagia

1990 4811 2130 4866 vitet
2170 4808 2588 4864 communionis
2633 4816 2900 4875 externae,
2948 4824 3136 4879 neque
3190 4809 3262 4862 ob
3303 4809 3410 4863 hoc
3458 4827 3618 4866 com-

1992 4904 2281 4960 munionis
2329 4903 2479 4958 sedis
2527 4902 2845 4975 apostolicae
2895 4901 3070 4972 (quob
3137 4902 3300 4972 absit)
3349 4904 3621 4960 reddatur

1993 5004 2276 5065 externus,
2307 5002 2365 5053 et
2388 4996 2606 5053 veniam
2633 4996 2738 5051 sibi
2765 4995 2888 5050 dari
2920 4995 3130 5049 debere
3167 5002 3486 5068 praeponat.
3515 5001 3618 5054 Le-

1995 5099 2178 5167 gatur,
2212 5111 2279 5148 ex
2305 5110 2416 5164 quo
2451 5097 2535 5147 est
2569 5091 2769 5161 religio
2794 5090 3129 5159 Christiana,
3157 5091 3246 5145 vel
3275 5096 3425 5147 certe
3457 5094 3625 5150 detur

1997 5189 2317 5260 exemplum
2345 5186 2405 5240 in
2429 5186 2669 5241 Ecclesia
2693 5184 2790 5239 Dei
2816 5201 2848 5237 a
2866 5184 3215 5254 quibuslibet
3241 5187 3622 5260 pontiﬁcibus,

1993 5289 2090 5338 aut
2136 5283 2205 5336 ab
2249 5281 2386 5353 ipsis
2429 5279 2720 5351 apostolis,
2766 5279 2836 5333 ab
2879 5277 3002 5348 ipso
3046 5279 3294 5351 denique
3340 5281 3626 5339 Salvatore

1995 5376 2216 5430 veniam
2245 5391 2361 5430 non
2398 5372 2813 5444 corrigentibus
2855 5371 3024 5426 fuisse
3069 5389 3411 5430 concessam.
3448 5377 3627 5432 Audi-

1997 5473 2115 5523 tum
2143 5472 2334 5523 autem
2379 5468 2481 5522 sub
2509 5467 2632 5538 ipso
2676 5466 2839 5532 coelo,
2868 5483 2975 5521 nec
3005 5467 3216 5538 legitur
3251 5470 3490 5524 omnino
3525 5486 3629 5526 nec

1997 5563 2224 5630 dicitur,
2259 5561 2410 5634 quod
2456 5577 2654 5615 eorum
2686 5577 2824 5615 voce
2875 5561 3255 5633 depromitur,
3285 5565 3418 5616 Date
3469 5563 3630 5618 nobis

1997 5657 2242 5723 veniam,
2277 5658 2338 5709 ut
2375 5659 2599 5709 tantum
2630 5672 2734 5710 nos
2763 5655 2822 5709 in
2851 5672 3041 5711 errore
3073 5656 3360 5710 duremus.
3391 5657 3448 5710 ld
3479 5674 3625 5729 quo-

1997 5768 2108 5823 que
2136 5766 2342 5822 parum
2369 5754 2474 5804 est.
2509 5749 2826 5804 Ostendant
2851 5750 2949 5821 qui
2981 5749 3140 5803 nobis
3165 5765 3412 5804 canones
3442 5752 3631 5808 nitun-

1999 5853 2091 5902 tur
2111 5860 2422 5917 Opponere,
2453 5843 2661 5914 quibus
2687 5844 2793 5898 hoc
2817 5841 3145 5911 canonibus,
3169 5842 3375 5914 quibus
3395 5846 3626 5916 regulis,

2000 5957 2111 6013 qua
2160 5940 2422 6005 lectione,
2452 5953 2638 6009 quove
2677 5937 3040 6003 documento,
3083 5935 3198 5989 sive
3247 5954 3280 5990 a
3324 5939 3631 6008 majoribus
