4040 6314
371 339 396 360 ι,
433 311 532 360 955

1332 305 1611 362 AI’PEND.
1656 306 1740 360 Al)
1777 307 1935 360 S/EC.
1975 305 2058 358 IX.
2093 334 2159 342 --
2198 304 2434 360 ISIDORI
2469 301 2890 359 MERCATORJS

3687 306 3794 354 9545

348 357 657 479 )IOStI‘iS,
689 416 804 468 sive
834 416 904 469 ab
933 416 1066 486 ipsis
1091 415 1359 485 apostolis
1399 430 1542 483 quos
1570 413 1822 483 potiores
1848 413 2053 465 merito
2076 423 2135 495 Α
2156 395 2480 467 exsecutus:
2501 412 2665 466 Nobis
2695 412 2816 464 ausi
2844 414 2974 463 sunt
3002 409 3189 464 facere
3226 425 3512 463 canonum
3539 412 3792 464 mentio-

427 508 598 562 fuisse
631 525 744 561 non
776 509 1011 562 dubium
1041 512 1142 575 est,
1172 524 1270 560 seu
1302 507 1372 560 ab
1419 507 1541 577 ipso
1583 505 1822 559 Domino
1867 507 2056 560 Salva—

426 609 549 656 tore
579 602 677 672 qui
697 601 1054 671 judicaturus
1093 601 1344 655 creditur
1369 602 1524 654 vivos
1551 606 1608 654 et
1641 605 1917 668 mortuos,
1943 600 2057 653 sive

429 697 638 749 factum
680 698 764 749 est
793 711 1045 764 unquam
1073 695 1160 748 vel
1195 695 1521 748 faciendum
1569 711 1690 747 esse
1732 694 2055 747 mandatur.

429 790 669 842 Mortuos
723 788 1021 842 suscitasse
1087 789 1332 859 legimus
1393 788 1702 842 Christum.
1763 789 1821 840 ln
1866 803 2059 841 errore

429 884 684 936 mortuos
712 880 1011 936 absolvisse
1038 898 1154 936 non
1188 881 1452 953 legimus.
1493 883 1559 935 Et
1586 881 1683 951 qui
1708 881 1813 934 hoc
1841 885 2057 934 certam

429 974 674 1029 faciendi
701 975 852 1028 solus
894 975 1093 1030 habuit
1117 979 1480 1046 potestatem,
1510 975 1674 1028 beato
1700 975 1870 1027 Petro
1899 974 2056 1044 prin-

428 1069 683 1139 cipaliter
714 1068 946 1122 mandat
987 1069 1240 1139 apostolo
1277 1086 1289 1121 :
1324 1090 1350 1117 ‹‹
1399 1069 1535 1131 Qum
1584 1067 1848 1138 ligaveris
1887 1083 2059 1137 super

429 1169 662 1228 terram,
680 1161 858 1232 ligata
888 1167 1057 1215 erunt
1081 1166 1137 1216 et
1156 1163 1215 1215 in
1235 1162 1392 1228 ccelo,
1413 1166 1616 1232 etquae
1639 1160 1870 1214 solveris
1890 1176 2058 1230 super

432 1261 642 1308 terram
683 1261 851 1308 erunt
894 1256 1080 1308 soluta
1125 1261 1180 1308 et
1225 1255 1284 1308 in
1334 1255 1471 1308 coelo
1499 1255 1715 1322 (Matth.
1750 1269 1861 1320 xvr,
1894 1255 1999 1321 ~18).
2028 1271 2056 1305 ››

387 1347 614 1420 Super
639 1353 872 1413 terram,
905 1349 1109 1418 inquit,
1138 1365 1270 1401 nam
1311 1348 1367 1401 in
1407 1349 1512 1401 hac
1541 1347 1810 1417 ligatione
1855 1346 2056 1400 defun-

431 1448 582 1497 ctum
629 1457 925 1510 nunquam
967 1441 1103 1495 dicit
1139 1441 1370 1495 absolvi.
1399 1441 1555 1504 Quod
1589 1457 1727 1510 ergo
1764 1455 2060 1510 nunquam

431 1538 640 1592 factum
667 1540 752 1588 est
768 1536 853 1587 vel
885 1538 1078 1588 mente
1106 1535 1434 1605 conspicere
1462 1533 1860 1599 formidamus,
1887 1533 2060 1586 scien-

437 1636 516 1684 tes
553 1630 610 1682 in
657 1628 845 1682 divino
883 1627 1096 1697 judicio
1140 1645 1258 1682 non
1301 1644 1461 1698 posse
1507 1617 1734 1697 penitus
1783 1627 2057 1681 excusari.

434 1725 490 1778 Si
511 1728 724 1789 autem,
747 1722 901 1791 quod
921 1738 1070 1775 nunc
1090 1721 1477 1792 praetendunt,
1497 1738 1529 1774 a
1546 1722 1798 1774 Romana
1819 1720 2061 1774 Ecclesia

2161 523 2313 572 nem,
2348 509 2546 560 contra
2577 522 2718 576 quos
2747 521 2841 558 vos
2872 519 3106 574 semper
3144 502 3554 557 ambitionibus
3583 503 3796 557 illicitis

2159 599 2392 653 tenendi
2421 615 2540 653 esse
2565 601 2973 652 monstrantur.
3005 598 3122 660 Qua
3148 597 3207 650 in
3234 595 3454 666 synodo
3483 597 3571 650 vel
3597 613 3797 651 secun-

2161 693 2300 747 dum
2327 693 2487 763 cujus
2514 692 2716 763 synodi
2758 692 3001 745 formam
3029 689 3477 744 Alexandrinum
3511 692 3794 746 Joannem

2161 787 2230 839 de
2273 786 2515 840 Ecclesia
2558 785 2648 839 cui
2693 784 2985 838 ordinatus
3035 784 3222 838 fuerat
3263 785 3647 854 expulerunt?
3683 784 3797 848 Qui

2160 878 2328 933 nullis
2375 879 2558 932 causis
2594 877 2969 946 evidentibus,
3000 894 3105 930 nec
3149 880 3283 930 ante
3331 881 3662 944 conventus,
3687 894 3794 932 nec

2159 977 2355 1044 postea
2380 975 2736 1042 provocatus,
2767 971 2940 1025 etiam
2969 970 3028 1024 in
3054 970 3270 1041 judicio
3315 971 3658 1041 competenti
3685 988 3792 1041 po-

2164 1067 2270 1121 tuit
2307 1066 2572 1120 accusari.
2608 1065 2769 1128 Quod
2799 1064 2845 1118 si
2875 1064 3072 1118 dicunt
3103 1081 3116 1117 :
3147 1065 3461 1133 Imperator
3488 1064 3596 1117 hoc
3635 1065 3792 1139 fecit,

2162 1161 2271 1214 hoc
2289 1159 2475 1228 ipsum
2498 1158 2704 1229 quibus
2732 1157 3064 1223 eanonibus,
3088 1157 3295 1226 quibus
3314 1157 3530 1227 regulis
3550 1163 3630 1211 est
3652 1174 3797 1228 prae-

2161 1255 2428 1325 ceptum?
2447 1255 2560 1307 Cur
2585 1253 2718 1306 huic
2745 1256 2863 1305 tam
2890 1267 3063 1321 pravo
3083 1251 3229 1304 facto
3251 1251 3537 1304 consensit
3560 1251 3796 1304 Aeacius

2161 1365 2291 1402 cum
2319 1347 2624 1402 auctoritas
2653 1345 2840 1400 divina
2869 1345 3015 1399 dicat
3045 1361 3058 1398 :
3092 1342 3280 1416 237
3311 1345 3431 1397 Non
3475 1344 3656 1398 solum
3695 1345 3794 1414 qui

2164 1441 2374 1496 faciunt
2409 1456 2577 1511 prava
2603 1455 2729 1493 reos
2773 1455 2912 1504 esse,
2943 1437 3043 1492 sed
3070 1438 3241 1491 etiam
3285 1438 3384 1508 qui
3429 1437 3798 1491 consentiunt

2160 1534 2518 1589 facientibus.
2553 1532 2767 1597 Quibus
2794 1531 3127 1598 eanonibus,
3167 1531 3438 1600 quibusve
3462 1531 3676 1601 regulis
3701 1533 3799 1584 Ca-

2163 1627 2392 1683 lendion
2419 1627 2676 1680 exclusus
2701 1630 2801 1692 est,
2835 1626 2921 1678 vel
2967 1624 3135 1695 primi
3177 1624 3404 1678 urbium
3441 1624 3795 1678 diversarum

2161 1720 2418 1774 catholici
2441 1719 2795 1774 sacerdotes?
2811 1735 2923 1790 qua
2943 1717 3249 1772 traditione
3268 1719 3552 1788 majorum
3578 1721 3800 1788 aposto-

433 1833 490 1872 se
516 1815 745 1870 divisuri
774 1820 924 1880 sunt,
956 1815 1015 1868 id
1037 1815 1384 1884 jamdudum
1421 1814 1620 1868 fecisse
1646 1817 2057 1882 monstrantur,
2083 1795 2137 1866 Β
2162 1815 2327 1868 licam
2367 1814 2558 1867 sedem
2598 1813 2655 1865 in
2694 1812 2909 1882 judicio
2949 1811 3191 1865 vocant?
3214 1813 3298 1864 An
3346 1811 3607 1865 secundae
3645 1810 3800 1864 sedis

433 1925 500 1964 eo
529 1911 720 1963 minus
751 1923 878 1961 vere
907 1909 1087 1962 miror
1111 1909 1156 1961 si
1193 1908 1579 1978 ignorantiam
1610 1923 1769 1960 suam
1793 1907 1914 1977 ipse
1942 1923 2059 1959 non

432 2001 702 2074 perspicit
740 2001 836 2072 qui
880 2001 1014 2054 dicit
1055 2001 1320 2055 Acacium
1367 2001 1437 2055 ab
1484 2018 1598 2055 uno
1643 2017 1760 2054 non
1811 1999 2059 2070 potuisse

432 2096 713 2150 damnari.
768 2097 921 2149 Itane
969 2111 1084 2148 non
1131 2094 1402 2165 perspicit
1450 2094 1762 2149 secundum
1811 2093 2057 2147 formam

434 2189 633 2261 synodi
668 2187 1138 2243 Chalcedonensis
1180 2188 1440 2242 Acacium
1486 2188 1655 2242 fuisse
1700 2188 2057 2255 damnatum,

436 2300 539 2337 nec
583 2283 733 2336 novit
772 2287 869 2335 aut
899 2298 956 2336 se
1004 2297 1165 2335 nosse
1213 2281 1552 2350 dissimulat,
1584 2287 1824 2352 quantos
1867 2281 2059 2350 utique

431 2393 534 2449 per
552 2391 924 2429 numerosam
953 2375 1294 2429 sententiam
1325 2375 1640 2429 sacerdotes
1663 2374 1872 2428 erroris
1891 2375 2062 2445 hujus

433 2473 694 2525 auctores
721 2471 941 2522 constat
969 2468 1140 2522 fuisse
1178 2467 1499 2535 damnatos,
1533 2468 1676 2521 sicut
1714 2469 1771 2521 in
1802 2484 2059 2539 unaqua-

432 2580 541 2635 que
594 2563 793 2617 haaresi
845 2580 878 2615 a
926 2562 1203 2632 principio
1259 2562 1596 2618 Christianae
1663 2561 1956 2632 religionis
2008 2566 2063 2615 et

433 2658 644 2711 factum
699 2656 867 2709 fuisse
925 2659 981 2708 et
1034 2655 1156 2709 ﬁeri
1212 2655 1512 2708 manifesta
1575 2671 1770 2708 rerum
1837 2655 2060 2709 ratione

439 2753 812 2816 monstratur,
829 2749 1424 2820 praedecessoremque
1449 2764 1642 2802 meum
1668 2752 2058 2803 exsecutorem

432 2844 605 2898 fuisse
653 2843 855 2896 veteris
905 2842 1217 2907 constituti,
1265 2858 1381 2895 non
1428 2858 1590 2896 nova:
1646 2841 2063 2896 constitutionis

435 2942 743 2991 auctorem.
769 2935 931 2998 Quod
958 2951 1074 2988 non
1097 2935 1283 2988 solum
1301 2935 1532 3005 praesuli
1553 2935 1861 3006 apostolico
1880 2936 2062 2990 facere

433 3029 588 3096 licet,
628 3027 840 3081 scilicet
887 3028 1204 3098 cuicunque
1250 3028 1529 3098 pontiﬁci,
1571 3031 1637 3082 ut
1680 3029 1966 3099 quoslibet
2008 3034 2064 3083 et

435 3121 966 3193 quemlibetlocum,
985 3121 1296 3176 secundum
1311 3123 1572 3192 regulam
1589 3123 1868 3177 haereseos
1887 3122 2061 3193 ipsius

434 3222 564 3270 ante
591 3215 871 3269 damnatae
897 3231 929 3266 a
958 3214 1234 3268 catholica
1268 3215 1674 3270 communione
1715 3215 2057 3271 discernant.

502 3309 730 3365 Aeacius
755 3309 966 3379 quippe
998 3325 1113 3362 non
1140 3308 1246 3363 fuit
1285 3309 1416 3363 novi
1441 3310 1525 3364 vel
1549 3309 1762 3380 proprii
1801 3310 2062 3364 inventor

433 3403 660 3469 erroris,
693 3408 752 3456 ut
776 3402 835 3456 in
866 3419 996 3456 eum
1030 3418 1173 3456 nova
1199 3403 1334 3457 scita
1368 3403 1761 3474 procederent,
1795 3403 1893 3457 sed
1922 3404 2055 3458 alio-

430 3515 561 3553 rum
598 3497 839 3551 facinori
885 3513 1042 3550 suam
1084 3497 1548 3551 communionem
1591 3497 1835 3552 miscuit.
1869 3499 2060 3569 Itaque

430 3608 657 3647 necesse
684 3594 767 3645 est
804 3594 865 3643 ut
909 3591 966 3644 in
1007 3591 1164 3644 illam
1204 3591 1483 3646 recideret
1510 3591 1664 3661 justa
1707 3592 1891 3646 lanice
1932 3609 2055 3646 sen-

429 3686 663 3741 tentiam
702 3701 875 3756 quam
921 3701 1052 3738 eum
1097 3684 1212 3738 suis
1258 3685 1672 3740 successoribus
1714 3701 1818 3755 per
1859 3687 2055 3739 conni-

428 3780 676 3833 ventiam
707 3777 1035 3847 synodalem
1063 3783 1384 3848 susceperat
1407 3781 1602 3832 auctor
1631 3779 1858 3832 erroris.
1889 3779 2059 3833 Nobis

429 3877 729 3944 opponunt
766 3887 1034 3936 canones,
1063 3871 1201 3924 dum
1233 3871 1497 3924 nesciunt
1543 3871 1680 3940 quid
1723 3872 2055 3941 loquantur.

429 3967 635 4020 Contra
663 3980 805 4034 quos
831 3964 935 4016 hoc
962 3963 1070 4034 ipsi
1092 3964 1287 4016 venire
1317 3981 1376 4017 se
1407 3964 1658 4033 produnt
1683 3965 1838 4034 quod
1857 3966 2058 4035 primae

430 4059 553 4114 sedi
597 4073 734 4110 sana
782 4061 1046 4126 rectaque
1090 4055 1349 4109 suadenti
1400 4072 1598 4127 parere
1643 4058 1902 4128 fugiunt;
1951 4058 2058 4130 ipsi

433 4154 565 4206 sunt
605 4166 870 4217 canones,
897 4149 994 4220 qui
1035 4149 1442 4220 appellationes
1485 4150 1660 4204 totius
1689 4151 1949 4206 Ecclesiae
1986 4152 2058 4206 ad

432 4246 602 4316 hujus
639 4244 787 4298 sedis
831 4259 1071 4297 examen
1110 4243 1343 4297 voluere
1388 4243 1616 4298 deferri.
1649 4244 1732 4299 Ab
1772 4245 1896 4316 ipsa
1925 4262 2057 4300 vero

433 4355 716 4410 nusquam
766 4354 995 4408 prorsus
1036 4337 1313 4408 appellari
1357 4337 1566 4392 debere
1614 4344 1942 4408 sanxerunt,
1991 4357 2055 4395 ac

431 4450 534 4506 per
561 4433 665 4487 hoc
701 4431 857 4487 illam
900 4432 969 4486 de
1008 4437 1129 4486 tota
1170 4431 1412 4486 Ecclesia
1446 4432 1725 4503 judicare,
1759 4433 1941 4504 ipsam
1985 4435 2057 4489 ad

2081 3165 2135 3239 C

2161 1895 2456 1972 antistites,
2485 1910 2542 1959 et
2585 1905 2769 1959 tertia:
2815 1905 3114 1976 caaterique
3158 1905 3304 1958 bene
3331 1904 3436 1958 sibi
3471 1903 3677 1958 conscii
3705 1920 3794 1958 sa-

2161 2001 2416 2055 cerdotes
2461 1999 2802 2066 debuerunt,
2849 2002 2904 2051 et
2953 1999 3051 2068 qui
3101 1997 3391 2068 religionis
3444 1997 3626 2052 existit
3681 1998 3797 2052 ini-

2162 2094 2359 2160 micus,
2388 2091 2597 2163 depelli
2623 2109 2740 2146 non
2767 2091 3002 2146 debuit?
3021 2091 3282 2145 Viderint
3309 2107 3446 2162 ergo
3472 2091 3519 2144 si
3539 2090 3681 2145 alios
3700 2091 3799 2146 ha-

2162 2189 2298 2241 bent
2347 2201 2608 2252 canones,
2661 2185 2866 2256 quibus
2913 2201 3040 2239 suas
3099 2185 3338 2254 ineptias
3393 2188 3796 2256 exsequantur.

2161 2282 2442 2334 Caeterum
2470 2279 2563 2333 isti
2583 2279 2681 2350 qui
2705 2279 2870 2346 sacri,
2898 2279 2996 2349 qui
3023 2278 3410 2348 ecclesiastici,
3433 2278 3532 2349 qui
3556 2278 3798 2347 legitimi

2161 2375 2538 2442 celebrantur,
2567 2390 2682 2427 non
2711 2374 2894 2426 solum
2926 2373 3118 2442 sedem
3147 2371 3516 2443 apostolicam
3540 2372 3611 2426 ad
3631 2371 3794 2442 judi-

2161 2468 2314 2523 cium
2349 2483 2549 2522 vocare
2583 2483 2698 2521 non
2743 2445 3114 2548 possuntAet
3153 2465 3798 2537 Constantinopolitanae

2161 2562 2401 2616 civitatis
2441 2562 2759 2632 episcopus,
2791 2577 2918 2632 qua:
2975 2560 3172 2631 utique
3215 2576 3317 2630 per
3354 2576 3600 2614 canones
3645 2560 3800 2614 inter

2162 2655 2322 2710 sedes
2377 2655 2601 2709 nullum
2665 2670 2875 2709 nomen
2933 2654 3168 2725 accepit,
3215 2653 3273 2706 in
3322 2653 3794 2707 communionem

2162 2749 2417 2803 recidens
2468 2748 2820 2819 perfidorum
2870 2764 2984 2802 non
3045 2746 3242 2801 debuit
3289 2746 3659 2802 submoveri?
3706 2749 3794 2800 An

2160 2843 2258 2914 qui
2297 2842 2518 2896 homini
2560 2843 2830 2897 mentitus
2881 2841 3087 2895 dicitur
3129 2840 3476 2912 imperatori.
3509 2843 3566 2894 et
3609 2840 3793 2911 impe-

2163 2942 2411 2992 ratorem
2466 2935 2674 2989 latsisse
2731 2934 3109 3005 perhibentur
3173 2933 3383 3005 depelli
3452 2934 3794 3001 debuerunt,

2161 3034 2217 3084 et
2261 3031 2320 3083 in
2371 3031 2548 3084 Deum
2590 3029 2686 3100 qui
2727 3045 2984 3082 summus
3030 3034 3115 3082 est
3169 3029 3482 3098 imperator
3528 3027 3797 3082 Acacium

2163 3124 2590 3194 delinquentem
2649 3124 3043 3194 sinceramque
3093 3122 3558 3176 communionem
3616 3121 3796 3175 divini

2162 3217 2498 3272 sacramenti
2538 3216 2858 3271 studentem
2901 3217 3139 3270 miscere
3172 3232 3302 3270 eum
3351 3215 3559 3285 inﬁdis,
3591 3231 3791 3270 secun-

2160 3312 2296 3366 dum
2316 3311 2593 3382 synodum
2618 3327 2732 3382 qua
2759 3314 2846 3365 est
2874 3310 3141 3364 damnata
3177 3309 3413 3380 perﬁdia
3433 3325 3547 3363 non
3574 3315 3798 3380 oporte-

2159 3405 2256 3459 bat
2283 3405 2546 3460 excludi?
2573 3405 2679 3460 Sed
2704 3404 2878 3458 velint
2903 3404 3088 3458 nolint
3117 3404 3294 3475 ipsius
3309 3403 3527 3474 judicio
3557 3404 3795 3474 antiqua

2159 3515 2446 3554 canonum
2496 3498 2893 3552 constitutione
2939 3497 3344 3551 ﬁrmabuntur.
3391 3496 3500 3550 Sed
3537 3495 3793 3567 religiosi

2158 3593 2263 3646 viri
2308 3597 2478 3664 atque
2520 3592 2752 3663 perfecti
2803 3591 3116 3646 secundum
3173 3607 3416 3645 canones
3461 3606 3793 3645 concessam

2158 3686 2276 3741 sedi
2289 3686 2614 3757 apostolicae
2627 3689 2959 3757 potestatem
2975 3685 3245 3739 nimirum
3257 3689 3536 3739 conantur
3547 3684 3790 3755 eripere,

2160 3787 2216 3834 et
2231 3781 2457 3834 sibimet
2476 3796 2603 3835 eam
2623 3784 2814 3834 contra
2833 3796 3081 3834 canones
3104 3796 3377 3850 usurpare
3396 3778 3794 3834 contendunt?

2159 3874 2202 3928 Ο
2230 3890 2513 3928 canonum
2541 3873 2839 3945 magistros
2866 3877 3037 3943 atque
3063 3873 3343 3940 custodes,
3375 3872 3536 3926 nobis
3563 3872 3789 3927 nullum

2158 3967 2242 4020 fas
2261 3974 2346 4021 est
2369 3968 2513 4021 inire
2543 3972 2833 4021 certamen
2859 3983 2992 4021 cum
3018 3966 3343 4021 hominibus
3368 3965 3794 4021 communionis

2157 4061 2377 4126 alienae,
2445 4060 2634 4114 divina
2710 4061 2999 4132 Scriptura
3069 4060 3434 4130 praedicante,
3492 4059 3793 4115 hominem

2158 4154 2490 4209 hiereticum
2519 4158 2645 4225 post
2675 4154 2922 4224 primam
2956 4158 3013 4208 et
3038 4153 3341 4208 secundam
3371 4153 3793 4224 correptionem

2159 4248 2364 4302 devita.
2393 4249 2582 4302 Sciens
2610 4249 2761 4319 quod
2787 4247 3117 4318 hujuSmOdi
3138 4247 3431 4318 delinquat
3460 4247 3690 4317 proprio
3703 4248 3795 4318 ju-

2157 4342 2302 4396 dicio
2320 4343 2752 4398 condemnatus.
2770 4344 2908 4396 Ecce
2929 4345 3294 4412 cognoscant,
3321 4341 3454 4411 quia
3469 4357 3586 4396 non
3604 4341 3794 4396 solum

2155 4435 2224 4489 ab
2247 4437 2374 4502 alio,
2395 4437 2492 4491 sed
2509 4453 2539 4489 a
2558 4453 2615 4491 se
2637 4437 2866 4507 proprie
2887 4452 3115 4507 quoque
3136 4436 3442 4490 damnetur
3459 4434 3790 4504 haereticus,

433 4528 645 4583 nullius
687 4542 1012 4581 commeare
1053 4525 1355 4596 judicium,
1386 4542 1488 4580 nec
1533 4526 1604 4581 de
1643 4527 1764 4597 ejus
1801 4544 2057 4600 unquam
2077 4544 2136 4617 D
2159 4530 2299 4584 illud
2327 4535 2517 4584 autem
2545 4531 2716 4585 nimis
2743 4534 2828 4584 est
2858 4530 3180 4601 impudens,
3215 4529 3365 4600 quod
3398 4527 3663 4583 Acacium
3690 4545 3790 4584 ve-

431 4625 828 4695 przeceperunt
860 4619 1077 4690 judicio
1113 4618 1380 4690 judicari,
1411 4620 1866 4693 sententiamque
1908 4623 2059 4676 illius

429 4715 849 4773 constituerunt
920 4730 1035 4768 non
1097 4717 1360 4784 oportere
1432 4714 1677 4781 dissolvi,
1735 4716 1896 4785 cujus
1957 4733 2053 4787 po-

430 4812 544 4867 tius
573 4809 798 4864 decreta
826 4807 1118 4879 sequenda
1137 4808 1497 4862 mandarunt.
1526 4810 1587 4862 In
1615 4809 1720 4862 hac
1743 4809 1867 4880 ipsa
1891 4827 2059 4865 causa

429 4903 755 4961 Timotheus
800 4901 1235 4967 Alexandrinus,
1281 4906 1338 4956 et
1381 4903 1580 4956 Petrus
1633 4903 2054 4968 Antiochzenus,

429 5000 646 5064 Petrus,
678 4996 897 5063 Paulus,
927 4997 1192 5060 Joannes,
1223 5000 1278 5050 et
1307 4995 1493 5050 eaateri
1521 5013 1636 5050 non
1679 4999 1860 5050 solum
1891 5013 2054 5063 unus,

429 5092 529 5146 sed
587 5091 776 5160 plures
834 5105 1045 5142 nomen
1123 5089 1422 5143 sacerdotii
1496 5090 1885 5159 praeferentes,
1938 5091 2057 5144 sola

429 5183 579 5240 sedis
611 5180 926 5253 apostolicae
970 5187 1101 5237 sunt
1147 5182 1482 5237 auctoritate
1529 5183 1750 5254 dejecti,
1782 5184 1942 5254 cujus
1972 5184 2056 5238 rei

428 5277 587 5334 testis
630 5277 800 5331 etiam
843 5277 1074 5331 docetur
1100 5277 1218 5347 ipse
1261 5277 1492 5333 Aeacius
1528 5278 1625 5348 qui
1657 5277 2056 5348 praeceptionis

427 5373 597 5444 hujus
623 5369 830 5425 exstitit
859 5373 1163 5426 exsecutor.
1195 5371 1357 5434 Quod
1387 5371 1583 5442 utique
1614 5371 1759 5425 sicut
1788 5372 2051 5442 apostoli-

426 5484 553 5522 cam
583 5465 778 5520 sedem
812 5465 974 5536 juxta
1011 5465 1259 5518 formam
1289 5464 1615 5534 synodieam
1641 5465 1838 5519 fecisse
1871 5467 2051 5521 mani-

424 5563 632 5616 festum
662 5563 765 5630 est,
793 5560 871 5613 sic
906 5557 1199 5612 neminem
1226 5558 1505 5614 resnltare
1537 5559 1784 5629 potuisse
1811 5561 2051 5615 certissi-

2161 4623 2315 4677 niam
2358 4625 2670 4695 postulasse
2712 4625 3072 4693 conﬁngunt,
3115 4628 3171 4678 et
3211 4639 3313 4677 nos
3356 4623 3632 4677 exstitisse
3681 4622 3788 4676 dif-

2158 4718 2350 4773 ﬁciles.

2227 4812 2405 4867 Testis
2449 4817 2535 4866 est
2579 4813 2754 4867 frater
2798 4817 2981 4868 vester
3023 4812 3107 4866 vir
3151 4813 3382 4867 illustris
3431 4810 3578 4866 ﬁlius
3627 4828 3788 4866 meus

2156 4906 2608 4972 Andromaehus,
2642 4907 2741 4977 qui
2763 4912 2819 4961 et
2849 4924 2882 4960 a
2915 4906 3074 4961 nobis
3099 4907 3458 4961 abundanter
3481 4907 3790 4961 instructus

2159 5003 2263 5068 est,
2297 5003 2362 5054 ut
2403 5001 2799 5054 cohortaretur
2823 5001 3087 5054 Acacium
3121 5000 3375 5071 deposita
3406 4999 3788 5054 obstinatione

2159 5093 2505 5164 resipiscere,
2537 5098 2593 5148 et
2618 5095 2689 5149 ad
2718 5094 2864 5148 sedis
2901 5094 3225 5165 apostolica:
3265 5111 3519 5149 remeare
3557 5111 3783 5149 consor-

2157 5187 2320 5257 tium,
2347 5188 2556 5258 quippe
2575 5204 2632 5242 se
2659 5188 2762 5242 sub
2784 5188 3156 5258 jurejurando
3187 5189 3411 5259 magnis
3438 5205 3570 5243 cum
3588 5189 3788 5243 eodem

2158 5281 2550 5336 molitionibus
2590 5283 2773 5353 egisse
2817 5287 3075 5349 testatur,
3105 5300 3209 5337 nec
3248 5283 3317 5337 ad
3357 5299 3422 5337 ea
3463 5299 3592 5353 quin
3637 5287 3788 5337 recta

2155 5380 2286 5430 sunt
2313 5375 2561 5446 potuisse
2591 5376 2830 5443 deﬂecti,
2859 5375 3001 5431 sicut
3026 5393 3218 5431 rerum
3249 5371 3525 5448 probatur
3555 5375 3784 5431 effectu.

2156 5470 2320 5523 Certe
2361 5470 2683 5540 proferatur
2706 5470 2984 5541 judicium
3016 5471 3243 5541 quando
3285 5470 3527 5536 miserit,
3556 5469 3786 5540 quando

2156 5564 2381 5616 veniam
2409 5565 2713 5634 postularit
2733 5564 3272 5635 correptionemque
3294 5580 3456 5618 suam
3476 5563 3638 5618 nobis
3658 5581 3788 5634 pro-

425 5672 606 5710 mum.
626 5656 740 5709 Hoc
760 5653 935 5723 igitur
962 5651 1137 5704 modo
1163 5651 1423 5705 recidens
1446 5651 1501 5706 in
1531 5655 1875 5708 consortium
1894 5656 2050 5709 dam-
2121 5653 2373 5711 tmiserit
2405 5657 2805 5726 exhibendam,
2836 5658 2944 5711 nisi
2971 5659 3113 5713 forte
3144 5658 3295 5712 hunc
3324 5657 3579 5711 animum
3613 5657 3786 5728 gessit

427 5752 688 5801 natorum
731 5751 816 5798 est
856 5745 1159 5798 damnatus
1184 5744 1430 5812 Aeacius,
1459 5746 1555 5814 qui
1583 5763 1783 5801 eorum
1813 5748 2050 5802 damna-

428 5837 638 5891 tionem
706 5840 1016 5906 antequam
1079 5834 1471 5903 prsevaricator
1541 5839 1822 5906 existeret,
1871 5841 2050 5893 fuerat

2154 5766 2324 5821 quem
2353 5767 2699 5806 successores
2715 5752 2764 5822 ej
2774 5769 2837 5805 us
2858 5751 3065 5806 habere
3086 5751 3473 5823 perspicimus.
3497 5750 3567 5805 Ut
3590 5754 3782 5805 tamen

2156 5842 2198 5895 si
2230 5843 2454 5896 veniam
2500 5845 2807 5913 postularet
2847 5845 3117 5915 impendi,
3148 5845 3224 5898 sic
3252 5845 3355 5899 sibi
3383 5845 3569 5908 vellet,
3603 5849 3665 5899 ut
3689 5845 3776 5899 ni-
