4040 6324
203 309 306 361 957

1427 305 1898 364 DECRETALIUM
1939 305 2324 362 COLLECTIO.

3462 313 3563 366 958

203 413 511 468 hilominus
535 414 595 468 in
611 429 806 470 errore
833 415 1193 486 persisteret;
1223 415 1321 469 ubi
1351 415 1550 486 utique
1577 433 1691 470 non
1717 419 1832 468 tam
1853 429 1913 498 Α
1933 419 2050 468 ster
2074 419 2130 468 et
2159 414 2444 468 Hirenaeus
2475 413 2576 468 viri
2605 415 2926 470 consulares
2955 419 3128 486 atque
3155 431 3352 470 eorum
3383 420 3561 472 comi-

201 525 232 560 a
265 507 432 561 nobis
457 507 634 578 recipi
663 508 970 578 videretur,
1003 525 1172 580 quam
1219 526 1322 563 nos
1365 509 1555 580 potius
1579 509 1640 562 in
1667 525 1828 564 suam

199 601 497 655 traducere
523 602 882 672 pravitatem.
909 602 1092 666 Quem
1115 607 1336 656 reatum
1359 619 1418 656 se
1444 603 1830 656 confessurum

199 694 444 748 asseruit
467 700 600 748 ante
632 696 964 749 certamen?
991 697 1046 750 Si
1074 703 1266 751 reatus
1287 699 1390 765 est,
1417 695 1616 767 utique
1658 696 1830 750 corri-

201 787 444 858 piendus
475 791 576 842 est.
619 788 674 842 Si
715 789 1118 860 corrigendum
1155 807 1270 843 non
1309 793 1528 860 putant,
1555 789 1834 843 fallaciter

199 897 254 934 se
281 887 508 935 reatum
555 881 858 951 perhibent
895 883 1180 953 proﬁteri;
1215 883 1324 936 nisi
1353 883 1505 953 quod
1533 887 1620 936 est
1645 881 1828 936 infeli-

197 975 332 1040 cius,
368 991 502 1028 cum
531 977 587 1028 et
617 976 864 1030 fatentur
889 981 1136 1046 reatum,
1166 981 1222 1030 et
1247 992 1364 1030 non
1390 977 1678 1030 aestimant
1702 992 1828 1030 cor-

199 1067 528 1138 rigendum.
562 1069 702 1122 lllud
730 1085 954 1140 quoque
981 1086 1074 1122 me
1107 1069 1292 1123 ridere
1317 1069 1504 1136 libuit,
1533 1070 1686 1140 quod
1711 1070 1789 1123 ait
1815 1087 1827 1122 :

197 1161 252 1215 Si
299 1177 536 1214 necesse
583 1161 756 1216 fuerit
798 1163 1022 1216 veniam
1067 1163 1370 1233 postulare,
1405 1169 1460 1216 et
1505 1163 1832 1216 existimans

201 1255 474 1308 nimirum
513 1259 650 1309 tunc
679 1273 738 1310 se
769 1257 986 1326 peccati
1015 1256 1238 1310 veniam
1285 1257 1598 1311 necessario
1633 1261 1828 1327 postu—

197 1347 337 1414 lare,
387 1349 433 1402 si
486 1349 536 1402 ei
577 1349 956 1404 concedamus
999 1367 1072 1404 ne
1129 1367 1366 1422 peccare
1418 1349 1666 1416 desistat,
1713 1351 1828 1404 imo

196 1441 368 1496 etiam
399 1443 568 1513 (quod
607 1442 768 1512 absit)
803 1449 951 1498 certe
989 1460 1120 1498 cum
1164 1445 1368 1498 eodem
1409 1445 1830 1498 consentiamus

195 1553 228 1590 η
239 1551 299 1588 os
313 1551 542 1606 quoque
561 1552 818 1606 peccare.
837 1537 1034 1592 Nescio
1053 1538 1202 1592 inter
1219 1554 1344 1608 quae
1361 1537 1558 1592 mundi
1575 1537 1830 1608 prodigia

193 1629 315 1682 haec
347 1645 456 1683 vox
487 1629 664 1700 possit
705 1630 948 1684 admitti.
983 1631 1212 1686 Remitti
1252 1632 1418 1702 culpa
1444 1631 1513 1685 de
1539 1631 1828 1702 praeterito

197 1729 380 1793 potest
407 1724 756 1778 correctione
805 1724 926 1778 sine
967 1724 1140 1778 dubio
1177 1725 1575 1795 subsequente.
1611 1725 1752 1778 Nam
1783 1724 1828 1778 si

1935 513 2014 561 tes
2055 507 2276 578 publica
2307 507 2608 578 legatione,
2639 509 2942 578 fungentes
2973 509 3046 562 ad
3081 509 3292 564 Urbem
3331 513 3564 578 reversi,

1932 601 2300 654 clementiam
2327 605 2574 656 vestram
2605 602 2872 674 quaesisse
2921 601 3209 670 dicuntur,
3243 619 3344 658 cur
3369 605 3440 659 ad
3469 621 3568 660 vos

1931 711 2077 748 meae
2093 694 2448 748 salutationis
2464 697 2674 766 scripta
2688 712 2804 750 non
2815 695 3092 750 miserim.
3107 697 3232 750 Non
3251 713 3378 752 meo
3389 698 3568 754 fateor

1935 787 2214 841 instituto.
2267 788 2376 842 Sed
2435 805 2566 842 cum
2627 789 2828 844 directi
2899 789 3114 844 dudum
3187 789 3257 844 de
3311 792 3566 862 partibus

1931 881 2178 935 Orientis
2205 882 2290 935 vel
2319 881 2544 936 videndi
2583 899 2674 936 me
2717 883 3008 938 licentiam
3051 883 3156 936 sibi
3185 885 3385 938 vestris
3415 902 3560 956 prae-

1931 974 2283 1044 ceptionibus
2315 975 2682 1045 abnegatam,
2705 979 2824 1030 tota
2851 976 2996 1030 Urbe
3023 977 3390 1048 disperserint
3409 995 3442 1032 a
3467 980 3560 1034 lit-

1933 1068 2066 1120 teris
2091 1067 2302 1122 credidi
2321 1069 2766 1139 temperandum
2789 1087 2862 1123 ne
2889 1087 3158 1125 onerosus
3185 1072 3370 1142 potius
3393 1088 3560 1142 quam

1932 1159 2214 1214 ofﬁciosus
2243 1161 2566 1216 existerem.
2607 1163 2818 1218 Videtis
2857 1163 3034 1234 igitur
3077 1181 3194 1219 non
3236 1181 3368 1219 mea
3399 1166 3560 1220 dissi-

1931 1255 2243 1308 mulatione
2289 1256 2634 1325 provenisse,
2665 1257 2766 1310 sed
2807 1258 3182 1328 competentis
3227 1259 3398 1312 fuisse
3429 1276 3560 1314 cau-

1931 1349 2075 1415 telae,
2107 1365 2178 1402 ne
2205 1349 2599 1419 respuentibus
2627 1349 2833 1404 animis
2863 1351 3186 1406 molestiam
3215 1353 3557 1423 irrogarem.

1932 1440 2042 1495 Sed
2079 1441 2178 1495 ubi
2209 1441 2524 1496 serenitatis
2553 1447 2664 1496 tua:
2689 1443 3084 1498 benevolentia
3107 1444 3382 1516 comperi,
3409 1462 3556 1516 pra:-

1929 1534 2060 1588 fatis
2087 1534 2488 1598 indicantibus,
2519 1536 2858 1591 humilitatis
2881 1553 3027 1591 mea;
3059 1539 3368 1592 clementer
3394 1555 3560 1610 expe-

1929 1627 2062 1682 tisse
2104 1645 2432 1683 sermonem
2455 1629 2582 1700 jam
2607 1646 2808 1684 revera
2835 1631 3116 1702 perpendi
3159 1631 3558 1702 imputandum

1929 1737 2043 1775 non
2071 1721 2356 1776 immerito
2385 1721 2529 1776 mihi
2555 1723 2602 1776 si
2629 1729 2896 1794 tacerem,
2921 1725 3075 1795 quia,
3102 1725 3348 1795 gloriose
3377 1725 3480 1793 ﬁli,
3503 1731 3558 1780 te

199 1816 466 1888 deinceps
493 1817 700 1871 sinitur
725 1833 992 1872 mansura
1017 1818 1370 1889 perversitas,
1403 1835 1520 1872 non
1551 1822 1635 1872 est
1662 1818 1826 1872 beni-
1847 1801 1904 1873 Β
1930 1815 2074 1870 sicut
2101 1816 2293 1870 Romae
2323 1821 2488 1871 natus
2519 1817 2844 1872 Romanum
2875 1818 3214 1889 principem,
3243 1835 3394 1886 amo,
3413 1820 3556 1888 colo,

199 1911 384 1981 gnitas
427 1911 788 1978 remittentis,
819 1911 912 1965 sed
953 1912 1363 1966 consentientis
1405 1911 1673 1966 assensio.
1706 1913 1826 1966 Non

195 2005 406 2058 mirum
433 2004 480 2058 si
497 2004 590 2058 isti
611 2005 806 2059 sedem
828 2005 980 2058 beati
1001 2005 1150 2059 Petri
1175 2006 1412 2075 apostoli
1433 2005 1826 2076 blasphemare

193 2102 565 2168 praesumunt,
588 2099 688 2170 qui
717 2099 854 2153 talia
877 2104 1137 2169 portenta
1163 2101 1246 2154 vel
1277 2099 1448 2154 corde
1482 2102 1709 2170 gerunt,
1736 2101 1826 2152 vel

195 2209 290 2245 ore
326 2191 679 2257 diffundunt,
712 2195 770 2246 et
809 2209 914 2246 nos
955 2192 1188 2264 insuper
1223 2193 1496 2264 superbos
1534 2209 1654 2247 esse
1693 2210 1823 2264 pro-

193 2285 480 2352 nuntiant,
499 2302 630 2340 cum
647 2286 726 2340 eis
747 2285 938 2357 prima
967 2287 1146 2355 sedes,
1168 2286 1450 2357 quidquid
1473 2289 1559 2340 est
1579 2285 1822 2357 pietatis,

193 2395 310 2433 non
342 2378 576 2433 desistat
603 2378 826 2446 offerre,
861 2379 944 2433 illi
984 2397 1112 2470 eam
1153 2380 1272 2450 ipso
1313 2383 1577 2450 protervo
1623 2380 1826 2450 spiritu

193 2472 500 2544 subjugare
549 2489 714 2543 posse
762 2472 1092 2528 conﬁdenti
1122 2473 1232 2528 Sed
1273 2477 1466 2544 captos
1503 2478 1692 2528 mente
1739 2475 1820 2527 fa-

195 2581 320 2620 cere
349 2565 452 2620 ista
485 2582 604 2620 non
631 2565 842 2620 mirum
872 2571 974 2620 est.
1009 2555 1408 2637 Si‘phrenetici
1434 2567 1615 2620 solent
1639 2566 1820 2620 medi-

193 2665 384 2714 cantes
409 2675 638 2730 quoque
657 2659 811 2714 velut
831 2660 1020 2714 hostes
1039 2663 1237 2730 putare
1253 2660 1340 2713 vel
1361 2660 1598 2714 caedere.
1621 2661 1823 2723 Quaero

193 2759 386 2808 tamen
411 2752 692 2823 judicium
733 2753 804 2806 ab
842 2753 928 2806 his
969 2753 1118 2824 quod
1143 2753 1526 2824 praetendunt,
1553 2753 1653 2807 ubi
1683 2769 1820 2806 nam

191 2847 366 2918 possit
396 2846 604 2916 agitari
637 2863 650 2900 :
687 2863 758 2900 an
787 2846 942 2918 apud
971 2847 1124 2918 ipsos
1162 2851 1222 2900 ut
1245 2847 1424 2901 iidem
1467 2847 1580 2900 sint
1605 2845 1820 2900 inimici

191 2943 248 2994 et
275 2943 451 2994 testes
491 2943 546 2993 et
583 2939 851 3010 judices?
896 2939 1008 2994 Sed
1049 2940 1148 2994 tali
1183 2940 1398 3010 judicio
1441 2957 1544 2994 nec
1574 2941 1822 2994 humana

193 3033 408 3087 debent
434 3033 722 3088 committi
751 3034 999 3104 negotia,
1029 3034 1242 3088 nedum
1273 3033 1476 3088 divinae
1501 3035 1643 3104 legis
1673 3035 1815 3088 inte-

193 3125 386 3197 gritas.
417 3128 472 3183 Si
505 3131 782 3198 quantum
819 3127 892 3182 ad
917 3127 1253 3199 religionem
1279 3127 1542 3199 pertinet,
1569 3144 1684 3182 non
1711 3127 1820 3182 nisi

193 3220 520 3292 apostolicae
551 3221 668 3276 sedi
690 3221 854 3291 juxta
883 3238 1130 3277 canones
1161 3221 1400 3276 debetur
1425 3238 1650 3276 summa
1669 3221 1822 3292 judi-

189 3313 262 3368 cii
309 3314 506 3368 totius.
552 3314 606 3370 Si
657 3319 936 3386 quantum
985 3316 1054 3370 ad
1105 3315 1290 3369 saeculi
1335 3317 1674 3385 potestatem
1729 3314 1818 3368 ille

189 3425 224 3460 a
245 3407 632 3478 pontiﬁcibus,
650 3413 706 3463 et
723 3409 1010 3479 praecipue
1037 3427 1070 3463 a
1089 3409 1240 3463 beati
1260 3409 1408 3462 Petri
1424 3409 1632 3462 vicario
1653 3408 1821 3462 debet

191 3517 536 3572 cognoscere
569 3517 696 3572 quae
723 3502 916 3556 divina
943 3509 1093 3571 sunt,
1123 3519 1240 3556 non
1267 3504 1451 3572 potest
1471 3502 1589 3572 ipse
1620 3502 1818 3555 eadem

181 3595 470 3666 judicare,
501 3613 606 3649 nec
629 3595 732 3650 sibi
765 3596 872 3650 hoc
903 3595 1204 3667 quisquam
1251 3595 1676 3667 potentissimus
1713 3611 1815 3648 583—

188 3690 322 3758 culi,
345 3689 446 3760 qui
464 3693 658 3744 tamen
685 3690 1032 3745 Christianus
1057 3695 1157 3756 est,
1175 3689 1458 3744 vindicare
1483 3693 1817 3759 praesumat,

187 3783 298 3837 nisi
313 3783 659 3855 religionem
675 3783 908 3838 forsitan
929 3787 1350 3854 persequentes.
1368 3783 1512 3847 Quid
1533 3788 1724 3836 tamen
1741 3782 1819 3836 di-

189 3880 406 3944 cerent,
436 3877 482 3931 si
507 3894 625 3932 non
653 3877 862 3932 chartis
895 3878 1010 3932 suis
1037 3878 1096 3932 in
1128 3878 1391 3932 omnibus
1419 3877 1821 3931 vincerentur?

191 3971 436 4042 Ineptias
479 3971 676 4043 utique
720 3989 844 4026 suas
887 3971 990 4026 sibi
1036 3977 1278 4041 servent,
1307 3971 1416 4025 nisi
1461 3970 1816 4042 resipiscant,

187 4065 378 4136 potius
397 4065 712 4136 cogitantes
737 4065 942 4118 Christi
971 4081 1166 4120 vocem
1189 4081 1304 4119 non
1333 4081 1451 4120 esse
1477 4063 1818 4135 superﬂuam

189 4175 316 4230 quae
347 4157 698 4213 confessione
727 4159 879 4212 beati
907 4159 1057 4214 Petri
1097 4159 1339 4230 apostoli
1383 4159 1593 4214 inferni
1631 4163 1822 4229 portas

187 4252 452 4324 nunquid
475 4253 859 4323 prtevalituras
880 4254 1136 4308 asseruit.
1161 4253 1518 4324 Quapropter
1535 4269 1648 4305 non
1672 4268 1822 4305 vere-

191 4362 340 4415 mur,
363 4361 438 4400 ne
459 4346 761 4417 apostolica
777 4345 1058 4401 sententia
1087 4347 1417 4412 resolvatur,
1439 4361 1612 4415 quam
1643 4349 1700 4398 et
1719 4361 1818 4396 vox

191 4439 419 4510 Christi,
435 4443 488 4494 et
505 4439 788 4509 majorum
803 4441 1056 4509 traditio,
1073 4445 1130 4494 et
1146 4455 1428 4494 canonum
1449 4438 1610 4492 fulcit
1637 4442 1820 4492 aucto-

1840 3172 1894 3246 C

1926 1908 2190 1980 suscipio,
2225 1913 2282 1962 et
2311 1910 2456 1964 sicut
2483 1909 2837 1966 Christianus
2863 1927 2996 1966 cum
3025 1929 3093 1966 eo
3121 1912 3218 1982 qui
3245 1913 3430 1968 zelum
3461 1914 3554 1968 Dei

1925 2002 2116 2071 habet,
2161 2003 2470 2057 secundum
2520 2003 2814 2058 scientiam
2861 2004 3114 2058 veritatis
3160 2005 3368 2060 habere
3409 2006 3557 2060 desi-

1926 2095 2081 2162 dero,
2134 2101 2190 2150 et
2240 2096 2645 2167 qualiscunque
2705 2098 3035 2168 apostolicae
3103 2097 3252 2153 sedis
3297 2099 3554 2169 vicarius,

1925 2190 2302 2261 quodcunque
2319 2191 2500 2260 plenae
2521 2191 2656 2244 ﬁdei
2683 2191 2970 2245 catholicae
2991 2191 3185 2246 deesse
3201 2208 3551 2263 comperero,

1923 2299 2028 2354 pro
2043 2299 2172 2337 meo
2198 2283 2429 2338 modulo
2451 2284 2910 2354 suggestionibus
2931 2285 3263 2355 opportunis
3291 2287 3552 2357 supplere

1924 2377 2222 2430 contendo.
2253 2375 2604 2448 Dispensatio
2631 2377 2844 2432 etenim
2885 2377 3030 2432 mihi
3067 2378 3242 2433 divini
3278 2380 3555 2434 sermonis

1927 2470 2178 2540 injuncta
2208 2487 2222 2524 :
2251 2471 2343 2523 Vas
2373 2471 2519 2524 mihi
2547 2475 2650 2538 est,
2679 2472 2726 2525 si
2751 2487 2867 2525 non
2894 2471 3368 2542 evangelizavero.
3390 2473 3552 2536 Quod

1925 2579 2054 2617 cum
2069 2580 2166 2618 vas
2185 2563 2472 2618 electionis
2497 2564 2698 2618 beatus
2723 2565 2926 2619 Paulus
2955 2565 3240 2635 apostolus
3261 2565 3550 2634 formidet,

1923 2657 2152 2724 clamet,
2181 2657 2358 2712 multo
2397 2657 2578 2728 magis
2623 2658 2768 2712 mihi
2807 2658 3012 2728 exiguo
3057 2659 3436 2714 metuendum
3465 2663 3550 2714 est

1923 2750 1970 2804 si
1993 2750 2261 2804 divinitus
2285 2751 2643 2821 inspiratum,
2672 2757 2728 2806 et
2765 2757 3000 2822 paterna
3034 2751 3335 2806 devotione
3366 2758 3546 2806 trans-

1921 2845 2158 2898 missum
2187 2844 2522 2899 subtraxero
2551 2845 2928 2899 ministerium
2961 2845 3332 2916 praedicandi.
3365 2846 3546 2900 Pieta-

1923 2941 2036 2991 tem
2087 2944 2240 2993 tuam
2287 2954 2510 3010 precor,
2539 2955 2610 2993 ne
2658 2939 3046 3010 arrogantiam
3083 2938 3304 3009 judices
3347 2938 3551 2993 divina:

1921 3032 2161 3086 rationis
2187 3032 2458 3087 ofﬁcium.
2485 3033 2663 3100 Absit,
2695 3049 2904 3104 quaeso,
2929 3049 2964 3086 a
2989 3033 3246 3088 Romano
3273 3032 3546 3104 principe,

1921 3129 1986 3180 ut
2013 3126 2336 3181 intimatam
2370 3126 2484 3180 suis
2527 3125 2751 3180 sedibus
2791 3126 3084 3182 veritatem
3133 3125 3438 3181 arbitretur
3463 3127 3550 3180 in-

1913 3219 2152 3289 juriam.

1993 3314 2108 3366 Duo
2134 3312 2347 3383 quippe
2379 3317 2529 3380 sunt,
2551 3314 2862 3382 imperator
2881 3315 3156 3383 Auguste,
3174 3314 3382 3384 quibus
3401 3314 3551 3384 prin-

1919 3406 2175 3476 cipaliter
2207 3407 2456 3460 mundus
2481 3406 2574 3460 hic
2601 3406 2840 3476 regitur,
2863 3407 3166 3461 auctoritas
3185 3423 3346 3462 sacra
3367 3409 3551 3478 ponti-

1920 3501 2112 3568 ﬁcum,
2145 3502 2200 3552 et
2233 3499 2441 3569 regalis
2485 3501 2750 3570 potestas.
2784 3500 2842 3552 ln
2872 3499 3076 3570 quibus
3125 3503 3283 3554 tanto
3323 3501 3550 3572 gravius

1920 3597 2006 3648 est
2039 3593 2268 3664 pondus
2295 3593 2672 3661 sacerdotum,
2705 3595 2921 3663 quanto
2953 3593 3122 3647 etiam
3162 3609 3266 3665 pro
3296 3593 3430 3665 ipsis
3457 3611 3546 3650 re-

1922 3687 2087 3758 gibus
2107 3686 2402 3740 hominem
2427 3687 2484 3740 in
2509 3686 2699 3740 divino
2723 3685 3002 3740 reddituri
3029 3691 3163 3741 sunt
3181 3688 3442 3744 examine
3465 3706 3551 3744 ras

1921 3781 2158 3835 tionem.
2191 3779 2346 3834 Nosti
2373 3779 2607 3846 etenim,
2639 3779 2718 3834 ﬁli
2748 3779 3207 3848 clementissime,
3236 3782 3388 3854 quod
3417 3782 3550 3838 licet

1918 3874 2228 3945 praesideas
2257 3874 2507 3928 humano
2553 3874 2750 3946 generi
2788 3873 3089 3945 dignitate,
3123 3891 3316 3929 rerum
3355 3881 3548 3932 tamen

1919 3967 2256 4039 praasulibus
2277 3967 2600 4022 divinarum
2626 3967 2862 4023 devotus
2880 3968 3026 4022 colla
3051 3969 3357 4036 submittis,
3382 3975 3552 4042 atque

1919 4063 1990 4116 ab
2017 4063 2096 4118 eis
2123 4079 2320 4117 causas
2345 4067 2460 4117 tuae
2493 4062 2691 4116 salutis
2732 4067 3011 4133 expectas,
3043 4063 3218 4134 inque
3259 4063 3552 4120 sumendis

1921 4156 2238 4211 coelestibus
2268 4157 2658 4222 sacramentis,
2691 4157 2904 4227 eisque,
2935 4161 2999 4210 ut
3046 4158 3336 4228 competit,
3365 4158 3552 4228 dispo-

1921 4250 2144 4318 nendis,
2177 4249 2338 4304 subdi
2372 4253 2425 4302 te
2454 4250 2659 4303 debere
2704 4250 2998 4318 cognoscis
3029 4251 3319 4320 religionis
3352 4251 3552 4307 ordine

1919 4343 2110 4414 potius
2150 4358 2320 4413 quam
2367 4358 2628 4412 prmesse.
2664 4344 2856 4412 Itaque
2887 4343 3038 4396 inter
3083 4344 3200 4396 haec
3241 4344 3466 4399 illorum
3497 4351 3548 4399 te

1921 4436 2171 4507 pendere
2195 4434 2430 4506 judicio.
2475 4436 2596 4488 Non
2633 4434 2762 4488 illos
2787 4435 2858 4488 ad
2887 4437 3044 4488 tuam
3073 4436 3216 4490 velle
3244 4437 3426 4507 redigi
3455 4455 3547 4490 vo-

191 4533 348 4602 ritas,
367 4537 434 4588 ut
459 4537 638 4588 totam
669 4535 856 4604 potius
885 4535 1188 4590 Ecclesiam
1218 4549 1445 4603 semper
1473 4532 1592 4602 ipsa
1618 4531 1820 4602 dijudi-
1841 4545 1899 4616 D
1923 4530 2221 4584 luntatem.
2260 4527 2316 4581 Si
2361 4527 2514 4581 enim
2561 4533 2840 4597 quantum
2887 4528 2960 4581 ad
3004 4529 3262 4582 ordinem
3307 4530 3550 4600 pertinet

192 4632 298 4682 cet.
329 4627 444 4683 Sed
473 4627 722 4697 cogitent
745 4628 947 4698 magis,
967 4627 1010 4680 si
1035 4627 1160 4698 quis
1187 4627 1246 4680 in
1277 4627 1398 4697 ejus
1428 4625 1716 4696 religionis
1741 4631 1824 4679 est

191 4739 410 4790 sensus,
438 4737 510 4775 ne
543 4722 874 4792 pravitatem
915 4739 1070 4774 suam
1118 4721 1438 4775 nullatenus
1476 4720 1823 4790 deponentes

191 4817 348 4888 apud
381 4817 562 4870 Deum
593 4817 970 4886 hominesque
1013 4816 1159 4870 sedis
1199 4813 1522 4886 apostolica}
1551 4817 1822 4885 perpetua

191 4909 602 4966 constitutione
649 4911 1016 4964 damnentur.
1069 4911 1151 4964 Sic
1186 4913 1376 4964 autem
1415 4909 1621 4962 dicitur
1651 4906 1821 4960 fuisse

191 5005 514 5070 deﬁnitum,
535 5007 600 5058 ut
623 5005 890 5074 deinceps
912 5005 980 5058 de
998 5004 1230 5074 negotio
1253 5002 1394 5057 nihil
1419 5002 1643 5056 dicatur
1663 5001 1822 5072 quasi

193 5099 276 5154 vel
307 5115 460 5152 nunc
501 5115 595 5152 eos
621 5097 1132 5168 (quemadmodum
1173 5097 1365 5168 nostis)
1395 5113 1522 5150 meo
1569 5094 1822 5150 duxerim

195 5191 430 5247 nomine
477 5192 799 5264 specialiter
841 5191 1228 5262 alloquendos.
1275 5193 1466 5261 Neque
1499 5191 1662 5260 plane
1695 5205 1820 5242 cum

195 5285 310 5340 istis
335 5303 452 5342 non
500 5285 914 5356 corrigentibus
961 5285 1206 5339 ineunda
1248 5285 1591 5354 congressio,
1625 5299 1819 5354 quem-

194 5380 504 5436 admodum
531 5397 660 5433 cum
689 5381 926 5434 aliarum
951 5396 1180 5450 quoque
1211 5378 1511 5432 hatresium
1533 5376 1822 5431 sectatori-

195 5473 298 5528 bus
327 5473 622 5529 dimicatio
657 5474 970 5528 renuenda.
1003 5475 1110 5526 Vos
1139 5475 1328 5526 autem
1356 5472 1538 5526 salvos
1570 5475 1626 5524 et
1647 5469 1824 5540 sospi-

195 5573 277 5624 tes
307 5567 692 5640 quantocitius
733 5567 840 5620 huc
889 5565 1112 5630 reverti,
1146 5566 1428 5619 continuis
1472 5564 1822 5618 divinitatem

199 5663 336 5716 votis
368 5662 707 5732 expetimus.
739 5641 774 5720 ,ί

363 5756 604 5826 Epistola
633 5745 834 5812 Gelhsit
865 5755 940 5810 ad
969 5755 1322 5809 Anastasiu-m
1349 5755 1672 5821 Augustum.

275 5849 490 5904 Famuli
525 5853 726 5902 vestrm
757 5849 1003 5922 pietatis,
1033 5847 1130 5902 ﬁlii
1163 5845 1294 5913 mei,
1325 5846 1623 5900 Faustinus
1653 5843 1830 5910 magi-

1923 4623 2162 4695 publicaa
2197 4621 2530 4692 disciplinae,
2557 4625 2959 4692 cognoscentes
2985 4622 3288 4693 imperium
3319 4623 3422 4678 tibi
3453 4642 3546 4678 su-

1923 4733 2100 4788 perna
2121 4714 2486 4786 dispositione
2503 4713 2768 4768 collatum
2793 4715 3016 4785 legibus
3039 4715 3170 4782 tuis,
3195 4715 3298 4786 ipsi
3319 4733 3548 4788 quoque

1923 4813 2128 4882 parent
2153 4808 2442 4880 religionis
2470 4806 2766 4874 antistites,
2789 4825 2860 4861 ne
2891 4809 2972 4862 vel
3001 4809 3058 4862 in
3087 4808 3258 4864 rebus
3285 4811 3552 4866 humanis

1925 4905 2166 4958 exclusm
2211 4897 2508 4956 videantur
2547 4901 2776 4956 obviare
2821 4902 3136 4971 sententiae,
3165 4919 3278 4973 quo
3321 4919 3460 4974 rogo
3496 4909 3551 4960 te

1927 4998 2090 5052 decet
2107 4997 2311 5051 affectu
2333 4995 2415 5050 eis
2433 4995 2686 5062 obedire,
2703 4994 2800 5066 qui
2821 4995 3202 5066 prorogandis
3213 4999 3550 5053 venerabili-

1927 5093 2029 5146 bus
2057 5097 2186 5146 sunt
2221 5089 2477 5145 attributi
2507 5088 2829 5159 mysteriis?
2857 5089 3094 5144 Proinde
3124 5090 3268 5148 sicut
3293 5107 3412 5147 non
3433 5094 3552 5149 leve

1927 5186 2226 5239 discrimen
2253 5183 2529 5238 incumbit
2549 5181 2904 5253 pontiﬁcibus
2925 5182 3141 5238 siluisse
3165 5200 3267 5255 pro
3289 5185 3552 5242 divinita-

1927 5279 1996 5334 tis
2017 5279 2168 5332 cultu
2186 5295 2314 5348 quae
2331 5275 2618 5348 congruit,
2639 5276 2718 5330 ita
2736 5276 2822 5330 his
2838 5277 3012 5346 (quod
3030 5277 3190 5348 absit)
3213 5295 3326 5334 non
3346 5283 3555 5338 medio-

1926 5389 2018 5426 cre
2059 5371 2372 5442 periculum
2408 5369 2662 5441 quicum
2691 5385 2890 5440 parere
2925 5371 3186 5440 debeant,
3215 5374 3550 5446 despiciunt.

1929 5467 1992 5520 Et
2017 5465 2066 5518 si
2101 5463 2314 5518 cunctis
2359 5462 2699 5534 generaliter
2743 5463 3132 5520 sacerdotibus
3169 5474 3318 5524 recte
3365 5469 3552 5526 divina

1927 5547 2300 5612 tractantibus
2315 5556 2566 5610 ﬁdelium
2586 5557 2846 5610 convenit
2862 5559 3034 5613 corda
3051 5559 3325 5629 submitti,
3342 5568 3552 5632 quanto

1929 5652 2114 5725 potius
2137 5651 2283 5704 sedis
2303 5649 2453 5704 illius
2479 5651 2707 5721 praesuli
2734 5667 3042 5706 consensus
3069 5657 3152 5707 est
3171 5653 3548 5724 adhibendus,

1930 5762 2102 5818 quem
2134 5744 2350 5798 cunctis
2395 5743 2778 5798 sacerdotibus
2817 5749 2872 5799 et
2913 5746 3173 5800 divinitas
3205 5763 3426 5802 summa
3455 5766 3550 5805 vo-

1933 5841 2036 5894 luit
2059 5839 2382 5912 pervenire,
2411 5841 2468 5892 et
2497 5839 2850 5910 subsequens
2877 5838 3132 5892 Ecclesia!
3166 5842 3442 5910 generalis
3465 5845 3558 5918 ju.
