4040 6332
473 318 574 371 959

1369 306 1654 369 APPEND.
1695 311 1784 367 AD
1808 310 1984 367 ‘SIEC.
2025 311 2113 367 IX.
2141 340 2210 352 --
2248 311 2488 369 lSlDORI
2526 310 2953 369 MERCATORIS

3725 318 3833 372 960

471 422 624 492 giter
659 421 846 494 pietas
890 418 1239 476 celebravit?
1288 419 1392 474 Ubi
1435 419 1617 491 pietas
1666 423 1766 474 tua
1810 417 2102 473 evidenter
2121 435 2182 506 Α
2203 419 2359 474 nulla
2385 418 2533 474 rima
2562 419 2875 490 pravitatis,
2900 418 3059 473 nulla
3088 435 3320 490 prorsus
3343 419 3684 491 contagione
3712 437 3834 476 ma-

473 515 714 571 advertit
735 530 1032 586 nunquam
1056 512 1311 585 quolibet
1335 516 1393 567 et
1416 511 1640 584 penitus
1680 513 1934 567 humano
1963 528 2099 567 cou-

475 608 599 664 silio
639 610 858 664 elevare
906 624 964 662 se
1005 622 1356 678 quemquam
1406 622 1569 677 posse
1615 605 1761 660 illius
1801 605 2102 678 privilegio

474 704 565 757 vel
593 699 934 758 confessioni
962 716 1135 772 quem
1161 699 1367 755 Christi
1395 716 1498 754 vox
1528 699 1780 771 pratulit
1802 699 2101 754 universis.

475 798 608 861 Qua
640 793 887 850 Ecclesia
912 793 1236 849 veneranda
1263 793 1516 848 confessa
1543 798 1820 864 superest,
1850 796 1909 847 et
1933 792 2106 847 habet

476 890 671 945 devota
690 887 1022 960 primatum.
1051 887 1253 958 lmpeti
1270 903 1385 941 non
1414 892 1653 958 possunt
1681 885 1946 940 humanis
1965 902 2106 957 pra-

477 982 898 1054 sumptionibus
937 998 1065 1053 qua
1110 980 1303 1035 divino
1344 985 1476 1035 sunt
1507 979 1728 1051 judicio
1774 979 2101 1034 constituta.

476 1077 633 1132 Vinci
657 1079 756 1131 aut
778 1074 1167 1147 quorumlibet
1188 1077 1463 1146 potestate
1493 1090 1609 1128 non
1638 1076 1897 1145 possunt.
1918 1076 2105 1144 Atque

479 1171 695 1226 utinam
725 1171 802 1224 sic
827 1174 1023 1224 contra
1052 1167 1366 1222 nitentibus
1397 1166 1711 1238 perniciosa
1750 1183 1865 1221 non
1896 1167 1970 1220 sit
2003 1183 2105 1221 au-

481 1265 661 1332 dacia,
691 1262 1174 1335 quemadmodum
1195 1261 1347 1332 quod
1374 1260 1444 1314 ab
1468 1260 1593 1331 ipso
1621 1276 1793 1314 sacra
1813 1258 2106 1331 religionis

479 1362 703 1413 auctore
746 1356 1040 1427 praﬁxum
1086 1357 1190 1424 est,
1220 1371 1338 1410 non
1368 1357 1556 1426 potest
1591 1355 1706 1408 ulla
1731 1353 1937 1407 virtute
1969 1369 2103 1407 con-

400 1426 409 1436 .
476 1452 632 1507 velli.
684 1426 1131 1504 Firmamentum
1179 1448 1333 1502 enim
1388 1447 1484 1501 Dei
1530 1450 1656 1502 stat.
1703 1446 2108 1518 Nunquidnam

479 1562 609 1601 cum
626 1544 909 1615 aliquibus
920 1543 976 1597 in
987 1543 1123 1597 festa
1136 1541 1336 1613 religio
1351 1543 1452 1607 est,
1468 1544 1908 1612 quantacunque
1925 1540 2110 1611 potuit

481 1639 734 1695 novitate
756 1636 1032 1708 superari,
1057 1638 1114 1691 et
1134 1652 1251 1690 non
1273 1635 1455 1705 magis
1476 1635 1597 1689 hac
1618 1634 1824 1689 invicta
1847 1650 2110 1705 perman-

481 1733 572 1801 sit,
608 1748 720 1803 quo
750 1731 1031 1785 astimata
1059 1732 1143 1784 est
1182 1745 1343 1799 posse
1386 1728 1799 1783 succumbere?
1839 1728 2110 1782 Desinant

2202 513 2440 567 culetur.
2468 513 2606 567 Nam
2634 513 2701 582 si,
2731 512 2888 585 quod
2912 514 3058 568 Deus
3097 516 3331 581 avertat,
3363 513 3521 585 quod
3560 513 3686 568 ﬁeri
3718 530 3838 570 non

2203 623 2369 678 posse
2398 606 2755 674 conﬁdimus,
2781 608 2892 661 tale
2931 607 3144 678 aliquid
3174 608 3525 679 proveniret,
3554 608 3643 663 vel
3680 608 3837 663 unde

2203 700 2469 771 cuiquam
2501 701 2763 755 resistere
2805 700 3151 756 auderemus
3181 701 3380 767 errori,
3414 703 3501 756 vel
3529 702 3685 756 unde
3713 718 3837 757 cor-

2204 794 2524 864 reptionem
2549 793 2869 848 errantibus
2896 794 3298 865 posceremus?
3323 795 3570 850 Proinde
3593 796 3637 849 si
3657 797 3840 867 pietas

2208 892 2302 941 tua
2328 887 2495 941 unius
2525 886 2770 941 civitatis
2795 888 3076 958 papulum
3118 892 3292 960 negat
3316 905 3481 959 posse
3512 905 3651 959 pace
3683 904 3838 944 com-

2206 980 2361 1051 poni,
2391 980 2544 1052 quod
2570 996 2674 1035 nos
2700 980 2771 1035 de
2797 980 2971 1035 totius
2996 981 3148 1035 orbis
3170 988 3456 1037 terrarum
3482 1000 3679 1037 sumus
3706 982 3837 1037 uni-

2206 1074 2474 1129 versitate
2509 1073 2734 1142 facturi,
2762 1074 2806 1129 si
2840 1074 3011 1145 (quod
3052 1074 3437 1145 absit)'nostra
3478 1077 3648 1131 fuerit
3687 1093 3839 1148 pra-

2206 1167 2554 1222 varicatione
2582 1168 2850 1239 deceptus
2862 1168 2890 1222 ‘?
2911 1167 2968 1223 Si
2988 1173 3139 1223 totus
3157 1174 3443 1224 correctus
3463 1174 3548 1223 est
3567 1169 3840 1234 mundus,

2206 1260 2443 1333 profana
2473 1261 2731 1331 primum
2767 1277 3000 1315 suorum
3044 1261 3346 1317 traditione
3385 1262 3660 1334 despecta,
3693 1279 3840 1335 quo-

2208 1354 2384 1409 modo
2413 1371 2526 1408 non
2553 1354 2877 1425 corrigatur
2893 1356 3062 1409 unius
3085 1355 3322 1409 civitatis
3345 1357 3609 1427 populus,
3633 1357 3680 1410 si
3703 1372 3845 1427 pra-

2208 1446 2416 1501 dicatio
2438 1446 2570 1501 ﬁdei
2591 1447 2892 1502 succedat?
2913 1450 3082 1518 Ergo,
3100 1448 3343 1519 gloriose
3362 1448 3694 1520 imperator,
3711 1450 3843 1503 nolo

2211 1556 2318 1610 ego
2339 1540 2715 1595 Ecclesiarum
2735 1557 2958 1612 pacem,
2977 1558 3153 1613 quam
3175 1541 3401 1596 etiamsi
3424 1559 3550 1596 cum
3580 1542 3697 1596 mei
3721 1559 3846 1596 san-

2214 1633 2401 1705 guinis
2442 1635 2736 1705 impendio
2773 1635 3098 1706 provenisse
3130 1642 3340 1707 posset,
3371 1637 3697 1707 amplector.
3733 1636 3845 1691 Sed

2212 1744 2413 1798 precor
2438 1728 2751 1799 cujusmodi
2783 1728 2989 1784 debeat
3026 1745 3145 1784 esse
3183 1746 3291 1800 pax
3318 1729 3457 1800 ipsa,
3492 1746 3609 1785 non
3639 1734 3843 1785 utcun-

484 1843 642 1897 ergo,
670 1840 864 1895 quaso
883 1828 959 1891 te,
984 1822 1336 1894 temporibus
1354 1821 1466 1876 tuis
1490 1821 1723 1892 quidam
1752 1837 1855 1893 per
1871 1821 2111 1875 occasio-
2128 1809 2186 1882 B
2210 1837 2323 1892 que
2376 1820 2587 1876 scilicet
2628 1821 2906 1877 veraciter
2948 1823 3270 1879 Christiana
3312 1829 3504 1877 mente
3548 1824 3843 1877 libremus.

486 1936 619 1974 nem
641 1916 1129 1990 perturbationum
1157 1915 1537 1970 ecclesiastica
1555 1914 1980 1987 pracipitanter
1996 1931 2112 1969 am-
2214 1914 2375 1978 Quod
2405 1914 2560 1969 enim
2589 1919 2773 1987 potest
2814 1932 2935 1971 esse
2978 1933 3091 1988 pax
3119 1933 3270 1985 vera,
3299 1916 3389 1970 cui
3424 1917 3663 1971 charitas
3694 1916 3843 1971 inte-

481 2013 606 2069 bire
639 2027 769 2084 qua
803 2026 921 2065 non
956 2009 1107 2079 licet,
1137 2024 1210 2064 ne
1240 2012 1298 2063 et
1344 2008 1443 2081 illa
1482 2024 1610 2079 qua
1651 2008 1798 2063 male
1838 2011 2114 2080 appetunt
2213 2014 2434 2063 morata
2453 2008 2739 2063 defuerit?
2756 2009 3012 2064 Charitas
3028 2014 3218 2064 autem
3238 2011 3480 2081 qualiter
3494 2027 3615 2065 esse
3639 2011 3849 2065 debeat

482 2106 804 2161 nullatenus
857 2103 1311 2175 apprehendant,
1354 2105 1413 2157 et
1456 2102 1697 2157 modum
1746 2118 1916 2157 suum
1961 2102 2111 2174 apud
2212 2102 2374 2157 nobis
2401 2102 2690 2157 evidenter
2708 2103 3006 2174 Apostolus
3021 2103 3322 2175 praedicat,
3340 2105 3441 2176 qui
3464 2105 3572 2159 ait:
3600 2127 3627 2154 «
3650 2104 3852 2161 Chari-

482 2201 665 2255 Deum
689 2204 749 2253 et
774 2196 1036 2252 homines
1059 2212 1177 2250 non
1203 2199 1459 2251 teneant.
1481 2180 1838 2268 Quapropter
1856 2196 1959 2250 sub
1983 2212 2111 2251 con-
2213 2199 2296 2251 tas
2326 2196 2398 2250 de
2425 2196 2594 2251 corde
2625 2213 2769 2268 puro
2812 2201 2870 2251 et
2908 2197 3254 2252 conscientia
3292 2198 3462 2266 bona,
3494 2204 3549 2253 et
3582 2198 3694 2253 ﬁde
3725 2215 3846 2254 non

481 2298 676 2366 spectu
697 2291 794 2347 Dei
809 2290 1027 2345 sincere
1053 2290 1324 2361 pietatem
1343 2292 1503 2344 tuam
1526 2290 1820 2361 deprecor,
1843 2289 2108 2359 obtestor,
2212 2290 2345 2344 ﬁcta
2372 2292 2419 2359 (Ι
2456 2292 2590 2344 Tim.
2625 2306 2665 2359 1,
2694 2294 2765 2361 5).
2804 2312 2832 2340 ››
2870 2291 3186 2361 Quomodo,
3219 2308 3414 2363 quaso
3458 2295 3533 2358 te,
3568 2291 3638 2346 de
3676 2291 3847 2347 corde

482 2392 542 2442 et
569 2386 857 2451 exhortor,
892 2388 953 2438 ut
986 2382 1322 2454 petitionem
1364 2398 1551 2438 meam
1591 2399 1709 2437 non
1744 2382 2114 2454 indignanter
2213 2381 2407 2456 238
2428 2384 2538 2438 erit
2557 2400 2723 2455 puro,
2745 2384 2790 2438 si
2815 2387 3080 2456 contagio
3101 2385 3387 2440 inﬁciatur
3404 2386 3848 2450 externo?Quo-

481 2479 751 2551 accipias;
775 2494 914 2549 rogo
934 2476 1168 2548 inquam
1189 2481 1255 2531 ut
1278 2493 1369 2531 me
1382 2476 1442 2530 in
1460 2476 1565 2531 hac
1579 2475 1694 2530 vita
1714 2476 1903 2547 potius
1917 2475 2113 2531 audias
2214 2478 2387 2531 modo
2413 2477 2484 2532 de
2510 2478 2860 2532 conscientia
2894 2477 3042 2532 bona
3069 2478 3116 2532 si
3141 2478 3330 2550 pravis
3360 2478 3536 2533 fuerit
3562 2478 3847 2550 malisque

483 2572 904 2645 deprecantem,
933 2585 1107 2641 quam
1152 2569 1321 2640 (quod
1362 2569 1524 2640 absit)
1564 2568 1627 2623 in
1677 2568 1867 2623 divino
1896 2568 2113 2639 judicio
2213 2571 2551 2627 commista?
2573 2570 3074 2636 Quemadmodum
3100 2572 3211 2627 fide
3239 2588 3357 2627 non
3381 2572 3510 2627 ﬁcta
3537 2573 3581 2626 si
3615 2577 3849 2627 maneat

482 2667 688 2721 sentias
703 2664 1213 2720 accusautem.Nec
1232 2662 2109 2734 melatet,imperatorAuguste,
2214 2664 2421 2720 sociata
2458 2681 2589 2720 cum
2619 2665 2895 2736 perfidis?
2939 2666 3076 2730 Qua
3125 2682 3255 2721 cum
3284 2684 3319 2721 a
3341 2666 3510 2722 nobis
3540 2683 3690 2739 sape
3718 2665 3847 2738 jam

481 2759 640 2833 quod
682 2758 911 2831 pietatis
958 2760 1070 2812 tua
1115 2756 1366 2811 studium
1412 2756 1584 2812 fuerit
1631 2756 1692 2811 in
1735 2755 1954 2828 privata
1980 2757 2110 2833 vita.
2215 2758 2365 2814 dicta
2401 2758 2534 2827 sint,
2564 2776 2790 2815 necesse
2831 2763 2917 2814 est
2952 2763 3145 2815 tamen
3185 2760 3590 2815 incessabiliter
3623 2759 3846 2828 iterari,

483 2852 698 2926 Optasti
725 2868 955 2924 semper
980 2851 1103 2906 ﬁeri
1128 2851 1410 2923 particeps
1439 2849 1828 2922 promissionis
1859 2855 2109 2906 aterna.
2214 2856 2273 2907 et
2295 2853 2489 2908 tandiu
2526 2870 2643 2908 non
2678 2857 2868 2909 tacere
2910 2854 3164 2925 quandiu
3206 2871 3419 2910 nomen
3464 2855 3616 2925 pacis
3640 2854 3846 2909 obten-

556 2946 917 3017 Quapropter
959 2946 1075 3000 noli
1104 2944 1288 3013 irasci,
1320 2944 1366 2998 si
1391 2950 1449 2998 te
1476 2947 1669 2999 tamen
1709 2944 1906 3015 diligo,
1933 2950 1999 3000 ut
2024 2961 2113 3000 re-
2216 2946 2389 3014 ditur,
2416 2953 2480 3001 ut
2508 2953 2771 3002 nostrum
2802 2965 2917 3002 non
2949 2948 3042 3017 sit,
3062 2951 3148 3015 ut,
3179 2947 3453 3003 invidiose
3475 2948 3746 3018 jactatur,
3768 2947 3851 3002 fa-

490 3057 669 3114 gnum
700 3039 856 3111 quod
884 3038 1275 3110 temporaliter
1310 3044 1599 3092 assecutus
1624 3055 1705 3107 es,
1731 3039 1901 3093 velim
1930 3043 1986 3094 te
2013 3039 2109 3094 ha-
2213 3056 2338 3095 cere
2364 3056 2585 3111 pacem.
2609 3040 2716 3113 Sed
2749 3042 2922 3096 talem
2949 3042 3092 3096 velle
3120 3042 3419 3096 doceamus
3447 3040 3629 3112 qualis
3650 3048 3707 3096 et
3727 3041 3849 3096 sola

483 3135 620 3190 bere
646 3136 1009 3205 perpetuum,
1039 3136 1097 3187 et
1122 3131 1221 3204 qui
1257 3131 1511 3203 imperas
1555 3132 1781 3201 saculo,
1813 3133 1993 3203 possis
2019 3149 2108 3188 re-
2143 3196 2184 3207 Α
2212 3150 2325 3205 pax
2356 3150 2495 3202 esse,
2517 3138 2572 3188 et
2592 3138 2977 3207 praterquam
3005 3152 3113 3207 pax
3140 3136 3296 3190 nulla
3324 3151 3445 3189 esse
3471 3139 3846 3189 monstratur.

487 3196 666 3302 gnare
697 3196 825 3283 cum
866 3196 1107 3283 Christo.
1138 3196 1275 3281 2l‘uis
1315 3196 1467 3281 certe
1506 3226 1746 3297 legibus,
1768 3196 2108 3298 imperator,
2131 3196 2188 3271 Ο
2211 3196 2627 3299 liuthycianum
2654 3196 2865 3301 dogma
2890 3196 3089 3285 contra
3112 3229 3433 3300 apostolica
3472 3229 3619 3284 sedis
3644 3232 3845 3284 caute-

484 3322 695 3395 pateris
726 3321 867 3376 nihil
895 3321 1113 3393 perire;
1147 3321 1401 3376 Romano
1443 3319 1664 3376 nomini
1692 3321 1832 3375 nulli
1859 3320 2112 3376 admittis
2213 3322 2327 3375 lam
2357 3322 2672 3394 pervigilat,
2692 3323 2738 3377 si
2759 3323 3008 3378 creditur
3033 3324 3181 3377 salva
3206 3322 3340 3377 ﬁdei
3366 3323 3659 3377 catholica
3680 3338 3847 3393 posse

484 3418 748 3488 ingerere
797 3415 1228 3485 detrimentum,
1265 3415 1419 3470 itane
1460 3430 1659 3469 verum
1703 3420 1807 3483 est,
1847 3415 2113 3487 princeps
2212 3415 2443 3471 veritate
2479 3420 2758 3486 constare,
2789 3421 3103 3489 promatur,
3134 3421 3435 3483 asseratur,
3464 3420 3520 3470 et
3548 3415 3846 3487 quantisli-

485 3510 908 3584 egregie,quod
923 3526 1038 3564 non
1061 3510 1242 3563 solum
1265 3509 1569 3580 prasentia
1584 3509 1791 3564 Christi
1810 3509 2108 3580 beneficia,
2212 3509 2309 3564 bet
2348 3510 2561 3564 viribus
2611 3514 2915 3577 astruatur,
2963 3517 3026 3565 ut
3070 3527 3188 3566 non
3231 3511 3415 3565 solum
3454 3526 3556 3581 per
3592 3510 3851 3581 seipsum

486 3607 581 3661 sed
604 3603 886 3660 desideras
907 3610 964 3658 et
978 3603 1188 3671 futura,
1206 3608 1266 3658 ut
1284 3603 1567 3675 religioni,
1584 3609 1650 3659 ut
1668 3604 1911 3671 veritati,
1930 3603 2114 3657 utsin-
2213 3620 2385 3674 quam
2412 3602 2712 3658 inimicum
2751 3605 2822 3659 sit
2847 3605 2980 3659 ﬁdei
3008 3604 3343 3660 Christiana
3370 3603 3552 3676 possit
3592 3604 3848 3672 ostendi,

483 3699 708 3755 ceritati
747 3699 1035 3753 catholica
1066 3698 1482 3753 communionis
1519 3703 1575 3752 et
1602 3696 1733 3752 ﬁdei
1758 3697 2114 3769 temporibus
2214 3698 2309 3752 sed
2328 3701 2556 3769 quanta
2568 3703 2624 3752 et
2642 3715 2811 3770 quam
2830 3699 3068 3753 lethales
3095 3699 3340 3753 hareses
3360 3698 3419 3752 in
3438 3714 3538 3752 sua
3557 3697 3854 3753 contineat

483 3793 723 3849 tuisnon
738 3792 970 3865 patiaris
986 3808 1332 3863 quemquam
1353 3791 2113 3862 inferredispendium?Qua
2212 3791 2531 3847 colluvione
2577 3793 2900 3847 monstrari.
2934 3793 2991 3848 Si
3041 3797 3254 3859 autem,
3282 3795 3348 3847 ut
3390 3792 3574 3863 magis
3616 3791 3853 3846 conﬁdi-

482 3887 708 3954 ﬁducia,
726 3903 863 3957 rogo
887 3891 964 3955 te,
984 3885 1098 3939 illic
1118 3886 1239 3955 ejus
1265 3886 1498 3956 pramia
1519 3885 1802 3956 petiturus
1828 3891 1931 3952 est,
1954 3886 2114 3955 cujus
2212 3902 2360 3954 mus,
2394 3902 2428 3940 a
2461 3886 2747 3940 catholicis
2779 3886 3045 3957 judicatis
3075 3886 3365 3941 mentibus
3400 3885 3849 3952 excludendum,

484 3980 578 4035 hic
603 3980 813 4033 damna
846 3995 964 4033 non
1003 3959 1481 4124 prohibes‘gNon
1522 3979 1638 4032 sint
1682 3979 1890 4050 gravia,
1919 3995 2112 4050 quaso
2216 3992 2407 4050 quaso
2440 3983 2516 4049 te,
2545 3996 2647 4034 cur
2672 3997 2790 4034 non
2834 3980 3096 4052 contagia
3143 3980 3315 4035 simul
3357 3996 3557 4035 eorum
3599 3979 3701 4050 qui
3745 3979 3851 4033 hac

484 4078 560 4124 te.
592 4088 719 4124 oua
751 4088 854 4124 nro
892 4077 1007 4124 tua
1050 4071 1247 4124 salutis
1343 4072 1605 4124 ternitate
1649 4072 1935 4124 dicuntur.
1964 4072 2111 4124 Scri-
2215 4068 2527 4124 probantur
2545 4085 2665 4124 esse
2694 4069 2913 4124 Dulluti.
2941 4070 3246 4124 decernitis
3268 4068 3591 4124 refutanda.
3613 4084 3745 4122 cum
3772 4066 3851 4122 di-

481 4078 560 4139 te,
592 4088 719 4144 qua
751 4088 854 4142 pro
892 4077 1007 4126 tua
1050 4071 1247 4125 salutis
1288 4066 1605 4126 alternitate
1649 4072 1935 4127 dicuntur.
1964 4072 2111 4128 Scri-
2214 4068 2527 4139 probantur
2545 4085 2665 4124 esse
2692 4069 2913 4140 polluti,
2941 4070 3246 4125 decernitis
3268 4068 3591 4135 refutanda,
3613 4084 3745 4122 cum
3772 4066 3853 4122 di-

481 4158 649 4238 ptum
700 4165 890 4236 legisti
934 4181 948 4219 :
994 4164 1224 4220 Meliora
1272 4169 1405 4219 sunt
1451 4167 1689 4221 vulnera
1731 4166 1900 4222 amici
1944 4184 2116 4238 quam
2215 4163 2303 4212 cat
2331 4158 2666 4228 Apostolus:
2703 4158 2813 4223 Qui
2841 4176 2956 4213 non
2983 4160 3167 4213 solum
3194 4176 3307 4213 non
3336 4157 3603 4213 facienda
3634 4157 3855 4211 faciunt

485 4262 680 4316 oscula
709 4258 944 4314 inimici.
967 4261 1164 4324 Quaso
1188 4259 1460 4332 pietatem
1485 4263 1663 4328 tuam,
1684 4265 1747 4315 ut
1769 4278 1882 4333 quo
1908 4262 2115 4316 affectu
2214 4264 2337 4301 reos
2366 4247 2562 4317 videri,
2591 4248 2694 4303 sed
2723 4250 2899 4303 etiam
2937 4248 3033 4320 qui
3080 4249 3445 4303 consentiunt
3484 4246 3850 4302 facientibus.

484 4355 755 4410 dicuntur
781 4371 815 4409 α
842 4370 956 4422 ωε,
985 4371 1053 4409 eo
1086 4354 1201 4408 tuis
1237 4354 1491 4410 sensibus
1537 4355 1895 4411 intimemur.
1937 4357 2114 4411 Nemo
2217 4338 2458 4393 Proinde
2475 4339 2617 4394 sicut
2630 4356 2744 4393 non
2763 4343 2948 4410 potest
2960 4339 3348 4411 perversitatis
3367 4338 3854 4394 com'municatore

484 4449 749 4521 pietatem
785 4454 945 4504 tuam
983 4448 1156 4515 fallat,
1182 4465 1384 4503 verum
1426 4454 1511 4504 est
1557 4449 1710 4521 quod
1751 4449 2118 4520 singulariter
2215 4431 2473 4526 δυξθυξηο
2501 4445 2617 4526 ῐξολη
2642 4433 2854 4526 Pariter
2882 4429 3226 4526 Pcf'VeI‘SilaS
3270 4427 3591 4526 δρρνοδτινί»
3619 4429 3857 4526 Siculi?“

485 4519 593 4616 im.
647 4543 989 4615 prophetam
1059 4542 1351 4615 Scriptura
1420 4519 1655 4598 ιεειθίω.
1712 4560 1725 4598 ε
1782 4566 1809 4594 α
1855 4519 1985 4598 Una
2033 4521 2403 4617 estnpotest
2444 4519 2687 4617 refutari
2728 4519 3090 4590 perversitas,
3138 4519 3859 4617 compliceperversitatis

528 4580 581 4598 οι
691 4580 748 4597 ιν
794 4580 989 4597 uua...
1059 4580 1177 4597 υυι.
1226 4580 1351 4597 ναια
1421 4580 1644 4598 team...
1712 4585 1725 4598 .
1782 4580 1809 4594 υ
1867 4580 1985 4598 una
2033 4580 2118 4599 σε..
2217 4580 2235 4588 -
2728 4580 2745 4590 .
3078 4580 3087 4589 .
3273 4580 3290 4590 .
3463 4580 3479 4589 .

485 4580 932 4705 :olunti’barmea,
972 4653 1083 4691 una
1111 4580 1218 4691 estP
1224 4638 1476 4708 perfecta
1504 4655 1635 4693 mea
1663 4638 1842 4710 (Cant.
1873 4656 1946 4709 v1,
1977 4639 2052 4708 8),
2083 4662 2111 4691 ››
2134 4580 2194 4652 D
2218 4606 2487 4710 admissf"
2537 4607 2777 4710 1³8811),υὲ
2818 4615 2993 4708 “itte,
3027 4610 3254 4710 {"3"er
3636 4605 3859 4661 ⁰⁰¹¹⁵ί⁵ίί

486 4747 602 4786 una
645 4736 729 4787 est
765 4698 1088 4787 Christiana
1128 4698 1288 4801 ﬁdes,
1317 4748 1493 4803 quam
1520 4698 1826 4787 veneratur
1852 4698 2116 4789 universa
2216 4698 3660 4797 Suscep.‘°’e“q“e1“”°°i"a“”“”‘.pari.j“dicimm
3684 4710 3860 4794 Ρωηέ

485 4825 730 4880 Ecclesia
750 4825 1054 4884 catholica:
1079 4784 1354 4880 catholica
1375 4831 1570 4881 autem
1595 4825 1873 4882 veraciter
1891 4827 1986 4881 illa
2009 4834 2112 4884 est.
2215 4787 2708 4884 .Uusiriuégumui"
2731 4804 2833 4884 ne?
2855 4805 3052 4884 mme
3075 4787 3349 4884 “moris
3374 4787 3706 4884 @“W‘fu‘l’
3733 4784 3854 4884 gui’

2214 4875 2345 4931 licet
2369 4876 2485 4947 ipse
2507 4895 2619 4932 non
2648 4878 2866 4947 fecerit,
2886 4878 3153 4932 facientes
3179 4884 3373 4931 tamen
3403 4874 3856 4930 familiaritatem

484 4920 709 4991 qua‘ab
736 4920 995 4974 omnium
1036 4920 1387 4990 perﬁdorum
1429 4925 1599 4991 atque
1634 4920 1704 4975 ab
1744 4938 1943 4976 eorum
1985 4939 2112 4977 suc-

675 4964 995 5039 ἔζηῖῗῖίῖζῖ
1038 4964 1388 5039 CIII:
1430 4964 2081 5039 :Z‘iff_:"_:‘."'l'_:‘ff
2213 4964 2511 5038 foedusque
2548 4967 2846 5039 receperit-

485 5014 794 5068 cessoribus
826 5019 995 5085 atque
1035 5014 1408 5082 consortibus’
1441 5015 1682 5084 Sincera’
1714 5033 1877 5087 pum’
1907 5017 2111 5073 imma'
2213 5014 3200 5115 mDEdihdeElizilcedoneuse
3237 5057 3540 5114 concilium
3578 5073 3685 5128 pro
3717 5056 3855 5112 ﬁdei

489 5106 659 5128 ---ἱ-Α,
719 5107 1111 5128 ___-__.__s_£__._
1164 5108 1318 5128 J!__!_n
1393 5113 1466 5128 ,ξι
1547 5110 1691 5128 ιιοκη
1743 5111 1752 5120 ⁸
2074 5112 2106 5128 0-

485 5106 668 5163 culata
711 5107 1117 5163 communione
1156 5108 1331 5163 divisa
1387 5113 1492 5164 est.
1533 5110 1797 5182 Alioquin
1840 5128 1956 5166 non
2008 5112 2117 5167 erit

1518 5147 1797 5221 W‘f‘w‘i‘”?
1840 5147 1973 5221 ⁸⁸⁸³⁸⁸⁸
2008 5147 2117 5218 εἴη
2216 5147 2502 5203 catholica
2529 5150 2699 5220 atque
2721 5149 3041 5221 apostolica
3069 5148 3299 5204 veritate
3332 5147 3853 5218 communioneque

484 5202 750 5313 ξένξωᾝδ
774 5202 1042 5313 φωλάδῖῆ
1070 5201 1356 5273 dlscreuo’
1380 5204 1478 5313 seid
1501 5205 1817 5313 ’9‘5?1‘a”‘§a
1836 5206 2111 5313 Confflf'oj
2216 5239 2559 5295 celebratum
2578 5242 2947 5296 damnaverat
2964 5241 3274 5313 Eutychen}
3303 5237 3621 5295 detestandi
3643 5236 3852 5291 furoris

483 5295 597 5350 Nec
648 5295 763 5349 ulla
808 5311 977 5350 causa
1021 5296 1144 5367 jam
1193 5302 1469 5369 superest,
1516 5299 1563 5353 si
1608 5299 1716 5354 hoc
1763 5298 1819 5354 in
1859 5301 2116 5372 quolibet

536 5329 605 5401 ἐν,
652 5329 763 5399 υτια
808 5329 985 5401 υῖυοα,
1021 5329 1144 5367 μω
1193 5329 1469 5401 τζυνῖξσδιν
1516 5329 1563 5353 οι
1608 5329 1716 5354 υυυ
1763 5329 1819 5401 ‘ff
1859 5329 2116 5401 ιξυυιιυτξι
2215 5332 2530 5398 auctorem,
2561 5348 2673 5385 non
2702 5330 2837 5385 satis
2857 5331 3076 5399 habuit,
3100 5330 3207 5385 nisi
3235 5334 3298 5385 ut
3322 5329 3533 5401 pariter
3558 5329 3680 5399 ejus
3699 5342 3849 5398 quo-

482 5390 746 5461 cantagio
779 5390 1120 5446 voluerimus
1165 5391 1484 5460 admittere,
1515 5409 1589 5447 ne
1617 5394 1835 5449 cunctis
1878 5394 2112 5450 haresi-

684 5422 746 5495 ζ’,υ
786 5422 1120 5494 ’⁰Ϊ“²⁵¹“¹³“³
1165 5422 1484 5495 “um”f°"”
1516 5422 1589 5447 ¹¹¹⁵
1617 5422 1835 5495 ξωξωῗ
1878 5422 2112 5495 "frma"
2213 5439 2322 5494 que
2357 5431 2682 5480 consortem
2729 5425 3061 5481 Dioscorum
3106 5431 3450 5495 caterusque
3481 5422 3847 5494 propelleret.

479 5483 587 5539 bus
605 5482 1195 5556 aditumjanuamque
1216 5485 1556 5555 pendamus.
1577 5488 1725 5551 «Qui
1746 5489 1900 5542 enim
1919 5488 1978 5543 in
2002 5507 2113 5544 uno
2214 5482 2329 5567 {ioc
2369 5513 2547 5585 igitur
2591 5516 2760 5570 modo
2799 5515 2945 5570 sicut
3000 5516 3060 5569 in
3112 5482 3716 5586 unaquaéue‘héresi
3761 5512 3852 5567 vel

480 5578 798 5676 οίῖθξιάεξνίίι
820 5579 1235 5676 PmPEPWeus
1266 5582 1370 5646 θείη
1397 5584 1454 5634 ει
1479 5580 1579 5652 qni
1604 5581 1843 5637 minima
1870 5584 2109 5655 Spernit:
2211 5601 2419 5657 factum
2442 5621 2669 5676 semper
2688 5606 2771 5660 vel
2798 5605 2919 5660 ﬁeri
2949 5622 3063 5659 non
3085 5578 3329 5659 habetur
3348 5578 3708 5674 ambiguum,
3729 5617 3852 5656 suc-

481 5672 757 5742 paulatim
807 5670 1019 5726 decidit
1058 5672 1191 5743 (Jac.
1242 5688 1302 5739 ιι,
1333 5676 1430 5742 l0;
1471 5676 1637 5731 Eccli.
1684 5695 1792 5748 xxx,
1828 5677 1896 5752 l),
1928 5701 1956 5729 »
2002 5680 2112 5736 hoc

2211 5707 2461 5748 cessores
2487 5712 2684 5750 eorum
2714 5697 3098 5762 Timotheum,
3128 5698 3379 5763 Petrum,
3403 5697 3573 5766 atque
3601 5694 3852 5747 altemm

484 5770 590 5857 est,
630 5764 786 5835 quod
826 5763 1025 5857 sedes,
1049 5766 1351 5835 apostolica
1393 5784 1606 5840 magno
1658 5774 2007 5842 prataxavit,
2049 5780 2114 5830 ut
2212 5784 2629 5840 Antiochenam
2671 5787 2901 5842 Petrum
2944 5803 3060 5841 non
3088 5784 3299 5841 viritim
3327 5763 3560 5857 propter
3585 5783 3848 5855 singulos

485 5854 617 5926 quia
663 5856 880 5910 mundo
913 5856 1070 5910 radix
1111 5861 1193 5912 est
1226 5861 1471 5927 Apostoli
1521 5862 1769 5927 gloriosa
1814 5868 2110 5936 confessio,
2213 5872 2485 5944 quosquis
2538 5890 2728 5929 rursus
2777 5876 2924 5930 facto
2970 5876 3224 5944 concilio,
3266 5854 3362 5930 sed
3412 5854 3614 5947 synodi
3664 5854 3847 5929 semel
