4040 6338
166 369 246 421 96i
1375 355 1842 423 DECRETALIUM
1881 365 2266 424 COLLECTIU.
2285 399 2288 402 ι

3325 387 3328 390 ί
3407 372 3510 426 962

155 473 294 544 jacta
347 472 550 544 regula
592 477 1002 545 consequenter
1052 473 1217 530 elisit.
1245 437 1774 540 iQuemadmodum
1795 487 1854 561 Α
1874 476 2053 530 Taceo
2075 491 2215 547 quos
2236 473 2304 529 ab
2326 473 2540 529 eisdem
2561 473 2700 546 ipsis
2715 473 3001 530 damnatis
3012 473 3370 548 pratentibus,
3393 477 3514 548 qui-

163 585 286 638 ergo
329 585 444 622 non
491 569 781 622 evidenter
822 577 1060 640 apparet
1102 571 1276 625 etiam
1326 578 1556 625 cunctos
1608 571 1778 627 simili

161 667 342 716 tenore
383 663 716 732 Constringi,
751 669 806 716 et
835 664 932 734 qui
961 681 1162 718 eorum
1192 666 1699 720 communicatores
1725 671 1781 720 et

161 757 452 825 complices
482 758 840 823 exstiterunt,
873 765 1043 828 atque
1069 775 1265 812 omnes
1287 759 1522 813 omnino
1541 777 1574 814 a
1595 761 1781 815 catho-

159 849 256 902 lica
281 853 452 918 atque
482 851 792 919 apostolica
821 855 1027 905 merito
1067 853 1477 908 communione
1510 854 1775 908 discerni.

161 943 286 996 Hinc
311 943 573 996 Acacium
607 961 831 1015 quoque
852 945 982 1015 jure
1016 945 1255 1000 dicimus
1278 964 1310 999 a
1331 953 1521 1002 nostro
1545 965 1776 1002 consor-

161 1035 231 1088 tio
277 1037 736 1090 submovendum
788 1039 884 1108 qui
927 1039 1126 1092 maluit
1172 1039 1232 1092 in
1273 1045 1482 1094 sortem
1539 1040 1779 1095 transire

159 1129 400 1198 pel-ﬁdite
419 1147 588 1199 quam
605 1131 662 1182 in
683 1132 972 1186 catholicas
993 1140 1166 1202 atque
1186 1135 1506 1203 apostolicze
1527 1151 1780 1188 commu-

159 1223 334 1275 nionis
355 1223 678 1277 sinceritate
696 1229 978 1290 constare,
1003 1243 1134 1279 cum
1156 1227 1274 1280 fere
1298 1227 1604 1282 triennium
1629 1245 1700 1281 ne
1723 1228 1780 1282 id

157 1317 364 1368 veniret
379 1317 704 1386 apostolicae
725 1319 871 1371 sedis
894 1319 1140 1389 epistolis
1163 1320 1430 1374 doceatur
1451 1328 1777 1391 competen-

157 1415 235 1462 ter
281 1410 606 1464 instructus.
672 1414 976 1482 Postquam
1029 1430 1160 1468 vero
1215 1415 1639 1468 communionis
1697 1418 1780 1469 est

156 1503 323 1555 factus
345 1504 563 1570 alienze,
588 1521 702 1558 non
725 1506 906 1575 potuit
927 1523 1040 1560 non
1070 1509 1358 1562 catholicas
1384 1514 1440 1562 et
1459 1508 1777 1579 apostolicae

155 1613 276 1649 mox
316 1597 580 1650 societate
611 1599 864 1668 praecidi,
898 1617 968 1653 ne
1003 1617 1100 1670 per
1133 1619 1264 1655 eum
1294 1602 1337 1655 si
1369 1601 1456 1655 vel
1483 1603 1773 1672 paululum

155 1707 510 1757 cessaremus,
537 1709 635 1744 nos
664 1709 890 1763 quoque
921 1693 1244 1748 videremur
1271 1695 1486 1749 subisse
1515 1697 1779 1766 contagia

155 1785 516 1853 perﬁdorum.
572 1786 686 1839 Sed
737 1803 932 1840 revera
985 1790 1070 1841 vel
1125 1789 1222 1842 tali
1281 1807 1574 1860 percussus
1615 1807 1776 1860 paena

1879 572 1984 624 bus
1999 570 2266 641 baptizati
2283 569 2513 623 fuerant
2529 567 2588 622 in
2607 567 2722 623 tide
2738 568 3014 623 catholica
3033 575 3334 624 manentes
3359 571 3516 626 nulla

1882 664 1995 717 sint
2016 663 2400 733 exagitatione
2437 662 2670 716 turbati.
2699 664 2882 718 Taceo
2910 662 3061 733 quod
3089 663 3258 716 rebus
3284 663 3517 720 ludicris

1879 759 2184 828 populares
2205 758 2500 823 tumultus,
2523 773 2674 810 nunc
2695 759 2779 810 est
2801 759 3002 810 vestrae
3017 757 3240 828 pietatis
3261 758 3514 813 auctori-

1878 854 1963 904 tas
1991 850 2309 918 refrenat-it,
2337 857 2506 921 atque
2523 850 2648 904 ideo
2677 850 2856 904 multo
2872 851 3055 922 magis
3072 868 3172 922 pro
3191 852 3369 906 salute
3389 852 3512 906 ani-

1879 961 2106 998 marum
2120 961 2354 999 suarum
2367 944 2685 998 necessario
2701 943 2864 998 nobis
2879 945 3514 1016 Constantinopolitanm

1880 1039 2119 1092 civitatis
2133 1038 2530 1109 obtemperare
2543 1037 2866 1106 multitudo,
2882 1038 2927 1092 si
2943 1055 3072 1093 eam
3088 1039 3156 1093 ad
3173 1039 3510 1094 catholicam

1881 1137 1936 1185 et
1955 1131 2327 1203 apostolicam
2356 1131 2822 1186 communionem
2843 1148 2938 1185 vos
2967 1133 3250 1203 principes
3269 1133 3508 1188 reduca-

1879 1226 1969 1279 tis.
1993 1226 2230 1292 Etenim,
2253 1227 2564 1296 imperator
2583 1227 2856 1296 Auguste,
2871 1225 2916 1279 si
2939 1229 3130 1280 contra
3153 1227 3310 1298 leges
3331 1227 3518 1298 publi-

1879 1337 1974 1373 cas
2011 1319 2221 1390 aliquid
2261 1319 2434 1391 (quod
2473 1318 2636 1389 absit)
2661 1319 2943 1390 quispiam
2971 1320 3206 1376 fortasse
3243 1324 3508 1392 tentaret,

1878 1413 2035 1466 nulla
2057 1413 2174 1483 pati
2202 1412 2422 1466 ratione
2455 1412 2728 1484 potuisses
2758 1413 2829 1466 ad
2851 1412 3086 1468 unitatis
3105 1429 3307 1484 puram
3327 1414 3508 1469 since-

1880 1523 2120 1577 ramque
2153 1507 2536 1561 devotionem.
2567 1507 2638 1562 Ut
2664 1506 2768 1561 tibi
2793 1507 2955 1578 plebs
2975 1507 3198 1562 subdita
3219 1508 3512 1580 redigatur

1881 1601 2241 1655 conscientiae
2275 1607 2389 1654 tua:
2431 1617 2548 1654 non
2591 1605 2756 1671 putas
2793 1601 3086 1655 interesse.
3123 1602 3431 1669 Postremo,
3462 1602 3510 1656 si

1881 1711 2028 1748 unus
2050 1695 2244 1765 populi
2266 1695 2507 1749 civitatis
2527 1694 2751 1748 animus
2781 1711 2892 1748 non
2923 1697 3157 1765 putatur
3179 1693 3408 1762 otiandi,
3437 1711 3509 1750 ne

1881 1787 2089 1855 divina,
2135 1791 2196 1842 ut
2236 1805 2325 1842 res
2371 1789 2640 1860 postulat,
2680 1788 3058 1859 corrigantur,
3092 1791 3302 1859 quanto
3333 1791 3512 1859 magis

155 1879 404 1946 resipmt,
430 1879 840 1932 correctionem
865 1882 1136 1950 promisit,
1165 1883 1775 1938 emendaviterrorem.
1803 1893 1953 1963 Bne
2000 1882 2189 1936 divina
2236 1881 2600 1936 oﬂ‘endantur
2655 1882 2918 1936 catholici
2972 1881 3216 1936 nominis
3272 1882 3512 1937 universi

151 1973 254 2025 Aut
277 1972 372 2023 ille
407 1975 895 2027 tractatus'lenius
937 1977 1118 2029 valeat
1153 1977 1416 2044 coerceri,
1479 1977 1576 2048 qui
1606 1977 1779 2032 etiam

153 2064 388 2118 verbera
435 2066 578 2118 dura
625 2084 738 2119 non
791 2069 1014 2122 sensit?
1065 2072 1182 2133 Quo
1221 2071 1278 2124 in
1310 2088 1411 2124 sua
1451 2071 1692 2141 perlidia
1726 2077 1782 2126 et

154 2157 524 2212 damnatione
565 2167 848 2229 manente,
889 2168 1004 2216 tam
1040 2163 1161 2233 ejus
1190 2165 1248 2217 in
1280 2165 1656 2219 ecclesiastica
1685 2182 1776 2220 re-

157 2251 418 2305 citatione
459 2269 571 2306 non
611 2261 794 2323 potest
837 2271 1047 2309 nomen
1073 2257 1295 2326 ascribi,
1330 2275 1504 2328 quam
1537 2265 1780 2313 externae

153 2345 482 2416 contagium
529 2349 946 2402 communionis
992 2350 1236 2406 admitti.
1287 2351 1646 2423 Quapropter
1683 2357 1781 2408 aut

153 2439 417 2493 doceatur
433 2440 502 2493 ab
522 2441 780 2496 haeretica
801 2443 1232 2513 participatione
1247 2445 1517 2514 sincerus,
1534 2465 1780 2518 quorum

153 2533 196 2584 si
223 2534 318 2587 ille
345 2535 732 2589 communioni
750 2539 1112 2628 permiscuit,
1143 2545 1241 2593 aut
1267 2557 1398 2594 cum
1428 2541 1630 2596 iisdem
1663 2560 1777 2596 non

149 2631 334 2696 potest
355 2645 470 2682 non
491 2631 714 2699 repelli.
727 2629 802 2717 ῥί
824 2637 923 2685 aut
945 2637 1245 2686 susurrant
1264 2635 1508 2688 Orientis
1529 2636 1778 2707 episcopi

149 2721 216 2774 ad
246 2739 338 2775 eos
368 2722 535 2776 sedes
560 2725 864 2794 apostolica
891 2743 1008 2779 non
1037 2726 1144 2780 ista
1171 2729 1587 2799 conscripserit,
1613 2731 1777 2800 quasi

148 2815 232 2868 vel
257 2815 364 2885 ipsi
397 2815 467 2870 de
496 2817 824 2888 recipiendo
855 2820 1106 2890 legitime
1133 2823 1300 2876 Petro
1327 2823 1518 2876 sedem
1543 2827 1774 2894 aposto-

147 2908 310 2962 licam
343 2911 460 2963 suis
489 2911 693 2964 lilteris
736 2913 972 2967 fecerint
1005 2915 1328 2983 certiorem,
1369 2918 1456 2970 vel
1485 2917 1656 2987 hujus
1681 2935 1773 2971 re-

147 3004 422 3072 ceptionis
449 3004 760 3060 inconditas
797 3024 913 3062 non
945 3008 1068 3078 jam
1095 3009 1307 3079 pariter
1343 3011 1649 3082 complices
1678 3029 1772 3066 ex-

145 3098 436 3166 stitissent,
487 3115 660 3169 quem
708 3101 852 3154 sicut
893 3119 1024 3156 vere
1056 3121 1169 3156 non
1202 3110 1436 3174 possunt
1467 3105 1672 3160 docere
1705 3106 1774 3160 ab

145 3191 406 3246 haerelica
435 3194 709 3262 pravitate
735 3195 906 3249 fuisse
936 3203 1262 3267 purgatum,
1293 3198 1372 3252 ita
1398 3216 1455 3251 se
1487 3199 1778 3267 haeretico-

149 3301 266 3338 ram
295 3287 627 3340 nullatenus
657 3292 924 3358 poterunt
963 3308 1230 3345 excusare
1273 3259 1777 3395 consortes/Quod
1798 3266 1852 3340 C

142 3379 188 3432 si
211 3380 472 3434 fortassis
499 3383 844 3436 astruxerint
875 3384 1030 3454 quod
1059 3385 1130 3438 ad
1169 3386 1538 3456 apostolicam
1575 3379 1777 3441 'sedem

142 3473 210 3527 de
252 3475 616 3546 susceptione
655 3477 805 3531 Petri
851 3495 957 3548 per
1003 3479 1269 3533 Acacium
1306 3483 1506 3534 cuncta
1531 3498 1779 3536 consona

137 3583 272 3621 voce
300 3569 605 3622 retulerint
631 3572 1014 3640 pereumdem
1036 3572 1263 3627 sibimet
1289 3591 1486 3628 omnes
1510 3575 1633 3645 pari
1655 3575 1777 3629 vice

135 3665 395 3716 sentiunt
425 3662 601 3716 fuisse
623 3665 981 3734 rescriptum,
1019 3667 1334 3736 apostolicae
1355 3685 1488 3722 vero
1513 3668 1663 3722 sedis
1683 3686 1778 3724 au-

133 3757 390 3824 ctoritas,
419 3756 576 3827 quod
603 3758 820 3812 cunctis
845 3759 1108 3814 secundis
1135 3762 1468 3816 Christianis
1500 3769 1555 3817 et
1584 3764 1773 3818 Eccle-

131 3848 230 3902 siae
259 3851 504 3919 praelata
531 3851 600 3903 sit
624 3851 906 3906 universae
934 3859 989 3906 et
1016 3870 1300 3908 canonum
1329 3857 1498 3910 series
1518 3859 1778 3927 paterno-

131 3959 261 3996 rum
293 3949 356 3996 et
385 3943 690 4014 multiplici
723 3946 1022 4000 traditione
1047 3949 1327 4002 firmatur.
1357 3949 1465 4004 Sed
1487 3951 1620 4004 licet
1645 3950 1776 4005 hinc

131 4037 219 4090 vel
253 4040 460 4090 utrum
486 4037 592 4090 sibi
617 4039 856 4108 quisque
883 4047 1080 4094 contra
1121 4042 1361 4097 Nicaeae:
1401 4043 1601 4114 synodi
1642 4062 1773 4098 con-

129 4131 334 4184 stituta
375 4131 672 4201 quippiam
721 4134 904 4189 valeat
957 4152 1251 4206 usurpare,
1305 4138 1544 4208 collegio
1597 4143 1780 4210 potest

129 4240 287 4278 unus
317 4225 741 4281 communionis
781 4229 1008 4283 ostendi
1047 4246 1164 4284 non
1203 4231 1488 4286 mentibus
1527 4236 1776 4287 externas

128 4319 425 4372 societatis
471 4320 699 4389 aperiri.
753 4324 916 4392 Apud
961 4324 1086 4378 illos
1127 4325 1172 4378 si
1198 4324 1326 4394 quis
1355 4326 1587 4379 confidit
1608 4343 1772 4397 egre-

129 4412 328 4467 diatur
371 4413 434 4466 in
475 4414 687 4482 medio,
731 4419 787 4469 et
814 4418 1180 4488 apostolicam
1207 4419 1400 4473 sedem
1434 4419 1505 4473 de
1534 4426 1775 4490 utraque

129 4511 300 4576 parte
343 4507 602 4562 revincat
633 4512 690 4562 et
727 4509 985 4565 instruat.
1017 4493 1284 4586 fl‘ollatur
1325 4529 1460 4584 ergo
1499 4532 1710 4570 nomen
1743 4531 1774 4568 e

131 4601 332 4654 medio
361 4603 520 4671 quod
551 4603 924 4659 Ecclesiarum
951 4606 1291 4662 discretione
1314 4609 1506 4678 procul
1531 4627 1563 4663 a
1587 4611 1776 4664 catho-
1795 4640 1854 4712 D

131 4694 239 4748 lica
303 4696 714 4751 communione
769 4703 1056 4768 operatur,
1123 4707 1182 4754 ut
1229 4701 1446 4756 sincera
1489 4721 1595 4774 pax
1641 4704 1774 4758 fidei

132 4788 678 4859 communionisque
701 4797 1015 4862 reparetur,
1050 4799 1106 4848 et
1129 4795 1337 4850 unitas.
1368 4798 1435 4851 Et
1459 4802 1594 4850 tunc
1615 4796 1770 4868 quis-

131 4882 262 4950 quis
305 4889 574 4936 nostrum
599 4889 797 4939 contra
824 4887 1204 4943 venerandam
1233 4891 1317 4944 vel
1345 4889 1668 4957 insurrexit,
1688 4892 1774 4945 vel

129 4975 361 5030 nitatur
387 4976 688 5048 insurgere
709 4985 1064 5050 vetustatem,
1094 4987 1488 5054 competenter
1512 4991 1567 5040 et
1595 4985 1777 5056 legiti-

131 5085 228 5123 me
257 5070 653 5141 perquiratur.
687 5075 750 5127 Et
769 5074 882 5128 illic
901 5077 1200 5147 apparebit
1221 5078 1344 5149 quis
1367 5079 1621 5134 modesto
1638 5097 1772 5151 pro-

131 5165 323 5232 posito
351 5165 634 5219 custodiat
661 5167 904 5222 formam
945 5170 1423 5245 traditionemque
1464 5173 1772 5244 majorum,

129 5257 264 5326 quis
297 5275 476 5328 supra
506 5259 624 5313 haec
651 5260 1024 5318 irreverenter
1055 5265 1330 5337 insiliens,
1363 5267 1487 5339 quis
1517 5269 1775 5339 rapinam

133 5353 426 5422 aequalem
451 5369 614 5422 posse
639 5355 763 5410 fieri
794 5357 1124 5412 arbitretur.
1151 5359 1314 5424 Quod
1339 5361 1384 5414 si
1411 5362 1552 5416 mihi
1583 5363 1775 5433 populi

129 5445 752 5518 Constantinopolitani
793 5467 1032 5522 persona
1061 5456 1425 5525 proponitur,
1463 5473 1568 5527 per
1600 5473 1776 5528 quam

131 5537 368 5595 dicatur
395 5557 611 5596 nomen
643 5545 914 5613 scandali,
943 5546 998 5599 id
1038 5553 1124 5601 est
1149 5550 1331 5603 Acacii
1353 5567 1466 5604 non
1501 5568 1664 5622 posse
1686 5569 1776 5607 re-

125 5635 383 5700 moveri,
417 5635 478 5689 id
504 5639 608 5702 est,
633 5642 791 5691 taceo
818 5641 952 5710 quia
979 5644 1035 5694 et
1067 5640 1336 5698 haeretico
1376 5643 1620 5717 quodam
1662 5646 1774 5700 Ma-

125 5727 380 5784 cedonio
413 5731 593 5801 pulso,
623 5734 680 5785 et
705 5732 960 5788 Nestorio
999 5749 1183 5805 nuper
1221 5736 1402 5807 ejecto
1445 5740 1605 5810 plebs
1637 5740 1779 5795 Con-

127 5825 644 5894 stantinopolitaua
658 5835 742 5881 cat
753 5827 940 5883 holica
951 5831 1592 5904 permaneredelegerit,
1607 5849 1780 5906 quam

125 5917 437 5990 majorum
456 5919 764 5990 praesulum
785 5921 1188 5978 damnatorum
1206 5925 1505 5982 affectione
1522 5927 1776 5985 retineri.

557 6015 828 6082 Ρλτῐιοι..
881 6019 1105 6086 CXXX.

1879 1975 2032 2046 piam
2062 1975 2254 2044 iidem,
2285 1993 2389 2029 nec
2416 1976 2620 2030 laedere
2653 1975 2926 2030 debemus
2952 1975 3209 2044 omnino,
3241 1991 3349 2030 nec
3376 1993 3508 2047 pos-

1881 2055 2115 2123 sumus?
2150 2071 2220 2123 Et
2243 2075 2435 2124 tamen
2464 2069 2618 2123 idem
2641 2075 2833 2124 nostra
2863 2087 2921 2123 se
2953 2075 3197 2141 poscunt
3225 2070 3511 2125 voluntate

1881 2163 2090 2217 sanari.
2138 2161 2603 2234 Competentibus
2645 2179 2780 2233 ergo
2815 2163 3007 2217 sinant
3043 2162 3232 2217 curari
3261 2180 3321 2216 se
3347 2179 3511 2234 posse

1879 2257 2165 2310 remediis.
2193 2257 2460 2328 Alioquin
2484 2257 2654 2328 (quod
2675 2256 2836 2322 absit)
2859 2257 2919 2310 in
2941 2272 3140 2310 eorum
3163 2258 3507 2312 transeundo

1878 2351 2192 2422 perniciem
2218 2367 2348 2404 cum
2374 2349 2482 2404 illis
2503 2351 2692 2428 perire
2719 2367 3046 2421 possumus;
3077 2351 3230 2422 ipsos
3251 2367 3384 2406 vero
3403 2351 3509 2406 sal-

1878 2461 2010 2499 vare
2047 2462 2160 2499 non
2187 2461 2504 2516 possumus.
2523 2431 2666 2518 [itam
2696 2445 2788 2498 hic
2815 2444 2951 2515 quid
2977 2445 3050 2497 sit
3074 2445 3256 2515 magis
3275 2461 3511 2516 sequen-

1880 2539 2018 2592 dum
2047 2539 2150 2592 sub
2183 2538 2369 2592 divino
2401 2538 2621 2608 judicio
2648 2543 2847 2592 vestrae
2874 2537 3230 2592 conscientiae
3258 2538 3506 2593 derelin-

1877 2649 1990 2703 quo
2020 2637 2208 2686 utrum
2235 2631 2379 2686 sicut
2399 2649 2499 2685 nos
2521 2637 2781 2702 optamus
2797 2631 3058 2686 similiter
3077 2647 3276 2686 omnes
3295 2637 3508 2688 certam

1877 2726 2176 2779 redeamus
2214 2726 2284 2782 ad
2326 2726 2516 2792 vitam,
2563 2742 2636 2778 an
2682 2724 2826 2779 sicut
2861 2725 2944 2778 illi
2974 2731 3232 2796 poscunt,
3263 2727 3503 2780 manife-

1877 2823 2022 2873 stam
2079 2821 2379 2874 redeamus
2417 2820 2490 2874 ad
2525 2825 2794 2874 mortem.
2840 2819 2949 2874 Sed
2999 2820 3186 2874 adhuc
3235 2821 3504 2891 apostoli-

1877 2930 2002 2967 cam
2021 2913 2192 2968 ﬁdem
2222 2913 2324 2968 sibi
2353 2913 2720 2968 medieinalia
2743 2916 3170 2984 suggerentem,
3205 2913 3510 2986 superbam

1876 3023 2076 3062 vocare
2106 3013 2588 3079 arrogantemque
2615 3007 2985 3062 contendunt.
3019 3007 3194 3062 Habet
3225 3007 3332 3063 hoc
3363 3023 3505 3080 qua-

1875 3101 2002 3156 litas
2037 3119 2183 3173 szrpe
2222 3101 2641 3172 languentium,
2677 3109 2742 3156 ut
2773 3105 3041 3157 accusent
3079 3101 3326 3157 medicos
3368 3119 3506 3158 con-

1880 3197 2036 3267 gruis
2067 3197 2554 3250 observationibus
2581 3195 2653 3249 ad
2679 3196 2928 3250 salubria
2958 3201 3304 3264 revocantes,
3332 3213 3510 3269 quam

1879 3297 1942 3344 ut
1964 3290 2074 3360 ipsi
2105 3307 2234 3343 suos
2265 3289 2465 3344 noxios
2492 3288 2779 3360 appetitus
2817 3289 3156 3360 depromere
3187 3290 3272 3344 vel
3307 3305 3508 3362 repro-

1877 3385 2012 3438 bare
2083 3383 2460 3438 consentiant.
2537 3382 2596 3437 Si
2671 3398 2773 3436 nos
2847 3383 3078 3454 superbi
3146 3399 3343 3438 sumus
3411 3383 3510 3455 qui

1879 3477 2195 3532 animarum
2223 3476 2474 3532 remedia
2503 3475 2902 3530 convenientia
2929 3476 3340 3545 ministramus,
3367 3477 3510 3549 quid

1877 3571 2116 3627 vocandi
2148 3575 2281 3624 sunt
2325 3570 2425 3640 qui
2463 3569 2784 3625 resultant?
2820 3569 2876 3624 Si
2915 3586 3022 3625 nos
3052 3570 3285 3642 superbi
3312 3587 3507 3626 sumus

1877 3665 1974 3737 qui
2000 3664 2387 3719 obediendum
2412 3664 2662 3735 paternis
2689 3663 2930 3718 dicimus
2961 3663 3259 3734 institutis,
3285 3664 3388 3737 qui
3413 3680 3506 3720 re-

1877 3761 2176 3830 fragantur
2194 3774 2308 3830 quo
2333 3757 2656 3829 appellandi
2680 3762 2814 3812 sunt
2839 3757 3114 3814 nomine?
3159 3758 3218 3814 Si
3243 3775 3345 3813 nos
3371 3758 3508 3814 elati

1877 3870 2092 3920 sumus,
2121 3851 2221 3924 qui
2251 3851 2507 3906 divinum
2535 3851 2751 3905 cultum
2779 3867 2926 3924 puro
2958 3854 3131 3924 atque
3168 3851 3388 3908 illibata
3416 3867 3511 3908 cu-

1875 3948 2064 4020 pimus
2083 3953 2282 4002 tenore
2301 3959 2546 4016 servare,
2571 3945 2670 4018 qui
2691 3951 2890 4000 contra
2909 3945 3260 4002 divinitatem
3282 3961 3508 4019 quoque

1877 4043 2150 4109 sentiunt,
2199 4041 2391 4096 dicant
2429 4041 2678 4112 qualiter
2714 4041 3155 4113 nuncupentur?
3195 4041 3282 4097 Sic
3318 4043 3376 4097 et
3405 4057 3510 4097 nos

1877 4136 2184 4208 czeterique
2214 4135 2311 4206 qui
2336 4136 2396 4189 in
2419 4151 2613 4190 errore
2641 4138 2792 4204 sunt,
2823 4135 3108 4190 aestimant
3133 4135 3288 4207 quod
3307 4151 3510 4192 eorum

1878 4247 1994 4285 non
2049 4230 2471 4284 consentiamus
2525 4229 2797 4296 insaniae,
2852 4228 2952 4284 ubi
3005 4234 3205 4284 tamen
3267 4229 3510 4300 Spiritus

1875 4323 2154 4394 superbiae
2180 4322 2454 4377 veraciter
2483 4321 2752 4376 consistat
2789 4325 2848 4377 et
2881 4327 3118 4394 pugnet,
3151 4321 3363 4377 veritas
3387 4323 3510 4394 ipsa

1875 4417 2041 4473 dicat.

1873 4537 2007 4590 Item
2039 4533 2280 4592 Gelasius
2309 4533 2383 4588 ad
2409 4533 2679 4602 episcopos
2709 4531 3007 4587 Dardaniae
3035 4534 3296 4588 Acacium
3322 4547 3358 4588 a
3385 4533 3508 4590 sede

2071 4607 2368 4676 apostolica
2389 4609 2745 4674 competenter
2761 4605 2936 4672 fuisse
2956 4604 3296 4660 damnatum.

1948 4699 2334 4755 Dilectissimis
2360 4698 2628 4752 fratribus
2650 4697 2929 4752 universis
2950 4697 3229 4771 episcopis
3253 4713 3356 4770 per
3373 4697 3504 4754 Dar-

1875 4794 2106 4850 daniam
2136 4793 2454 4848 constitutis
2480 4792 2766 4848 Gsusws.

1909 4889 2081 4944 Valde
2096 4887 2282 4943 mirati
2303 4887 2674 4958 sumus,quod
2689 4891 2876 4941 vestra
2889 4885 3112 4941 dilectio
3127 4885 3288 4958 quasi
3301 4901 3508 4944 novam

1876 4989 1933 5039 et
1949 4982 2124 5038 veluti
2137 4982 2432 5037 difficilem
2451 4979 2849 5053 quaestionem,
2867 4984 2924 5034 et
2935 4979 3119 5035 adhuc
3135 4985 3413 5053 tanquam
3423 4981 3508 5039 in-

1876 5077 2134 5132 auditum
2157 5075 2456 5149 quidpiam
2481 5091 2650 5129 nosse
2671 5073 3027 5143 desideratis,
3042 5072 3196 5146 quod
3225 5074 3510 5133 Eutichia-

1877 5189 1966 5227 nee
1986 5170 2323 5243 pestilentiae
2351 5167 2887 5234 communicatores,
2911 5183 3029 5222 non
3055 5167 3332 5226 habentes
3351 5170 3509 5244 quod

1875 5283 1978 5337 pro
2016 5279 2136 5318 sua).
2173 5262 2504 5335 perditionis
2545 5261 2943 5318 observatione
2983 5262 3366 5334 respondeant
3401 5263 3512 5322 fre-

1878 5358 2073 5430 quenti
2084 5357 2207 5428 jam
2228 5356 2450 5412 ratione
2474 5355 2715 5412 convicti
2736 5355 2859 5411 sola
2870 5356 3238 5413 contentione
3250 5357 3511 5417 submur-

1877 5459 2123 5521 murant,
2147 5468 2260 5506 non
2277 5450 2414 5523 quia
2427 5450 2499 5505 sit
2509 5450 2746 5523 alicujus
2761 5449 3042 5507 momenti
3052 5451 3206 5525 quod
3225 5452 3508 5527 garriunt,

1879 5564 1984 5604 nec
2003 5545 2292 5602 inveniant
2311 5544 2542 5617 penitus
2563 5543 2705 5617 quid
2725 5545 3052 5617 loquantur,
3083 5545 3178 5602 ubi
3203 5547 3385 5618 magis
3412 5561 3510 5603 eos

1880 5643 1978 5716 qui
1991 5639 2277 5697 catholicis
2293 5639 2548 5694 sensibus
2559 5639 2808 5694 instituti
2819 5645 2972 5710 sunt,
2980 5641 3165 5696 adhuc
3177 5639 3396 5695 haerere
3407 5639 3512 5696 mi-

1877 5753 2093 5805 ramur,
2112 5751 2285 5808 quam
2297 5733 2425 5789 illos
2443 5733 2541 5806 qui
2558 5733 2838 5790 averitate
2849 5733 3200 5802 exciderunt,
3215 5734 3352 5789 etab
3367 5733 3512 5790 anti-

1880 5850 1995 5907 qua
2009 5832 2264 5890 Ecclesia:
2275 5831 2579 5887 traditione
2591 5834 2726 5887 sunt
2738 5829 2905 5900 devii,
2919 5830 3188 5903 profanas
3197 5843 3404 5887 vocum
3415 5847 3512 5890 no-

1879 5929 2080 5984 vitates
2090 5934 2147 5985 et
2159 5927 2382 6000 ineptas
2398 5925 2628 5982 caducae
2652 5923 3039 5997 perversitatis
3059 5922 3370 5982 obtendere
3391 5925 3515 6000 qui-

3037 6025 3108 6085 31

3515 4437 3651 4522 \/
