4040 6328
535 352 636 404 963

1413 344 1696 402 APPEND.
1737 345 1827 399 AD
1863 343 2022 400 SEC.
2064 343 2152 397 1X.
2183 368 2254 381 -
2288 339 2530 396 lSlDORl
2568 337 2992 394 MERCATORIS

3798 339 3905 392 964

533 457 641 512 bus
669 472 767 513 eos
792 455 985 512 retulit
1007 458 1194 510 vestra
1213 454 1437 510 dilectio
1457 456 1695 525 jactare.
1733 453 1862 508 Ideo
1893 452 2159 508 Acacium
2181 464 2240 535 Α
2260 450 2455 504 stituta
2480 453 2805 504 temerasse.
2831 449 2950 502 Non
2972 450 3163 501 autem
3185 461 3286 500 nos
3312 442 3453 500 latet
3472 443 3532 499 in
3551 447 3905 516 tempestate

535 567 652 606 non
673 556 870 622 putare
877 551 1006 622 jure
1019 549 1376 615 damnatum,
1394 548 1548 619 quod
1561 565 1674 602 non
1698 545 1927 618 speciali
1949 547 2164 618 synodo

537 645 795 699 videatur
828 643 999 699 fuisse
1029 643 1297 713 dejectus,
1328 648 1386 697 et
1411 643 1645 714 insuper
1671 641 2020 696 dementiam
2050 659 2164 696 suae

538 737 805 792 vanitatis
835 738 1220 792 accumulatur
1254 737 1547 808 pueriliter
1574 736 1844 802 dicentes,
1879 735 2163 807 praecipue

535 831 863 902 pontiﬁcem
890 832 1063 901 regias
1090 830 1347 885 civitatis.
1377 831 1736 900 QuaprOpter
1757 829 2055 883 stultitiam
2076 845 2162 883 re-

536 930 804 996 spuentes
826 923 1086 979 inanium
1109 924 1491 996 querelarum,
1515 940 1850 994 percurrere
1871 939 1969 977 vos
1993 939 2161 993 opor-

538 1021 637 1084 tet,
667 1018 735 1072 ab
772 1018 907 1089 ipsis
945 1018 1126 1073 beatis
1153 1017 1424 1089 apostolis
1449 1023 1506 1071 et
1530 1017 1885 1071 considerare
1916 1017 2162 1088 pruden-

537 1117 642 1179 ter,
675 1112 949 1182 quoniam
982 1113 1170 1166 Patres
1202 1111 1380 1166 nostri
1421 1111 1701 1176 catholici,
1730 1111 1985 1164 videlicet
2016 1110 2168 1164 docti

539 1201 835 1271 pontifices
879 1200 936 1254 in
973 1217 1316 1271 unaquaque
1363 1199 1564 1253 haeresi
1613 1199 1866 1270 quolibet
1905 1202 2166 1269 tempore

538 1294 818 1361 suscitata,
849 1294 1132 1368 quidquid
1164 1310 1268 1364 pro
1297 1293 1430 1361 ﬁde,
1465 1309 1569 1363 pro
1591 1293 1846 1358 veritate,
1877 1310 1979 1363 pro
2007 1309 2164 1347 com-

536 1388 810 1442 munione
835 1388 1116 1442 catholica
1143 1390 1314 1458 atque
1339 1387 1646 1457 apostolica
1672 1386 1987 1440 secundum
2019 1387 2165 1441 Scri-

536 1486 833 1554 pturarum
851 1481 1134 1535 tramitem
1155 1480 1736 1552 przedicationemque
1759 1481 2043 1550 majorum
2062 1481 2169 1535 fac-

540 1578 596 1628 ta
623 1576 794 1630 semel
822 1575 1266 1646 congregatione
1288 1580 1618 1640 sanxerunt,
1650 1574 2043 1628 inconvulsnm
2069 1592 2165 1628 vo-

540 1671 771 1722 luerunt
788 1669 1050 1739 deinceps
1072 1669 1300 1722 ﬁrmum
1322 1675 1613 1737 constare;
1638 1685 1740 1722 nec
1766 1667 1824 1722 in
1840 1669 2038 1724 eadem
2062 1669 2168 1723 hac

541 1778 711 1816 causa
733 1763 923 1816 denuo
956 1778 1084 1832 quae
1115 1761 1346 1832 praeﬁxa
1385 1761 1631 1829 fuerant,
1661 1763 1953 1816 retractari
1981 1763 2163 1833 quali—

2265 541 2670 614 persecutionis
2695 542 2916 597 Arianae
2945 540 3222 611 plurimos
3246 538 3539 609 pontiﬁces
3567 539 3635 593 de
3666 537 3902 605 exsiliis,

2264 653 2398 708 pace
2429 636 2668 704 reddita,
2700 635 3044 706 respirantes
3075 651 3178 704 per
3203 636 3386 687 certas
3412 633 3732 704 provincias
3763 650 3900 686 con-

2266 730 2515 801 gregatis
2553 746 2747 783 secum
2769 729 3040 782 fratribus
3069 727 3340 781 Ecclesias
3360 725 3750 798 composuisse.
3777 729 3901 779 tur-

2262 824 2444 879 batas.
2469 825 2585 877 Non
2610 829 2804 878 tamen
2832 821 3026 877 utilius
3046 821 3245 893 synodi
3266 820 3507 874 Nicaeum
3528 819 3813 891 quidquid
3835 819 3905 874 de

2264 917 2377 972 fide
2406 923 2462 972 et
2489 916 2893 971 communione
2921 915 3200 970 catholica
3224 913 3585 981 deﬁnierant,
3620 913 3900 968 immuta-

2266 1016 2415 1079 rent,
2458 1028 2561 1065 nec
2606 1027 2747 1064 nova
2775 1025 3122 1080 quemquam
3153 1008 3489 1080 prolapsum
3527 1007 3904 1062 damnatione

2266 1105 2666 1176 percellerent.
2696 1103 2808 1159 Sed
2835 1103 2982 1158 illius
3013 1106 3230 1156 terrore
3251 1101 3484 1168 decreti,
3509 1101 3617 1154 nisi
3635 1101 3905 1171 resipuis-

2267 1203 2410 1266 sent,
2424 1199 2750 1269 judicarent
2769 1197 3073 1251 damnatos
3092 1212 3234 1264 esse,
3253 1195 3456 1266 quibus
3474 1195 3901 1254 convenienter,

2270 1299 2330 1346 ut
2356 1292 2572 1346 dictum
2601 1296 2705 1360 est,
2734 1307 2801 1345 ex
2827 1293 3065 1360 paterna
3085 1289 3392 1344 traditione
3419 1289 3738 1360 perpensis,
3774 1305 3905 1342 con-

2266 1386 2495 1439 ﬁdimus
2508 1385 2659 1456 quod
2679 1385 2868 1438 nullus.
2878 1384 3002 1455 jam
3019 1383 3287 1438 veraciter
3301 1382 3651 1438 Christianus
3669 1383 3906 1453 ignoret

2270 1479 2710 1550 uniuscujusque
2745 1478 2945 1548 synodi
2975 1478 3366 1543 constitutum,
3399 1475 3534 1547 quid
3568 1476 3905 1530 universalis

2271 1575 2524 1628 Ecclesiae.
2571 1573 2827 1644 probavit
2872 1588 3149 1639 assensus,
3188 1571 3402 1625 nullam
3440 1571 3624 1642 magis
3675 1571 3902 1640 assequi

2268 1667 2457 1721 sedem
2486 1683 2602 1737 pra:
2647 1668 2862 1720 caeteris
2889 1671 3150 1736 oportere
3182 1680 3354 1735 quam
3386 1664 3654 1735 primam,
3687 1679 3817 1735 quae
3852 1671 3907 1717 et

2269 1777 2741 1832 unamquamque
2784 1759 3065 1831 synodum
3097 1777 3197 1812 sua
3221 1759 3550 1813 auctoritate
3579 1758 3904 1823 conﬁrmat,

539 1855 639 1909 bet
664 1855 880 1908 recenti
926 1855 1372 1925 praesumptione
1407 1855 1788 1925 permiserint,
1825 1855 2168 1926 sapientissi-
2190 1840 2246 1912 Β
2272 1859 2330 1909 et
2354 1855 2688 1910 continuata
2719 1853 3109 1908 moderatione
3136 1853 3396 1919 custodit,
3425 1869 3529 1923 pro
3561 1869 3662 1906 suo
3689 1851 3908 1906 scilicet

540 1964 632 2003 me
671 1947 1056 2019 providentes,
1089 1949 1359 2020 quoniam
1393 1949 1436 2001 si
1468 1948 1696 2002 decreta
1720 1949 2024 2003 salubriter
2049 1950 2167 2004 cui-

539 2059 712 2113 quam
755 2042 947 2096 liceret
983 2042 1191 2096 iterare
1238 2043 1462 2096 nullum
1493 2046 1691 2097 contra
1716 2043 1970 2114 singulos
1997 2061 2166 2114 quos-

538 2153 648 2208 que
679 2153 909 2206 prorsus
936 2153 1158 2191 errores
1176 2136 1372 2190 stabile
1393 2137 1718 2207 persisteret
1743 2137 2002 2192 Ecclesiae
2029 2154 2165 2191 con-

537 2229 820 2294 stitutum,
849 2247 911 2284 ac
941 2246 1113 2301 super
1143 2230 1347 2284 iisdem
1375 2230 1664 2284 furoribus
1698 2231 1952 2285 recidivis
1983 2231 2169 2285 omnis

539 2324 769 2394 integra
795 2323 1050 2378 deﬁnitio
1072 2324 1420 2378 turbaretur.
1449 2325 1587 2379 Nam
1619 2323 1662 2378 si
1690 2324 1966 2379 limitibus
1992 2325 2167 2379 etiam

539 2418 788 2488 praeﬁxis
843 2419 1157 2488 positarum
1205 2419 1378 2472 semel
1430 2419 1788 2490 synodalium
1838 2420 2168 2491 regularum

538 2527 654 2566 non
685 2514 874 2565 essent
901 2511 1052 2566 elisae
1077 2518 1260 2583 pestes
1285 2512 1588 2583 resumptis
1622 2513 2022 2568 certaminibus
2041 2531 2170 2569 con-

536 2607 625 2659 tra
653 2605 1090 2660 fundamentum
1120 2622 1240 2660 sese
1272 2606 1522 2661 veritatis
1546 2608 1828 2674 attollere,
1865 2615 1922 2662 et
1947 2607 2166 2679 simpli-

538 2700 626 2754 cia
652 2716 896 2771 quaaque
924 2698 1093 2754 corda
1121 2703 1438 2771 percutere.
1471 2700 1620 2765 Quid
1650 2702 1828 2770 ﬁeret,
1859 2702 1901 2756 si
1931 2702 2170 2757 subinde

537 2793 623 2848 fas
673 2799 816 2848 esset
869 2793 1100 2864 perﬁdis
1152 2793 1298 2847 inire
1347 2794 1701 2849 concilium?
1740 2796 1878 2850 Cum
1904 2797 2172 2866 quaelibet

540 2888 621 2941 illi
650 2887 951 2940 manifesta
979 2888 1052 2941 sit
1080 2886 1302 2954 veritas,
1337 2905 1638 2958 nunquam
1675 2889 1819 2943 desit
1853 2890 2008 2961 quod
2035 2907 2168 2961 per-

543 2979 757 3035 niciosa
783 2980 1079 3050 depromat
1104 2981 1316 3035 falsitas
1349 2983 1578 3036 tametsi
1603 2982 1824 3037 ratione
1859 2985 1942 3038 vel
1973 2988 2168 3038 aucto-

543 3074 709 3129 ritate
739 3072 1022 3141 deﬁciens,
1063 3074 1184 3128 sola
1210 3077 1399 3129 tamen
1425 3075 1737 3130 intentione
1777 3093 1894 3131 non
1925 3077 2168 3132 credens.

541 3169 675 3233 Quae
707 3167 952 3237 majores
987 3167 1165 3221 nostri
1201 3167 1390 3222 divina
1435 3169 1804 3239 inspiratione
1843 3177 2168 3239 cernentes,

541 3261 860 3317 necessarie
901 3265 1311 3333 prteeaverunt,
1364 3280 1435 3317 ne
1479 3266 1673 3317 contra
1705 3281 2172 3337 unamquamque

542 3356 808 3411 heresim
829 3355 981 3426 quod
1010 3362 1135 3410 acta
1155 3357 1332 3410 semel
1357 3357 1604 3428 synodus
1627 3374 1729 3429 pro
1756 3359 1887 3426 ﬁde,
1909 3375 2169 3414 commu-

541 3451 731 3516 nione,
777 3453 834 3504 et
871 3449 1108 3504 veritate
1151 3450 1432 3505 catholica
1479 3456 1652 3522 atque
1689 3453 2003 3523 apostolica
2041 3471 2170 3524 pro-

542 3545 872 3615 mulgasset,
916 3560 1034 3598 non
1073 3543 1325 3599 sinerent
1357 3545 1514 3599 novis
1554 3551 1679 3616 post
1720 3547 1844 3600 haec
1882 3548 2172 3602 recitatio-

545 3637 714 3693 nibus
759 3639 988 3705 mutari,
1041 3654 1113 3691 ne
1160 3638 1346 3708 pravis
1387 3639 1606 3694 occasio
1643 3641 2014 3712 praeberetur,
2046 3658 2175 3713 quas

541 3731 954 3786 medicinaliter
985 3732 1215 3786 fuerant
1244 3737 1457 3787 statuta
1496 3734 1777 3804 pulsandi,
1807 3736 1904 3789 sed
1945 3742 2174 3790 auctore

539 3825 843 3896 cujuslibet
883 3825 1122 3879 insaniae
1165 3842 1227 3880 ac
1259 3826 1473 3896 pariter
1499 3844 1687 3882 errore
1718 3828 1987 3882 damnato
2015 3829 2173 3883 sufﬁ-

547 3935 671 3972 cere
688 3917 1042 3988 judicarunt,
1067 3924 1132 3971 ut
1158 3918 1415 3990 quisquis
1440 3921 1746 3991 aliquando
1775 3922 1946 3992 hujus
1967 3923 2176 3978 erroris

548 4011 998 4066 communicator
1031 4011 1316 4080 existeret,
1371 4013 1671 4083 principali
1703 4015 1987 4070 sententia
2015 4017 2174 4071 dam-

551 4103 797 4159 nationis
846 4104 968 4174 ejus
1020 4108 1167 4159 esset
1210 4105 1531 4173 obstrictus,
1573 4106 1846 4177 quoniam
1881 4110 2178 4166 manifeste

553 4197 792 4270 quilibet
823 4197 910 4252 vel
938 4198 1286 4269 professione
1325 4216 1424 4254 sua
1453 4201 1540 4254 vel
1575 4202 1976 4258 communione
2005 4205 2181 4275 possit

551 4277 952 4382 cognosci.“Et
997 4298 1058 4347 ut
1104 4292 1392 4349 brevitatis
1433 4311 1599 4350 causa
1645 4296 1837 4367 priora
1867 4303 2177 4367 taceamus,

552 4403 680 4459 quas
705 4387 944 4459 diligens
965 4386 1266 4458 inquisitor
1284 4387 1445 4443 facile
1471 4390 1682 4461 poterit
1707 4390 2046 4464 investigare
2075 4393 2177 4450 Sa-

550 4480 787 4536 bellium
805 4481 1097 4536 damnavit
1117 4481 1384 4552 synodus,
1410 4500 1563 4538 nunc
1581 4485 1690 4539 fuit
1706 4502 1956 4554 necesse,
1979 4491 2043 4542 ut
2059 4488 2181 4558 ejus

2191 3215 2247 3290 C

2268 1949 2610 2021 principatu,
2660 1964 2830 2019 quem
2876 1947 3072 2002 beatus
3126 1949 3321 2002 Petrus
3363 1947 3648 2018 apostolus
3676 1945 3906 2000 Domini

2268 2059 2404 2097 voce
2437 2045 2807 2114 prmeeptum.
2843 2041 3086 2096 Ecclesia
3106 2040 3476 2094 nihilominus
3497 2040 3902 2110 subsequente,

2269 2140 2327 2191 et
2356 2137 2535 2190 tenuit
2563 2152 2806 2207 semper,
2831 2138 2889 2189 et
2914 2134 3140 2189 retinet.
3170 2135 3295 2188 Haec
3317 2135 3453 2188 dum
3480 2133 3714 2188 Aeacius
3739 2134 3905 2188 certis

2269 2230 2639 2302 comperisset
2677 2229 2898 2284 incidiis
2941 2246 2974 2282 a
3020 2229 3250 2283 veritate
3287 2228 3592 2299 apostolica
3649 2227 3905 2282 deviasse

2268 2324 2482 2380 diutius
2511 2325 2618 2378 ista
2648 2341 2763 2378 non
2792 2323 3048 2390 credens,
3068 2323 3277 2394 quippe
3297 2339 3466 2393 quem
3489 2329 3730 2377 noverat
3749 2338 3902 2376 exse-

2269 2423 2520 2473 cutorem
2573 2435 2723 2489 saspe
2777 2417 3109 2472 necessariae
3167 2415 3548 2487 dispositionis
3599 2432 3656 2469 se
3703 2423 3905 2470 contra

2269 2513 2565 2567 haereticos
2606 2512 2902 2574 exstitisse,
2950 2528 3052 2582 per
3081 2509 3396 2564 triennium
3429 2511 3547 2565 fere
3576 2509 3782 2564 litteris
3814 2509 3907 2564 de—

2269 2608 2505 2661 stinatus
2535 2607 2802 2661 eumdem
2831 2621 3070 2660 monere
3101 2621 3214 2658 non
3247 2604 3484 2670 destitit,
3513 2604 3659 2658 sicut
3686 2620 3792 2674 per
3818 2603 3901 2657 di-

2268 2717 2460 2755 versos
2509 2700 2678 2754 missa
2715 2699 3070 2754 familiariter
3110 2697 3320 2769 scripta
3345 2701 3650 2752 testantur.
3694 2697 3907 2762 Quibus

2269 2794 2361 2849 ille
2393 2795 2527 2849 dum
2556 2794 2809 2866 primum
2859 2799 3132 2864 tanquam
3159 2792 3349 2846 debito
3375 2791 3618 2859 silentio,
3647 2791 3792 2845 nihil
3818 2808 3903 2845 re-

2269 2889 2552 2960 spondere
2583 2893 2946 2959 proponeret,
2971 2887 3202 2942 tandem
3235 2885 3540 2958 aliquando
3562 2885 3746 2940 missis
3763 2885 3909 2940 litte-

2271 2983 2350 3037 ris
2380 2982 2693 3053 proﬁtetur,
2725 2982 2823 3035 sed
2854 2981 3233 3036 Alexandrino
3266 2982 3431 3035 Petro
3459 2996 3632 3050 quem
3659 2980 3910 3051 expetita

2271 3076 2594 3148 apostolicae
2639 3076 2796 3131 Sedis
2845 3075 3182 3129 auctoritate
3211 3077 3505 3128 exsecutor
3532 3073 3650 3144 ipse.
3683 3089 3910 3144 quoque

2273 3171 2662 3237 damnaverat,
2692 3170 2903 3240 absque
2964 3169 3126 3224 Sedis
3162 3168 3485 3239 apostolicae
3517 3167 3719 3222 notitia
3750 3184 3906 3222 com-

2274 3266 2546 3320 munione
2593 3264 2952 3337 permistum,
2998 3263 3146 3317 beati
3188 3267 3378 3317 autem
3411 3261 3566 3316 Petri
3595 3261 3757 3316 sedes
3783 3279 3911 3333 qua:

2272 3359 2722 3414 Alexandrinum
2739 3360 2968 3412 Petrum
2983 3373 3040 3412 se
3063 3363 3287 3411 tantum
3299 3355 3464 3410 modo
3477 3356 3777 3410 damnasse
3795 3373 3912 3411 non

2275 3454 2443 3508 etiam
2466 3452 2692 3507 solvisse
2716 3455 2971 3518 noverat,
2993 3468 3108 3505 non
3132 3449 3366 3522 recepit,
3384 3455 3555 3522 atque
3575 3449 3705 3504 ideo
3720 3466 3793 3504 ne
3812 3467 3915 3521 per

2276 3545 2468 3620 239
2488 3546 2748 3602 Acacium
2766 3545 2822 3599 in
2839 3545 2987 3600 Petri
3010 3546 3352 3599 consortium
3376 3544 3703 3610 duceretur,
3721 3544 3910 3615 ipsum

2277 3657 2506 3714 quoque
2527 3658 2561 3694 a
2581 3657 2685 3694 sua
2706 3639 3109 3695 communione
3132 3639 3411 3693 submovit
3431 3644 3488 3692 et
3505 3637 3704 3692 multis
3724 3637 3913 3692 modis

2278 3736 2791 3807 transgressionem
2819 3752 2851 3788 a
2880 3751 2982 3788 sua
3020 3734 3282 3788 societate
3324 3731 3454 3788 fecit
3490 3731 3770 3786 alienum.
3818 3732 3912 3785 Hic.

2277 3829 2321 3884 si
2348 3828 2694 3884 examinatio
2733 3829 3008 3899 quaeritur
3040 3828 3160 3899 jam
3191 3826 3410 3898 judicio
3450 3842 3569 3880 non
3599 3826 3708 3880 erit
3746 3841 3909 3896 opus,

2275 3928 2574 3996 postquam
2603 3923 2804 3978 litteris
2829 3923 2943 3977 suis
2962 3923 3083 3993 ipse
3100 3922 3385 3977 confessus
3405 3923 3508 3975 est.
3533 3919 3589 3976 Si
3607 3919 3910 3974 auctorita-

2277 4019 2350 4072 tis
2378 4017 2602 4088 pondus
2631 4017 2942 4088 inquiritur
2972 4014 3449 4071 Chalcedonensis
3479 4013 3683 4086 synodi
3717 4018 3912 4068 tenore

2277 4111 2426 4166 illius
2461 4109 2804 4164 deﬁnitionis
2845 4109 3132 4165 exsecutio
3170 4109 3476 4180 reperitur,
3509 4123 3623 4178 quo
3659 4106 3913 4161 damnati

2277 4206 2390 4261 illic
2411 4204 2630 4278 erroris
2667 4206 3118 4259 communicator
3154 4203 3408 4267 etfectus,
3437 4201 3672 4272 praeﬁxe
3703 4201 3913 4256 nihilo-

2279 4300 2468 4356 minus
2511 4297 2794 4370 particeps
2849 4298 3237 4354 damnationis
3287 4297 3585 4364 existeret,
3637 4294 3916 4367 quoniam

2281 4396 2431 4452 idem
2453 4396 2573 4470 ipse
2603 4408 2767 4449 error
2791 4393 2887 4464 qui
2918 4394 3097 4448 semel
3127 4396 3213 4448 est
3229 4409 3357 4446 cum
3381 4408 3480 4445 suo
3503 4393 3736 4445 auctore
3758 4390 3916 4444 dam-

2284 4498 2450 4548 natus
2502 4494 2562 4548 in
2621 4491 2894 4565 participe
2947 4487 3202 4561 quolibet
3259 4502 3444 4558 pravas
3497 4483 3920 4540 communionis

553 4579 856 4630 sectatores
891 4577 1080 4646 postea
1119 4575 1544 4647 damnarentur,
1574 4578 1827 4650 singulas
1856 4580 2065 4635 viritim
2095 4600 2182 4654 sy-
2205 4593 2264 4666 D
2288 4588 2576 4656 effectum,
2619 4593 2675 4642 et
2716 4583 3163 4641 exsecrationem
3205 4581 3292 4636 sui
3337 4585 3520 4651 gestat
3563 4584 3619 4634 et
3668 4595 3918 4650 pennam.

546 4670 731 4736 nodos
761 4669 1058 4736 celebrari,
1088 4669 1187 4724 sed
1216 4687 1316 4741 pro
1356 4676 1555 4727 tenore
1586 4675 2007 4729 constitutionis
2035 4676 2182 4730 anti-

554 4780 704 4836 quae,
737 4769 972 4818 cunctos
999 4764 1093 4835 qui
1117 4764 1205 4819 vel
1233 4765 1525 4835 pravitatis
1545 4766 1692 4821 illius
1716 4769 1801 4823 vel
1828 4771 2188 4826 communio-

555 4859 644 4914 nis
697 4857 957 4914 exstitere
993 4858 1318 4930 participes,
1366 4859 1697 4916 universalis
1754 4864 1996 4918 Ecclesia
2046 4865 2189 4920 dixit

556 4968 677 5008 esse
703 4951 1054 5008 refutandos.
1089 4951 1179 5008 Sic
1204 4957 1438 5025 propter
1457 4953 1838 5026 blasphemias
1859 4958 1973 5012 Arii
2004 4959 2188 5014 forma

556 5045 690 5102 ﬁdei
757 5044 1293 5118 communionisque
1348 5048 1640 5104 catholicae
1690 5050 1916 5106 Nicaano
1973 5054 2190 5125 prolata

556 5145 860 5206 conventu,
892 5139 1130 5194 Arianos
1163 5157 1384 5208 omnes,
1420 5143 1504 5197 vel
1538 5143 1792 5217 quisquis
1824 5145 1883 5200 in
1909 5147 2058 5203 hanc
2086 5166 2186 5220 pe-

561 5236 704 5289 stem
732 5234 845 5289 sive
874 5249 1172 5302 consensu,
1201 5234 1314 5290 sive
1340 5238 1746 5294 communione
1774 5240 2048 5297 deciderit
2066 5243 2188 5297 sine

559 5326 957 5381 retractatione
974 5329 1270 5384 conclusit.
1287 5330 1373 5386 Sic
1388 5333 1754 5401 Eunomium,
1771 5334 2186 5405 Macedonium,

560 5421 879 5476 Nestorium
901 5422 1148 5493 synodus
1168 5425 1340 5478 semel
1365 5428 1528 5495 gesta
1544 5427 1933 5483 condemnans
1953 5431 2190 5485 ulterius

561 5516 634 5572 ad
660 5533 805 5571 nova
832 5516 1067 5570 concilia
1087 5517 1266 5570 veniri
1287 5535 1396 5570 non
1423 5518 1587 5583 sinat,
1617 5522 1718 5575 sed
1744 5523 2038 5578 universos
2054 5543 2191 5596 quo-

562 5627 786 5682 cunque
818 5611 988 5664 modo
1019 5610 1075 5664 in
1103 5611 1204 5663 lias
1230 5611 1616 5680 blasphemias
1646 5617 1958 5672 recidentes
1982 5620 2188 5676 tradito

564 5705 668 5759 sibi
701 5704 878 5757 limite
907 5702 1186 5773 synodali,
1225 5703 1490 5758 refutavit
1516 5707 1763 5763 Ecclesia
1793 5727 1898 5764 nec
1941 5729 2189 5782 unquam

565 5800 715 5850 recte
760 5795 990 5867 cessisse
1031 5794 1394 5849 manifestum
1436 5802 1537 5864 est,
1576 5802 1828 5870 qualibet
1854 5806 2189 5864 necessitate

565 5891 802 5959 cogente
849 5887 1003 5939 nnvis
1048 5886 1276 5941 ausibu.c
1311 5899 1441 5943 'i‘uae
1479 5891 1704 5947 fuerant
1733 5896 2032 5953 salubriter
2063 5916 2189 5955 con-

2287 4682 2410 4746 Quo
2429 4689 2631 4737 tenore
2646 4680 2974 4737 Timotheus
2986 4678 3154 4733 etiam
3178 4680 3348 4747 atque
3368 4675 3489 4745 ipse
3502 4673 3921 4730 Alexandrinus

2286 4779 2501 4842 Petrus,
2526 4777 2623 4848 qui
2640 4773 2944 4832 secundam
2961 4779 3114 4827 certe
3139 4771 3337 4825 sedem
3358 4767 3606 4823 tenuisse
3627 4767 3919 4833 videbant,

2284 4887 2400 4926 non
2443 4870 2647 4942 repetit
2687 4887 2720 4925 a
2750 4866 2989 4940 synodo,
3022 4865 3120 4920 sed
3150 4863 3488 4920 auctoritate
3516 4859 3922 4916 tantummodo

2289 4964 2434 5019 sedis
2467 4964 2807 5036 apostolicae,
2837 4961 2957 5033 ipso
2985 4975 3215 5031 quoque
3249 4956 3446 5012 Acacio
3477 4955 3806 5026 postulante
3837 4955 3919 5008 vel

2287 5062 2632 5129 exsequente
2664 5057 2976 5129 probantur
3003 5070 3122 5110 esse
3150 5049 3424 5107 damnati.
3458 5048 3622 5114 Quod
3650 5047 3695 5103 si
3725 5055 3920 5103 utrum

2288 5152 2466 5208 errori
2504 5154 2592 5208 vel
2638 5148 3083 5224 praevaricationi
3128 5145 3638 5209 communicarent,
3686 5143 3920 5197 Aeacius

2288 5248 2522 5303 forsitan
2549 5248 2772 5303 dicatur
2791 5245 3105 5318 oportuisse
3125 5247 3410 5307 constare,
3437 5239 3686 5294 breviter
3705 5238 3917 5308 praebe-

2291 5360 2417 5398 mus
2447 5343 2521 5398 ad
2548 5343 2656 5397 ista
2686 5355 3046 5412 responsum.
3084 5342 3193 5393 Aut
3217 5335 3370 5392 enim
3404 5334 3508 5404 ipsi
3544 5334 3791 5387 doceant
3819 5331 3916 5386 Pe-

2287 5442 2442 5492 trum
2478 5437 2729 5509 legitime
2779 5435 3168 5505 veraciterqne
3203 5433 3534 5502 purgatum,
3573 5434 3630 5482 et
3667 5427 3738 5481 ab
3768 5424 3921 5480 omni

2291 5531 2629 5601 contagione
2648 5529 3048 5584 hmreticorum
3071 5527 3175 5579 rite
3197 5524 3526 5587 discretum,
3547 5536 3678 5574 cum
3701 5519 3755 5573 ei
3775 5535 3919 5572 com-

2295 5624 2601 5678 municavit
2625 5624 2880 5691 Aeacius,
2916 5623 2962 5676 si
2989 5623 3111 5690 ejus
3137 5617 3689 5674 commnnicatorem
3724 5618 3920 5684 putant

2290 5719 2556 5773 Acacium
2575 5719 2928 5788 aliquatenus
2949 5713 3355 5777 excusandum,
3375 5716 3472 5765 aut
3491 5710 3534 5764 si
3558 5712 3617 5762 ut
3636 5706 3819 5778 magis
3840 5710 3919 5761 est

2293 5828 2486 5865 verum
2507 5812 2908 5866 convenienter
2934 5815 3105 5881 atque
3125 5807 3384 5880 legitime
3405 5806 3638 5859 Petrum
3661 5819 3777 5857 non
3798 5817 3914 5876 pro-

2291 5904 2550 5959 baverint
2579 5905 2889 5976 expiatum.
