  <div class='ocr_page' id='page_1' title='image "/cluster/home/n/w/nwhite01/storage/ocr_20150623/130/umn.319510024774230/558.png"; bbox 0 0 4040 6310; ppageno 0'>
   <div class='ocr_carea' id='block_1_1' title="bbox 161 341 254 392">
    <p class='ocr_par' dir='ltr' id='par_1_1' title="bbox 161 341 254 392">
     <span class='ocr_line' id='line_1_1' title="bbox 161 341 254 392; baseline 0 -1"><span class='ocrx_word' id='word_1_1' title='bbox 161 341 254 392; x_wconf 76' lang='grc'>965</span> 
     </span>
    </p>
   </div>
   <div class='ocr_carea' id='block_1_2' title="bbox 1393 345 2286 404">
    <p class='ocr_par' dir='ltr' id='par_1_2' title="bbox 1393 345 2286 404">
     <span class='ocr_line' id='line_1_2' title="bbox 1393 345 2286 404; baseline 0 -4"><span class='ocrx_word' id='word_1_2' title='bbox 1393 345 1864 403; x_wconf 79' lang='lat' dir='ltr'>DECRETALIUM</span> <span class='ocrx_word' id='word_1_3' title='bbox 1903 347 2286 404; x_wconf 85' lang='lat' dir='ltr'>COLLECTIO.</span> 
     </span>
    </p>
   </div>
   <div class='ocr_carea' id='block_1_3' title="bbox 3415 351 3514 405">
    <p class='ocr_par' dir='ltr' id='par_1_3' title="bbox 3415 351 3514 405">
     <span class='ocr_line' id='line_1_3' title="bbox 3415 351 3514 405; baseline 0.01 -1"><span class='ocrx_word' id='word_1_4' title='bbox 3415 351 3514 405; x_wconf 79' lang='lat'><strong>966</strong></span> 
     </span>
    </p>
   </div>
   <div class='ocr_carea' id='block_1_4' title="bbox 225 446 3518 543">
    <p class='ocr_par' dir='ltr' id='par_1_4' title="bbox 225 446 3518 543">
     <span class='ocr_line' id='line_1_4' title="bbox 225 446 3518 543; baseline 0.004 -44"><span class='ocrx_word' id='word_1_5' title='bbox 225 446 425 501; x_wconf 74' lang='lat' dir='ltr'>Restat</span> <span class='ocrx_word' id='word_1_6' title='bbox 452 453 516 502; x_wconf 92' lang='lat' dir='ltr'>ut</span> <span class='ocrx_word' id='word_1_7' title='bbox 544 448 592 519; x_wconf 89' lang='lat' dir='ltr'>ej</span> <span class='ocrx_word' id='word_1_8' title='bbox 604 465 666 503; x_wconf 90' lang='lat' dir='ltr'>us</span> <span class='ocrx_word' id='word_1_9' title='bbox 695 450 1079 521; x_wconf 85' lang='lat' dir='ltr'>iuexpiatione</span> <span class='ocrx_word' id='word_1_10' title='bbox 1123 452 1314 520; x_wconf 88' lang='lat' dir='ltr'>fuerit,</span> <span class='ocrx_word' id='word_1_11' title='bbox 1351 458 1407 508; x_wconf 88' lang='lat' dir='ltr'>et</span> <span class='ocrx_word' id='word_1_12' title='bbox 1434 454 1533 524; x_wconf 88' lang='lat' dir='ltr'>qui</span> <span class='ocrx_word' id='word_1_13' title='bbox 1564 455 1618 510; x_wconf 93' lang='lat' dir='ltr'>ei</span> <span class='ocrx_word' id='word_1_14' title='bbox 1640 471 1789 511; x_wconf 88' lang='lat' dir='ltr'>com-</span> <span class='ocrx_word' id='word_1_15' title='bbox 1810 469 1869 543; x_wconf 80' lang='grc' dir='ltr'><strong>Α</strong></span> <span class='ocrx_word' id='word_1_16' title='bbox 1889 456 2045 511; x_wconf 88' lang='lat' dir='ltr'>sione</span> <span class='ocrx_word' id='word_1_17' title='bbox 2092 454 2434 527; x_wconf 80' lang='lat' dir='ltr'>supposuit?</span> <span class='ocrx_word' id='word_1_18' title='bbox 2460 454 2586 520; x_wconf 90' lang='lat' dir='ltr'>Qua</span> <span class='ocrx_word' id='word_1_19' title='bbox 2614 455 2833 528; x_wconf 85' lang='lat' dir='ltr'>synodo</span> <span class='ocrx_word' id='word_1_20' title='bbox 2871 458 2954 511; x_wconf 90' lang='lat' dir='ltr'>tot</span> <span class='ocrx_word' id='word_1_21' title='bbox 2990 455 3186 524; x_wconf 89' lang='lat' dir='ltr'>aliena</span> <span class='ocrx_word' id='word_1_22' title='bbox 3224 453 3518 529; x_wconf 87' lang='lat' dir='ltr'>privilegia</span> 
     </span>
    </p>
   </div>
   <div class='ocr_carea' id='block_1_5' title="bbox 156 539 3518 620">
    <p class='ocr_par' dir='ltr' id='par_1_5' title="bbox 156 539 3518 620">
     <span class='ocr_line' id='line_1_5' title="bbox 156 539 3518 620; baseline 0.004 -28"><span class='ocrx_word' id='word_1_23' title='bbox 156 539 465 594; x_wconf 83' lang='lat' dir='ltr'>municavit</span> <span class='ocrx_word' id='word_1_24' title='bbox 491 541 752 598; x_wconf 84' lang='lat' dir='ltr'>infectus.</span> <span class='ocrx_word' id='word_1_25' title='bbox 784 543 891 598; x_wconf 81' lang='lat' dir='ltr'>Nec</span> <span class='ocrx_word' id='word_1_26' title='bbox 917 546 1082 616; x_wconf 83' lang='lat' dir='ltr'>plane</span> <span class='ocrx_word' id='word_1_27' title='bbox 1109 549 1384 614; x_wconf 82' lang='lat' dir='ltr'>tacemus,</span> <span class='ocrx_word' id='word_1_28' title='bbox 1403 548 1558 618; x_wconf 87' lang='lat' dir='ltr'>quod</span> <span class='ocrx_word' id='word_1_29' title='bbox 1584 555 1788 604; x_wconf 90' lang='lat' dir='ltr'>cuncta</span> <span class='ocrx_word' id='word_1_30' title='bbox 1811 539 1869 543; x_wconf 30' lang='lat' dir='ltr'>ﬁ</span> <span class='ocrx_word' id='word_1_31' title='bbox 1887 549 2164 604; x_wconf 88' lang='lat' dir='ltr'>nefandus</span> <span class='ocrx_word' id='word_1_32' title='bbox 2194 548 2500 620; x_wconf 78' lang='lat' dir='ltr'>populator</span> <span class='ocrx_word' id='word_1_33' title='bbox 2524 547 2840 604; x_wconf 84' lang='lat' dir='ltr'>invaserit?</span> <span class='ocrx_word' id='word_1_34' title='bbox 2867 547 2975 605; x_wconf 88' lang='lat' dir='ltr'>Sed</span> <span class='ocrx_word' id='word_1_35' title='bbox 2995 547 3125 604; x_wconf 86' lang='lat' dir='ltr'><strong>libri</strong></span> <span class='ocrx_word' id='word_1_36' title='bbox 3154 565 3269 604; x_wconf 91' lang='lat' dir='ltr'>non</span> <span class='ocrx_word' id='word_1_37' title='bbox 3297 551 3518 607; x_wconf 50' lang='lat' dir='ltr'>sufﬁce.</span> 
     </span>
    </p>
   </div>
   <div class='ocr_carea' id='block_1_6' title="bbox 158 635 1787 712">
    <p class='ocr_par' dir='ltr' id='par_1_6' title="bbox 158 635 1787 712">
     <span class='ocr_line' id='line_1_6' title="bbox 158 635 1787 712; baseline 0.007 -26"><span class='ocrx_word' id='word_1_38' title='bbox 158 649 256 703; x_wconf 91' lang='lat' dir='ltr'>per</span> <span class='ocrx_word' id='word_1_39' title='bbox 287 635 572 689; x_wconf 89' lang='lat' dir='ltr'>mundum</span> <span class='ocrx_word' id='word_1_40' title='bbox 602 636 758 690; x_wconf 86' lang='lat' dir='ltr'>novit</span> <span class='ocrx_word' id='word_1_41' title='bbox 785 638 1048 706; x_wconf 86' lang='lat' dir='ltr'>Ecclesia,</span> <span class='ocrx_word' id='word_1_42' title='bbox 1074 639 1344 710; x_wconf 90' lang='lat' dir='ltr'>quoniam</span> <span class='ocrx_word' id='word_1_43' title='bbox 1372 657 1486 696; x_wconf 90' lang='lat' dir='ltr'>non</span> <span class='ocrx_word' id='word_1_44' title='bbox 1519 657 1787 712; x_wconf 87' lang='lat' dir='ltr'>quorum-</span> 
     </span>
    </p>
   </div>
   <div class='ocr_carea' id='block_1_7' title="bbox 152 727 1786 802">
    <p class='ocr_par' dir='ltr' id='par_1_7' title="bbox 152 727 1786 802">
     <span class='ocr_line' id='line_1_7' title="bbox 152 727 1786 802; baseline 0.007 -23"><span class='ocrx_word' id='word_1_45' title='bbox 152 727 286 780; x_wconf 85' lang='lat' dir='ltr'>libet</span> <span class='ocrx_word' id='word_1_46' title='bbox 330 730 616 783; x_wconf 80' lang='lat' dir='ltr'>sententia</span> <span class='ocrx_word' id='word_1_47' title='bbox 664 731 840 801; x_wconf 90' lang='lat' dir='ltr'>ligata</span> <span class='ocrx_word' id='word_1_48' title='bbox 888 731 1222 802; x_wconf 85' lang='lat' dir='ltr'>pontiﬁcum</span> <span class='ocrx_word' id='word_1_49' title='bbox 1266 734 1399 789; x_wconf 90' lang='lat' dir='ltr'>sede</span> <span class='ocrx_word' id='word_1_50' title='bbox 1443 735 1596 790; x_wconf 85' lang='lat' dir='ltr'>beati</span> <span class='ocrx_word' id='word_1_51' title='bbox 1636 737 1786 791; x_wconf 88' lang='lat' dir='ltr'>Petri</span> 
     </span>
    </p>
   </div>
   <div class='ocr_carea' id='block_1_8' title="bbox 154 821 1785 899">
    <p class='ocr_par' dir='ltr' id='par_1_8' title="bbox 154 821 1785 899">
     <span class='ocr_line' id='line_1_8' title="bbox 154 821 1785 899; baseline 0.007 -26"><span class='ocrx_word' id='word_1_52' title='bbox 154 821 397 890; x_wconf 88' lang='lat' dir='ltr'>apostoli</span> <span class='ocrx_word' id='word_1_53' title='bbox 445 822 528 875; x_wconf 86' lang='lat' dir='ltr'>vis</span> <span class='ocrx_word' id='word_1_54' title='bbox 575 823 778 878; x_wconf 88' lang='lat' dir='ltr'>habeat</span> <span class='ocrx_word' id='word_1_55' title='bbox 825 826 1046 893; x_wconf 86' lang='lat' dir='ltr'>resolvi,</span> <span class='ocrx_word' id='word_1_56' title='bbox 1095 833 1287 898; x_wconf 88' lang='lat' dir='ltr'>utpote</span> <span class='ocrx_word' id='word_1_57' title='bbox 1335 845 1461 899; x_wconf 76' lang='lat' dir='ltr'>quae</span> <span class='ocrx_word' id='word_1_58' title='bbox 1511 829 1582 883; x_wconf 90' lang='lat' dir='ltr'>de</span> <span class='ocrx_word' id='word_1_59' title='bbox 1626 829 1785 884; x_wconf 90' lang='lat' dir='ltr'>omni</span> 
     </span>
    </p>
   </div>
   <div class='ocr_carea' id='block_1_9' title="bbox 151 914 1784 993">
    <p class='ocr_par' dir='ltr' id='par_1_9' title="bbox 151 914 1784 993">
     <span class='ocr_line' id='line_1_9' title="bbox 151 914 1784 993; baseline 0.007 -27"><span class='ocrx_word' id='word_1_60' title='bbox 151 914 405 968; x_wconf 85' lang='lat' dir='ltr'>Ecclesia</span> <span class='ocrx_word' id='word_1_61' title='bbox 445 915 529 969; x_wconf 90' lang='lat' dir='ltr'>fas</span> <span class='ocrx_word' id='word_1_62' title='bbox 578 917 785 973; x_wconf 88' lang='lat' dir='ltr'>habeat</span> <span class='ocrx_word' id='word_1_63' title='bbox 823 919 1138 989; x_wconf 89' lang='lat' dir='ltr'>judicandi,</span> <span class='ocrx_word' id='word_1_64' title='bbox 1174 937 1359 992; x_wconf 88' lang='lat' dir='ltr'>neque</span> <span class='ocrx_word' id='word_1_65' title='bbox 1402 922 1668 993; x_wconf 87' lang='lat' dir='ltr'>cuiquam</span> <span class='ocrx_word' id='word_1_66' title='bbox 1715 924 1784 978; x_wconf 90' lang='lat' dir='ltr'>de</span> 
     </span>
    </p>
   </div>
   <div class='ocr_carea' id='block_1_10' title="bbox 153 1008 1785 1084">
    <p class='ocr_par' dir='ltr' id='par_1_10' title="bbox 153 1008 1785 1084">
     <span class='ocr_line' id='line_1_10' title="bbox 153 1008 1785 1084; baseline 0.006 -23"><span class='ocrx_word' id='word_1_67' title='bbox 153 1008 272 1076; x_wconf 86' lang='lat' dir='ltr'>ejus</span> <span class='ocrx_word' id='word_1_68' title='bbox 304 1008 477 1062; x_wconf 89' lang='lat' dir='ltr'>liceat</span> <span class='ocrx_word' id='word_1_69' title='bbox 509 1009 768 1080; x_wconf 83' lang='lat' dir='ltr'>judicare</span> <span class='ocrx_word' id='word_1_70' title='bbox 811 1013 1050 1082; x_wconf 92' lang='lat' dir='ltr'>judicio.</span> <span class='ocrx_word' id='word_1_71' title='bbox 1098 1013 1390 1084; x_wconf 87' lang='lat' dir='ltr'>Siquidem</span> <span class='ocrx_word' id='word_1_72' title='bbox 1430 1015 1503 1069; x_wconf 92' lang='lat' dir='ltr'>ad</span> <span class='ocrx_word' id='word_1_73' title='bbox 1529 1015 1685 1070; x_wconf 87' lang='lat' dir='ltr'>illam</span> <span class='ocrx_word' id='word_1_74' title='bbox 1715 1016 1785 1071; x_wconf 91' lang='lat' dir='ltr'>de</span> 
     </span>
    </p>
   </div>
   <div class='ocr_carea' id='block_1_11' title="bbox 149 1101 1781 1178">
    <p class='ocr_par' dir='ltr' id='par_1_11' title="bbox 149 1101 1781 1178">
     <span class='ocr_line' id='line_1_11' title="bbox 149 1101 1781 1178; baseline 0.007 -25"><span class='ocrx_word' id='word_1_75' title='bbox 149 1101 407 1170; x_wconf 88' lang='lat' dir='ltr'>qualibet</span> <span class='ocrx_word' id='word_1_76' title='bbox 433 1103 632 1157; x_wconf 89' lang='lat' dir='ltr'>mundi</span> <span class='ocrx_word' id='word_1_77' title='bbox 659 1107 821 1174; x_wconf 90' lang='lat' dir='ltr'>parte</span> <span class='ocrx_word' id='word_1_78' title='bbox 853 1123 1108 1161; x_wconf 85' lang='lat' dir='ltr'>canones</span> <span class='ocrx_word' id='word_1_79' title='bbox 1145 1108 1430 1178; x_wconf 89' lang='lat' dir='ltr'>appellare</span> <span class='ocrx_word' id='word_1_80' title='bbox 1459 1110 1781 1177; x_wconf 89' lang='lat' dir='ltr'>voluerunt,</span> 
     </span>
    </p>
   </div>
   <div class='ocr_carea' id='block_1_12' title="bbox 150 1194 1783 1272">
    <p class='ocr_par' dir='ltr' id='par_1_12' title="bbox 150 1194 1783 1272">
     <span class='ocr_line' id='line_1_12' title="bbox 150 1194 1783 1272; baseline 0.007 -25"><span class='ocrx_word' id='word_1_81' title='bbox 150 1194 217 1247; x_wconf 87' lang='lat' dir='ltr'>ab</span> <span class='ocrx_word' id='word_1_82' title='bbox 246 1194 344 1248; x_wconf 92' lang='lat' dir='ltr'>illa</span> <span class='ocrx_word' id='word_1_83' title='bbox 377 1199 569 1250; x_wconf 90' lang='lat' dir='ltr'>autem</span> <span class='ocrx_word' id='word_1_84' title='bbox 612 1213 782 1252; x_wconf 91' lang='lat' dir='ltr'>nemo</span> <span class='ocrx_word' id='word_1_85' title='bbox 828 1199 899 1254; x_wconf 89' lang='lat' dir='ltr'>sit</span> <span class='ocrx_word' id='word_1_86' title='bbox 940 1200 1224 1271; x_wconf 88' lang='lat' dir='ltr'>appellare</span> <span class='ocrx_word' id='word_1_87' title='bbox 1271 1202 1598 1272; x_wconf 86' lang='lat' dir='ltr'>permissus.</span> <span class='ocrx_word' id='word_1_88' title='bbox 1632 1203 1783 1267; x_wconf 90' lang='lat' dir='ltr'>Qua-</span> 
     </span>
    </p>
   </div>
   <div class='ocr_carea' id='block_1_13' title="bbox 151 1289 1783 1366">
    <p class='ocr_par' dir='ltr' id='par_1_13' title="bbox 151 1289 1783 1366">
     <span class='ocr_line' id='line_1_13' title="bbox 151 1289 1783 1366; baseline 0.007 -27"><span class='ocrx_word' id='word_1_89' title='bbox 151 1292 388 1358; x_wconf 88' lang='lat' dir='ltr'>propter</span> <span class='ocrx_word' id='word_1_90' title='bbox 425 1289 556 1342; x_wconf 85' lang='lat' dir='ltr'>satis</span> <span class='ocrx_word' id='word_1_91' title='bbox 589 1295 809 1346; x_wconf 81' lang='lat' dir='ltr'>constet</span> <span class='ocrx_word' id='word_1_92' title='bbox 851 1293 1114 1348; x_wconf 86' lang='lat' dir='ltr'>Acacium</span> <span class='ocrx_word' id='word_1_93' title='bbox 1158 1295 1381 1349; x_wconf 90' lang='lat' dir='ltr'>nullum</span> <span class='ocrx_word' id='word_1_94' title='bbox 1429 1296 1783 1366; x_wconf 86' lang='lat' dir='ltr'>pontiﬁcium</span> 
     </span>
    </p>
   </div>
   <div class='ocr_carea' id='block_1_14' title="bbox 152 1380 1784 1461">
    <p class='ocr_par' dir='ltr' id='par_1_14' title="bbox 152 1380 1784 1461">
     <span class='ocr_line' id='line_1_14' title="bbox 152 1380 1784 1461; baseline 0.007 -29"><span class='ocrx_word' id='word_1_95' title='bbox 152 1380 415 1435; x_wconf 88' lang='lat' dir='ltr'>habuisse</span> <span class='ocrx_word' id='word_1_96' title='bbox 458 1384 768 1438; x_wconf 87' lang='lat' dir='ltr'>sententias</span> <span class='ocrx_word' id='word_1_97' title='bbox 808 1385 958 1440; x_wconf 82' lang='lat' dir='ltr'>sedis</span> <span class='ocrx_word' id='word_1_98' title='bbox 999 1389 1322 1459; x_wconf 63' lang='lat' dir='ltr'>apostolica:</span> <span class='ocrx_word' id='word_1_99' title='bbox 1371 1389 1492 1443; x_wconf 92' lang='lat' dir='ltr'>sine</span> <span class='ocrx_word' id='word_1_100' title='bbox 1525 1391 1638 1444; x_wconf 90' lang='lat' dir='ltr'>ulla</span> <span class='ocrx_word' id='word_1_101' title='bbox 1662 1391 1784 1461; x_wconf 90' lang='lat' dir='ltr'>ejus</span> 
     </span>
    </p>
   </div>
   <div class='ocr_carea' id='block_1_15' title="bbox 150 1464 1778 1555">
    <p class='ocr_par' dir='ltr' id='par_1_15' title="bbox 150 1464 1778 1555">
     <span class='ocr_line' id='line_1_15' title="bbox 150 1464 1778 1555; baseline 0.007 -29"><span class='ocrx_word' id='word_1_102' title='bbox 150 1474 386 1529; x_wconf 90' lang='lat' dir='ltr'>notione</span> <span class='ocrx_word' id='word_1_103' title='bbox 430 1476 701 1532; x_wconf 85' lang='lat' dir='ltr'>solvendi.</span> <span class='ocrx_word' id='word_1_104' title='bbox 745 1479 866 1543; x_wconf 91' lang='lat' dir='ltr'>Qua</span> <span class='ocrx_word' id='word_1_105' title='bbox 909 1485 1060 1535; x_wconf 90' lang='lat' dir='ltr'>certe</span> <span class='ocrx_word' id='word_1_106' title='bbox 1104 1482 1321 1552; x_wconf 80' lang='lat' dir='ltr'>synodo</span> <span class='ocrx_word' id='word_1_107' title='bbox 1366 1483 1471 1537; x_wconf 90' lang='lat' dir='ltr'>hoc</span> <span class='ocrx_word' id='word_1_108' title='bbox 1502 1484 1596 1538; x_wconf 90' lang='lat' dir='ltr'>ille</span> <span class='ocrx_word' id='word_1_109' title='bbox 1636 1464 1778 1555; x_wconf 67' lang='lat' dir='ltr'>prse-</span> 
     </span>
    </p>
   </div>
   <div class='ocr_carea' id='block_1_16' title="bbox 149 1569 1784 1648">
    <p class='ocr_par' dir='ltr' id='par_1_16' title="bbox 149 1569 1784 1648">
     <span class='ocr_line' id='line_1_16' title="bbox 149 1569 1784 1648; baseline 0.007 -28"><span class='ocrx_word' id='word_1_110' title='bbox 149 1569 413 1639; x_wconf 89' lang='lat' dir='ltr'>sumpsit,</span> <span class='ocrx_word' id='word_1_111' title='bbox 446 1570 592 1640; x_wconf 91' lang='lat' dir='ltr'>quod</span> <span class='ocrx_word' id='word_1_112' title='bbox 623 1588 730 1627; x_wconf 92' lang='lat' dir='ltr'>nec</span> <span class='ocrx_word' id='word_1_113' title='bbox 753 1572 824 1626; x_wconf 88' lang='lat' dir='ltr'>sit</span> <span class='ocrx_word' id='word_1_114' title='bbox 852 1574 923 1628; x_wconf 92' lang='lat' dir='ltr'>ab</span> <span class='ocrx_word' id='word_1_115' title='bbox 951 1576 1258 1646; x_wconf 88' lang='lat' dir='ltr'>apostolica</span> <span class='ocrx_word' id='word_1_116' title='bbox 1287 1577 1418 1631; x_wconf 92' lang='lat' dir='ltr'>sede</span> <span class='ocrx_word' id='word_1_117' title='bbox 1443 1577 1525 1631; x_wconf 88' lang='lat' dir='ltr'>fas</span> <span class='ocrx_word' id='word_1_118' title='bbox 1551 1577 1784 1648; x_wconf 88' lang='lat' dir='ltr'>quidem</span> 
     </span>
    </p>
   </div>
   <div class='ocr_carea' id='block_1_17' title="bbox 148 1661 1781 1741">
    <p class='ocr_par' dir='ltr' id='par_1_17' title="bbox 148 1661 1781 1741">
     <span class='ocr_line' id='line_1_17' title="bbox 148 1661 1781 1741; baseline 0.008 -28"><span class='ocrx_word' id='word_1_119' title='bbox 148 1661 390 1716; x_wconf 87' lang='lat' dir='ltr'>haberet</span> <span class='ocrx_word' id='word_1_120' title='bbox 437 1663 683 1732; x_wconf 78' lang='lat' dir='ltr'>efﬁcere,</span> <span class='ocrx_word' id='word_1_121' title='bbox 716 1666 876 1736; x_wconf 84' lang='lat' dir='ltr'>cujus</span> <span class='ocrx_word' id='word_1_122' title='bbox 913 1667 1061 1722; x_wconf 88' lang='lat' dir='ltr'>sedis</span> <span class='ocrx_word' id='word_1_123' title='bbox 1110 1669 1422 1740; x_wconf 91' lang='lat' dir='ltr'>episcopus,</span> <span class='ocrx_word' id='word_1_124' title='bbox 1456 1671 1616 1741; x_wconf 87' lang='lat' dir='ltr'>cujus</span> <span class='ocrx_word' id='word_1_125' title='bbox 1659 1688 1781 1725; x_wconf 89' lang='lat' dir='ltr'>me-</span> 
     </span>
    </p>
   </div>
   <div class='ocr_carea' id='block_1_18' title="bbox 149 1755 1784 1835">
    <p class='ocr_par' dir='ltr' id='par_1_18' title="bbox 149 1755 1784 1835">
     <span class='ocr_line' id='line_1_18' title="bbox 149 1755 1784 1835; baseline 0.008 -29"><span class='ocrx_word' id='word_1_126' title='bbox 149 1755 515 1824; x_wconf 72' lang='lat' dir='ltr'>tropolitanze</span> <span class='ocrx_word' id='word_1_127' title='bbox 545 1757 784 1812; x_wconf 87' lang='lat' dir='ltr'>civitatis</span> <span class='ocrx_word' id='word_1_128' title='bbox 812 1760 1064 1815; x_wconf 83' lang='lat' dir='ltr'>antistes.</span> <span class='ocrx_word' id='word_1_129' title='bbox 1094 1763 1288 1817; x_wconf 84' lang='lat' dir='ltr'>Nonne</span> <span class='ocrx_word' id='word_1_130' title='bbox 1315 1765 1595 1835; x_wconf 56' lang='lat' dir='ltr'>parochias</span> <span class='ocrx_word' id='word_1_131' title='bbox 1625 1767 1784 1819; x_wconf 88' lang='lat' dir='ltr'>Erra-</span> 
     </span>
    </p>
   </div>
   <div class='ocr_carea' id='block_1_19' title="bbox 1884 642 3520 714">
    <p class='ocr_par' dir='ltr' id='par_1_19' title="bbox 1884 642 3520 714">
     <span class='ocr_line' id='line_1_19' title="bbox 1884 642 3520 714; baseline 0.001 -18"><span class='ocrx_word' id='word_1_132' title='bbox 1884 649 2031 711; x_wconf 89' lang='lat' dir='ltr'>rent,</span> <span class='ocrx_word' id='word_1_133' title='bbox 2081 644 2126 696; x_wconf 91' lang='lat' dir='ltr'>si</span> <span class='ocrx_word' id='word_1_134' title='bbox 2173 642 2472 714; x_wconf 69' lang='lat' dir='ltr'>tragoedias</span> <span class='ocrx_word' id='word_1_135' title='bbox 2519 642 2642 713; x_wconf 83' lang='lat' dir='ltr'>ejus</span> <span class='ocrx_word' id='word_1_136' title='bbox 2689 658 2831 714; x_wconf 90' lang='lat' dir='ltr'>quas</span> <span class='ocrx_word' id='word_1_137' title='bbox 2876 657 2981 713; x_wconf 93' lang='lat' dir='ltr'>per</span> <span class='ocrx_word' id='word_1_138' title='bbox 3029 642 3301 696; x_wconf 88' lang='lat' dir='ltr'>Ecelesias</span> <span class='ocrx_word' id='word_1_139' title='bbox 3345 643 3520 699; x_wconf 79' lang='lat' dir='ltr'>totius</span> 
     </span>
    </p>
   </div>
   <div class='ocr_carea' id='block_1_20' title="bbox 1886 735 3519 807">
    <p class='ocr_par' dir='ltr' id='par_1_20' title="bbox 1886 735 3519 807">
     <span class='ocr_line' id='line_1_20' title="bbox 1886 735 3519 807; baseline 0.001 -16"><span class='ocrx_word' id='word_1_140' title='bbox 1886 735 2130 791; x_wconf 86' lang='lat' dir='ltr'>Orientis</span> <span class='ocrx_word' id='word_1_141' title='bbox 2152 736 2404 790; x_wconf 85' lang='lat' dir='ltr'>exercuit</span> <span class='ocrx_word' id='word_1_142' title='bbox 2426 735 2715 807; x_wconf 90' lang='lat' dir='ltr'>sigillatim</span> <span class='ocrx_word' id='word_1_143' title='bbox 2747 735 3063 791; x_wconf 89' lang='lat' dir='ltr'>describere</span> <span class='ocrx_word' id='word_1_144' title='bbox 3088 736 3413 791; x_wconf 86' lang='lat' dir='ltr'>moliamur.</span> <span class='ocrx_word' id='word_1_145' title='bbox 3432 741 3519 793; x_wconf 83' lang='lat' dir='ltr'>An</span> 
     </span>
    </p>
   </div>
   <div class='ocr_carea' id='block_1_21' title="bbox 1884 829 3520 903">
    <p class='ocr_par' dir='ltr' id='par_1_21' title="bbox 1884 829 3520 903">
     <span class='ocr_line' id='line_1_21' title="bbox 1884 829 3520 903; baseline 0.001 -20"><span class='ocrx_word' id='word_1_146' title='bbox 1884 829 2025 883; x_wconf 93' lang='lat' dir='ltr'>illud</span> <span class='ocrx_word' id='word_1_147' title='bbox 2052 829 2229 900; x_wconf 91' lang='lat' dir='ltr'>ipsius</span> <span class='ocrx_word' id='word_1_148' title='bbox 2259 835 2668 900; x_wconf 83' lang='lat' dir='ltr'>argumentum</span> <span class='ocrx_word' id='word_1_149' title='bbox 2698 830 2862 884; x_wconf 87' lang='lat' dir='ltr'>nobis</span> <span class='ocrx_word' id='word_1_150' title='bbox 2893 829 3196 884; x_wconf 71' lang='lat' dir='ltr'>aestimavit</span> <span class='ocrx_word' id='word_1_151' title='bbox 3223 845 3520 903; x_wconf 86' lang='lat' dir='ltr'>opponen-</span> 
     </span>
    </p>
   </div>
   <div class='ocr_carea' id='block_1_22' title="bbox 1886 922 3517 996">
    <p class='ocr_par' dir='ltr' id='par_1_22' title="bbox 1886 922 3517 996">
     <span class='ocr_line' id='line_1_22' title="bbox 1886 922 3517 996; baseline 0.001 -20"><span class='ocrx_word' id='word_1_152' title='bbox 1886 923 2043 991; x_wconf 87' lang='lat' dir='ltr'>dum,</span> <span class='ocrx_word' id='word_1_153' title='bbox 2090 939 2203 994; x_wconf 91' lang='lat' dir='ltr'>quo</span> <span class='ocrx_word' id='word_1_154' title='bbox 2256 922 2505 978; x_wconf 88' lang='lat' dir='ltr'>facinora</span> <span class='ocrx_word' id='word_1_155' title='bbox 2557 940 2655 977; x_wconf 91' lang='lat' dir='ltr'>sua</span> <span class='ocrx_word' id='word_1_156' title='bbox 2704 923 2762 977; x_wconf 92' lang='lat' dir='ltr'>in</span> <span class='ocrx_word' id='word_1_157' title='bbox 2817 922 3176 996; x_wconf 90' lang='lat' dir='ltr'>imperialem</span> <span class='ocrx_word' id='word_1_158' title='bbox 3222 923 3372 978; x_wconf 88' lang='lat' dir='ltr'>visus</span> <span class='ocrx_word' id='word_1_159' title='bbox 3429 929 3517 979; x_wconf 89' lang='lat' dir='ltr'>est</span> 
     </span>
    </p>
   </div>
   <div class='ocr_carea' id='block_1_23' title="bbox 1878 1015 3517 1088">
    <p class='ocr_par' dir='ltr' id='par_1_23' title="bbox 1878 1015 3517 1088">
     <span class='ocr_line' id='line_1_23' title="bbox 1878 1015 3517 1088; baseline 0.001 -19"><span class='ocrx_word' id='word_1_160' title='bbox 1878 1016 2094 1086; x_wconf 88' lang='lat' dir='ltr'>jactare</span> <span class='ocrx_word' id='word_1_161' title='bbox 2123 1031 2444 1087; x_wconf 87' lang='lat' dir='ltr'>personam.</span> <span class='ocrx_word' id='word_1_162' title='bbox 2467 1018 2579 1073; x_wconf 88' lang='lat' dir='ltr'>Cur</span> <span class='ocrx_word' id='word_1_163' title='bbox 2604 1015 2798 1086; x_wconf 78' lang='lat' dir='ltr'>igitur,</span> <span class='ocrx_word' id='word_1_164' title='bbox 2819 1015 3049 1088; x_wconf 88' lang='lat' dir='ltr'>quando</span> <span class='ocrx_word' id='word_1_165' title='bbox 3070 1016 3265 1083; x_wconf 92' lang='lat' dir='ltr'>voluit,</span> <span class='ocrx_word' id='word_1_166' title='bbox 3289 1016 3517 1072; x_wconf 90' lang='lat' dir='ltr'>obsistit</span> 
     </span>
    </p>
   </div>
   <div class='ocr_carea' id='block_1_24' title="bbox 1886 1109 3513 1180">
    <p class='ocr_par' dir='ltr' id='par_1_24' title="bbox 1886 1109 3513 1180">
     <span class='ocr_line' id='line_1_24' title="bbox 1886 1109 3513 1180; baseline 0.001 -17"><span class='ocrx_word' id='word_1_167' title='bbox 1886 1109 2148 1164; x_wconf 85' lang='lat' dir='ltr'>Basilisco</span> <span class='ocrx_word' id='word_1_168' title='bbox 2174 1113 2418 1180; x_wconf 88' lang='lat' dir='ltr'>tyranno</span> <span class='ocrx_word' id='word_1_169' title='bbox 2459 1113 2610 1165; x_wconf 92' lang='lat' dir='ltr'>certe</span> <span class='ocrx_word' id='word_1_170' title='bbox 2638 1115 2694 1164; x_wconf 93' lang='lat' dir='ltr'>et</span> <span class='ocrx_word' id='word_1_171' title='bbox 2729 1109 2995 1165; x_wconf 64' lang='lat' dir='ltr'>haeretica</span> <span class='ocrx_word' id='word_1_172' title='bbox 3025 1109 3398 1165; x_wconf 85' lang='lat' dir='ltr'>vehementer</span> <span class='ocrx_word' id='word_1_173' title='bbox 3426 1111 3513 1165; x_wconf 89' lang='lat' dir='ltr'>iu-</span> 
     </span>
    </p>
   </div>
   <div class='ocr_carea' id='block_1_25' title="bbox 1885 1201 3516 1275">
    <p class='ocr_par' dir='ltr' id='par_1_25' title="bbox 1885 1201 3516 1275">
     <span class='ocr_line' id='line_1_25' title="bbox 1885 1201 3516 1275; baseline 0.001 -19"><span class='ocrx_word' id='word_1_174' title='bbox 1885 1204 2030 1258; x_wconf 88' lang='lat' dir='ltr'>festo</span> <span class='ocrx_word' id='word_1_175' title='bbox 2045 1203 2071 1256; x_wconf 86' lang='lat'><strong><em>?</em></strong></span> <span class='ocrx_word' id='word_1_176' title='bbox 2088 1204 2200 1257; x_wconf 89' lang='lat' dir='ltr'>Cur</span> <span class='ocrx_word' id='word_1_177' title='bbox 2223 1203 2331 1274; x_wconf 89' lang='lat' dir='ltr'>ipsi</span> <span class='ocrx_word' id='word_1_178' title='bbox 2358 1202 2689 1274; x_wconf 85' lang='lat' dir='ltr'>imperatori</span> <span class='ocrx_word' id='word_1_179' title='bbox 2715 1202 2948 1270; x_wconf 90' lang='lat' dir='ltr'>Zenoni,</span> <span class='ocrx_word' id='word_1_180' title='bbox 2965 1201 3098 1275; x_wconf 88' lang='lat' dir='ltr'>quia</span> <span class='ocrx_word' id='word_1_181' title='bbox 3113 1203 3304 1274; x_wconf 89' lang='lat' dir='ltr'>palam</span> <span class='ocrx_word' id='word_1_182' title='bbox 3321 1203 3516 1258; x_wconf 86' lang='lat' dir='ltr'>Antio-</span> 
     </span>
    </p>
   </div>
   <div class='ocr_carea' id='block_1_26' title="bbox 1884 1295 3513 1364">
    <p class='ocr_par' dir='ltr' id='par_1_26' title="bbox 1884 1295 3513 1364">
     <span class='ocr_line' id='line_1_26' title="bbox 1884 1295 3513 1364; baseline 0.001 -14"><span class='ocrx_word' id='word_1_183' title='bbox 1884 1298 2068 1350; x_wconf 92' lang='lat' dir='ltr'>cheno</span> <span class='ocrx_word' id='word_1_184' title='bbox 2117 1298 2279 1350; x_wconf 80' lang='lat' dir='ltr'>Petro</span> <span class='ocrx_word' id='word_1_185' title='bbox 2328 1296 2748 1351; x_wconf 88' lang='lat' dir='ltr'>communicare</span> <span class='ocrx_word' id='word_1_186' title='bbox 2789 1296 2993 1364; x_wconf 90' lang='lat' dir='ltr'>noluit,</span> <span class='ocrx_word' id='word_1_187' title='bbox 3032 1312 3196 1350; x_wconf 90' lang='lat' dir='ltr'>suam</span> <span class='ocrx_word' id='word_1_188' title='bbox 3239 1295 3513 1352; x_wconf 89' lang='lat' dir='ltr'>nimirum</span> 
     </span>
    </p>
   </div>
   <div class='ocr_carea' id='block_1_27' title="bbox 1885 1388 3512 1460">
    <p class='ocr_par' dir='ltr' id='par_1_27' title="bbox 1885 1388 3512 1460">
     <span class='ocr_line' id='line_1_27' title="bbox 1885 1388 3512 1460; baseline 0.001 -17"><span class='ocrx_word' id='word_1_189' title='bbox 1885 1389 2135 1444; x_wconf 89' lang='lat' dir='ltr'>subdidit</span> <span class='ocrx_word' id='word_1_190' title='bbox 2173 1389 2546 1444; x_wconf 81' lang='lat' dir='ltr'>voluntatem.</span> <span class='ocrx_word' id='word_1_191' title='bbox 2581 1391 2718 1444; x_wconf 88' lang='lat' dir='ltr'>Ecce</span> <span class='ocrx_word' id='word_1_192' title='bbox 2747 1389 2931 1460; x_wconf 91' lang='lat' dir='ltr'>potuit</span> <span class='ocrx_word' id='word_1_193' title='bbox 2967 1389 3028 1444; x_wconf 91' lang='lat' dir='ltr'>in</span> <span class='ocrx_word' id='word_1_194' title='bbox 3059 1388 3184 1444; x_wconf 87' lang='lat' dir='ltr'>aliis</span> <span class='ocrx_word' id='word_1_195' title='bbox 3213 1389 3512 1458; x_wconf 88' lang='lat' dir='ltr'>resultare,</span> 
     </span>
    </p>
   </div>
   <div class='ocr_carea' id='block_1_28' title="bbox 1884 1482 3517 1554">
    <p class='ocr_par' dir='ltr' id='par_1_28' title="bbox 1884 1482 3517 1554">
     <span class='ocr_line' id='line_1_28' title="bbox 1884 1482 3517 1554; baseline 0.001 -17"><span class='ocrx_word' id='word_1_196' title='bbox 1884 1483 1980 1538; x_wconf 91' lang='lat' dir='ltr'>sed</span> <span class='ocrx_word' id='word_1_197' title='bbox 2009 1483 2214 1538; x_wconf 90' lang='lat' dir='ltr'>noluit.</span> <span class='ocrx_word' id='word_1_198' title='bbox 2241 1485 2451 1537; x_wconf 82' lang='lat' dir='ltr'>Annon</span> <span class='ocrx_word' id='word_1_199' title='bbox 2478 1484 2773 1554; x_wconf 90' lang='lat' dir='ltr'>Apostolus</span> <span class='ocrx_word' id='word_1_200' title='bbox 2799 1482 2944 1538; x_wconf 83' lang='lat' dir='ltr'>dixit</span> <span class='ocrx_word' id='word_1_201' title='bbox 2967 1499 2980 1538; x_wconf 93' lang='lat'><strong>:</strong></span> <span class='ocrx_word' id='word_1_202' title='bbox 3007 1502 3034 1534; x_wconf 79' lang='grc' dir='ltr'><strong>(ί</strong></span> <span class='ocrx_word' id='word_1_203' title='bbox 3063 1483 3187 1538; x_wconf 87' lang='lat' dir='ltr'>Non</span> <span class='ocrx_word' id='word_1_204' title='bbox 3209 1483 3396 1537; x_wconf 90' lang='lat' dir='ltr'>solum</span> <span class='ocrx_word' id='word_1_205' title='bbox 3415 1483 3517 1554; x_wconf 89' lang='lat' dir='ltr'>qui</span> 
     </span>
    </p>
   </div>
   <div class='ocr_carea' id='block_1_29' title="bbox 1882 1576 3508 1648">
    <p class='ocr_par' dir='ltr' id='par_1_29' title="bbox 1882 1576 3508 1648">
     <span class='ocr_line' id='line_1_29' title="bbox 1882 1576 3508 1648; baseline 0.001 -18"><span class='ocrx_word' id='word_1_206' title='bbox 1882 1577 2118 1646; x_wconf 85' lang='lat' dir='ltr'>faciunt,</span> <span class='ocrx_word' id='word_1_207' title='bbox 2141 1577 2238 1631; x_wconf 90' lang='lat' dir='ltr'>sed</span> <span class='ocrx_word' id='word_1_208' title='bbox 2273 1577 2446 1632; x_wconf 88' lang='lat' dir='ltr'>etiam</span> <span class='ocrx_word' id='word_1_209' title='bbox 2471 1577 2565 1648; x_wconf 91' lang='lat' dir='ltr'>qui</span> <span class='ocrx_word' id='word_1_210' title='bbox 2592 1577 2956 1632; x_wconf 89' lang='lat' dir='ltr'>consentiunt</span> <span class='ocrx_word' id='word_1_211' title='bbox 2982 1576 3320 1631; x_wconf 84' lang='lat' dir='ltr'>facientibus</span> <span class='ocrx_word' id='word_1_212' title='bbox 3341 1578 3508 1647; x_wconf 86' lang='lat' dir='ltr'>(Rom.</span> 
     </span>
    </p>
   </div>
   <div class='ocr_carea' id='block_1_30' title="bbox 1882 1669 3514 1742">
    <p class='ocr_par' dir='ltr' id='par_1_30' title="bbox 1882 1669 3514 1742">
     <span class='ocr_line' id='line_1_30' title="bbox 1882 1669 3514 1742; baseline -0.001 -16"><span class='ocrx_word' id='word_1_213' title='bbox 1882 1687 1919 1737; x_wconf 81' lang='lat'>1,</span> <span class='ocrx_word' id='word_1_214' title='bbox 1952 1672 2036 1742; x_wconf 78' lang='grc'>32)</span> <span class='ocrx_word' id='word_1_215' title='bbox 2069 1692 2097 1720; x_wconf 90' lang='grc'><strong>››</strong></span> <span class='ocrx_word' id='word_1_216' title='bbox 2127 1677 2286 1724; x_wconf 88' lang='lat' dir='ltr'>reatu</span> <span class='ocrx_word' id='word_1_217' title='bbox 2330 1671 2546 1741; x_wconf 91' lang='lat' dir='ltr'>pariter</span> <span class='ocrx_word' id='word_1_218' title='bbox 2584 1675 2716 1724; x_wconf 90' lang='lat' dir='ltr'>sunt</span> <span class='ocrx_word' id='word_1_219' title='bbox 2757 1669 2980 1725; x_wconf 90' lang='lat' dir='ltr'>irretiti.</span> <span class='ocrx_word' id='word_1_220' title='bbox 3023 1669 3136 1725; x_wconf 91' lang='lat' dir='ltr'>Sed</span> <span class='ocrx_word' id='word_1_221' title='bbox 3184 1672 3245 1723; x_wconf 93' lang='lat' dir='ltr'>ut</span> <span class='ocrx_word' id='word_1_222' title='bbox 3282 1686 3348 1724; x_wconf 90' lang='lat' dir='ltr'>ea</span> <span class='ocrx_word' id='word_1_223' title='bbox 3385 1686 3514 1741; x_wconf 73' lang='lat' dir='ltr'>quae</span> 
     </span>
    </p>
   </div>
   <div class='ocr_carea' id='block_1_31' title="bbox 1883 1761 3516 1834">
    <p class='ocr_par' dir='ltr' id='par_1_31' title="bbox 1883 1761 3516 1834">
     <span class='ocr_line' id='line_1_31' title="bbox 1883 1761 3516 1834; baseline -0.001 -16"><span class='ocrx_word' id='word_1_224' title='bbox 1883 1765 2048 1818; x_wconf 90' lang='lat' dir='ltr'>latius</span> <span class='ocrx_word' id='word_1_225' title='bbox 2098 1765 2430 1834; x_wconf 84' lang='lat' dir='ltr'>explicanda</span> <span class='ocrx_word' id='word_1_226' title='bbox 2483 1768 2616 1818; x_wconf 90' lang='lat' dir='ltr'>sunt</span> <span class='ocrx_word' id='word_1_227' title='bbox 2666 1763 3014 1830; x_wconf 85' lang='lat' dir='ltr'>omittamus,</span> <span class='ocrx_word' id='word_1_228' title='bbox 3057 1762 3340 1834; x_wconf 88' lang='lat' dir='ltr'>quidquid</span> <span class='ocrx_word' id='word_1_229' title='bbox 3394 1761 3516 1834; x_wconf 89' lang='lat' dir='ltr'>ipse</span> 
     </span>
    </p>
   </div>
   <div class='ocr_carea' id='block_1_32' title="bbox 147 1842 3512 1928">
    <p class='ocr_par' dir='ltr' id='par_1_32' title="bbox 147 1842 3512 1928">
     <span class='ocr_line' id='line_1_32' title="bbox 147 1842 3512 1928; baseline 0.003 -28"><span class='ocrx_word' id='word_1_230' title='bbox 147 1848 349 1901; x_wconf 90' lang='lat' dir='ltr'>clensis</span> <span class='ocrx_word' id='word_1_231' title='bbox 381 1849 680 1905; x_wconf 83' lang='lat' dir='ltr'>Ecclesiae?</span> <span class='ocrx_word' id='word_1_232' title='bbox 703 1851 758 1906; x_wconf 91' lang='lat' dir='ltr'>Si</span> <span class='ocrx_word' id='word_1_233' title='bbox 790 1852 870 1907; x_wconf 90' lang='lat' dir='ltr'>illi</span> <span class='ocrx_word' id='word_1_234' title='bbox 896 1859 1050 1909; x_wconf 92' lang='lat' dir='ltr'>certe</span> <span class='ocrx_word' id='word_1_235' title='bbox 1079 1855 1239 1910; x_wconf 90' lang='lat' dir='ltr'>licuit</span> <span class='ocrx_word' id='word_1_236' title='bbox 1261 1857 1381 1912; x_wconf 87' lang='lat' dir='ltr'>sine</span> <span class='ocrx_word' id='word_1_237' title='bbox 1410 1858 1623 1928; x_wconf 83' lang='lat' dir='ltr'>synodo</span> <span class='ocrx_word' id='word_1_238' title='bbox 1654 1875 1779 1913; x_wconf 90' lang='lat' dir='ltr'>sen-</span> <span class='ocrx_word' id='word_1_239' title='bbox 1801 1842 1858 1914; x_wconf 88' lang='lat' dir='ltr'><strong>B</strong></span> <span class='ocrx_word' id='word_1_240' title='bbox 1881 1859 2033 1912; x_wconf 92' lang='lat' dir='ltr'>Zeno</span> <span class='ocrx_word' id='word_1_241' title='bbox 2073 1857 2383 1928; x_wconf 88' lang='lat' dir='ltr'>imperator</span> <span class='ocrx_word' id='word_1_242' title='bbox 2408 1857 2523 1912; x_wconf 89' lang='lat' dir='ltr'>suis</span> <span class='ocrx_word' id='word_1_243' title='bbox 2554 1856 2757 1912; x_wconf 88' lang='lat' dir='ltr'>litteris</span> <span class='ocrx_word' id='word_1_244' title='bbox 2785 1857 3092 1928; x_wconf 83' lang='lat' dir='ltr'>proﬁtetur</span> <span class='ocrx_word' id='word_1_245' title='bbox 3121 1862 3325 1911; x_wconf 91' lang='lat' dir='ltr'>cuneta</span> <span class='ocrx_word' id='word_1_246' title='bbox 3358 1872 3416 1910; x_wconf 87' lang='lat' dir='ltr'>se</span> <span class='ocrx_word' id='word_1_247' title='bbox 3449 1872 3512 1911; x_wconf 86' lang='lat' dir='ltr'>ex</span> 
     </span>
    </p>
   </div>
   <div class='ocr_carea' id='block_1_33' title="bbox 147 1943 3516 2022">
    <p class='ocr_par' dir='ltr' id='par_1_33' title="bbox 147 1943 3516 2022">
     <span class='ocr_line' id='line_1_33' title="bbox 147 1943 3516 2022; baseline 0.002 -27"><span class='ocrx_word' id='word_1_248' title='bbox 147 1943 385 1996; x_wconf 85' lang='lat' dir='ltr'>tentiam</span> <span class='ocrx_word' id='word_1_249' title='bbox 430 1945 750 2014; x_wconf 76' lang='lat' dir='ltr'>apostolicae</span> <span class='ocrx_word' id='word_1_250' title='bbox 801 1947 957 2002; x_wconf 85' lang='lat' dir='ltr'>Sedis</span> <span class='ocrx_word' id='word_1_251' title='bbox 1006 1949 1368 2021; x_wconf 82' lang='lat' dir='ltr'>abrumpere,</span> <span class='ocrx_word' id='word_1_252' title='bbox 1413 1952 1571 2005; x_wconf 90' lang='lat' dir='ltr'>nulla</span> <span class='ocrx_word' id='word_1_253' title='bbox 1619 1952 1781 2006; x_wconf 91' lang='lat' dir='ltr'>citius</span> <span class='ocrx_word' id='word_1_254' title='bbox 1882 1951 2062 2006; x_wconf 89' lang='lat' dir='ltr'>Acacii</span> <span class='ocrx_word' id='word_1_255' title='bbox 2104 1951 2340 2022; x_wconf 84' lang='lat' dir='ltr'>gessisse</span> <span class='ocrx_word' id='word_1_256' title='bbox 2383 1950 2644 2017; x_wconf 91' lang='lat' dir='ltr'>concilio,</span> <span class='ocrx_word' id='word_1_257' title='bbox 2679 1967 2784 2004; x_wconf 92' lang='lat' dir='ltr'>nec</span> <span class='ocrx_word' id='word_1_258' title='bbox 2820 1951 2927 2004; x_wconf 90' lang='lat' dir='ltr'>hoc</span> <span class='ocrx_word' id='word_1_259' title='bbox 2971 1951 3143 2022; x_wconf 46' lang='lat' dir='ltr'>enim,</span> <span class='ocrx_word' id='word_1_260' title='bbox 3170 1949 3374 2004; x_wconf 88' lang='lat' dir='ltr'>litteris</span> <span class='ocrx_word' id='word_1_261' title='bbox 3401 1949 3516 2003; x_wconf 87' lang='lat' dir='ltr'>suis</span> 
     </span>
    </p>
   </div>
   <div class='ocr_carea' id='block_1_34' title="bbox 146 2018 3517 2148">
    <p class='ocr_par' dir='ltr' id='par_1_34' title="bbox 146 2018 3517 2148">
     <span class='ocr_line' id='line_1_34' title="bbox 146 2018 3517 2148; baseline 0.003 -59"><span class='ocrx_word' id='word_1_262' title='bbox 146 2036 564 2092; x_wconf 88' lang='lat' dir='ltr'>consultatione</span> <span class='ocrx_word' id='word_1_263' title='bbox 607 2040 861 2109; x_wconf 69' lang='lat' dir='ltr'>quaesita,</span> <span class='ocrx_word' id='word_1_264' title='bbox 891 2041 971 2095; x_wconf 89' lang='lat' dir='ltr'>ita</span> <span class='ocrx_word' id='word_1_265' title='bbox 1001 2060 1071 2097; x_wconf 90' lang='lat' dir='ltr'>ne</span> <span class='ocrx_word' id='word_1_266' title='bbox 1096 2060 1232 2098; x_wconf 79' lang='lat' dir='ltr'>vero</span> <span class='ocrx_word' id='word_1_267' title='bbox 1258 2061 1374 2099; x_wconf 89' lang='lat' dir='ltr'>non</span> <span class='ocrx_word' id='word_1_268' title='bbox 1401 2044 1558 2100; x_wconf 91' lang='lat' dir='ltr'>licuit</span> <span class='ocrx_word' id='word_1_269' title='bbox 1581 2046 1782 2116; x_wconf 73' lang='lat' dir='ltr'>primae</span> <span class='ocrx_word' id='word_1_270' title='bbox 1879 2046 2074 2099; x_wconf 87' lang='lat' dir='ltr'>fallere</span> <span class='ocrx_word' id='word_1_271' title='bbox 2124 2045 2240 2116; x_wconf 92' lang='lat' dir='ltr'>ipse</span> <span class='ocrx_word' id='word_1_272' title='bbox 2284 2061 2516 2116; x_wconf 90' lang='lat' dir='ltr'>quoque</span> <span class='ocrx_word' id='word_1_273' title='bbox 2561 2048 2805 2098; x_wconf 88' lang='lat' dir='ltr'>testatur</span> <span class='ocrx_word' id='word_1_274' title='bbox 2847 2018 3250 2148; x_wconf 62' lang='lat' dir='ltr'>Aeacius/Qui</span> <span class='ocrx_word' id='word_1_275' title='bbox 3291 2046 3349 2098; x_wconf 90' lang='lat' dir='ltr'>et</span> <span class='ocrx_word' id='word_1_276' title='bbox 3384 2059 3517 2098; x_wconf 89' lang='lat' dir='ltr'>eum</span> 
     </span>
    </p>
   </div>
   <div class='ocr_carea' id='block_1_35' title="bbox 146 2131 3515 2209">
    <p class='ocr_par' dir='ltr' id='par_1_35' title="bbox 146 2131 3515 2209">
     <span class='ocr_line' id='line_1_35' title="bbox 146 2131 3515 2209; baseline 0.002 -27"><span class='ocrx_word' id='word_1_277' title='bbox 146 2131 264 2183; x_wconf 88' lang='lat' dir='ltr'>sedi</span> <span class='ocrx_word' id='word_1_278' title='bbox 302 2131 760 2187; x_wconf 88' lang='lat' dir='ltr'>Chalcedonensi</span> <span class='ocrx_word' id='word_1_279' title='bbox 804 2136 1002 2205; x_wconf 89' lang='lat' dir='ltr'>synodi</span> <span class='ocrx_word' id='word_1_280' title='bbox 1049 2137 1375 2206; x_wconf 88' lang='lat' dir='ltr'>constituta,</span> <span class='ocrx_word' id='word_1_281' title='bbox 1405 2137 1549 2193; x_wconf 86' lang='lat' dir='ltr'>sicut</span> <span class='ocrx_word' id='word_1_282' title='bbox 1595 2139 1782 2194; x_wconf 89' lang='lat' dir='ltr'>decuit</span> <span class='ocrx_word' id='word_1_283' title='bbox 1879 2139 2248 2194; x_wconf 87' lang='lat' dir='ltr'>nihilominus</span> <span class='ocrx_word' id='word_1_284' title='bbox 2293 2138 2555 2193; x_wconf 91' lang='lat' dir='ltr'>universa</span> <span class='ocrx_word' id='word_1_285' title='bbox 2593 2141 2748 2192; x_wconf 80' lang='lat' dir='ltr'>recta</span> <span class='ocrx_word' id='word_1_286' title='bbox 2796 2137 3035 2209; x_wconf 83' lang='lat' dir='ltr'>gessisse</span> <span class='ocrx_word' id='word_1_287' title='bbox 3065 2131 3420 2208; x_wconf 74' lang='lat' dir='ltr'>conscripsit,</span> <span class='ocrx_word' id='word_1_288' title='bbox 3457 2140 3515 2191; x_wconf 92' lang='lat' dir='ltr'>et</span> 
     </span>
    </p>
   </div>
   <div class='ocr_carea' id='block_1_36' title="bbox 146 2225 3513 2303">
    <p class='ocr_par' dir='ltr' id='par_1_36' title="bbox 146 2225 3513 2303">
     <span class='ocr_line' id='line_1_36' title="bbox 146 2225 3513 2303; baseline 0.002 -26"><span class='ocrx_word' id='word_1_289' title='bbox 146 2225 498 2294; x_wconf 77' lang='lat' dir='ltr'>exsequendi</span> <span class='ocrx_word' id='word_1_290' title='bbox 527 2226 858 2296; x_wconf 87' lang='lat' dir='ltr'>hujusmodi</span> <span class='ocrx_word' id='word_1_291' title='bbox 885 2232 1374 2299; x_wconf 71' lang='lat' dir='ltr'>praevaricatorem</span> <span class='ocrx_word' id='word_1_292' title='bbox 1401 2249 1459 2287; x_wconf 89' lang='lat' dir='ltr'>se</span> <span class='ocrx_word' id='word_1_293' title='bbox 1483 2234 1780 2288; x_wconf 88' lang='lat' dir='ltr'>auctorita-</span> <span class='ocrx_word' id='word_1_294' title='bbox 1879 2253 1981 2290; x_wconf 91' lang='lat' dir='ltr'>suo</span> <span class='ocrx_word' id='word_1_295' title='bbox 2006 2234 2243 2290; x_wconf 89' lang='lat' dir='ltr'>concilio</span> <span class='ocrx_word' id='word_1_296' title='bbox 2269 2235 2391 2288; x_wconf 66' lang='lat' dir='ltr'>haec</span> <span class='ocrx_word' id='word_1_297' title='bbox 2417 2233 2614 2287; x_wconf 91' lang='lat' dir='ltr'>eadem</span> <span class='ocrx_word' id='word_1_298' title='bbox 2643 2236 2802 2303; x_wconf 85' lang='lat' dir='ltr'>gesta</span> <span class='ocrx_word' id='word_1_299' title='bbox 2828 2247 2945 2285; x_wconf 91' lang='lat' dir='ltr'>non</span> <span class='ocrx_word' id='word_1_300' title='bbox 2972 2230 3165 2285; x_wconf 88' lang='lat' dir='ltr'>tacuit.</span> <span class='ocrx_word' id='word_1_301' title='bbox 3192 2229 3364 2294; x_wconf 88' lang='lat' dir='ltr'>Quasi</span> <span class='ocrx_word' id='word_1_302' title='bbox 3382 2246 3513 2285; x_wconf 87' lang='lat' dir='ltr'>vero</span> 
     </span>
    </p>
   </div>
   <div class='ocr_carea' id='block_1_37' title="bbox 145 2303 3515 2417">
    <p class='ocr_par' dir='ltr' id='par_1_37' title="bbox 145 2303 3515 2417">
     <span class='ocr_line' id='line_1_37' title="bbox 145 2303 3515 2417; baseline 0.002 -46"><span class='ocrx_word' id='word_1_303' title='bbox 145 2323 262 2372; x_wconf 89' lang='lat' dir='ltr'>tem</span> <span class='ocrx_word' id='word_1_304' title='bbox 298 2303 786 2417; x_wconf 54' lang='lat' dir='ltr'>detrudere?§ed</span> <span class='ocrx_word' id='word_1_305' title='bbox 811 2339 914 2377; x_wconf 90' lang='lat' dir='ltr'>nec</span> <span class='ocrx_word' id='word_1_306' title='bbox 942 2323 1037 2377; x_wconf 92' lang='lat' dir='ltr'>illa</span> <span class='ocrx_word' id='word_1_307' title='bbox 1073 2325 1432 2395; x_wconf 60' lang='lat' dir='ltr'>praeterimus</span> <span class='ocrx_word' id='word_1_308' title='bbox 1459 2327 1612 2398; x_wconf 92' lang='lat' dir='ltr'>quod</span> <span class='ocrx_word' id='word_1_309' title='bbox 1640 2345 1776 2398; x_wconf 86' lang='lat' dir='ltr'>apo-</span> <span class='ocrx_word' id='word_1_310' title='bbox 1878 2334 2104 2384; x_wconf 89' lang='lat' dir='ltr'>tantum</span> <span class='ocrx_word' id='word_1_311' title='bbox 2143 2330 2203 2383; x_wconf 91' lang='lat' dir='ltr'>in</span> <span class='ocrx_word' id='word_1_312' title='bbox 2233 2327 2596 2382; x_wconf 84' lang='lat' dir='ltr'>Alexandrini</span> <span class='ocrx_word' id='word_1_313' title='bbox 2639 2325 2789 2380; x_wconf 89' lang='lat' dir='ltr'>Petri</span> <span class='ocrx_word' id='word_1_314' title='bbox 2835 2322 3244 2380; x_wconf 88' lang='lat' dir='ltr'>communione</span> <span class='ocrx_word' id='word_1_315' title='bbox 3283 2323 3515 2380; x_wconf 86' lang='lat' dir='ltr'>Aeacius</span> 
     </span>
    </p>
   </div>
   <div class='ocr_carea' id='block_1_38' title="bbox 147 2411 3509 2495">
    <p class='ocr_par' dir='ltr' id='par_1_38' title="bbox 147 2411 3509 2495">
     <span class='ocr_line' id='line_1_38' title="bbox 147 2411 3509 2495; baseline 0.003 -32"><span class='ocrx_word' id='word_1_316' title='bbox 147 2411 362 2466; x_wconf 68' lang='lat' dir='ltr'>stolieze</span> <span class='ocrx_word' id='word_1_317' title='bbox 403 2413 533 2468; x_wconf 90' lang='lat' dir='ltr'>Sedi</span> <span class='ocrx_word' id='word_1_318' title='bbox 565 2411 899 2484; x_wconf 84' lang='lat' dir='ltr'>frequenter</span> <span class='ocrx_word' id='word_1_319' title='bbox 928 2417 1124 2472; x_wconf 90' lang='lat' dir='ltr'>datum</span> <span class='ocrx_word' id='word_1_320' title='bbox 1165 2422 1249 2473; x_wconf 91' lang='lat' dir='ltr'>est</span> <span class='ocrx_word' id='word_1_321' title='bbox 1277 2437 1438 2474; x_wconf 91' lang='lat' dir='ltr'>more</span> <span class='ocrx_word' id='word_1_322' title='bbox 1468 2421 1774 2491; x_wconf 90' lang='lat' dir='ltr'>majorum,</span> <span class='ocrx_word' id='word_1_323' title='bbox 1878 2423 2276 2495; x_wconf 64' lang='lat' dir='ltr'>praevaricator</span> <span class='ocrx_word' id='word_1_324' title='bbox 2294 2420 2586 2487; x_wconf 84' lang='lat' dir='ltr'>exstiterit,</span> <span class='ocrx_word' id='word_1_325' title='bbox 2612 2425 2668 2474; x_wconf 89' lang='lat' dir='ltr'>et</span> <span class='ocrx_word' id='word_1_326' title='bbox 2689 2435 2804 2474; x_wconf 91' lang='lat' dir='ltr'>non</span> <span class='ocrx_word' id='word_1_327' title='bbox 2826 2419 2887 2473; x_wconf 90' lang='lat' dir='ltr'>in</span> <span class='ocrx_word' id='word_1_328' title='bbox 2908 2417 3178 2473; x_wconf 91' lang='lat' dir='ltr'>omnibus</span> <span class='ocrx_word' id='word_1_329' title='bbox 3195 2434 3334 2490; x_wconf 92' lang='lat' dir='ltr'>quos</span> <span class='ocrx_word' id='word_1_330' title='bbox 3356 2417 3509 2485; x_wconf 80' lang='lat' dir='ltr'>fecit,</span> 
     </span>
    </p>
   </div>
   <div class='ocr_carea' id='block_1_39' title="bbox 150 2505 3512 2588">
    <p class='ocr_par' dir='ltr' id='par_1_39' title="bbox 150 2505 3512 2588">
     <span class='ocr_line' id='line_1_39' title="bbox 150 2505 3512 2588; baseline 0.002 -30"><span class='ocrx_word' id='word_1_331' title='bbox 150 2505 320 2560; x_wconf 89' lang='lat' dir='ltr'>etiam</span> <span class='ocrx_word' id='word_1_332' title='bbox 353 2505 474 2560; x_wconf 89' lang='lat' dir='ltr'>sine</span> <span class='ocrx_word' id='word_1_333' title='bbox 504 2507 618 2561; x_wconf 91' lang='lat' dir='ltr'>ulla</span> <span class='ocrx_word' id='word_1_334' title='bbox 643 2509 856 2578; x_wconf 89' lang='lat' dir='ltr'>synodo</span> <span class='ocrx_word' id='word_1_335' title='bbox 899 2511 1248 2581; x_wconf 87' lang='lat' dir='ltr'>praecidente</span> <span class='ocrx_word' id='word_1_336' title='bbox 1282 2514 1600 2570; x_wconf 89' lang='lat' dir='ltr'>exsolvendi</span> <span class='ocrx_word' id='word_1_337' title='bbox 1628 2516 1779 2586; x_wconf 93' lang='lat' dir='ltr'>quod</span> <span class='ocrx_word' id='word_1_338' title='bbox 1877 2519 1962 2572; x_wconf 88' lang='lat' dir='ltr'>vel</span> <span class='ocrx_word' id='word_1_339' title='bbox 1991 2516 2235 2588; x_wconf 89' lang='lat' dir='ltr'>depulsis</span> <span class='ocrx_word' id='word_1_340' title='bbox 2255 2513 2546 2569; x_wconf 89' lang='lat' dir='ltr'>catholicis</span> <span class='ocrx_word' id='word_1_341' title='bbox 2568 2511 2947 2584; x_wconf 77' lang='lat' dir='ltr'>pontificibus,</span> <span class='ocrx_word' id='word_1_342' title='bbox 2967 2527 3218 2582; x_wconf 88' lang='lat' dir='ltr'>unquam</span> <span class='ocrx_word' id='word_1_343' title='bbox 3241 2517 3512 2582; x_wconf 83' lang='lat' dir='ltr'>tyrannos</span> 
     </span>
    </p>
   </div>
   <div class='ocr_carea' id='block_1_40' title="bbox 147 2599 3512 2681">
    <p class='ocr_par' dir='ltr' id='par_1_40' title="bbox 147 2599 3512 2681">
     <span class='ocr_line' id='line_1_40' title="bbox 147 2599 3512 2681; baseline 0.002 -30"><span class='ocrx_word' id='word_1_344' title='bbox 147 2599 398 2669; x_wconf 77' lang='lat' dir='ltr'>synodus</span> <span class='ocrx_word' id='word_1_345' title='bbox 456 2600 654 2672; x_wconf 90' lang='lat' dir='ltr'>iniqua</span> <span class='ocrx_word' id='word_1_346' title='bbox 713 2603 1096 2672; x_wconf 86' lang='lat' dir='ltr'>damnaverat,</span> <span class='ocrx_word' id='word_1_347' title='bbox 1148 2611 1204 2660; x_wconf 91' lang='lat' dir='ltr'>et</span> <span class='ocrx_word' id='word_1_348' title='bbox 1256 2607 1566 2662; x_wconf 91' lang='lat' dir='ltr'>damnandi</span> <span class='ocrx_word' id='word_1_349' title='bbox 1621 2611 1778 2664; x_wconf 91' lang='lat' dir='ltr'>nulla</span> <span class='ocrx_word' id='word_1_350' title='bbox 1877 2610 2138 2666; x_wconf 86' lang='lat' dir='ltr'>Eeelesiis</span> <span class='ocrx_word' id='word_1_351' title='bbox 2189 2608 2444 2681; x_wconf 86' lang='lat' dir='ltr'>praeponi</span> <span class='ocrx_word' id='word_1_352' title='bbox 2498 2610 2563 2661; x_wconf 92' lang='lat' dir='ltr'>ut</span> <span class='ocrx_word' id='word_1_353' title='bbox 2615 2606 2808 2660; x_wconf 89' lang='lat' dir='ltr'>taliter</span> <span class='ocrx_word' id='word_1_354' title='bbox 2868 2603 3188 2676; x_wconf 68' lang='lat' dir='ltr'>praepositis</span> <span class='ocrx_word' id='word_1_355' title='bbox 3245 2619 3512 2675; x_wconf 88' lang='lat' dir='ltr'>perversa</span> 
     </span>
    </p>
   </div>
   <div class='ocr_carea' id='block_1_41' title="bbox 146 2694 1774 2770">
    <p class='ocr_par' dir='ltr' id='par_1_41' title="bbox 146 2694 1774 2770">
     <span class='ocr_line' id='line_1_41' title="bbox 146 2694 1774 2770; baseline 0.006 -23"><span class='ocrx_word' id='word_1_356' title='bbox 146 2694 408 2748; x_wconf 88' lang='lat' dir='ltr'>existenti</span> <span class='ocrx_word' id='word_1_357' title='bbox 435 2696 671 2765; x_wconf 90' lang='lat' dir='ltr'>synodo,</span> <span class='ocrx_word' id='word_1_358' title='bbox 691 2713 831 2767; x_wconf 92' lang='lat' dir='ltr'>quos</span> <span class='ocrx_word' id='word_1_359' title='bbox 853 2699 1124 2768; x_wconf 87' lang='lat' dir='ltr'>oportuit,</span> <span class='ocrx_word' id='word_1_360' title='bbox 1144 2699 1405 2755; x_wconf 87' lang='lat' dir='ltr'>habuerit</span> <span class='ocrx_word' id='word_1_361' title='bbox 1423 2701 1774 2770; x_wconf 88' lang='lat' dir='ltr'>facultatem,</span> 
     </span>
    </p>
   </div>
   <div class='ocr_carea' id='block_1_42' title="bbox 146 2789 1778 2866">
    <p class='ocr_par' dir='ltr' id='par_1_42' title="bbox 146 2789 1778 2866">
     <span class='ocr_line' id='line_1_42' title="bbox 146 2789 1778 2866; baseline 0.007 -26"><span class='ocrx_word' id='word_1_362' title='bbox 146 2794 349 2842; x_wconf 69' lang='lat' dir='ltr'>sanctae</span> <span class='ocrx_word' id='word_1_363' title='bbox 376 2789 670 2844; x_wconf 65' lang='lat' dir='ltr'>memoriae</span> <span class='ocrx_word' id='word_1_364' title='bbox 698 2792 907 2863; x_wconf 91' lang='lat' dir='ltr'>quippe</span> <span class='ocrx_word' id='word_1_365' title='bbox 923 2793 1290 2848; x_wconf 84' lang='lat' dir='ltr'>Athanasium</span> <span class='ocrx_word' id='word_1_366' title='bbox 1313 2796 1563 2866; x_wconf 88' lang='lat' dir='ltr'>synodus</span> <span class='ocrx_word' id='word_1_367' title='bbox 1584 2795 1778 2852; x_wconf 89' lang='lat' dir='ltr'>Orien-</span> 
     </span>
    </p>
   </div>
   <div class='ocr_carea' id='block_1_43' title="bbox 145 2881 1772 2961">
    <p class='ocr_par' dir='ltr' id='par_1_43' title="bbox 145 2881 1772 2961">
     <span class='ocr_line' id='line_1_43' title="bbox 145 2881 1772 2961; baseline 0.007 -27"><span class='ocrx_word' id='word_1_368' title='bbox 145 2881 269 2935; x_wconf 84' lang='lat' dir='ltr'>talis</span> <span class='ocrx_word' id='word_1_369' title='bbox 297 2881 610 2937; x_wconf 85' lang='lat' dir='ltr'>addixerat.</span> <span class='ocrx_word' id='word_1_370' title='bbox 650 2885 825 2948; x_wconf 88' lang='lat' dir='ltr'>Quem</span> <span class='ocrx_word' id='word_1_371' title='bbox 871 2891 1064 2941; x_wconf 89' lang='lat' dir='ltr'>tamen</span> <span class='ocrx_word' id='word_1_372' title='bbox 1109 2892 1402 2959; x_wconf 85' lang='lat' dir='ltr'>exceptum</span> <span class='ocrx_word' id='word_1_373' title='bbox 1438 2890 1596 2944; x_wconf 90' lang='lat' dir='ltr'>sedes</span> <span class='ocrx_word' id='word_1_374' title='bbox 1634 2907 1772 2961; x_wconf 81' lang='lat' dir='ltr'>apo-</span> 
     </span>
    </p>
   </div>
   <div class='ocr_carea' id='block_1_44' title="bbox 144 2974 1773 3050">
    <p class='ocr_par' dir='ltr' id='par_1_44' title="bbox 144 2974 1773 3050">
     <span class='ocr_line' id='line_1_44' title="bbox 144 2974 1773 3050; baseline 0.007 -22"><span class='ocrx_word' id='word_1_375' title='bbox 144 2974 356 3042; x_wconf 90' lang='lat' dir='ltr'>stoliea,</span> <span class='ocrx_word' id='word_1_376' title='bbox 391 2976 525 3047; x_wconf 87' lang='lat' dir='ltr'>quia</span> <span class='ocrx_word' id='word_1_377' title='bbox 573 2977 921 3034; x_wconf 86' lang='lat' dir='ltr'>damnationi</span> <span class='ocrx_word' id='word_1_378' title='bbox 967 2981 1287 3036; x_wconf 68' lang='lat' dir='ltr'>Graecorum</span> <span class='ocrx_word' id='word_1_379' title='bbox 1328 3001 1444 3038; x_wconf 89' lang='lat' dir='ltr'>non</span> <span class='ocrx_word' id='word_1_380' title='bbox 1474 2986 1773 3050; x_wconf 89' lang='lat' dir='ltr'>consensit,</span> 
     </span>
    </p>
   </div>
   <div class='ocr_carea' id='block_1_45' title="bbox 144 3068 1773 3132">
    <p class='ocr_par' dir='ltr' id='par_1_45' title="bbox 144 3068 1773 3132">
     <span class='ocr_line' id='line_1_45' title="bbox 144 3068 1773 3132; baseline 0.007 -11"><span class='ocrx_word' id='word_1_381' title='bbox 144 3068 399 3122; x_wconf 88' lang='lat' dir='ltr'>absolvit.</span> <span class='ocrx_word' id='word_1_382' title='bbox 458 3072 678 3125; x_wconf 60' lang='lat' dir='ltr'>Sanctae</span> <span class='ocrx_word' id='word_1_383' title='bbox 726 3074 1022 3128; x_wconf 68' lang='lat' dir='ltr'>memoriae</span> <span class='ocrx_word' id='word_1_384' title='bbox 1072 3075 1448 3131; x_wconf 87' lang='lat' dir='ltr'>nihilominus</span> <span class='ocrx_word' id='word_1_385' title='bbox 1498 3079 1773 3132; x_wconf 83' lang='lat' dir='ltr'>Joannem</span> 
     </span>
    </p>
   </div>
   <div class='ocr_carea' id='block_1_46' title="bbox 143 3162 1774 3238">
    <p class='ocr_par' dir='ltr' id='par_1_46' title="bbox 143 3162 1774 3238">
     <span class='ocr_line' id='line_1_46' title="bbox 143 3162 1774 3238; baseline 0.007 -23"><span class='ocrx_word' id='word_1_386' title='bbox 143 3162 834 3235; x_wconf 87' lang='lat' dir='ltr'>Constantinopolitanum</span> <span class='ocrx_word' id='word_1_387' title='bbox 876 3168 1120 3238; x_wconf 90' lang='lat' dir='ltr'>synodus</span> <span class='ocrx_word' id='word_1_388' title='bbox 1163 3170 1332 3224; x_wconf 90' lang='lat' dir='ltr'>etiam</span> <span class='ocrx_word' id='word_1_389' title='bbox 1369 3171 1774 3227; x_wconf 84' lang='lat' dir='ltr'>catholicorum</span> 
     </span>
    </p>
   </div>
   <div class='ocr_carea' id='block_1_47' title="bbox 145 3257 1773 3334">
    <p class='ocr_par' dir='ltr' id='par_1_47' title="bbox 145 3257 1773 3334">
     <span class='ocr_line' id='line_1_47' title="bbox 145 3257 1773 3334; baseline 0.008 -25"><span class='ocrx_word' id='word_1_390' title='bbox 145 3257 451 3326; x_wconf 72' lang='lat' dir='ltr'>praesulum</span> <span class='ocrx_word' id='word_1_391' title='bbox 484 3265 636 3313; x_wconf 89' lang='lat' dir='ltr'>certe</span> <span class='ocrx_word' id='word_1_392' title='bbox 666 3259 1054 3329; x_wconf 85' lang='lat' dir='ltr'>damnaverat,</span> <span class='ocrx_word' id='word_1_393' title='bbox 1085 3279 1258 3334; x_wconf 88' lang='lat' dir='ltr'>quem</span> <span class='ocrx_word' id='word_1_394' title='bbox 1290 3264 1458 3318; x_wconf 89' lang='lat' dir='ltr'>simili</span> <span class='ocrx_word' id='word_1_395' title='bbox 1488 3266 1657 3321; x_wconf 89' lang='lat' dir='ltr'>modo</span> <span class='ocrx_word' id='word_1_396' title='bbox 1687 3284 1773 3322; x_wconf 91' lang='lat' dir='ltr'>se-</span> 
     </span>
    </p>
   </div>
   <div class='ocr_carea' id='block_1_48' title="bbox 143 3351 1769 3429">
    <p class='ocr_par' dir='ltr' id='par_1_48' title="bbox 143 3351 1769 3429">
     <span class='ocr_line' id='line_1_48' title="bbox 143 3351 1769 3429; baseline 0.006 -25"><span class='ocrx_word' id='word_1_397' title='bbox 143 3351 238 3404; x_wconf 91' lang='lat' dir='ltr'>des</span> <span class='ocrx_word' id='word_1_398' title='bbox 264 3353 579 3422; x_wconf 90' lang='lat' dir='ltr'>apostolica</span> <span class='ocrx_word' id='word_1_399' title='bbox 621 3353 792 3408; x_wconf 86' lang='lat' dir='ltr'>etiam</span> <span class='ocrx_word' id='word_1_400' title='bbox 823 3355 956 3422; x_wconf 89' lang='lat' dir='ltr'>sola,</span> <span class='ocrx_word' id='word_1_401' title='bbox 989 3356 1124 3427; x_wconf 89' lang='lat' dir='ltr'>quia</span> <span class='ocrx_word' id='word_1_402' title='bbox 1171 3374 1288 3412; x_wconf 91' lang='lat' dir='ltr'>non</span> <span class='ocrx_word' id='word_1_403' title='bbox 1335 3359 1637 3429; x_wconf 89' lang='lat' dir='ltr'>consensit,</span> <span class='ocrx_word' id='word_1_404' title='bbox 1671 3361 1769 3414; x_wconf 90' lang='lat' dir='ltr'>ab-</span> 
     </span>
    </p>
   </div>
   <div class='ocr_carea' id='block_1_49' title="bbox 142 3445 1770 3521">
    <p class='ocr_par' dir='ltr' id='par_1_49' title="bbox 142 3445 1770 3521">
     <span class='ocr_line' id='line_1_49' title="bbox 142 3445 1770 3521; baseline 0.008 -26"><span class='ocrx_word' id='word_1_405' title='bbox 142 3445 320 3499; x_wconf 86' lang='lat' dir='ltr'>solvit.</span> <span class='ocrx_word' id='word_1_406' title='bbox 348 3447 492 3500; x_wconf 89' lang='lat' dir='ltr'>Item</span> <span class='ocrx_word' id='word_1_407' title='bbox 524 3453 783 3501; x_wconf 88' lang='lat' dir='ltr'>sanctum</span> <span class='ocrx_word' id='word_1_408' title='bbox 812 3448 1164 3518; x_wconf 89' lang='lat' dir='ltr'>Flavianum,</span> <span class='ocrx_word' id='word_1_409' title='bbox 1192 3452 1522 3521; x_wconf 88' lang='lat' dir='ltr'>pontiﬁcem</span> <span class='ocrx_word' id='word_1_410' title='bbox 1549 3453 1770 3508; x_wconf 67' lang='lat' dir='ltr'>Graeco-</span> 
     </span>
    </p>
   </div>
   <div class='ocr_carea' id='block_1_50' title="bbox 139 3541 1770 3618">
    <p class='ocr_par' dir='ltr' id='par_1_50' title="bbox 139 3541 1770 3618">
     <span class='ocr_line' id='line_1_50' title="bbox 139 3541 1770 3618; baseline 0.007 -27"><span class='ocrx_word' id='word_1_411' title='bbox 139 3554 289 3603; x_wconf 89' lang='lat' dir='ltr'>rum,</span> <span class='ocrx_word' id='word_1_412' title='bbox 305 3541 753 3610; x_wconf 82' lang='lat' dir='ltr'>congregatione</span> <span class='ocrx_word' id='word_1_413' title='bbox 767 3541 1104 3599; x_wconf 81' lang='lat' dir='ltr'>damnatum</span> <span class='ocrx_word' id='word_1_414' title='bbox 1128 3545 1248 3616; x_wconf 92' lang='lat' dir='ltr'>pari</span> <span class='ocrx_word' id='word_1_415' title='bbox 1271 3549 1482 3616; x_wconf 89' lang='lat' dir='ltr'>tenore,</span> <span class='ocrx_word' id='word_1_416' title='bbox 1502 3547 1770 3618; x_wconf 89' lang='lat' dir='ltr'>quoniam</span> 
     </span>
    </p>
   </div>
   <div class='ocr_carea' id='block_1_51' title="bbox 139 3632 1772 3712">
    <p class='ocr_par' dir='ltr' id='par_1_51' title="bbox 139 3632 1772 3712">
     <span class='ocr_line' id='line_1_51' title="bbox 139 3632 1772 3712; baseline 0.008 -29"><span class='ocrx_word' id='word_1_417' title='bbox 139 3632 250 3685; x_wconf 89' lang='lat' dir='ltr'>sola</span> <span class='ocrx_word' id='word_1_418' title='bbox 286 3632 454 3687; x_wconf 90' lang='lat' dir='ltr'>sedes</span> <span class='ocrx_word' id='word_1_419' title='bbox 478 3634 776 3704; x_wconf 82' lang='lat' dir='ltr'>apostolica</span> <span class='ocrx_word' id='word_1_420' title='bbox 813 3653 928 3691; x_wconf 91' lang='lat' dir='ltr'>non</span> <span class='ocrx_word' id='word_1_421' title='bbox 968 3639 1275 3707; x_wconf 89' lang='lat' dir='ltr'>consensit,</span> <span class='ocrx_word' id='word_1_422' title='bbox 1309 3640 1544 3695; x_wconf 85' lang='lat' dir='ltr'>absolvit</span> <span class='ocrx_word' id='word_1_423' title='bbox 1585 3641 1772 3712; x_wconf 88' lang='lat' dir='ltr'>potius</span> 
     </span>
    </p>
   </div>
   <div class='ocr_carea' id='block_1_52' title="bbox 139 3726 1772 3798">
    <p class='ocr_par' dir='ltr' id='par_1_52' title="bbox 139 3726 1772 3798">
     <span class='ocr_line' id='line_1_52' title="bbox 139 3726 1772 3798; baseline 0.007 -20"><span class='ocrx_word' id='word_1_424' title='bbox 139 3741 308 3795; x_wconf 89' lang='lat' dir='ltr'>quam</span> <span class='ocrx_word' id='word_1_425' title='bbox 329 3726 444 3780; x_wconf 91' lang='lat' dir='ltr'>illic</span> <span class='ocrx_word' id='word_1_426' title='bbox 465 3734 725 3798; x_wconf 87' lang='lat' dir='ltr'>receptus</span> <span class='ocrx_word' id='word_1_427' title='bbox 754 3729 959 3784; x_wconf 84' lang='lat' dir='ltr'>fuerat.</span> <span class='ocrx_word' id='word_1_428' title='bbox 992 3731 1317 3788; x_wconf 89' lang='lat' dir='ltr'>Dioscorum</span> <span class='ocrx_word' id='word_1_429' title='bbox 1338 3734 1600 3788; x_wconf 70' lang='lat' dir='ltr'>secunda:</span> <span class='ocrx_word' id='word_1_430' title='bbox 1621 3734 1772 3790; x_wconf 88' lang='lat' dir='ltr'>sedis</span> 
     </span>
    </p>
   </div>
   <div class='ocr_carea' id='block_1_53' title="bbox 139 3821 1768 3901">
    <p class='ocr_par' dir='ltr' id='par_1_53' title="bbox 139 3821 1768 3901">
     <span class='ocr_line' id='line_1_53' title="bbox 139 3821 1768 3901; baseline 0.007 -28"><span class='ocrx_word' id='word_1_431' title='bbox 139 3821 446 3889; x_wconf 65' lang='lat' dir='ltr'>praesulem</span> <span class='ocrx_word' id='word_1_432' title='bbox 476 3838 578 3875; x_wconf 89' lang='lat' dir='ltr'>sua</span> <span class='ocrx_word' id='word_1_433' title='bbox 607 3823 944 3878; x_wconf 88' lang='lat' dir='ltr'>auctoritate</span> <span class='ocrx_word' id='word_1_434' title='bbox 983 3826 1291 3896; x_wconf 89' lang='lat' dir='ltr'>damnavit,</span> <span class='ocrx_word' id='word_1_435' title='bbox 1321 3832 1379 3882; x_wconf 91' lang='lat' dir='ltr'>et</span> <span class='ocrx_word' id='word_1_436' title='bbox 1408 3829 1640 3899; x_wconf 90' lang='lat' dir='ltr'>impiam</span> <span class='ocrx_word' id='word_1_437' title='bbox 1679 3846 1768 3901; x_wconf 88' lang='lat' dir='ltr'>sy-</span> 
     </span>
    </p>
   </div>
   <div class='ocr_carea' id='block_1_54' title="bbox 139 3914 1770 3979">
    <p class='ocr_par' dir='ltr' id='par_1_54' title="bbox 139 3914 1770 3979">
     <span class='ocr_line' id='line_1_54' title="bbox 139 3914 1770 3979; baseline 0.007 -12"><span class='ocrx_word' id='word_1_438' title='bbox 139 3914 353 3968; x_wconf 91' lang='lat' dir='ltr'>nodum</span> <span class='ocrx_word' id='word_1_439' title='bbox 373 3932 491 3969; x_wconf 90' lang='lat' dir='ltr'>non</span> <span class='ocrx_word' id='word_1_440' title='bbox 505 3918 911 3972; x_wconf 87' lang='lat' dir='ltr'>consentiendo</span> <span class='ocrx_word' id='word_1_441' title='bbox 929 3918 1216 3975; x_wconf 87' lang='lat' dir='ltr'>submovit</span> <span class='ocrx_word' id='word_1_442' title='bbox 1231 3922 1346 3976; x_wconf 91' lang='lat' dir='ltr'>sola</span> <span class='ocrx_word' id='word_1_443' title='bbox 1359 3931 1415 3978; x_wconf 89' lang='lat' dir='ltr'>et</span> <span class='ocrx_word' id='word_1_444' title='bbox 1435 3923 1770 3979; x_wconf 88' lang='lat' dir='ltr'>auctoritate</span> 
     </span>
    </p>
   </div>
   <div class='ocr_carea' id='block_1_55' title="bbox 139 4007 1767 4100">
    <p class='ocr_par' dir='ltr' id='par_1_55' title="bbox 139 4007 1767 4100">
     <span class='ocr_line' id='line_1_55' title="bbox 139 4007 1767 4100; baseline 0.007 -39"><span class='ocrx_word' id='word_1_445' title='bbox 139 4011 199 4062; x_wconf 89' lang='lat' dir='ltr'>ut</span> <span class='ocrx_word' id='word_1_446' title='bbox 229 4008 488 4078; x_wconf 81' lang='lat' dir='ltr'>synodus</span> <span class='ocrx_word' id='word_1_447' title='bbox 531 4010 1004 4067; x_wconf 90' lang='lat' dir='ltr'>Chalcedonensis</span> <span class='ocrx_word' id='word_1_448' title='bbox 1042 4015 1208 4070; x_wconf 84' lang='lat' dir='ltr'>ﬁeret</span> <span class='ocrx_word' id='word_1_449' title='bbox 1245 4017 1361 4071; x_wconf 88' lang='lat' dir='ltr'>sola</span> <span class='ocrx_word' id='word_1_450' title='bbox 1406 4007 1690 4100; x_wconf 40' lang='lat' dir='ltr'>decrevits&quot;</span> <span class='ocrx_word' id='word_1_451' title='bbox 1706 4021 1767 4075; x_wconf 90' lang='lat' dir='ltr'>ln</span> 
     </span>
    </p>
   </div>
   <div class='ocr_carea' id='block_1_56' title="bbox 139 4103 1770 4185">
    <p class='ocr_par' dir='ltr' id='par_1_56' title="bbox 139 4103 1770 4185">
     <span class='ocr_line' id='line_1_56' title="bbox 139 4103 1770 4185; baseline 0.008 -29"><span class='ocrx_word' id='word_1_452' title='bbox 139 4117 250 4173; x_wconf 84' lang='lat' dir='ltr'>qua</span> <span class='ocrx_word' id='word_1_453' title='bbox 297 4119 439 4174; x_wconf 88' lang='lat' dir='ltr'>ergo</span> <span class='ocrx_word' id='word_1_454' title='bbox 484 4107 548 4157; x_wconf 91' lang='lat' dir='ltr'>ut</span> <span class='ocrx_word' id='word_1_455' title='bbox 592 4106 707 4159; x_wconf 91' lang='lat' dir='ltr'>sola</span> <span class='ocrx_word' id='word_1_456' title='bbox 747 4106 829 4160; x_wconf 85' lang='lat' dir='ltr'>vis</span> <span class='ocrx_word' id='word_1_457' title='bbox 875 4107 1073 4162; x_wconf 88' lang='lat' dir='ltr'>habuit</span> <span class='ocrx_word' id='word_1_458' title='bbox 1114 4109 1441 4166; x_wconf 88' lang='lat' dir='ltr'>absolvendi</span> <span class='ocrx_word' id='word_1_459' title='bbox 1485 4130 1584 4168; x_wconf 90' lang='lat' dir='ltr'>eos</span> <span class='ocrx_word' id='word_1_460' title='bbox 1626 4103 1770 4185; x_wconf 68' lang='lat' dir='ltr'>quos</span> 
     </span>
    </p>
   </div>
   <div class='ocr_carea' id='block_1_57' title="bbox 139 4196 1767 4278">
    <p class='ocr_par' dir='ltr' id='par_1_57' title="bbox 139 4196 1767 4278">
     <span class='ocr_line' id='line_1_57' title="bbox 139 4196 1767 4278; baseline 0.007 -29"><span class='ocrx_word' id='word_1_461' title='bbox 139 4196 409 4265; x_wconf 88' lang='lat' dir='ltr'>synodica</span> <span class='ocrx_word' id='word_1_462' title='bbox 440 4197 663 4253; x_wconf 87' lang='lat' dir='ltr'>decreta</span> <span class='ocrx_word' id='word_1_463' title='bbox 690 4201 1069 4271; x_wconf 89' lang='lat' dir='ltr'>protulerant,</span> <span class='ocrx_word' id='word_1_464' title='bbox 1098 4204 1177 4257; x_wconf 89' lang='lat' dir='ltr'>sic</span> <span class='ocrx_word' id='word_1_465' title='bbox 1203 4205 1375 4259; x_wconf 88' lang='lat' dir='ltr'>etiam</span> <span class='ocrx_word' id='word_1_466' title='bbox 1403 4206 1522 4261; x_wconf 89' lang='lat' dir='ltr'>sine</span> <span class='ocrx_word' id='word_1_467' title='bbox 1551 4208 1767 4278; x_wconf 89' lang='lat' dir='ltr'>synodo</span> 
     </span>
    </p>
   </div>
   <div class='ocr_carea' id='block_1_58' title="bbox 136 4289 1768 4370">
    <p class='ocr_par' dir='ltr' id='par_1_58' title="bbox 136 4289 1768 4370">
     <span class='ocr_line' id='line_1_58' title="bbox 136 4289 1768 4370; baseline 0.007 -28"><span class='ocrx_word' id='word_1_468' title='bbox 136 4289 193 4342; x_wconf 91' lang='lat' dir='ltr'>in</span> <span class='ocrx_word' id='word_1_469' title='bbox 223 4291 331 4344; x_wconf 90' lang='lat' dir='ltr'>hac</span> <span class='ocrx_word' id='word_1_470' title='bbox 360 4291 560 4345; x_wconf 90' lang='lat' dir='ltr'>eadem</span> <span class='ocrx_word' id='word_1_471' title='bbox 587 4309 752 4347; x_wconf 90' lang='lat' dir='ltr'>causa</span> <span class='ocrx_word' id='word_1_472' title='bbox 778 4295 1050 4364; x_wconf 90' lang='lat' dir='ltr'>plurimos</span> <span class='ocrx_word' id='word_1_473' title='bbox 1091 4297 1264 4351; x_wconf 89' lang='lat' dir='ltr'>etiam</span> <span class='ocrx_word' id='word_1_474' title='bbox 1305 4301 1768 4370; x_wconf 87' lang='lat' dir='ltr'>metropolitanos</span> 
     </span>
    </p>
   </div>
   <div class='ocr_carea' id='block_1_59' title="bbox 136 4384 1763 4464">
    <p class='ocr_par' dir='ltr' id='par_1_59' title="bbox 136 4384 1763 4464">
     <span class='ocr_line' id='line_1_59' title="bbox 136 4384 1763 4464; baseline 0.007 -27"><span class='ocrx_word' id='word_1_475' title='bbox 136 4384 438 4439; x_wconf 88' lang='lat' dir='ltr'>damnasse</span> <span class='ocrx_word' id='word_1_476' title='bbox 463 4387 844 4456; x_wconf 81' lang='lat' dir='ltr'>cognoscitur.</span> <span class='ocrx_word' id='word_1_477' title='bbox 875 4390 1034 4453; x_wconf 90' lang='lat' dir='ltr'>Quod</span> <span class='ocrx_word' id='word_1_478' title='bbox 1058 4390 1102 4444; x_wconf 92' lang='lat' dir='ltr'>si</span> <span class='ocrx_word' id='word_1_479' title='bbox 1131 4392 1258 4462; x_wconf 87' lang='lat' dir='ltr'>quis</span> <span class='ocrx_word' id='word_1_480' title='bbox 1289 4392 1411 4446; x_wconf 65' lang='lat' dir='ltr'>haec</span> <span class='ocrx_word' id='word_1_481' title='bbox 1441 4392 1511 4447; x_wconf 90' lang='lat' dir='ltr'>ab</span> <span class='ocrx_word' id='word_1_482' title='bbox 1539 4399 1763 4464; x_wconf 89' lang='lat' dir='ltr'>aposto-</span> 
     </span>
    </p>
   </div>
   <div class='ocr_carea' id='block_1_60' title="bbox 133 4478 1768 4558">
    <p class='ocr_par' dir='ltr' id='par_1_60' title="bbox 133 4478 1768 4558">
     <span class='ocr_line' id='line_1_60' title="bbox 133 4478 1768 4558; baseline 0.007 -27"><span class='ocrx_word' id='word_1_483' title='bbox 133 4478 236 4532; x_wconf 90' lang='lat' dir='ltr'>lica</span> <span class='ocrx_word' id='word_1_484' title='bbox 260 4479 415 4545; x_wconf 90' lang='lat' dir='ltr'>sede,</span> <span class='ocrx_word' id='word_1_485' title='bbox 447 4485 512 4533; x_wconf 90' lang='lat' dir='ltr'>ut</span> <span class='ocrx_word' id='word_1_486' title='bbox 537 4487 727 4535; x_wconf 88' lang='lat' dir='ltr'>sancta</span> <span class='ocrx_word' id='word_1_487' title='bbox 753 4483 969 4552; x_wconf 86' lang='lat' dir='ltr'>synodo</span> <span class='ocrx_word' id='word_1_488' title='bbox 999 4488 1122 4538; x_wconf 88' lang='lat' dir='ltr'>acta</span> <span class='ocrx_word' id='word_1_489' title='bbox 1142 4486 1529 4556; x_wconf 88' lang='lat' dir='ltr'>reprehendit,</span> <span class='ocrx_word' id='word_1_490' title='bbox 1560 4493 1768 4558; x_wconf 68' lang='lat' dir='ltr'>praeter</span> 
     </span>
    </p>
   </div>
   <div class='ocr_carea' id='block_1_61' title="bbox 1797 3213 1852 3289">
    <p class='ocr_par' dir='ltr' id='par_1_61' title="bbox 1797 3213 1852 3289">
     <span class='ocr_line' id='line_1_61' title="bbox 1797 3213 1852 3289; baseline 0 0"><span class='ocrx_word' id='word_1_491' title='bbox 1797 3213 1852 3289; x_wconf 89' lang='lat' dir='ltr'>C</span> 
     </span>
    </p>
   </div>
   <div class='ocr_carea' id='block_1_62' title="bbox 1876 2696 3511 2773">
    <p class='ocr_par' dir='ltr' id='par_1_62' title="bbox 1876 2696 3511 2773">
     <span class='ocr_line' id='line_1_62' title="bbox 1876 2696 3511 2773; baseline -0.004 -13"><span class='ocrx_word' id='word_1_492' title='bbox 1876 2703 2281 2759; x_wconf 91' lang='lat' dir='ltr'>communione</span> <span class='ocrx_word' id='word_1_493' title='bbox 2305 2700 2610 2773; x_wconf 90' lang='lat' dir='ltr'>permistus</span> <span class='ocrx_word' id='word_1_494' title='bbox 2638 2704 2741 2754; x_wconf 90' lang='lat' dir='ltr'>est.</span> <span class='ocrx_word' id='word_1_495' title='bbox 2776 2697 2885 2763; x_wconf 91' lang='lat' dir='ltr'>Qui</span> <span class='ocrx_word' id='word_1_496' title='bbox 2911 2698 3017 2752; x_wconf 85' lang='lat' dir='ltr'>hoc</span> <span class='ocrx_word' id='word_1_497' title='bbox 3042 2697 3163 2769; x_wconf 91' lang='lat' dir='ltr'>ipso</span> <span class='ocrx_word' id='word_1_498' title='bbox 3195 2696 3511 2753; x_wconf 89' lang='lat' dir='ltr'>secundum</span> 
     </span>
    </p>
   </div>
   <div class='ocr_carea' id='block_1_63' title="bbox 1875 2790 3508 2862">
    <p class='ocr_par' dir='ltr' id='par_1_63' title="bbox 1875 2790 3508 2862">
     <span class='ocr_line' id='line_1_63' title="bbox 1875 2790 3508 2862; baseline -0.006 -8"><span class='ocrx_word' id='word_1_499' title='bbox 1875 2814 2122 2854; x_wconf 88' lang='lat' dir='ltr'>canones</span> <span class='ocrx_word' id='word_1_500' title='bbox 2160 2797 2387 2851; x_wconf 89' lang='lat' dir='ltr'>fuerant</span> <span class='ocrx_word' id='word_1_501' title='bbox 2426 2793 2498 2849; x_wconf 89' lang='lat' dir='ltr'>ab</span> <span class='ocrx_word' id='word_1_502' title='bbox 2541 2791 2914 2849; x_wconf 88' lang='lat' dir='ltr'>ecclesiastica</span> <span class='ocrx_word' id='word_1_503' title='bbox 2954 2790 3357 2846; x_wconf 90' lang='lat' dir='ltr'>communione</span> <span class='ocrx_word' id='word_1_504' title='bbox 3388 2791 3508 2862; x_wconf 90' lang='lat' dir='ltr'>pel-</span> 
     </span>
    </p>
   </div>
   <div class='ocr_carea' id='block_1_64' title="bbox 1876 2883 3508 2964">
    <p class='ocr_par' dir='ltr' id='par_1_64' title="bbox 1876 2883 3508 2964">
     <span class='ocr_line' id='line_1_64' title="bbox 1876 2883 3508 2964; baseline -0.006 -17"><span class='ocrx_word' id='word_1_505' title='bbox 1876 2893 2028 2947; x_wconf 92' lang='lat' dir='ltr'>lendi</span> <span class='ocrx_word' id='word_1_506' title='bbox 2057 2891 2209 2964; x_wconf 90' lang='lat' dir='ltr'>quod</span> <span class='ocrx_word' id='word_1_507' title='bbox 2233 2906 2292 2945; x_wconf 91' lang='lat' dir='ltr'>se</span> <span class='ocrx_word' id='word_1_508' title='bbox 2318 2888 2470 2961; x_wconf 88' lang='lat' dir='ltr'>passi</span> <span class='ocrx_word' id='word_1_509' title='bbox 2498 2891 2633 2942; x_wconf 89' lang='lat' dir='ltr'>sunt</span> <span class='ocrx_word' id='word_1_510' title='bbox 2654 2901 3003 2942; x_wconf 87' lang='lat' dir='ltr'>successores</span> <span class='ocrx_word' id='word_1_511' title='bbox 3030 2884 3170 2939; x_wconf 88' lang='lat' dir='ltr'>vivis</span> <span class='ocrx_word' id='word_1_512' title='bbox 3198 2883 3508 2940; x_wconf 87' lang='lat' dir='ltr'>sacerdoti-</span> 
     </span>
    </p>
   </div>
   <div class='ocr_carea' id='block_1_65' title="bbox 1875 2977 3511 3052">
    <p class='ocr_par' dir='ltr' id='par_1_65' title="bbox 1875 2977 3511 3052">
     <span class='ocr_line' id='line_1_65' title="bbox 1875 2977 3511 3052; baseline -0.004 -11"><span class='ocrx_word' id='word_1_513' title='bbox 1875 2987 1981 3041; x_wconf 89' lang='lat' dir='ltr'>bus</span> <span class='ocrx_word' id='word_1_514' title='bbox 2009 2983 2286 3040; x_wconf 89' lang='lat' dir='ltr'>adhiberi.</span> <span class='ocrx_word' id='word_1_515' title='bbox 2315 2983 2420 3047; x_wconf 89' lang='lat' dir='ltr'>Qui</span> <span class='ocrx_word' id='word_1_516' title='bbox 2459 2987 2653 3036; x_wconf 89' lang='lat' dir='ltr'>autem</span> <span class='ocrx_word' id='word_1_517' title='bbox 2682 2997 2799 3036; x_wconf 91' lang='lat' dir='ltr'>non</span> <span class='ocrx_word' id='word_1_518' title='bbox 2829 2978 3135 3052; x_wconf 87' lang='lat' dir='ltr'>perspiciat</span> <span class='ocrx_word' id='word_1_519' title='bbox 3158 2977 3511 3034; x_wconf 87' lang='lat' dir='ltr'>Christianos</span> 
     </span>
    </p>
   </div>
   <div class='ocr_carea' id='block_1_66' title="bbox 1876 3070 3507 3152">
    <p class='ocr_par' dir='ltr' id='par_1_66' title="bbox 1876 3070 3507 3152">
     <span class='ocr_line' id='line_1_66' title="bbox 1876 3070 3507 3152; baseline -0.004 -18"><span class='ocrx_word' id='word_1_520' title='bbox 1876 3080 1996 3152; x_wconf 88' lang='lat' dir='ltr'>qui,</span> <span class='ocrx_word' id='word_1_521' title='bbox 2038 3078 2333 3134; x_wconf 89' lang='lat' dir='ltr'>catholicis</span> <span class='ocrx_word' id='word_1_522' title='bbox 2384 3075 2747 3148; x_wconf 83' lang='lat' dir='ltr'>pontiﬁcibus</span> <span class='ocrx_word' id='word_1_523' title='bbox 2799 3071 3034 3145; x_wconf 89' lang='lat' dir='ltr'>propria</span> <span class='ocrx_word' id='word_1_524' title='bbox 3081 3072 3211 3128; x_wconf 87' lang='lat' dir='ltr'>sede</span> <span class='ocrx_word' id='word_1_525' title='bbox 3256 3070 3507 3143; x_wconf 89' lang='lat' dir='ltr'>dejectis,</span> 
     </span>
    </p>
   </div>
   <div class='ocr_carea' id='block_1_67' title="bbox 1877 3165 3508 3242">
    <p class='ocr_par' dir='ltr' id='par_1_67' title="bbox 1877 3165 3508 3242">
     <span class='ocr_line' id='line_1_67' title="bbox 1877 3165 3508 3242; baseline -0.005 -14"><span class='ocrx_word' id='word_1_526' title='bbox 1877 3173 2101 3228; x_wconf 91' lang='lat' dir='ltr'>nonnisi</span> <span class='ocrx_word' id='word_1_527' title='bbox 2125 3171 2376 3226; x_wconf 65' lang='lat' dir='ltr'>haeretici</span> <span class='ocrx_word' id='word_1_528' title='bbox 2397 3172 2712 3242; x_wconf 87' lang='lat' dir='ltr'>potuerunt</span> <span class='ocrx_word' id='word_1_529' title='bbox 2726 3167 3013 3223; x_wconf 88' lang='lat' dir='ltr'>introduci</span> <span class='ocrx_word' id='word_1_530' title='bbox 3028 3165 3055 3221; x_wconf 65' lang='grc' dir='ltr'><strong>Τ</strong></span> <span class='ocrx_word' id='word_1_531' title='bbox 3078 3165 3296 3231; x_wconf 89' lang='lat' dir='ltr'>Quibus</span> <span class='ocrx_word' id='word_1_532' title='bbox 3314 3168 3508 3222; x_wconf 82' lang='lat' dir='ltr'>tamen</span> 
     </span>
    </p>
   </div>
   <div class='ocr_carea' id='block_1_68' title="bbox 1875 3258 3504 3332">
    <p class='ocr_par' dir='ltr' id='par_1_68' title="bbox 1875 3258 3504 3332">
     <span class='ocr_line' id='line_1_68' title="bbox 1875 3258 3504 3332; baseline -0.006 -9"><span class='ocrx_word' id='word_1_533' title='bbox 1875 3267 2092 3323; x_wconf 87' lang='lat' dir='ltr'>cunctis</span> <span class='ocrx_word' id='word_1_534' title='bbox 2122 3266 2207 3321; x_wconf 88' lang='lat' dir='ltr'>vel</span> <span class='ocrx_word' id='word_1_535' title='bbox 2233 3271 2426 3320; x_wconf 88' lang='lat' dir='ltr'>auctor</span> <span class='ocrx_word' id='word_1_536' title='bbox 2453 3264 2559 3318; x_wconf 85' lang='lat' dir='ltr'>fuit</span> <span class='ocrx_word' id='word_1_537' title='bbox 2582 3262 2835 3330; x_wconf 88' lang='lat' dir='ltr'>Aeacius,</span> <span class='ocrx_word' id='word_1_538' title='bbox 2859 3259 3238 3332; x_wconf 90' lang='lat' dir='ltr'>subrogandis</span> <span class='ocrx_word' id='word_1_539' title='bbox 3263 3258 3350 3314; x_wconf 91' lang='lat' dir='ltr'>vel</span> <span class='ocrx_word' id='word_1_540' title='bbox 3375 3259 3504 3314; x_wconf 87' lang='lat' dir='ltr'>sub-</span> 
     </span>
    </p>
   </div>
   <div class='ocr_carea' id='block_1_69' title="bbox 1877 3351 3508 3432">
    <p class='ocr_par' dir='ltr' id='par_1_69' title="bbox 1877 3351 3508 3432">
     <span class='ocr_line' id='line_1_69' title="bbox 1877 3351 3508 3432; baseline -0.006 -17"><span class='ocrx_word' id='word_1_541' title='bbox 1877 3361 2086 3432; x_wconf 86' lang='lat' dir='ltr'>rogatis</span> <span class='ocrx_word' id='word_1_542' title='bbox 2139 3359 2592 3414; x_wconf 87' lang='lat' dir='ltr'>communicator</span> <span class='ocrx_word' id='word_1_543' title='bbox 2641 3355 2908 3420; x_wconf 89' lang='lat' dir='ltr'>accessit;</span> <span class='ocrx_word' id='word_1_544' title='bbox 2965 3353 3054 3408; x_wconf 88' lang='lat' dir='ltr'>his</span> <span class='ocrx_word' id='word_1_545' title='bbox 3105 3353 3320 3424; x_wconf 87' lang='lat' dir='ltr'>itaque,</span> <span class='ocrx_word' id='word_1_546' title='bbox 3371 3351 3508 3426; x_wconf 86' lang='lat' dir='ltr'>quia</span> 
     </span>
    </p>
   </div>
   <div class='ocr_carea' id='block_1_70' title="bbox 1874 3443 3503 3517">
    <p class='ocr_par' dir='ltr' id='par_1_70' title="bbox 1874 3443 3503 3517">
     <span class='ocr_line' id='line_1_70' title="bbox 1874 3443 3503 3517; baseline -0.007 -7"><span class='ocrx_word' id='word_1_547' title='bbox 1874 3453 2277 3510; x_wconf 89' lang='lat' dir='ltr'>communione</span> <span class='ocrx_word' id='word_1_548' title='bbox 2305 3451 2703 3506; x_wconf 71' lang='lat' dir='ltr'>haereticorum</span> <span class='ocrx_word' id='word_1_549' title='bbox 2732 3448 3057 3503; x_wconf 88' lang='lat' dir='ltr'>nullatenus</span> <span class='ocrx_word' id='word_1_550' title='bbox 3083 3443 3503 3517; x_wconf 83' lang='lat' dir='ltr'>discrepabant.</span> 
     </span>
    </p>
   </div>
   <div class='ocr_carea' id='block_1_71' title="bbox 1873 3538 3505 3619">
    <p class='ocr_par' dir='ltr' id='par_1_71' title="bbox 1873 3538 3505 3619">
     <span class='ocr_line' id='line_1_71' title="bbox 1873 3538 3505 3619; baseline -0.006 -15"><span class='ocrx_word' id='word_1_551' title='bbox 1873 3551 1987 3606; x_wconf 89' lang='lat' dir='ltr'>Cur</span> <span class='ocrx_word' id='word_1_552' title='bbox 2014 3548 2192 3619; x_wconf 89' lang='lat' dir='ltr'>igitur</span> <span class='ocrx_word' id='word_1_553' title='bbox 2220 3547 2308 3600; x_wconf 91' lang='lat' dir='ltr'>vel</span> <span class='ocrx_word' id='word_1_554' title='bbox 2338 3561 2465 3600; x_wconf 92' lang='lat' dir='ltr'>cum</span> <span class='ocrx_word' id='word_1_555' title='bbox 2508 3545 2630 3598; x_wconf 60' lang='lat' dir='ltr'>haec</span> <span class='ocrx_word' id='word_1_556' title='bbox 2667 3541 2789 3598; x_wconf 81' lang='lat' dir='ltr'>ﬁeri</span> <span class='ocrx_word' id='word_1_557' title='bbox 2815 3541 3041 3607; x_wconf 89' lang='lat' dir='ltr'>viderit,</span> <span class='ocrx_word' id='word_1_558' title='bbox 3072 3556 3188 3594; x_wconf 91' lang='lat' dir='ltr'>non</span> <span class='ocrx_word' id='word_1_559' title='bbox 3219 3539 3364 3597; x_wconf 85' lang='lat' dir='ltr'>sicut</span> <span class='ocrx_word' id='word_1_560' title='bbox 3400 3538 3505 3594; x_wconf 88' lang='lat' dir='ltr'>sub</span> 
     </span>
    </p>
   </div>
   <div class='ocr_carea' id='block_1_72' title="bbox 1874 3633 3504 3712">
    <p class='ocr_par' dir='ltr' id='par_1_72' title="bbox 1874 3633 3504 3712">
     <span class='ocr_line' id='line_1_72' title="bbox 1874 3633 3504 3712; baseline -0.007 -14"><span class='ocrx_word' id='word_1_561' title='bbox 1874 3643 2133 3699; x_wconf 85' lang='lat' dir='ltr'>Basilisco</span> <span class='ocrx_word' id='word_1_562' title='bbox 2157 3642 2280 3712; x_wconf 87' lang='lat' dir='ltr'>jam</span> <span class='ocrx_word' id='word_1_563' title='bbox 2307 3640 2539 3708; x_wconf 86' lang='lat' dir='ltr'>fecerat,</span> <span class='ocrx_word' id='word_1_564' title='bbox 2571 3637 2643 3692; x_wconf 90' lang='lat' dir='ltr'>ad</span> <span class='ocrx_word' id='word_1_565' title='bbox 2668 3634 3032 3708; x_wconf 89' lang='lat' dir='ltr'>apostolicam</span> <span class='ocrx_word' id='word_1_566' title='bbox 3056 3633 3262 3690; x_wconf 85' lang='lat' dir='ltr'>Sedem</span> <span class='ocrx_word' id='word_1_567' title='bbox 3287 3633 3504 3688; x_wconf 80' lang='lat' dir='ltr'>referre</span> 
     </span>
    </p>
   </div>
   <div class='ocr_carea' id='block_1_73' title="bbox 1872 3726 3502 3806">
    <p class='ocr_par' dir='ltr' id='par_1_73' title="bbox 1872 3726 3502 3806">
     <span class='ocr_line' id='line_1_73' title="bbox 1872 3726 3502 3806; baseline -0.008 -13"><span class='ocrx_word' id='word_1_568' title='bbox 1872 3738 2102 3806; x_wconf 88' lang='lat' dir='ltr'>curavit,</span> <span class='ocrx_word' id='word_1_569' title='bbox 2135 3739 2201 3790; x_wconf 92' lang='lat' dir='ltr'>ut</span> <span class='ocrx_word' id='word_1_570' title='bbox 2226 3735 2271 3789; x_wconf 90' lang='lat' dir='ltr'>si</span> <span class='ocrx_word' id='word_1_571' title='bbox 2297 3735 2446 3788; x_wconf 91' lang='lat' dir='ltr'>solus</span> <span class='ocrx_word' id='word_1_572' title='bbox 2481 3731 2602 3802; x_wconf 82' lang='lat' dir='ltr'>ipse</span> <span class='ocrx_word' id='word_1_573' title='bbox 2635 3747 2748 3785; x_wconf 91' lang='lat' dir='ltr'>non</span> <span class='ocrx_word' id='word_1_574' title='bbox 2778 3731 3004 3800; x_wconf 89' lang='lat' dir='ltr'>poterat</span> <span class='ocrx_word' id='word_1_575' title='bbox 3027 3726 3346 3798; x_wconf 88' lang='lat' dir='ltr'>conjunctis</span> <span class='ocrx_word' id='word_1_576' title='bbox 3369 3741 3502 3780; x_wconf 90' lang='lat' dir='ltr'>cum</span> 
     </span>
    </p>
   </div>
   <div class='ocr_carea' id='block_1_74' title="bbox 1871 3821 3498 3897">
    <p class='ocr_par' dir='ltr' id='par_1_74' title="bbox 1871 3821 3498 3897">
     <span class='ocr_line' id='line_1_74' title="bbox 1871 3821 3498 3897; baseline -0.007 -11"><span class='ocrx_word' id='word_1_577' title='bbox 1871 3832 2078 3888; x_wconf 89' lang='lat' dir='ltr'>eodem</span> <span class='ocrx_word' id='word_1_578' title='bbox 2095 3827 2341 3885; x_wconf 88' lang='lat' dir='ltr'>consiliis</span> <span class='ocrx_word' id='word_1_579' title='bbox 2363 3833 2535 3897; x_wconf 89' lang='lat' dir='ltr'>atque</span> <span class='ocrx_word' id='word_1_580' title='bbox 2552 3823 2880 3879; x_wconf 86' lang='lat' dir='ltr'>tractatibus</span> <span class='ocrx_word' id='word_1_581' title='bbox 2897 3821 3049 3894; x_wconf 90' lang='lat' dir='ltr'>apud</span> <span class='ocrx_word' id='word_1_582' title='bbox 3071 3822 3498 3892; x_wconf 86' lang='lat' dir='ltr'>imperatorem,</span> 
     </span>
    </p>
   </div>
   <div class='ocr_carea' id='block_1_75' title="bbox 1872 3911 3501 3998">
    <p class='ocr_par' dir='ltr' id='par_1_75' title="bbox 1872 3911 3501 3998">
     <span class='ocr_line' id='line_1_75' title="bbox 1872 3911 3501 3998; baseline -0.008 -18"><span class='ocrx_word' id='word_1_583' title='bbox 1872 3943 2000 3998; x_wconf 68' lang='lat' dir='ltr'>quae</span> <span class='ocrx_word' id='word_1_584' title='bbox 2031 3923 2254 3996; x_wconf 89' lang='lat' dir='ltr'>regioni</span> <span class='ocrx_word' id='word_1_585' title='bbox 2295 3924 2703 3992; x_wconf 85' lang='lat' dir='ltr'>competerent,</span> <span class='ocrx_word' id='word_1_586' title='bbox 2732 3917 3027 3988; x_wconf 87' lang='lat' dir='ltr'>allegaret.</span> <span class='ocrx_word' id='word_1_587' title='bbox 3052 3914 3196 3970; x_wconf 89' lang='lat' dir='ltr'>Nam</span> <span class='ocrx_word' id='word_1_588' title='bbox 3231 3913 3277 3968; x_wconf 91' lang='lat' dir='ltr'>si</span> <span class='ocrx_word' id='word_1_589' title='bbox 3305 3911 3501 3969; x_wconf 83' lang='lat' dir='ltr'>Basili-</span> 
     </span>
    </p>
   </div>
   <div class='ocr_carea' id='block_1_76' title="bbox 1871 4006 3503 4090">
    <p class='ocr_par' dir='ltr' id='par_1_76' title="bbox 1871 4006 3503 4090">
     <span class='ocr_line' id='line_1_76' title="bbox 1871 4006 3503 4090; baseline -0.007 -16"><span class='ocrx_word' id='word_1_590' title='bbox 1871 4038 1995 4076; x_wconf 90' lang='lat' dir='ltr'>scus</span> <span class='ocrx_word' id='word_1_591' title='bbox 2042 4021 2122 4090; x_wconf 88' lang='lat' dir='ltr'>(ut</span> <span class='ocrx_word' id='word_1_592' title='bbox 2170 4017 2382 4074; x_wconf 90' lang='lat' dir='ltr'>dictum</span> <span class='ocrx_word' id='word_1_593' title='bbox 2431 4017 2533 4084; x_wconf 91' lang='lat' dir='ltr'>est)</span> <span class='ocrx_word' id='word_1_594' title='bbox 2580 4017 2859 4085; x_wconf 90' lang='lat' dir='ltr'>tyrannus</span> <span class='ocrx_word' id='word_1_595' title='bbox 2906 4009 3231 4078; x_wconf 65' lang='lat' dir='ltr'>haereticus,</span> <span class='ocrx_word' id='word_1_596' title='bbox 3279 4006 3503 4080; x_wconf 86' lang='lat' dir='ltr'>scriptis</span> 
     </span>
    </p>
   </div>
   <div class='ocr_carea' id='block_1_77' title="bbox 1871 4102 3503 4187">
    <p class='ocr_par' dir='ltr' id='par_1_77' title="bbox 1871 4102 3503 4187">
     <span class='ocr_line' id='line_1_77' title="bbox 1871 4102 3503 4187; baseline -0.009 -17"><span class='ocrx_word' id='word_1_597' title='bbox 1871 4113 2194 4187; x_wconf 56' lang='lat' dir='ltr'>apostolicae</span> <span class='ocrx_word' id='word_1_598' title='bbox 2221 4111 2376 4168; x_wconf 88' lang='lat' dir='ltr'>Sedis</span> <span class='ocrx_word' id='word_1_599' title='bbox 2400 4109 2769 4164; x_wconf 87' lang='lat' dir='ltr'>vehementer</span> <span class='ocrx_word' id='word_1_600' title='bbox 2802 4104 3062 4172; x_wconf 88' lang='lat' dir='ltr'>infestus,</span> <span class='ocrx_word' id='word_1_601' title='bbox 3086 4119 3120 4158; x_wconf 90' lang='lat' dir='ltr'>a</span> <span class='ocrx_word' id='word_1_602' title='bbox 3142 4102 3400 4175; x_wconf 89' lang='lat' dir='ltr'>pluribus</span> <span class='ocrx_word' id='word_1_603' title='bbox 3420 4117 3503 4158; x_wconf 87' lang='lat' dir='ltr'>re-</span> 
     </span>
    </p>
   </div>
   <div class='ocr_carea' id='block_1_78' title="bbox 1869 4195 3503 4270">
    <p class='ocr_par' dir='ltr' id='par_1_78' title="bbox 1869 4195 3503 4270">
     <span class='ocr_line' id='line_1_78' title="bbox 1869 4195 3503 4270; baseline -0.009 -6"><span class='ocrx_word' id='word_1_604' title='bbox 1869 4212 2100 4264; x_wconf 87' lang='lat' dir='ltr'>vocatus</span> <span class='ocrx_word' id='word_1_605' title='bbox 2122 4207 2191 4262; x_wconf 88' lang='lat' dir='ltr'>ad</span> <span class='ocrx_word' id='word_1_606' title='bbox 2221 4220 2353 4260; x_wconf 91' lang='lat' dir='ltr'>eum</span> <span class='ocrx_word' id='word_1_607' title='bbox 2385 4202 2724 4268; x_wconf 89' lang='lat' dir='ltr'>accessibus,</span> <span class='ocrx_word' id='word_1_608' title='bbox 2755 4201 2970 4270; x_wconf 90' lang='lat' dir='ltr'>quanto</span> <span class='ocrx_word' id='word_1_609' title='bbox 2999 4196 3184 4269; x_wconf 85' lang='lat' dir='ltr'>magis</span> <span class='ocrx_word' id='word_1_610' title='bbox 3212 4195 3503 4267; x_wconf 89' lang='lat' dir='ltr'>legitimus</span> 
     </span>
    </p>
   </div>
   <div class='ocr_carea' id='block_1_79' title="bbox 1867 4287 3502 4373">
    <p class='ocr_par' dir='ltr' id='par_1_79' title="bbox 1867 4287 3502 4373">
     <span class='ocr_line' id='line_1_79' title="bbox 1867 4287 3502 4373; baseline -0.008 -16"><span class='ocrx_word' id='word_1_611' title='bbox 1867 4303 2178 4373; x_wconf 89' lang='lat' dir='ltr'>imperator</span> <span class='ocrx_word' id='word_1_612' title='bbox 2215 4299 2312 4370; x_wconf 91' lang='lat' dir='ltr'>qui</span> <span class='ocrx_word' id='word_1_613' title='bbox 2355 4313 2413 4351; x_wconf 91' lang='lat' dir='ltr'>se</span> <span class='ocrx_word' id='word_1_614' title='bbox 2449 4293 2791 4351; x_wconf 90' lang='lat' dir='ltr'>catholicum</span> <span class='ocrx_word' id='word_1_615' title='bbox 2826 4291 3008 4346; x_wconf 89' lang='lat' dir='ltr'>videri</span> <span class='ocrx_word' id='word_1_616' title='bbox 3046 4288 3288 4357; x_wconf 90' lang='lat' dir='ltr'>volebat,</span> <span class='ocrx_word' id='word_1_617' title='bbox 3318 4287 3502 4360; x_wconf 88' lang='lat' dir='ltr'>potuit</span> 
     </span>
    </p>
   </div>
   <div class='ocr_carea' id='block_1_80' title="bbox 1867 4381 3496 4466">
    <p class='ocr_par' dir='ltr' id='par_1_80' title="bbox 1867 4381 3496 4466">
     <span class='ocr_line' id='line_1_80' title="bbox 1867 4381 3496 4466; baseline -0.008 -16"><span class='ocrx_word' id='word_1_618' title='bbox 1867 4412 1997 4450; x_wconf 90' lang='lat' dir='ltr'>cum</span> <span class='ocrx_word' id='word_1_619' title='bbox 2032 4393 2341 4466; x_wconf 88' lang='lat' dir='ltr'>apostolica</span> <span class='ocrx_word' id='word_1_620' title='bbox 2375 4390 2509 4445; x_wconf 91' lang='lat' dir='ltr'>sede</span> <span class='ocrx_word' id='word_1_621' title='bbox 2551 4392 2886 4442; x_wconf 89' lang='lat' dir='ltr'>cunctorum</span> <span class='ocrx_word' id='word_1_622' title='bbox 2915 4399 3141 4456; x_wconf 90' lang='lat' dir='ltr'>quoque</span> <span class='ocrx_word' id='word_1_623' title='bbox 3170 4381 3496 4454; x_wconf 83' lang='lat' dir='ltr'>pontiﬁcum</span> 
     </span>
    </p>
   </div>
   <div class='ocr_carea' id='block_1_81' title="bbox 1868 4473 3500 4557">
    <p class='ocr_par' dir='ltr' id='par_1_81' title="bbox 1868 4473 3500 4557">
     <span class='ocr_line' id='line_1_81' title="bbox 1868 4473 3500 4557; baseline -0.01 -12"><span class='ocrx_word' id='word_1_624' title='bbox 1868 4489 2158 4545; x_wconf 84' lang='lat' dir='ltr'>moderata</span> <span class='ocrx_word' id='word_1_625' title='bbox 2189 4483 2554 4557; x_wconf 87' lang='lat' dir='ltr'>suggestione</span> <span class='ocrx_word' id='word_1_626' title='bbox 2580 4479 2854 4552; x_wconf 78' lang='lat' dir='ltr'>mitigari,</span> <span class='ocrx_word' id='word_1_627' title='bbox 2879 4477 3164 4550; x_wconf 67' lang='lat' dir='ltr'>praecipue</span> <span class='ocrx_word' id='word_1_628' title='bbox 3193 4492 3324 4530; x_wconf 90' lang='lat' dir='ltr'>cum</span> <span class='ocrx_word' id='word_1_629' title='bbox 3354 4473 3500 4546; x_wconf 86' lang='lat' dir='ltr'>ejus-</span> 
     </span>
    </p>
   </div>
   <div class='ocr_carea' id='block_1_82' title="bbox 133 4568 3496 4664">
    <p class='ocr_par' dir='ltr' id='par_1_82' title="bbox 133 4568 3496 4664">
     <span class='ocr_line' id='line_1_82' title="bbox 133 4568 3496 4664; baseline -0.001 -38"><span class='ocrx_word' id='word_1_630' title='bbox 133 4572 287 4643; x_wconf 89' lang='lat' dir='ltr'>quod</span> <span class='ocrx_word' id='word_1_631' title='bbox 318 4573 505 4644; x_wconf 89' lang='lat' dir='ltr'>prisca</span> <span class='ocrx_word' id='word_1_632' title='bbox 547 4591 740 4629; x_wconf 90' lang='lat' dir='ltr'>rerum</span> <span class='ocrx_word' id='word_1_633' title='bbox 777 4577 1111 4647; x_wconf 86' lang='lat' dir='ltr'>probatione</span> <span class='ocrx_word' id='word_1_634' title='bbox 1153 4580 1527 4636; x_wconf 90' lang='lat' dir='ltr'>convincitur.</span> <span class='ocrx_word' id='word_1_635' title='bbox 1555 4582 1764 4636; x_wconf 88' lang='lat' dir='ltr'>Iterum</span> <span class='ocrx_word' id='word_1_636' title='bbox 1785 4592 1843 4664; x_wconf 85' lang='lat' dir='ltr'><strong>D</strong></span> <span class='ocrx_word' id='word_1_637' title='bbox 1867 4584 1997 4640; x_wconf 91' lang='lat' dir='ltr'>dem</span> <span class='ocrx_word' id='word_1_638' title='bbox 2035 4580 2223 4637; x_wconf 87' lang='lat' dir='ltr'>Acacii</span> <span class='ocrx_word' id='word_1_639' title='bbox 2253 4583 2397 4634; x_wconf 86' lang='lat' dir='ltr'>esset</span> <span class='ocrx_word' id='word_1_640' title='bbox 2434 4575 2691 4648; x_wconf 90' lang='lat' dir='ltr'>specialis</span> <span class='ocrx_word' id='word_1_641' title='bbox 2719 4574 2914 4628; x_wconf 88' lang='lat' dir='ltr'>fautor</span> <span class='ocrx_word' id='word_1_642' title='bbox 2945 4577 3002 4626; x_wconf 90' lang='lat' dir='ltr'>et</span> <span class='ocrx_word' id='word_1_643' title='bbox 3036 4573 3273 4638; x_wconf 90' lang='lat' dir='ltr'>amator,</span> <span class='ocrx_word' id='word_1_644' title='bbox 3304 4571 3362 4623; x_wconf 91' lang='lat' dir='ltr'>et</span> <span class='ocrx_word' id='word_1_645' title='bbox 3400 4568 3496 4640; x_wconf 90' lang='lat' dir='ltr'>qui</span> 
     </span>
    </p>
   </div>
   <div class='ocr_carea' id='block_1_83' title="bbox 132 4666 1768 4738">
    <p class='ocr_par' dir='ltr' id='par_1_83' title="bbox 132 4666 1768 4738">
     <span class='ocr_line' id='line_1_83' title="bbox 132 4666 1768 4738; baseline 0.007 -19"><span class='ocrx_word' id='word_1_646' title='bbox 132 4667 314 4721; x_wconf 90' lang='lat' dir='ltr'>multo</span> <span class='ocrx_word' id='word_1_647' title='bbox 345 4666 532 4738; x_wconf 84' lang='lat' dir='ltr'>magis</span> <span class='ocrx_word' id='word_1_648' title='bbox 570 4670 838 4725; x_wconf 88' lang='lat' dir='ltr'>Acacium</span> <span class='ocrx_word' id='word_1_649' title='bbox 877 4689 992 4726; x_wconf 89' lang='lat' dir='ltr'>non</span> <span class='ocrx_word' id='word_1_650' title='bbox 1031 4673 1252 4729; x_wconf 90' lang='lat' dir='ltr'>licuisse</span> <span class='ocrx_word' id='word_1_651' title='bbox 1291 4675 1574 4731; x_wconf 85' lang='lat' dir='ltr'>fatebitur.</span> <span class='ocrx_word' id='word_1_652' title='bbox 1607 4675 1768 4731; x_wconf 90' lang='lat' dir='ltr'>Dicat</span> 
     </span>
    </p>
   </div>
   <div class='ocr_carea' id='block_1_84' title="bbox 133 4760 1764 4840">
    <p class='ocr_par' dir='ltr' id='par_1_84' title="bbox 133 4760 1764 4840">
     <span class='ocr_line' id='line_1_84' title="bbox 133 4760 1764 4840; baseline 0.008 -28"><span class='ocrx_word' id='word_1_653' title='bbox 133 4776 270 4831; x_wconf 89' lang='lat' dir='ltr'>ergo</span> <span class='ocrx_word' id='word_1_654' title='bbox 321 4776 439 4831; x_wconf 87' lang='lat' dir='ltr'>qua</span> <span class='ocrx_word' id='word_1_655' title='bbox 491 4760 610 4832; x_wconf 89' lang='lat' dir='ltr'>ipse</span> <span class='ocrx_word' id='word_1_656' title='bbox 657 4765 873 4834; x_wconf 90' lang='lat' dir='ltr'>synodo</span> <span class='ocrx_word' id='word_1_657' title='bbox 931 4768 1192 4822; x_wconf 73' lang='lat' dir='ltr'>secundae</span> <span class='ocrx_word' id='word_1_658' title='bbox 1242 4768 1388 4823; x_wconf 89' lang='lat' dir='ltr'>sedis</span> <span class='ocrx_word' id='word_1_659' title='bbox 1435 4770 1764 4840; x_wconf 89' lang='lat' dir='ltr'>antistitem,</span> 
     </span>
    </p>
   </div>
   <div class='ocr_carea' id='block_1_85' title="bbox 134 4854 1766 4926">
    <p class='ocr_par' dir='ltr' id='par_1_85' title="bbox 134 4854 1766 4926">
     <span class='ocr_line' id='line_1_85' title="bbox 134 4854 1766 4926; baseline 0.008 -20"><span class='ocrx_word' id='word_1_660' title='bbox 134 4854 597 4926; x_wconf 90' lang='lat' dir='ltr'>qualemcunque</span> <span class='ocrx_word' id='word_1_661' title='bbox 625 4864 776 4913; x_wconf 89' lang='lat' dir='ltr'>certe</span> <span class='ocrx_word' id='word_1_662' title='bbox 803 4860 1141 4916; x_wconf 90' lang='lat' dir='ltr'>catholicum</span> <span class='ocrx_word' id='word_1_663' title='bbox 1170 4869 1228 4917; x_wconf 92' lang='lat' dir='ltr'>et</span> <span class='ocrx_word' id='word_1_664' title='bbox 1251 4879 1281 4916; x_wconf 90' lang='lat' dir='ltr'>a</span> <span class='ocrx_word' id='word_1_665' title='bbox 1312 4863 1600 4918; x_wconf 89' lang='lat' dir='ltr'>catholicis</span> <span class='ocrx_word' id='word_1_666' title='bbox 1624 4863 1766 4919; x_wconf 90' lang='lat' dir='ltr'>ordi-</span> 
     </span>
    </p>
   </div>
   <div class='ocr_carea' id='block_1_86' title="bbox 134 4949 1768 5030">
    <p class='ocr_par' dir='ltr' id='par_1_86' title="bbox 134 4949 1768 5030">
     <span class='ocr_line' id='line_1_86' title="bbox 134 4949 1768 5030; baseline 0.008 -30"><span class='ocrx_word' id='word_1_667' title='bbox 134 4953 354 5015; x_wconf 88' lang='lat' dir='ltr'>natum,</span> <span class='ocrx_word' id='word_1_668' title='bbox 381 4964 485 5002; x_wconf 88' lang='lat' dir='ltr'>nec</span> <span class='ocrx_word' id='word_1_669' title='bbox 509 4949 580 5003; x_wconf 90' lang='lat' dir='ltr'>de</span> <span class='ocrx_word' id='word_1_670' title='bbox 601 4952 878 5008; x_wconf 90' lang='lat' dir='ltr'>catholica</span> <span class='ocrx_word' id='word_1_671' title='bbox 902 4954 1014 5010; x_wconf 82' lang='lat' dir='ltr'>tide</span> <span class='ocrx_word' id='word_1_672' title='bbox 1041 4961 1098 5010; x_wconf 88' lang='lat' dir='ltr'>et</span> <span class='ocrx_word' id='word_1_673' title='bbox 1122 4957 1526 5012; x_wconf 89' lang='lat' dir='ltr'>communione</span> <span class='ocrx_word' id='word_1_674' title='bbox 1556 4958 1768 5030; x_wconf 90' lang='lat' dir='ltr'>aliqua-</span> 
     </span>
    </p>
   </div>
   <div class='ocr_carea' id='block_1_87' title="bbox 137 5041 1765 5119">
    <p class='ocr_par' dir='ltr' id='par_1_87' title="bbox 137 5041 1765 5119">
     <span class='ocr_line' id='line_1_87' title="bbox 137 5041 1765 5119; baseline 0.009 -26"><span class='ocrx_word' id='word_1_675' title='bbox 137 5044 303 5095; x_wconf 89' lang='lat' dir='ltr'>tenus</span> <span class='ocrx_word' id='word_1_676' title='bbox 326 5041 653 5112; x_wconf 89' lang='lat' dir='ltr'>impetitum</span> <span class='ocrx_word' id='word_1_677' title='bbox 668 5046 894 5101; x_wconf 88' lang='lat' dir='ltr'>duxerit</span> <span class='ocrx_word' id='word_1_678' title='bbox 910 5049 1346 5119; x_wconf 84' lang='lat' dir='ltr'>excludendum,</span> <span class='ocrx_word' id='word_1_679' title='bbox 1361 5055 1418 5107; x_wconf 91' lang='lat' dir='ltr'>et</span> <span class='ocrx_word' id='word_1_680' title='bbox 1439 5052 1765 5107; x_wconf 66' lang='lat' dir='ltr'>haereticum</span> 
     </span>
    </p>
   </div>
   <div class='ocr_carea' id='block_1_88' title="bbox 137 5135 1768 5215">
    <p class='ocr_par' dir='ltr' id='par_1_88' title="bbox 137 5135 1768 5215">
     <span class='ocr_line' id='line_1_88' title="bbox 137 5135 1768 5215; baseline 0.01 -28"><span class='ocrx_word' id='word_1_681' title='bbox 137 5135 510 5190; x_wconf 89' lang='lat' dir='ltr'>manifestum</span> <span class='ocrx_word' id='word_1_682' title='bbox 532 5138 761 5194; x_wconf 90' lang='lat' dir='ltr'>Petrum</span> <span class='ocrx_word' id='word_1_683' title='bbox 784 5158 884 5195; x_wconf 90' lang='lat' dir='ltr'>sua</span> <span class='ocrx_word' id='word_1_684' title='bbox 908 5159 1141 5215; x_wconf 89' lang='lat' dir='ltr'>quoque</span> <span class='ocrx_word' id='word_1_685' title='bbox 1158 5146 1516 5201; x_wconf 85' lang='lat' dir='ltr'>exsecutione</span> <span class='ocrx_word' id='word_1_686' title='bbox 1537 5146 1768 5202; x_wconf 88' lang='lat' dir='ltr'>damna-</span> 
     </span>
    </p>
   </div>
   <div class='ocr_carea' id='block_1_89' title="bbox 135 5230 1766 5312">
    <p class='ocr_par' dir='ltr' id='par_1_89' title="bbox 135 5230 1766 5312">
     <span class='ocr_line' id='line_1_89' title="bbox 135 5230 1766 5312; baseline 0.009 -30"><span class='ocrx_word' id='word_1_687' title='bbox 135 5232 276 5295; x_wconf 89' lang='lat' dir='ltr'>tum,</span> <span class='ocrx_word' id='word_1_688' title='bbox 299 5230 553 5301; x_wconf 88' lang='lat' dir='ltr'>pontiliei</span> <span class='ocrx_word' id='word_1_689' title='bbox 581 5233 857 5290; x_wconf 88' lang='lat' dir='ltr'>catholico</span> <span class='ocrx_word' id='word_1_690' title='bbox 886 5238 1148 5308; x_wconf 90' lang='lat' dir='ltr'>permisit</span> <span class='ocrx_word' id='word_1_691' title='bbox 1177 5240 1621 5312; x_wconf 88' lang='lat' dir='ltr'>subrogandum.</span> <span class='ocrx_word' id='word_1_692' title='bbox 1646 5241 1766 5306; x_wconf 87' lang='lat' dir='ltr'>Qua</span> 
     </span>
    </p>
   </div>
   <div class='ocr_carea' id='block_1_90' title="bbox 137 5322 1768 5407">
    <p class='ocr_par' dir='ltr' id='par_1_90' title="bbox 137 5322 1768 5407">
     <span class='ocr_line' id='line_1_90' title="bbox 137 5322 1768 5407; baseline 0.01 -32"><span class='ocrx_word' id='word_1_693' title='bbox 137 5322 353 5394; x_wconf 87' lang='lat' dir='ltr'>synodo</span> <span class='ocrx_word' id='word_1_694' title='bbox 388 5324 571 5380; x_wconf 73' lang='lat' dir='ltr'>tertiae</span> <span class='ocrx_word' id='word_1_695' title='bbox 605 5327 753 5383; x_wconf 89' lang='lat' dir='ltr'>sedis</span> <span class='ocrx_word' id='word_1_696' title='bbox 791 5331 1110 5401; x_wconf 75' lang='lat' dir='ltr'>apostolicae</span> <span class='ocrx_word' id='word_1_697' title='bbox 1148 5335 1477 5407; x_wconf 90' lang='lat' dir='ltr'>episcopum</span> <span class='ocrx_word' id='word_1_698' title='bbox 1506 5339 1768 5390; x_wconf 86' lang='lat' dir='ltr'>sanctum</span> 
     </span>
    </p>
   </div>
   <div class='ocr_carea' id='block_1_91' title="bbox 138 5417 1769 5495">
    <p class='ocr_par' dir='ltr' id='par_1_91' title="bbox 138 5417 1769 5495">
     <span class='ocr_line' id='line_1_91' title="bbox 138 5417 1769 5495; baseline 0.01 -26"><span class='ocrx_word' id='word_1_699' title='bbox 138 5417 548 5473; x_wconf 88' lang='lat' dir='ltr'>Calendionem</span> <span class='ocrx_word' id='word_1_700' title='bbox 577 5419 711 5477; x_wconf 87' lang='lat' dir='ltr'>fecit</span> <span class='ocrx_word' id='word_1_701' title='bbox 736 5425 960 5495; x_wconf 87' lang='lat' dir='ltr'>expelli,</span> <span class='ocrx_word' id='word_1_702' title='bbox 979 5443 1044 5481; x_wconf 91' lang='lat' dir='ltr'>ac</span> <span class='ocrx_word' id='word_1_703' title='bbox 1073 5427 1444 5485; x_wconf 87' lang='lat' dir='ltr'>nihilominus</span> <span class='ocrx_word' id='word_1_704' title='bbox 1463 5430 1651 5485; x_wconf 83' lang='lat' dir='ltr'>eidem</span> <span class='ocrx_word' id='word_1_705' title='bbox 1670 5431 1769 5485; x_wconf 85' lang='lat' dir='ltr'>Pe-</span> 
     </span>
    </p>
   </div>
   <div class='ocr_carea' id='block_1_92' title="bbox 139 5513 1770 5596">
    <p class='ocr_par' dir='ltr' id='par_1_92' title="bbox 139 5513 1770 5596">
     <span class='ocr_line' id='line_1_92' title="bbox 139 5513 1770 5596; baseline 0.009 -31"><span class='ocrx_word' id='word_1_706' title='bbox 139 5515 288 5566; x_wconf 89' lang='lat' dir='ltr'>trum</span> <span class='ocrx_word' id='word_1_707' title='bbox 317 5515 440 5566; x_wconf 91' lang='lat' dir='ltr'>tam</span> <span class='ocrx_word' id='word_1_708' title='bbox 474 5513 805 5572; x_wconf 64' lang='lat' dir='ltr'>haereticum</span> <span class='ocrx_word' id='word_1_709' title='bbox 843 5519 1230 5592; x_wconf 87' lang='lat' dir='ltr'>manifestum,</span> <span class='ocrx_word' id='word_1_710' title='bbox 1263 5529 1328 5579; x_wconf 90' lang='lat' dir='ltr'>ut</span> <span class='ocrx_word' id='word_1_711' title='bbox 1358 5524 1546 5580; x_wconf 87' lang='lat' dir='ltr'>eidem</span> <span class='ocrx_word' id='word_1_712' title='bbox 1581 5524 1770 5596; x_wconf 87' lang='lat' dir='ltr'>palam</span> 
     </span>
    </p>
   </div>
   <div class='ocr_carea' id='block_1_93' title="bbox 140 5609 1767 5692">
    <p class='ocr_par' dir='ltr' id='par_1_93' title="bbox 140 5609 1767 5692">
     <span class='ocr_line' id='line_1_93' title="bbox 140 5609 1767 5692; baseline 0.009 -33"><span class='ocrx_word' id='word_1_713' title='bbox 140 5621 242 5660; x_wconf 89' lang='lat' dir='ltr'>nec</span> <span class='ocrx_word' id='word_1_714' title='bbox 269 5621 328 5661; x_wconf 88' lang='lat' dir='ltr'>se</span> <span class='ocrx_word' id='word_1_715' title='bbox 354 5609 762 5666; x_wconf 87' lang='lat' dir='ltr'>communione</span> <span class='ocrx_word' id='word_1_716' title='bbox 791 5615 1169 5684; x_wconf 67' lang='lat' dir='ltr'>praetenderet</span> <span class='ocrx_word' id='word_1_717' title='bbox 1196 5634 1296 5673; x_wconf 90' lang='lat' dir='ltr'>sua</span> <span class='ocrx_word' id='word_1_718' title='bbox 1325 5618 1501 5691; x_wconf 84' lang='lat' dir='ltr'>passis</span> <span class='ocrx_word' id='word_1_719' title='bbox 1525 5619 1767 5692; x_wconf 87' lang='lat' dir='ltr'>disposi-</span> 
     </span>
    </p>
   </div>
   <div class='ocr_carea' id='block_1_94' title="bbox 139 5698 1770 5780">
    <p class='ocr_par' dir='ltr' id='par_1_94' title="bbox 139 5698 1770 5780">
     <span class='ocr_line' id='line_1_94' title="bbox 139 5698 1770 5780; baseline 0.011 -28"><span class='ocrx_word' id='word_1_720' title='bbox 139 5698 288 5754; x_wconf 86' lang='lat' dir='ltr'>tione</span> <span class='ocrx_word' id='word_1_721' title='bbox 333 5701 619 5758; x_wconf 88' lang='lat' dir='ltr'>substitui.</span> <span class='ocrx_word' id='word_1_722' title='bbox 666 5704 788 5769; x_wconf 88' lang='lat' dir='ltr'>Qua</span> <span class='ocrx_word' id='word_1_723' title='bbox 832 5706 1082 5780; x_wconf 90' lang='lat' dir='ltr'>denique</span> <span class='ocrx_word' id='word_1_724' title='bbox 1123 5724 1226 5780; x_wconf 85' lang='lat' dir='ltr'>per</span> <span class='ocrx_word' id='word_1_725' title='bbox 1261 5714 1444 5768; x_wconf 91' lang='lat' dir='ltr'>totum</span> <span class='ocrx_word' id='word_1_726' title='bbox 1476 5713 1770 5769; x_wconf 87' lang='lat' dir='ltr'>Orientem</span> 
     </span>
    </p>
   </div>
   <div class='ocr_carea' id='block_1_95' title="bbox 143 5794 1770 5878">
    <p class='ocr_par' dir='ltr' id='par_1_95' title="bbox 143 5794 1770 5878">
     <span class='ocr_line' id='line_1_95' title="bbox 143 5794 1770 5878; baseline 0.011 -32"><span class='ocrx_word' id='word_1_727' title='bbox 143 5794 357 5863; x_wconf 87' lang='lat' dir='ltr'>synodo</span> <span class='ocrx_word' id='word_1_728' title='bbox 399 5795 595 5866; x_wconf 88' lang='lat' dir='ltr'>ejectis</span> <span class='ocrx_word' id='word_1_729' title='bbox 622 5799 974 5870; x_wconf 83' lang='lat' dir='ltr'>orthodoxis,</span> <span class='ocrx_word' id='word_1_730' title='bbox 1003 5803 1160 5858; x_wconf 91' lang='lat' dir='ltr'>nullo</span> <span class='ocrx_word' id='word_1_731' title='bbox 1187 5804 1425 5862; x_wconf 91' lang='lat' dir='ltr'>crimine</span> <span class='ocrx_word' id='word_1_732' title='bbox 1453 5807 1770 5878; x_wconf 84' lang='lat' dir='ltr'>maculatis,</span> 
     </span>
    </p>
   </div>
   <div class='ocr_carea' id='block_1_96' title="bbox 142 5893 1769 5975">
    <p class='ocr_par' dir='ltr' id='par_1_96' title="bbox 142 5893 1769 5975">
     <span class='ocr_line' id='line_1_96' title="bbox 142 5893 1769 5975; baseline 0.01 -34"><span class='ocrx_word' id='word_1_733' title='bbox 142 5901 342 5958; x_wconf 85' lang='lat' dir='ltr'>pravos</span> <span class='ocrx_word' id='word_1_734' title='bbox 384 5905 640 5962; x_wconf 90' lang='lat' dir='ltr'>quosque</span> <span class='ocrx_word' id='word_1_735' title='bbox 667 5897 723 5948; x_wconf 90' lang='lat' dir='ltr'>et</span> <span class='ocrx_word' id='word_1_736' title='bbox 758 5893 1094 5954; x_wconf 90' lang='lat' dir='ltr'>criminibus</span> <span class='ocrx_word' id='word_1_737' title='bbox 1135 5899 1420 5956; x_wconf 88' lang='lat' dir='ltr'>involutos</span> <span class='ocrx_word' id='word_1_738' title='bbox 1447 5919 1548 5957; x_wconf 90' lang='lat' dir='ltr'>sua</span> <span class='ocrx_word' id='word_1_739' title='bbox 1578 5901 1769 5975; x_wconf 86' lang='lat' dir='ltr'>provi-</span> 
     </span>
    </p>
   </div>
   <div class='ocr_carea' id='block_1_97' title="bbox 1866 4667 3498 4743">
    <p class='ocr_par' dir='ltr' id='par_1_97' title="bbox 1866 4667 3498 4743">
     <span class='ocr_line' id='line_1_97' title="bbox 1866 4667 3498 4743; baseline -0.01 -10"><span class='ocrx_word' id='word_1_740' title='bbox 1866 4677 2068 4733; x_wconf 88' lang='lat' dir='ltr'>litteris</span> <span class='ocrx_word' id='word_1_741' title='bbox 2103 4675 2238 4742; x_wconf 91' lang='lat' dir='ltr'>suis,</span> <span class='ocrx_word' id='word_1_742' title='bbox 2270 4679 2385 4729; x_wconf 88' lang='lat' dir='ltr'>tam</span> <span class='ocrx_word' id='word_1_743' title='bbox 2417 4671 2601 4743; x_wconf 91' lang='lat' dir='ltr'>ipsum</span> <span class='ocrx_word' id='word_1_744' title='bbox 2630 4667 2896 4724; x_wconf 87' lang='lat' dir='ltr'>Acacium</span> <span class='ocrx_word' id='word_1_745' title='bbox 2926 4681 3100 4737; x_wconf 90' lang='lat' dir='ltr'>quam</span> <span class='ocrx_word' id='word_1_746' title='bbox 3121 4668 3385 4719; x_wconf 89' lang='lat' dir='ltr'>sanctum</span> <span class='ocrx_word' id='word_1_747' title='bbox 3406 4679 3498 4733; x_wconf 91' lang='lat' dir='ltr'>pa-</span> 
     </span>
    </p>
   </div>
   <div class='ocr_carea' id='block_1_98' title="bbox 1865 4754 3496 4844">
    <p class='ocr_par' dir='ltr' id='par_1_98' title="bbox 1865 4754 3496 4844">
     <span class='ocr_line' id='line_1_98' title="bbox 1865 4754 3496 4844; baseline -0.011 -17"><span class='ocrx_word' id='word_1_748' title='bbox 1865 4789 2001 4844; x_wconf 88' lang='lat' dir='ltr'>pam</span> <span class='ocrx_word' id='word_1_749' title='bbox 2039 4767 2391 4840; x_wconf 89' lang='lat' dir='ltr'>Simplicium</span> <span class='ocrx_word' id='word_1_750' title='bbox 2433 4763 2655 4836; x_wconf 89' lang='lat' dir='ltr'>magnis</span> <span class='ocrx_word' id='word_1_751' title='bbox 2696 4760 2961 4816; x_wconf 90' lang='lat' dir='ltr'>laudibus</span> <span class='ocrx_word' id='word_1_752' title='bbox 3003 4758 3314 4824; x_wconf 86' lang='lat' dir='ltr'>extulisset,</span> <span class='ocrx_word' id='word_1_753' title='bbox 3347 4754 3496 4828; x_wconf 90' lang='lat' dir='ltr'>quod</span> 
     </span>
    </p>
   </div>
   <div class='ocr_carea' id='block_1_99' title="bbox 1867 4852 3495 4921">
    <p class='ocr_par' dir='ltr' id='par_1_99' title="bbox 1867 4852 3495 4921">
     <span class='ocr_line' id='line_1_99' title="bbox 1867 4852 3495 4921; baseline -0.011 0"><span class='ocrx_word' id='word_1_754' title='bbox 1867 4864 2148 4921; x_wconf 67' lang='lat' dir='ltr'>haereticis</span> <span class='ocrx_word' id='word_1_755' title='bbox 2179 4859 2632 4918; x_wconf 89' lang='lat' dir='ltr'>constantissime</span> <span class='ocrx_word' id='word_1_756' title='bbox 2660 4854 3011 4912; x_wconf 87' lang='lat' dir='ltr'>restitissent.</span> <span class='ocrx_word' id='word_1_757' title='bbox 3040 4853 3152 4908; x_wconf 91' lang='lat' dir='ltr'>Cur</span> <span class='ocrx_word' id='word_1_758' title='bbox 3170 4853 3328 4905; x_wconf 89' lang='lat' dir='ltr'>tanto</span> <span class='ocrx_word' id='word_1_759' title='bbox 3350 4852 3495 4904; x_wconf 89' lang='lat' dir='ltr'>tem-</span> 
     </span>
    </p>
   </div>
   <div class='ocr_carea' id='block_1_100' title="bbox 1869 4942 3498 5033">
    <p class='ocr_par' dir='ltr' id='par_1_100' title="bbox 1869 4942 3498 5033">
     <span class='ocr_line' id='line_1_100' title="bbox 1869 4942 3498 5033; baseline -0.012 -16"><span class='ocrx_word' id='word_1_760' title='bbox 1869 4977 2007 5033; x_wconf 87' lang='lat' dir='ltr'>pore</span> <span class='ocrx_word' id='word_1_761' title='bbox 2034 4959 2267 5016; x_wconf 87' lang='lat' dir='ltr'>Aeacius</span> <span class='ocrx_word' id='word_1_762' title='bbox 2302 4957 2452 5011; x_wconf 90' lang='lat' dir='ltr'>inter</span> <span class='ocrx_word' id='word_1_763' title='bbox 2472 4954 2578 5009; x_wconf 91' lang='lat' dir='ltr'>ista</span> <span class='ocrx_word' id='word_1_764' title='bbox 2603 4949 2892 5018; x_wconf 91' lang='lat' dir='ltr'>conticuit,</span> <span class='ocrx_word' id='word_1_765' title='bbox 2911 4946 3016 5002; x_wconf 90' lang='lat' dir='ltr'>nisi</span> <span class='ocrx_word' id='word_1_766' title='bbox 3036 4945 3170 5018; x_wconf 90' lang='lat' dir='ltr'>quia</span> <span class='ocrx_word' id='word_1_767' title='bbox 3190 4942 3498 5017; x_wconf 91' lang='lat' dir='ltr'>prohibere</span> 
     </span>
    </p>
   </div>
   <div class='ocr_carea' id='block_1_101' title="bbox 1870 5038 3500 5121">
    <p class='ocr_par' dir='ltr' id='par_1_101' title="bbox 1870 5038 3500 5121">
     <span class='ocr_line' id='line_1_101' title="bbox 1870 5038 3500 5121; baseline -0.012 -11"><span class='ocrx_word' id='word_1_768' title='bbox 1870 5054 2101 5110; x_wconf 90' lang='lat' dir='ltr'>nolebat</span> <span class='ocrx_word' id='word_1_769' title='bbox 2125 5053 2414 5107; x_wconf 90' lang='lat' dir='ltr'>ullatenus</span> <span class='ocrx_word' id='word_1_770' title='bbox 2441 5064 2571 5121; x_wconf 66' lang='lat' dir='ltr'>qum</span> <span class='ocrx_word' id='word_1_771' title='bbox 2591 5042 2948 5102; x_wconf 88' lang='lat' dir='ltr'>desiderabat</span> <span class='ocrx_word' id='word_1_772' title='bbox 2965 5039 3198 5112; x_wconf 81' lang='lat' dir='ltr'>expleri.</span> <span class='ocrx_word' id='word_1_773' title='bbox 3226 5038 3500 5094; x_wconf 88' lang='lat' dir='ltr'>Paremus</span> 
     </span>
    </p>
   </div>
   <div class='ocr_carea' id='block_1_102' title="bbox 1868 5131 3500 5216">
    <p class='ocr_par' dir='ltr' id='par_1_102' title="bbox 1868 5131 3500 5216">
     <span class='ocr_line' id='line_1_102' title="bbox 1868 5131 3500 5216; baseline -0.012 -11"><span class='ocrx_word' id='word_1_774' title='bbox 1868 5155 2062 5204; x_wconf 87' lang='lat' dir='ltr'>tamen</span> <span class='ocrx_word' id='word_1_775' title='bbox 2104 5147 2302 5216; x_wconf 89' lang='lat' dir='ltr'>etiam,</span> <span class='ocrx_word' id='word_1_776' title='bbox 2331 5144 2377 5199; x_wconf 92' lang='lat' dir='ltr'>si</span> <span class='ocrx_word' id='word_1_777' title='bbox 2421 5143 2576 5198; x_wconf 92' lang='lat' dir='ltr'>nulla</span> <span class='ocrx_word' id='word_1_778' title='bbox 2618 5137 2868 5212; x_wconf 88' lang='lat' dir='ltr'>synodus</span> <span class='ocrx_word' id='word_1_779' title='bbox 2907 5132 3307 5208; x_wconf 66' lang='lat' dir='ltr'>praecessisset,</span> <span class='ocrx_word' id='word_1_780' title='bbox 3338 5131 3500 5204; x_wconf 75' lang='lat' dir='ltr'>cuius</span> 
     </span>
    </p>
   </div>
   <div class='ocr_carea' id='block_1_103' title="bbox 1868 5225 3499 5316">
    <p class='ocr_par' dir='ltr' id='par_1_103' title="bbox 1868 5225 3499 5316">
     <span class='ocr_line' id='line_1_103' title="bbox 1868 5225 3499 5316; baseline -0.011 -18"><span class='ocrx_word' id='word_1_781' title='bbox 1868 5241 2177 5316; x_wconf 89' lang='lat' dir='ltr'>apostolica</span> <span class='ocrx_word' id='word_1_782' title='bbox 2202 5239 2364 5295; x_wconf 86' lang='lat' dir='ltr'>sedes</span> <span class='ocrx_word' id='word_1_783' title='bbox 2392 5242 2545 5292; x_wconf 91' lang='lat' dir='ltr'>recte</span> <span class='ocrx_word' id='word_1_784' title='bbox 2575 5235 2738 5290; x_wconf 78' lang='lat' dir='ltr'>fieret</span> <span class='ocrx_word' id='word_1_785' title='bbox 2762 5228 3100 5287; x_wconf 85' lang='lat' dir='ltr'>exsecutrix.</span> <span class='ocrx_word' id='word_1_786' title='bbox 3123 5228 3266 5284; x_wconf 87' lang='lat' dir='ltr'>Cum</span> <span class='ocrx_word' id='word_1_787' title='bbox 3292 5225 3499 5299; x_wconf 85' lang='lat' dir='ltr'>quibus</span> 
     </span>
    </p>
   </div>
   <div class='ocr_carea' id='block_1_104' title="bbox 1869 5318 3501 5403">
    <p class='ocr_par' dir='ltr' id='par_1_104' title="bbox 1869 5318 3501 5403">
     <span class='ocr_line' id='line_1_104' title="bbox 1869 5318 3501 5403; baseline -0.011 -11"><span class='ocrx_word' id='word_1_788' title='bbox 1869 5340 1990 5392; x_wconf 90' lang='lat' dir='ltr'>erat</span> <span class='ocrx_word' id='word_1_789' title='bbox 2019 5336 2087 5390; x_wconf 92' lang='lat' dir='ltr'>de</span> <span class='ocrx_word' id='word_1_790' title='bbox 2115 5334 2316 5389; x_wconf 90' lang='lat' dir='ltr'>Acacio</span> <span class='ocrx_word' id='word_1_791' title='bbox 2345 5329 2598 5403; x_wconf 87' lang='lat' dir='ltr'>synodus</span> <span class='ocrx_word' id='word_1_792' title='bbox 2637 5322 2928 5382; x_wconf 84' lang='lat' dir='ltr'>ineunda?</span> <span class='ocrx_word' id='word_1_793' title='bbox 2956 5321 3223 5396; x_wconf 81' lang='lat' dir='ltr'>Nunquid</span> <span class='ocrx_word' id='word_1_794' title='bbox 3254 5336 3387 5378; x_wconf 84' lang='lat' dir='ltr'>eum</span> <span class='ocrx_word' id='word_1_795' title='bbox 3413 5318 3501 5375; x_wconf 79' lang='lat' dir='ltr'>his</span> 
     </span>
    </p>
   </div>
   <div class='ocr_carea' id='block_1_105' title="bbox 1870 5412 3502 5502">
    <p class='ocr_par' dir='ltr' id='par_1_105' title="bbox 1870 5412 3502 5502">
     <span class='ocr_line' id='line_1_105' title="bbox 1870 5412 3502 5502; baseline -0.012 -16"><span class='ocrx_word' id='word_1_796' title='bbox 1870 5430 1969 5502; x_wconf 89' lang='lat' dir='ltr'>qui</span> <span class='ocrx_word' id='word_1_797' title='bbox 1991 5430 2118 5501; x_wconf 88' lang='lat' dir='ltr'>jam</span> <span class='ocrx_word' id='word_1_798' title='bbox 2146 5425 2448 5500; x_wconf 88' lang='lat' dir='ltr'>participes</span> <span class='ocrx_word' id='word_1_799' title='bbox 2471 5422 2818 5480; x_wconf 88' lang='lat' dir='ltr'>tenebantur</span> <span class='ocrx_word' id='word_1_800' title='bbox 2844 5414 3067 5485; x_wconf 85' lang='lat' dir='ltr'>Acacio,</span> <span class='ocrx_word' id='word_1_801' title='bbox 3099 5421 3158 5472; x_wconf 91' lang='lat' dir='ltr'>et</span> <span class='ocrx_word' id='word_1_802' title='bbox 3181 5430 3287 5488; x_wconf 90' lang='lat' dir='ltr'>per</span> <span class='ocrx_word' id='word_1_803' title='bbox 3308 5412 3502 5472; x_wconf 81' lang='lat' dir='ltr'>Orien-</span> 
     </span>
    </p>
   </div>
   <div class='ocr_carea' id='block_1_106' title="bbox 1869 5507 3496 5580">
    <p class='ocr_par' dir='ltr' id='par_1_106' title="bbox 1869 5507 3496 5580">
     <span class='ocr_line' id='line_1_106' title="bbox 1869 5507 3496 5580; baseline -0.013 0"><span class='ocrx_word' id='word_1_804' title='bbox 1869 5529 1986 5580; x_wconf 88' lang='lat' dir='ltr'>tem</span> <span class='ocrx_word' id='word_1_805' title='bbox 2013 5528 2196 5578; x_wconf 91' lang='lat' dir='ltr'>totum</span> <span class='ocrx_word' id='word_1_806' title='bbox 2227 5518 2534 5576; x_wconf 90' lang='lat' dir='ltr'>catholicos</span> <span class='ocrx_word' id='word_1_807' title='bbox 2569 5514 2892 5571; x_wconf 88' lang='lat' dir='ltr'>sacerdotes</span> <span class='ocrx_word' id='word_1_808' title='bbox 2917 5510 3201 5568; x_wconf 87' lang='lat' dir='ltr'>violenter</span> <span class='ocrx_word' id='word_1_809' title='bbox 3228 5507 3496 5564; x_wconf 83' lang='lat' dir='ltr'>exclusis-</span> 
     </span>
    </p>
   </div>
   <div class='ocr_carea' id='block_1_107' title="bbox 1870 5587 3502 5684">
    <p class='ocr_par' dir='ltr' id='par_1_107' title="bbox 1870 5587 3502 5684">
     <span class='ocr_line' id='line_1_107' title="bbox 1870 5587 3502 5684; baseline -0.013 -9"><span class='ocrx_word' id='word_1_810' title='bbox 1870 5587 2027 5684; x_wconf 51' lang='lat' dir='ltr'>sent)</span> <span class='ocrx_word' id='word_1_811' title='bbox 2046 5618 2152 5672; x_wconf 85' lang='lat' dir='ltr'>Per</span> <span class='ocrx_word' id='word_1_812' title='bbox 2189 5614 2389 5671; x_wconf 88' lang='lat' dir='ltr'>exsilia</span> <span class='ocrx_word' id='word_1_813' title='bbox 2433 5611 2658 5667; x_wconf 83' lang='lat' dir='ltr'>diversa</span> <span class='ocrx_word' id='word_1_814' title='bbox 2693 5606 2965 5680; x_wconf 83' lang='lat' dir='ltr'>relegatis</span> <span class='ocrx_word' id='word_1_815' title='bbox 3003 5604 3169 5662; x_wconf 88' lang='lat' dir='ltr'>sociis</span> <span class='ocrx_word' id='word_1_816' title='bbox 3209 5601 3502 5657; x_wconf 82' lang='lat' dir='ltr'>evidenter</span> 
     </span>
    </p>
   </div>
   <div class='ocr_carea' id='block_1_108' title="bbox 1871 5689 3501 5769">
    <p class='ocr_par' dir='ltr' id='par_1_108' title="bbox 1871 5689 3501 5769">
     <span class='ocr_line' id='line_1_108' title="bbox 1871 5689 3501 5769; baseline -0.013 0"><span class='ocrx_word' id='word_1_817' title='bbox 1871 5689 2188 5769; x_wconf 83' lang='lat' dir='ltr'>existebant</span> <span class='ocrx_word' id='word_1_818' title='bbox 2227 5703 2648 5765; x_wconf 88' lang='lat' dir='ltr'>communionis</span> <span class='ocrx_word' id='word_1_819' title='bbox 2687 5705 2938 5768; x_wconf 61' lang='lat' dir='ltr'>aeterne,</span> <span class='ocrx_word' id='word_1_820' title='bbox 2981 5713 3086 5755; x_wconf 87' lang='lat' dir='ltr'>nec</span> <span class='ocrx_word' id='word_1_821' title='bbox 3127 5696 3284 5769; x_wconf 87' lang='lat' dir='ltr'>prius</span> <span class='ocrx_word' id='word_1_822' title='bbox 3325 5709 3384 5749; x_wconf 87' lang='lat' dir='ltr'>se</span> <span class='ocrx_word' id='word_1_823' title='bbox 3426 5691 3501 5749; x_wconf 88' lang='lat' dir='ltr'>ad</span> 
     </span>
    </p>
   </div>
   <div class='ocr_carea' id='block_1_109' title="bbox 1871 5785 3502 5867">
    <p class='ocr_par' dir='ltr' id='par_1_109' title="bbox 1871 5785 3502 5867">
     <span class='ocr_line' id='line_1_109' title="bbox 1871 5785 3502 5867; baseline -0.012 -5"><span class='ocrx_word' id='word_1_824' title='bbox 1871 5805 1994 5862; x_wconf 57' lang='lat' dir='ltr'>haec</span> <span class='ocrx_word' id='word_1_825' title='bbox 2019 5803 2302 5860; x_wconf 89' lang='lat' dir='ltr'>consortia</span> <span class='ocrx_word' id='word_1_826' title='bbox 2325 5797 2756 5866; x_wconf 82' lang='lat' dir='ltr'>transferentes,</span> <span class='ocrx_word' id='word_1_827' title='bbox 2789 5809 2964 5867; x_wconf 88' lang='lat' dir='ltr'>quam</span> <span class='ocrx_word' id='word_1_828' title='bbox 2999 5790 3148 5847; x_wconf 90' lang='lat' dir='ltr'>sedis</span> <span class='ocrx_word' id='word_1_829' title='bbox 3175 5785 3502 5860; x_wconf 69' lang='lat' dir='ltr'>apostolica:</span> 
     </span>
    </p>
   </div>
   <div class='ocr_carea' id='block_1_110' title="bbox 1872 5881 3504 5963">
    <p class='ocr_par' dir='ltr' id='par_1_110' title="bbox 1872 5881 3504 5963">
     <span class='ocr_line' id='line_1_110' title="bbox 1872 5881 3504 5963; baseline -0.011 -8"><span class='ocrx_word' id='word_1_830' title='bbox 1872 5901 2008 5958; x_wconf 86' lang='lat' dir='ltr'>scita</span> <span class='ocrx_word' id='word_1_831' title='bbox 2037 5897 2419 5956; x_wconf 87' lang='lat' dir='ltr'>consulerent.</span> <span class='ocrx_word' id='word_1_832' title='bbox 2446 5894 2588 5949; x_wconf 88' lang='lat' dir='ltr'>Cum</span> <span class='ocrx_word' id='word_1_833' title='bbox 2613 5889 2820 5963; x_wconf 88' lang='lat' dir='ltr'>quibus</span> <span class='ocrx_word' id='word_1_834' title='bbox 2843 5900 2983 5956; x_wconf 84' lang='lat' dir='ltr'>ergo</span> <span class='ocrx_word' id='word_1_835' title='bbox 3006 5887 3127 5940; x_wconf 85' lang='lat' dir='ltr'>erat</span> <span class='ocrx_word' id='word_1_836' title='bbox 3153 5881 3402 5954; x_wconf 86' lang='lat' dir='ltr'>synodus</span> <span class='ocrx_word' id='word_1_837' title='bbox 3420 5881 3504 5937; x_wconf 89' lang='lat' dir='ltr'>in-</span> 
     </span>
    </p>
   </div>
  </div>
