4040 6320
531 344 631 418 967'

1424 356 1709 417 APPEND.
1750 354 1837 415 AD
1875 360 2035 417 SEO.
2077 359 2164 416 1X.
2196 388 2265 400 —
2301 360 2547 418 lSlDORI
2584 356 3010 417 MERCATORIS

3787 358 3893 415 908

531 467 760 526 eunda?
788 464 1057 525 Catholici
1079 465 1375 545 pontiﬁces
1400 465 1630 521 fuerant
1658 466 1907 537 undique
1922 467 2044 536 jam
2066 467 2157 521 de-
2180 476 2236 552 Α
2258 468 2405 523 tibus
2423 468 2637 539 judicia
2664 469 3044 539 provenirent,
3080 481 3193 521 non
3217 482 3250 521 a
3279 464 3532 521 seculari
3557 463 3896 521 viderentur

528 564 695 635 pulsi,
729 563 943 632 solique
988 565 1383 615 remanserant
1432 561 1568 615 socii
1620 561 1993 632 perﬁdorum,
2026 577 2157 615 cum

529 652 733 728 quibus
760 672 862 709 nec
889 654 1093 708 licebat
1118 654 1323 709 habere
1353 657 1721 721 conventum,
1755 654 1977 708 dicente
2005 656 2155 708 Psal-

528 749 691 804 mista
724 765 737 802 :
777 768 804 796 «
835 748 958 802 Non
990 747 1112 801 sedi
1139 748 1197 801 in
1228 748 1465 802 concilio
1491 747 1771 813 vanitatis,
1803 751 1860 801 et
1885 764 2015 801 cum
2047 748 2154 801 ini-

527 859 636 914 qua
683 841 1011 912 gerentibus
1055 857 1167 894 non
1215 840 1462 896 introibo
1504 843 1668 909 (Psal.
1714 857 1835 907 xxv,
1865 843 1939 908 4),
1979 862 2006 890 ››
2057 858 2158 896 nec

529 935 886 991 ecclesiastici
926 936 1102 989 moris
1128 938 1211 989 est
1238 953 1363 989 cum
1395 935 1482 989 his
1509 935 1605 1006 qui
1642 936 1909 1005 pollutam
1951 935 2159 989 habent

527 1028 994 1084 communionem
1025 1029 1498 1100 permistamqne,
1516 1045 1644 1082 cum
1668 1028 1894 1099 perﬁdis
1920 1028 2157 1083 miscere

528 1122 850 1177 concilium.
894 1122 1065 1176 Recte
1105 1122 1280 1192 igitur
1317 1140 1420 1193 per
1446 1121 1923 1177 Chalcedonensis
1958 1121 2156 1193 synodi

526 1216 768 1270 formam
803 1216 1133 1285 hujusmodi
1180 1215 1571 1285 praevaricatio
1607 1216 1830 1285 repulsa
1858 1222 1943 1269 est
1967 1215 2156 1286 potius

525 1327 696 1381 quam
726 1309 798 1363 ad
829 1308 1151 1375 concilium,
1187 1308 1340 1380 quod
1384 1325 1488 1364 uec
1539 1326 1680 1380 opus
1716 1312 1839 1362 erat
1877 1314 2002 1389 post
2037 1309 2152 1379 pri-

527 1420 681 1457 mam
708 1402 1127 1474 synodum,nec
1147 1419 1276 1457 cum
1300 1404 1504 1457 talibus
1530 1402 1738 1457 habere
1766 1401 2154 1475 licebat\Nam

525 1501 582 1553 et
610 1498 745 1569 quid
773 1503 1040 1568 ageretur
1069 1495 1139 1550 de
1168 1497 1280 1551 ﬁde
1308 1497 1585 1551 catholica
1613 1495 1951 1566 intelligere,
1979 1495 2023 1549 si
2044 1496 2155 1550 vel-

527 1592 647 1645 lent
668 1591 955 1661 ignorare,
976 1606 1089 1644 non
1113 1594 1399 1660 poterant,
1425 1607 1554 1644 cum
1578 1590 1836 1644 viderent
1855 1590 2155 1644 catholicos

527 1684 821 1756 pontiﬁces
862 1684 1019 1737 nulla
1056 1683 1257 1755 synodi
1300 1684 1665 1751 discussione,
1699 1684 1853 1738 nullo
1894 1683 2150 1750 concilio,

526 1779 810 1848 praecipue
838 1793 967 1830 cum
994 1792 1166 1830 novas
1191 1794 1385 1831 causas
1418 1794 1539 1831 esse
1569 1778 2003 1848 perpenderent,
2036 1780 2152 1831 toto

2259 563 2683 634 qualescunque
2712 562 3028 633 pontiﬁces,
3052 560 3156 615 etsi
3181 576 3370 615 errore
3400 560 3776 615 humanitatis
3798 574 3891 615 ac-

2257 656 2500 721 cidente,
2530 672 2644 710 non
2674 660 2863 709 tamen
2893 661 3089 709 contra
3113 654 3451 725 religionem
3487 655 3772 708 ullatenus
3800 671 3896 708 ex-

2256 750 2521 803 cedentes
2552 755 2826 819 potestate
2868 748 3119 819 procelli.
3148 751 3259 802 Aut
3286 751 3343 801 et
3372 748 3495 801 haec
3513 749 3681 816 juxta
3712 748 3892 801 ratio-

2258 859 2388 897 nem
2408 842 2677 913 principis
2703 842 3060 912 suggerenda
3088 857 3199 895 non
3224 847 3409 895 erant.
3432 841 3627 909 Regize
3649 840 3894 895 civitatis

2256 937 2473 991 honore
2501 937 2778 994 sublimis.
2812 936 2857 989 si
2884 935 3064 989 factus
3093 937 3217 989 erat
3259 934 3423 1005 regia
3455 934 3675 987 civitate
3714 934 3890 989 subli-

2257 1030 2428 1098 mior,
2460 1033 2617 1084 tanto
2660 1030 2845 1100 magis
2891 1029 2948 1082 in
2998 1028 3086 1081 his
3127 1026 3507 1099 suggerendis
3545 1027 3743 1081 debuit
3772 1043 3896 1082 esse

2256 1124 2619 1177 constantior.
2652 1123 2706 1178 Si
2733 1126 2922 1177 autem
2960 1123 3018 1175 in
3051 1121 3139 1175 his
3166 1137 3294 1191 quae
3325 1136 3428 1190 pro
3457 1120 3734 1191 religione
3767 1121 3894 1175 fue-

2256 1223 2386 1271 rant
2412 1217 2692 1272 exerenda
2719 1216 2929 1270 exstitit
2952 1214 3419 1285 contemptibilis,
3437 1217 3536 1268 aut
3565 1214 3891 1285 despectus,

2254 1316 2352 1365 aut
2379 1311 2586 1381 segnis,
2619 1315 2719 1365 aut
2742 1310 3009 1364 ﬁduciam
3055 1326 3169 1362 non
3212 1307 3429 1362 habens
3474 1307 3802 1374 intimandi,
3833 1309 3893 1362 in

2254 1420 2366 1476 quo
2393 1421 2495 1475 per
2514 1404 2731 1475 regiam
2762 1404 3040 1457 civitatem
3071 1403 3254 1473 major
3274 1401 3504 1456 effectus
3529 1408 3630 1456 est.
3661 1402 3891 1456 Nathan

2254 1497 2597 1569 prOphetam
2627 1498 2811 1568 palam
2836 1496 3174 1568 publiceque
3195 1496 3252 1550 in
3269 1495 3472 1550 faciem
3496 1496 3615 1566 regi
3638 1494 3815 1550 David
3836 1499 3895 1550 et

2253 1591 2621 1646 commissum
2647 1590 3037 1662 pronuntiavit
3064 1606 3334 1657 errorem,
3352 1594 3406 1644 et
3426 1590 3613 1661 ipsum
3643 1589 3891 1645 commi-

2252 1685 2386 1738 sisse
2423 1701 2540 1740 non
2592 1685 2786 1749 tacuit,
2823 1691 2879 1739 et
2920 1683 3271 1749 confessione
3325 1690 3638 1737 correctum
3687 1699 3891 1738 conse-

2252 1701 2386 1738 sxsse
2423 1701 2540 1740 non
2592 1701 2786 1749 tacuit,
2823 1701 2879 1739 et
2920 1701 3195 1739 comesslo
3242 1701 3271 1737 e
3325 1701 3638 1737 correctum
3687 1701 3891 1738 conse-

2252 1784 2494 1848 quenter
2532 1778 2770 1832 absolvit
2798 1778 2874 1843 (ΙΙ
2907 1780 3035 1847 Reg.
3065 1701 3315 1844 κωλῆ-ΗΟ
3352 1780 3539 1830 autem
3571 1776 3656 1830 vir
3698 1776 3892 1831 bonus

526 1871 754 1926 Oriente
783 1869 1011 1941 depelli,
1040 1873 1097 1923 et
1126 1870 1313 1924 cmteri
1349 1870 1483 1941 quid
1527 1873 1793 1925 caverent
1819 1887 1883 1924 ex
1924 1870 2151 1924 illorum
2172 1850 2228 1922 Β
2255 1877 2311 1925 et
2337 1872 2598 1926 sacerdos
2628 1871 2896 1942 egregius
2925 1872 2984 1925 in
3020 1877 3240 1925 tantum
3269 1887 3327 1924 se
3357 1874 3416 1924 et
3441 1886 3751 1940 suggerere
3780 1886 3889 1940 po-

525 1964 736 2019 discere
777 1963 1044 2036 qualitate
1084 1964 1420 2035 potuissent.
1471 1965 1662 2019 Restat
1704 1963 1880 2034 igitur
1903 1967 1968 2017 ut
2001 1964 2153 2018 illius

523 2058 700 2129 partis
730 2057 852 2111 illos
877 2056 1048 2111 fuisse
1094 2057 1376 2112 haereseos
1421 2057 1492 2111 sit
1535 2058 1769 2122 clarum,
1798 2058 1891 2111 cui
1929 2074 1987 2111 se
2029 2063 2155 2128 post

521 2156 609 2208 tot
624 2152 1015 2224 experimenta
1033 2150 1334 2220 dederunt,
1355 2152 1672 2222 meritoque
1694 2150 2002 2223 apostolica
2022 2152 2151 2205 sede

523 2245 855 2317 ceterisque
908 2244 1199 2299 catholicis
1247 2260 1365 2300 non
1407 2244 1528 2315 jam
1583 2245 1912 2299 consulendi
1959 2247 2148 2312 erunt,

522 2340 621 2394 sed
648 2339 834 2411 potius
860 2326 1393 2486 notandiiRisimus
1421 2345 1608 2393 autem
1637 2339 1790 2409 quod
1821 2338 2152 2409 praerogati-

522 2450 650 2486 vam
677 2434 878 2486 volunt
896 2432 1091 2486 Acacio
1144 2432 1457 2486 omnarari.
1478 2433 1633 2486 auod
1665 2432 1962 2486 eoisconus
1979 2432 2152 2486 fuerit

520 2450 650 2488 vam
677 2434 878 2488 volunt
896 2432 1091 2515 Acacio
1113 2432 1457 2503 temperari,
1478 2433 1633 2503 quod
1665 2432 1962 2503 episcopus
1979 2432 2153 2486 fuerit

521 2528 695 2599 regite
738 2527 994 2581 civitatis.
1037 2527 1302 2597 Nunquid
1356 2527 1508 2598 apud
1554 2526 1955 2592 Mediolanum,
1998 2525 2151 2597 apud

518 2623 866 2687 Ravennam,
907 2620 1058 2691 apud
1104 2619 1401 2687 Firmium,
1449 2620 1598 2690 apud
1643 2622 1912 2675 Treveros
1956 2620 2149 2673 multis

514 2714 869 2787 temporibus
888 2730 1001 2768 non
1023 2714 1271 2768 constitit
1287 2714 1364 2768 im
1373 2720 1617 2785 perator.
1639 2713 1909 2785 Nunquid
1939 2713 2148 2768 harum

518 2809 743 2864 urbium
776 2808 1091 2863 sacerdotes
1122 2808 1273 2861 ultra
1302 2824 1627 2861 mensuram
1654 2807 1882 2861 sibimet
1905 2806 2151 2878 antiqui-

516 2905 606 2957 tus
622 2902 944 2972 deputatam
962 2901 1251 2973 quidpiam
1267 2901 1379 2954 suis
1389 2900 1762 2971 dignitatibus
1779 2905 2146 2972 usurparunt.

518 2995 787 3066 Nunquid
800 2995 1033 3048 Aeacius
1046 2996 1395 3049 utJoannem
1413 2994 1833 3065 quantumlibet
1853 2994 2149 3049 hominem

518 3089 881 3156 catholicum,
900 3091 1092 3141 tamen
1112 3104 1145 3141 a
1161 3087 1449 3142 catholicis
1478 3087 1803 3142 ordinatum
1826 3087 1896 3141 de
1915 3088 2150 3142 Alexen-

2253 1964 2428 2019 tuisse
2455 1965 2787 2019 monstravit
2813 1968 2871 2019 et
2896 1964 3139 2019 noluisse
3169 1964 3537 2035 deprompsit,
3568 1964 3685 2018 imo
3712 1963 3891 2019 fuisse

2252 2059 2538 2130 patefecit,
2572 2062 2635 2113 ut
2663 2065 2719 2113 et
2743 2058 3057 2130 imperator
3087 2061 3288 2113 cuncta
3314 2076 3371 2112 se
3404 2074 3471 2112 ex
3499 2057 3619 2128 ejus
3645 2057 3891 2113 concilio

2254 2152 2485 2223 gessisse
2525 2156 2762 2220 taceret,
2791 2159 2847 2207 et
2874 2153 2991 2223 ipse
3018 2152 3423 2223 imperatorem
3468 2151 3691 2222 magnis
3729 2168 3889 2222 pra!-

2251 2245 2428 2301 coniis
2455 2247 2699 2301 elevaret
2724 2246 2830 2300 ista
2860 2246 3184 2312 facientem,
3215 2262 3446 2317 seseque
3490 2245 3763 2316 proderet
3798 2245 3891 2301 his

2249 2339 2485 2410 agendis
2515 2339 2684 2395 rebus
2713 2339 2884 2394 fuisse
2916 2340 3270 2411 participem.
3296 2338 3404 2395 Sed
3426 2344 3542 2394 esto
3566 2338 3890 2394 Calendion

2252 2450 2460 2487 nomen
2492 2433 2852 2504 imperatoris
2879 2432 3172 2487 abstulerit
3194 2432 3421 2487 Joannis
3446 2432 3688 2504 principi
3714 2448 3887 2487 men-

2249 2526 2386 2581 titus
2428 2526 2599 2581 fuisse
2637 2527 2902 2598 jactetnr.
2934 2526 3073 2591 Quae
3101 2531 3294 2580 tamen
3320 2542 3450 2580 cum
3488 2541 3651 2580 novae
3693 2530 3889 2580 essent

2250 2636 2456 2687 causas,
2486 2636 2630 2674 nova
2660 2620 2920 2675 debuerit
2945 2619 3322 2675 ecclesiastica
3353 2618 3647 2690 pervenire
3673 2618 3889 2673 discus~

2249 2714 2353 2781 sio,
2377 2714 2473 2785 qui
2495 2714 2554 2768 in
2584 2714 2877 2768 hominem
2905 2714 3309 2784 imperatorem
3330 2729 3588 2784 peccasse
3616 2711 3890 2767 diceban-

2248 2810 2362 2874 tur,
2391 2807 2718 2862 nullatenus
2755 2808 3048 2863 venientes
3086 2807 3305 2879 synodo
3345 2806 3507 2878 dejici
3539 2806 3885 2877 debuerunt,

2248 2906 2305 2956 et
2331 2901 2387 2955 in
2431 2902 2629 2967 Deum,
2663 2902 2759 2972 qui
2808 2918 3067 2957 summus
3111 2905 3169 2955 et
3203 2918 3368 2957 verus
3410 2903 3495 2956 est
3541 2901 3884 2971 imperator,

2246 2996 2512 3050 Acacium
2542 2995 2972 3067 delinquentem
2998 2996 3391 3066 sinceramque
3410 2994 3885 3051 communionem

2248 3088 2425 3143 divini
2457 3090 2791 3145 sacramenti
2837 3090 3157 3145 studentem
3201 3089 3440 3144 miscere
3478 3104 3607 3144 cum
3649 3088 3888 3160 perﬁdis

519 3182 643 3238 dria
670 3186 955 3237 excuteret
976 3182 1317 3252 Petrumque
1348 3180 1406 3235 in
1433 3181 1697 3235 haeresim
1721 3180 1844 3252 jam
1865 3180 2146 3253 dejectum
2165 3219 2220 3295 Ο
2245 3187 2437 3236 sancta
2478 3182 2697 3253 synodo
2727 3200 2843 3254 qua
2872 3183 2994 3238 haec
3038 3186 3125 3238 est
3159 3182 3431 3237 damnata
3466 3181 3736 3253 perﬁdia;
3766 3198 3885 3238 non

728 3277 748 3295 μ
792 3282 1043 3295 ,μμ-,ω
1085 3275 1287 3295 orm-
1331 3274 1473 3295 us..-
1509 3275 1823 3295 ,μημιεη-
2583 3293 2617 3295 _
2658 3277 2839 3295 is...
2867 3276 3010 3295 ημυ
3042 3293 3142 3295 μμ
3391 3275 3668 3295 ημεωιω
3712 3275 3769 3295 λ-

516 3284 687 3349 atque
717 3277 1052 3331 damnatum
1080 3275 1294 3346 absque
1327 3274 1476 3330 sedis
1505 3275 1829 3347 apostolica:
1864 3276 2144 3330 consulta-

516 3360 675 3427 tione
718 3370 1015 3442 reciperet.
1060 3368 1263 3441 Aliqua
1308 3368 1524 3440 synodo
1567 3370 1764 3423 saltem
1803 3368 1915 3423 illic
1957 3369 2146 3424 habita

513 3464 619 3520 hoc
644 3464 914 3520 audacter
941 3462 1201 3534 arripuit.
1231 3463 1300 3517 Ut
1318 3461 1722 3518 Calendionem
1751 3461 1822 3516 de
1842 3463 2146 3518 Antiochia

515 3558 845 3630 depelleret,
876 3556 1321 3628 haereticumque
1346 3557 1579 3611 Petrum
1604 3556 1724 3628 ipse
1751 3557 2141 3626 damnaverat,

515 3654 737 3724 absque
772 3650 977 3708 notitia
1017 3650 1165 3706 sedis
1214 3649 1537 3722 apostolicae
1583 3666 1777 3705 rursus
1816 3650 2146 3706 admitteret

515 3747 707 3819 aliqua
732 3746 945 3818 synodo
970 3745 1026 3800 id
1054 3744 1252 3799 fecisse
1272 3749 1640 3800 monstratur.

586 3828 833 3896 Si'certe
875 3839 965 3913 de
988 3838 1268 3908 dignitate
1307 3838 1500 3908 agitur
1527 3837 1844 3904 civitatum,
1880 3837 2143 3892 secundm

514 3930 665 3989 sedis
685 3936 744 3987 et
771 3930 952 3985 tertias
974 3930 1157 4001 major
1182 3936 1267 3984 est
1289 3929 1535 4001 dignitas
1564 3931 1941 3996 sacerdotum,
1970 3947 2143 4001 quam

517 4028 642 4099 ejus
665 4026 858 4080 civitas
883 4040 1010 4095 quae
1039 4040 1154 4076 non
1190 4024 1373 4077 solum
1401 4023 1551 4078 inter
1580 4023 1739 4078 sedes
1766 4024 2003 4078 minime
2034 4041 2139 4078 nu-

515 4122 786 4186 meratur,
815 4118 912 4173 sed
948 4132 1049 4171 nec
1078 4117 1230 4171 inter
1259 4117 1830 4188 metropolitanorum
1853 4117 1987 4189 jura
2017 4134 2144 4173 cen-

516 4198 690 4270 setur.
718 4214 856 4267 Nam
888 4210 1042 4283 quod
1074 4209 1259 4265 dicitis
1286 4210 1458 4281 regite
1488 4210 1746 4278 civitatis,
1769 4210 1877 4265 alia
1897 4215 2142 4282 potestas

514 4314 600 4365 est
622 4309 786 4380 regni
814 4306 1122 4374 saecularis,
1151 4305 1262 4359 alia
1287 4305 1791 4360 ecclesiasticarum
1823 4306 2142 4361 distributio

515 4402 879 4475 dignitatum.
904 4400 1056 4455 Sicut
1082 4400 1258 4467 enim,
1289 4399 1544 4470 quamvis
1568 4416 1744 4471 parva
1769 4400 1977 4469 civitas,
2003 4417 2144 4471 pra:-

514 4496 829 4569 rogativam
851 4494 1144 4567 praesentis
1162 4493 1329 4564 regni
1352 4510 1465 4547 non
1482 4493 1709 4561 minuit,
1732 4494 1810 4548 sic
1830 4494 2143 4565 imperialis

2247 3276 2548 3347 oportebat
2574 3277 2839 3332 excludi?
2865 3276 3012 3342 Quid
3040 3279 3361 3348 peritotum
3389 3275 3677 3332 Orientem
3705 3275 3777 3330 de
3800 3276 3884 3331 in-

2245 3369 2498 3424 numeris
2527 3370 2759 3440 urbibqs
2787 3369 2934 3440 pulsi
2976 3369 3235 3424 catholici
3275 3368 3587 3424 sacerdotes
3613 3374 3671 3424 et
3700 3368 3885 3425 haere-

2242 3462 2337 3517 tici
2368 3462 2915 3535 subrogati?]Nonne
2940 3469 3093 3518 certe
3126 3466 3289 3518 erant
3316 3478 3519 3531 causae,
3547 3468 3604 3518 et
3633 3462 3723 3517 his
3751 3479 3886 3518 con-

2243 3562 2550 3628 sequenter
2575 3574 2689 3612 una
2725 3557 2969 3629 synodus
3010 3556 3342 3611 debebatur.
3384 3557 3498 3611 Cur
3531 3558 3724 3611 tamen
3760 3572 3882 3613 non

2242 3649 2397 3704 venit
2423 3651 2481 3704 in
2508 3653 2784 3719 mentem,
2808 3654 2875 3705 ut
2899 3651 2959 3704 in
2987 3650 3193 3705 talibus
3218 3650 3399 3704 causis
3426 3652 3648 3721 peteret
3668 3665 3701 3704 a
3728 3650 3884 3721 prin-

2244 3744 2367 3815 cipe
2404 3745 2604 3799 saltem
2637 3745 3090 3817 qualemcunque
3126 3744 3407 3816 synodum
3451 3743 3879 3811 celebrandam,

2243 3846 2306 3893 ut
2331 3854 2668 3909 quocunque
2706 3839 2954 3893 colorato
2992 3838 3212 3910 judicio
3255 3837 3577 3892 traditionis
3614 3837 3878 3892 ecclesia-

2241 3931 2393 3986 sticas
2412 3932 2620 4003 passim
2641 3932 2938 4003 pontiﬁces
2952 3931 3284 3987 viderentur
3312 3930 3669 3997 exclusi,non
3689 3931 3881 3986 solum

2241 4040 2711 4097 quarumcunque
2730 4026 2957 4080 urbium
2976 4025 3317 4089 sacerdotes,
3338 4025 3435 4080 sed
3453 4024 3882 4094 metropolitani

2240 4119 2639 4174 incunctanter
2669 4120 2971 4175 antistites.
3002 4120 3094 4174 His
3119 4119 3386 4175 omnibus
3411 4135 3539 4173 cum
3569 4135 3687 4173 non
3714 4118 3878 4173 resti-

2240 4214 2311 4267 tit
2340 4212 2711 4284 suggestione
2734 4231 2845 4285 qna
2866 4214 3053 4285 potuit
3072 4214 3353 4268 consensit
3373 4213 3603 4267 Aeacius
3624 4228 3883 4267 commu-

2240 4307 2485 4362 nicando
2509 4307 2728 4362 cunctis
2758 4308 2857 4379 qui
2885 4308 3290 4362 catholicorum
3323 4307 3380 4361 in
3408 4308 3594 4361 locum
3626 4306 3881 4362 haeretici

2240 4402 2474 4456 fuerunt
2500 4401 2817 4471 subrogati.
2838 4403 3142 4473 Apostolus
3164 4407 3355 4455 autem
3379 4400 3531 4467 dicit,
3553 4417 3670 4456 non
3692 4401 3882 4455 solum

2243 4515 2271 4547 α
2298 4495 2395 4567 qui
2424 4494 2659 4564 faciunt,
2683 4493 2875 4568 240
2906 4496 3004 4550 sed
3033 4496 3129 4567 qui
3157 4494 3513 4550 consentiunt
3541 4494 3881 4549 facientibus

516 4589 819 4666 prtesentia
855 4604 1183 4643 mensuram
1225 4586 1656 4658 dispensationis
1699 4588 1982 4659 religiosae
2027 4604 2139 4642 non
2160 4595 2220 4668 ι)
2244 4589 2411 4659 (Ηοηι.
2436 4606 2473 4656 ι,
2492 4591 2601 4659 32),
2623 4610 2650 4639 ››
2671 4605 2797 4644 reos
2816 4589 3207 4644 indubitanter
3228 4588 3453 4644 ascribi.
3471 4592 3557 4642 An
3580 4588 3702 4643 haec
3725 4589 3885 4644 licuit

514 4690 716 4742 mutat.
741 4684 831 4740 Sic
854 4684 1004 4738 clara
1026 4683 1159 4736 urbs
1179 4681 1278 4736 illa
1305 4684 1576 4752 potestate
1600 4682 1898 4752 praesentis
1917 4681 2144 4752 imperii

512 4780 773 4852 religiosa
815 4778 919 4832 sub
952 4776 1154 4832 eodem
1197 4781 1333 4830 tunc
1377 4774 1568 4844 ﬁrma,
1598 4777 1734 4829 tunc
1776 4775 1975 4844 libera,
2008 4780 2145 4830 tunc

512 4876 778 4947 provecta
809 4870 1079 4938 consistit,
1114 4871 1159 4924 si
1186 4869 1378 4941 potius
1407 4869 1516 4923 hoc
1541 4873 1821 4939 praesente
1851 4868 2145 4939 propriam

513 4971 709 5025 teneat
733 4966 853 5021 sine
882 4966 997 5021 ulla
1025 4963 1451 5036 perturbatione
1476 4978 1827 5016 mensuram.
1860 4961 1971 5017 Sed
1996 4962 2144 5018 dica-

514 5065 609 5119 tur
625 5060 860 5118 forsitan
891 5062 962 5115 de
988 5056 1371 5113 Alexandrino
1401 5061 1459 5111 et
1482 5054 1859 5123 Antiocheno,
1882 5056 2048 5111 certis
2074 5073 2143 5113 ex

516 5156 701 5212 causis
743 5153 1061 5227 principem
1102 5151 1286 5222 magis
1328 5151 1425 5205 illa
1470 5165 1599 5222 quae
1653 5155 1809 5221 gesta
1850 5153 1983 5205 sunt
2028 5167 2141 5206 non

514 5231 780 5307 Acacium
809 5246 1156 5320 praecepisse.
1186 5245 1292 5302 Sed
1320 5243 1566 5316 principi
1593 5244 1909 5300 Christiano
1942 5244 2145 5302 decue-

513 5350 602 5402 rat
627 5358 931 5415 suggerere
962 5340 1335 5407 sacerdotem,
1365 5338 1617 5394 maxime
1653 5355 1813 5410 cujus
1840 5339 2137 5393 familiari-

511 5431 630 5495 tate
651 5443 707 5494 εἳ
733 5437 923 5492 favore
950 5435 1260 5502 fruebatur,
1297 5434 1509 5488 salvam
1536 5433 1657 5486 fore
1683 5432 1753 5488 de
1786 5432 1909 5503 ejus
1933 5431 2142 5504 injzzria

512 5531 963 5602 contumeliaque
982 5527 1308 5591 vindiciam,
1331 5529 1550 5580 tantum
1574 5528 1638 5578 ut
1656 5526 1912 5603 Ecclesiae
1934 5525 2141 5581 sineret

513 5607 865 5695 Christianus
896 5624 1159 5695 princeps
1185 5620 1412 5690 regulas
1437 5618 1727 5686 custodiri,
1757 5620 1895 5691 quia
1913 5623 1970 5673 et
1996 5636 2142 5673 nova

512 5699 567 5776 iii
599 5729 843 5789 utroque
880 5707 1154 5789 pontiﬁce
1179 5718 1371 5767 'canSa
1404 5715 1552 5766 esset
1585 5706 1800 5780 exorta,
1835 5716 1894 5768 et
1936 5728 2141 5768 novam

517 5792 917 5867 discussam
946 5808 1362 5876 consequenter
1387 5798 1719 5874 inquireret,
1742 5811 1802 5861 et
1822 5806 1966 5860 sicut
1989 5823 2139 5861 sem-

515 5894 619 5977 per
646 5907 790 5957 esset
829 5904 1099 5954 elici-turn
1124 5896 1456 5952 sacerdotali
1496 5898 1730 5952 concilio
1778 5899 1847 5953 de
1876 5899 2137 5954 sacerdo-

2243 4683 2495 4737 saeculari
2517 4684 2775 4753 potestati
2800 4689 2855 4738 et
2878 4683 3016 4738 actis
3037 4683 3240 4738 talibus
3265 4681 3466 4738 Acacio
3487 4683 3881 4739 consentiente

2243 4776 2456 4849 absque
2484 4777 2599 4831 ulla
2624 4777 2863 4849 synodo,
2884 4793 3057 4848 quam
3089 4777 3210 4849 ipsa
3235 4793 3427 4832 rerum
3449 4775 3669 4830 novitas
3686 4775 3877 4847 exige-

2241 4870 2337 4925 bat
2362 4871 2577 4942 absque
2608 4871 2757 4927 sedis
2789 4870 3116 4944 apostolicaa
3143 4871 3557 4926 consultatione
3581 4868 3878 4941 perﬁcere,

2243 4969 2298 5019 et
2324 4964 2442 5019 sedi
2470 4964 2788 5036 apostolicae
2816 4981 2933 5020 non
2958 4964 3136 5033 licuit,
3161 4964 3472 5020 secundum
3499 4967 3761 5019 tenorem
3784 4980 3877 5035 sy-

2243 5057 2375 5113 nodi
2403 5058 2895 5127 Chalcedonensis,
2919 5059 2979 5114 in
3006 5058 3183 5113 veteri
3209 5059 3408 5130 utique
3439 5073 3608 5113 causa
3627 5061 3685 5112 et
3699 5057 3879 5113 veteri

2242 5152 2546 5209 constituto
2565 5154 2725 5225 justa
2749 5153 2947 5225 utique
2971 5151 3299 5208 deﬁnitione
3323 5152 3656 5207 damnatum
3682 5150 3875 5206 inimi-

2241 5245 2319 5301 cis
2343 5247 2542 5317 synodi
2559 5247 3041 5303 Chalcedonensis
3060 5246 3322 5317 Acapium
3352 5247 3877 5301 communicantem

2240 5357 2273 5394 a
2291 5357 2398 5396 sna
2417 5341 2822 5397 communione
2848 5341 3152 5412 depellere.
3166 5338 3312 5407 ISed,
3333 5338 3618 5411 inquiunt,
3642 5338 3879 5394 Aeacius

2239 5434 2589 5506 principibus
2629 5434 2861 5491 obviare
2903 5450 3019 5490 non
3056 5435 3261 5506 potuit,
3292 5449 3394 5488 cur
3429 5430 3713 5499 Basilisco,
3741 5431 3877 5504 quia

2239 5528 2413 5582 voluit
2435 5528 2700 5583 obviavit.
2724 5529 2837 5584 Cur
2861 5527 2966 5600 ipsi
2992 5527 3226 5592 Zenoni,
3254 5543 3326 5582 ne
3353 5526 3540 5598 palam
3571 5527 3735 5580 Petro
3758 5527 3875 5579 An-

2241 5620 2525 5688 tiocheno,
2545 5622 2808 5693 quamvis
2824 5622 3069 5676 latenter
3082 5621 3187 5675 hoc
3211 5619 3429 5685 fecerit,
3452 5618 3876 5674 communicare

2239 5715 2550 5781 videretur,
2588 5732 2702 5770 non
2747 5714 3188 5771 communicavit
3231 5714 3548 5769 assensum.
3597 5715 3738 5770 Ecce
3779 5728 3874 5767 re-

2241 5808 2473 5863 sultanti
2520 5825 2639 5863 non
2685 5811 2891 5866 restitit
2934 5810 3265 5881 imperatOr.
3311 5810 3447 5865 Ecce
3488 5808 3605 5863 vim
3656 5807 3877 5862 nolenti

2240 5917 2356 5956 non
2397 5900 2609 5958 intulit.
2652 5903 2787 5959 Ecce
2813 5903 3058 5977 fugienti
3090 5902 3357 5977 contagia
3398 5901 3705 5959 manifesta
3734 5916 3870 5960 con-
