4040 6306
167 342 261 394 969

1393 341 1863 397 DECRETALIUM
1901 341 2290 398 COLLECTIO.

3415 349 3516 416 970

161 445 336 499 cessit.
371 446 660 500 Postremo
697 463 796 500 cur
830 451 989 501 tanto
1030 449 1294 518 tempore
1338 464 1470 504 cum
1503 449 1604 504 ista
1631 466 1787 520 gere-
1808 449 2286 534 Aconstringi,et
2303 449 2374 504 ob
2387 450 2494 505 hoc
2513 449 2693 504 videri
2708 464 2841 505 eum
2862 449 3138 505 nolebant
3157 448 3515 522 damnatum,

160 542 372 604 rentur,
406 539 494 594 lex
525 540 777 610 gerenda
814 549 1208 610 cognosceret,
1248 545 1306 596 et
1333 559 1449 597 non
1493 544 1563 598 ad
1593 544 1788 599 sedem
1808 529 1867 534 ﬂ
1890 543 2021 614 quia
2048 561 2104 597 se
2134 544 2628 614 cognoscebantin
2649 543 2852 598 eadem
2874 545 3329 615 praevaricatione
3352 545 3516 600 dam-
3536 529 3558 626 Ι

159 634 548 703 apostolicam,
571 651 602 687 a
623 650 737 705 qua
760 634 866 688 sibi
893 650 1085 688 curam
1110 635 1334 690 illarum
1366 637 1659 707 regionum
1683 655 1784 692 no-

159 733 314 781 verat
339 727 666 799 delegatam
695 728 907 782 referre
936 729 1234 784 curaverit.
1265 730 1370 784 Sed
1404 731 1559 800 prius
1590 732 1785 786 lauda-

157 825 242 875 tor
286 820 472 875 factus
511 825 595 875 est
625 821 745 891 ipse
791 827 1100 891 gestorum,
1132 821 1264 892 quia
1293 822 1386 877 lex
1413 831 1790 894 praemoneret

159 913 287 967 talia
316 930 434 968 non
468 930 590 968 esse
613 915 877 968 tentanda
902 914 986 968 vel
1008 931 1080 968 ne
1100 919 1457 970 tentarentur
1472 917 1784 985 obsisteret,

156 1006 424 1062 sicutsub
443 1007 703 1062 Basilisco
725 1008 843 1077 jam
866 1007 1092 1063 fecerat.
1117 1009 1230 1064 Cur
1254 1009 1363 1063 illis
1389 1011 1608 1064 caeteris
1634 1027 1786 1065 com-

157 1101 456 1156 municare
485 1100 789 1168 consensit,
820 1101 916 1171 qui
945 1101 1194 1172 depulsis
1215 1103 1501 1158 catholicis
1523 1104 1785 1159 sacerdo-

154 1194 302 1249 tibus
330 1194 725 1248 indubitanter
750 1195 1002 1249 hseretici
1029 1196 1270 1266 singulis
1299 1197 1536 1251 urbibus
1558 1199 1789 1252 fuerant

156 1288 466 1342 substituti.
495 1290 808 1355 Postremo,
850 1289 895 1342 si
936 1288 1031 1342 ille
1079 1289 1260 1343 defuit
1285 1290 1399 1344 suis
1428 1292 1702 1362 partibus,
1732 1297 1790 1346 et

155 1397 280 1452 qua:
311 1381 590 1435 sacerdoti
618 1382 892 1435 catholico
917 1387 1330 1453 competerent,
1353 1399 1524 1452 agere
1554 1401 1666 1438 non
1685 1401 1784 1438 cu-

154 1474 320 1540 ravit,
355 1474 484 1529 ideo
510 1473 672 1529 sedes
707 1475 1014 1544 apostolica
1040 1475 1188 1546 quod
1219 1477 1287 1530 ad
1316 1493 1442 1531 eam
1473 1477 1790 1547 pertinebat

154 1584 272 1622 non
327 1568 534 1638 potuit,
584 1585 690 1622 nec
739 1568 932 1622 debuit
972 1569 1283 1639 praeterire.
1327 1571 1585 1634 Quolibet
1619 1571 1788 1625 modo

155 1661 558 1716 hereticorum
611 1661 950 1732 complicem
1009 1663 1277 1717 refutavit
1342 1668 1401 1718 et
1462 1668 1786 1719 consortem

152 1754 575 1809 communionis
605 1758 855 1810 externae
902 1772 935 1809 a
960 1772 1060 1810 sua
1097 1757 1501 1812 communione
1529 1758 1783 1812 dimovit.

1887 640 2069 704 natos,
2102 638 2157 691 in
2181 655 2295 707 qua
2321 637 2486 691 hodie
2517 654 2751 691 manere
2784 637 3110 708 persistunt.
3142 639 3248 692 Sed
3281 639 3427 694 sicut
3460 640 3518 695 hi

1889 730 2054 784 simili
2071 731 2397 785 conditione
2417 731 2706 785 constricti
2723 732 3056 802 complicem
3077 748 3241 785 suum
3257 749 3373 787 non
3393 750 3520 804 pos-

1889 829 2022 878 sunt
2044 823 2322 893 judicare,
2354 840 2469 878 non
2491 824 2623 894 jure
2650 824 3006 892 damnatum,
3029 841 3214 896 neque
3235 826 3317 880 rei
3347 842 3513 881 reum

1888 921 2127 987 possunt
2155 922 2545 988 competenter
2572 917 2863 972 absolvere
2885 918 2962 972 sic
2981 919 3076 973 ille
3090 919 3223 989 jure
3243 919 3514 990 praevari-

1889 1014 2076 1065 catore
2097 1011 2384 1077 damnato,
2415 1011 2506 1065 isti
2533 1027 2757 1082 quoque
2785 1011 2903 1082 pari
2928 1012 3124 1081 jacent
3153 1012 3515 1069 damnatione

1889 1103 2175 1174 prostrati,
2194 1119 2381 1174 neque
2398 1103 2505 1157 nisi
2525 1103 2914 1174 resipiscentes
2926 1105 3060 1158 inde
3077 1109 3347 1175 poterunt
3359 1122 3516 1177 pror-

1889 1214 1982 1250 sus
2001 1197 2234 1266 absolvi,
2259 1197 2388 1268 quia
2419 1197 2564 1251 sicut
2594 1213 2696 1268 per
2727 1215 2904 1253 unum
2938 1199 3281 1253 scribentem
3315 1216 3514 1255 eorum

1890 1291 2147 1344 omnium
2168 1291 2393 1361 vulgata
2413 1292 2786 1361 transgressio
2810 1298 2894 1346 est
2923 1292 3019 1363 qui
3043 1292 3100 1346 in
3122 1293 3319 1347 eadem
3342 1295 3509 1364 perti-

1889 1383 1998 1437 diaa
2024 1384 2346 1437 reciderant
2373 1384 2679 1449 actionem,
2720 1384 2796 1438 sic
2834 1385 2891 1438 in
2928 1402 3106 1439 unum
3137 1386 3514 1459 eumdemque

1887 1476 1982 1547 qui
2012 1493 2111 1546 pro
2133 1476 2398 1530 omnibus
2419 1477 2714 1546 scripserat
2737 1478 2821 1531 vel
2853 1478 3152 1533 scribendo
3181 1479 3513 1549 prodiderat

1887 1571 2202 1624 voluntates
2226 1570 2673 1640 transgressione
2705 1571 2900 1640 punita
2931 1579 3264 1626 cunctorum
3289 1589 3416 1644 qua:
3442 1574 3514 1629 ad

1886 1663 2316 1718 instructionem
2345 1669 2544 1718 vestra:
2573 1663 2884 1718 dilectionis
2906 1666 2990 1719 fas
3016 1667 3150 1719 satis
3175 1666 3514 1738 abundeque

1889 1757 2150 1811 sufficere
2165 1757 2510 1828 judicamus,
2535 1758 2792 1828 quamvis
2821 1759 3018 1813 eadem
3039 1759 3222 1823 latius,
3257 1759 3302 1814 si
3323 1761 3514 1816 Domi-

225 1849 337 1903 Nee
373 1865 517 1918 opus
550 1849 656 1903 fuit
684 1865 829 1904 nova
861 1849 1080 1921 synodo
1107 1866 1237 1904 cum
1268 1852 1471 1906 veteris
1499 1852 1786 1906 constituti
1810 1827 1864 1899 Β
1889 1868 1994 1905 nus
2049 1850 2389 1905 concesserit
2440 1851 2771 1906 facultatem
2826 1851 3158 1907 studeamus
3209 1869 3515 1924 exponere,

152 1941 507 1997 sufficienter
550 1942 670 1997 hth
713 1943 898 1997 forma
940 1945 1352 2014 praescriberet,
1383 1961 1487 2000 nec
1517 1961 1658 2016 opus
1683 1945 1789 2001 fuit

153 2036 278 2090 haec
308 2034 569 2090 facienda
604 2035 880 2106 episcopis
927 2037 1172 2092 Orientis
1216 2038 1501 2105 intimare,
1549 2055 1688 2110 quos
1733 2044 1790 2094 et

153 2128 491 2199 expulsione
535 2129 967 2197 catholicorum,
1000 2148 1128 2202 quae
1173 2132 1492 2201 agebantur
1527 2131 1586 2186 in
1623 2149 1788 2188 causa

152 2221 289 2276 ﬁdei
317 2238 434 2277 non
463 2222 750 2292 ignorasse
778 2213 1143 2280 manifestum
1166 2225 1254 2290 sit,
1285 2231 1341 2279 et
1359 2225 1786 2281 communican-

152 2315 227 2370 do
275 2315 556 2371 haereticis
599 2316 920 2387 subrogatis
965 2317 1111 2372 facto
1151 2318 1252 2373 tali
1292 2319 1642 2373 consensisse
1671 2337 1787 2375 non

150 2409 390 2464 dubium
431 2415 536 2476 est,
582 2409 754 2464 etiam
795 2415 1046 2466 externie
1087 2412 1509 2466 communionis
1535 2387 1819 2502 effectos?

153 2508 326 2574 atque
362 2502 491 2558 ideo
525 2518 656 2557 cum
693 2503 776 2557 eis
812 2520 916 2558 nec
939 2504 1060 2574 jam
1093 2508 1362 2576 potuisse,
1390 2522 1495 2560 nec
1524 2505 1786 2562 debuisse

151 2595 300 2650 sedis
345 2596 672 2666 apostolicae
698 2597 837 2652 scita
865 2598 1119 2653 tractari.
1166 2600 1304 2653 Ecce
1338 2605 1698 2667 agnoverunt
1727 2599 1786 2654 in

150 2705 350 2745 eorum
379 2689 747 2760 professione,
779 2691 877 2761 qui
899 2691 1353 2746 constantissime
1379 2692 1784 2763 perdurarunt,

151 2782 286 2853 quid
306 2781 436 2836 ﬁdei
459 2781 970 2854 communionique
992 2785 1282 2839 catholicae
1299 2785 1621 2840 deberetur.
1647 2788 1785 2842 Ecce

151 2881 534 2946 agnoverunt,
583 2878 1060 2947 quemadmodum
1117 2897 1150 2930 a
1205 2879 1407 2933 talibus
1447 2880 1783 2949 recedendo,

89 2987 126 3027 6
151 2970 268 3024 imo
288 2969 496 3024 talibus
517 2971 800 3024 contraria
819 2972 1117 3038 moliendo,
1134 2972 1288 3025 atide
1312 2979 1365 3026 et
1382 2973 1785 3028 communione

151 3063 431 3117 catholica
445 3066 617 3134 atque
632 3065 936 3134 apostolica
950 3065 1189 3119 deviarit
1201 3067 1456 3132 Aeacius,
1474 3083 1645 3137 seque
1658 3084 1785 3120 cum

149 3157 354 3212 eodem
384 3157 596 3226 pariter
631 3159 810 3213 errori
838 3159 1231 3213 subdiderunt.
1266 3161 1400 3213 Ecce
1431 3165 1860 3268 agnoveruntC

149 3251 510 3321 quamjustis
536 3267 603 3305 ex
626 3252 808 3304 causis
826 3269 926 3322 pro
951 3252 1059 3305 [ide
1083 3258 1138 3306 et
1159 3254 1564 3307 communione
1586 3255 1782 3308 catho-

146 3344 251 3399 lica
275 3348 450 3415 atque
472 3345 799 3415 apostolica,
823 3346 912 3399 cui
935 3347 1086 3399 etilli
1111 3347 1206 3416 qui
1232 3347 1287 3399 in
1311 3363 1372 3399 ea
1395 3347 1780 3418 perstiterant,

148 3438 564 3507 congruebant,
589 3445 644 3492 et
665 3439 743 3492 illi
768 3439 864 3510 qui
889 3440 1268 3509 perstantibus
1289 3440 1592 3493 obviabant
1607 3441 1676 3493 ab
1699 3458 1785 3494 ea-

147 3533 272 3587 dem
295 3531 837 3587 docebanturalieni
857 3533 1004 3586 sedis
1022 3534 1342 3603 apostolica:
1364 3533 1695 3587 auctoritate
1714 3534 1785 3587 sit

146 3631 400 3681 remotus
426 3626 680 3692 Aeacius,
705 3627 940 3696 ejusque
963 3627 1176 3696 pariter
1196 3627 1519 3698 quicunque
1543 3627 1778 3696 compli-

148 3737 234 3774 ces
267 3719 567 3785 exstiterit,
595 3723 765 3789 atque
792 3721 861 3773 ab
884 3720 1105 3774 illorum
1139 3722 1342 3775 merito
1363 3737 1490 3774 cum
1516 3720 1602 3775 his
1623 3737 1782 3775 com-

149 3813 428 3868 munione
452 3812 744 3879 discretus,
773 3831 805 3866 τι
833 3831 946 3884 qua
980 3831 1037 3868 se
1069 3814 1185 3884 ipse
1219 3815 1468 3884 primum
1502 3831 1631 3869 cum
1669 3815 1783 3868 suis

149 3907 514 3962 consortibus
549 3906 839 3960 catholicis
878 3908 1239 3977 pontiﬁcibus
1274 3908 1644 3978 discrepando
1688 3925 1781 3962 co-

152 4002 446 4071 gnoscitur
467 4001 1030 4071 separasse,jureque
1061 4001 1401 4056 sententiam
1425 4003 1516 4056 ille
1547 4003 1782 4056 damna-

150 4096 319 4150 tionis
342 4094 563 4164 exccpit
583 4094 798 4148 caeteris
815 4095 1172 4149 consortibus
1191 4097 1667 4166 promulgandam
1690 4097 1786 4167 qui

146 4189 298 4242 solus
329 4206 431 4259 pro
452 4187 714 4242 omnibus
734 4188 848 4242 suis
861 4189 1212 4242 consortibus
1227 4189 1280 4243 in
1301 4190 1703 4243 communione
1726 4207 1783 4244 se

146 4282 418 4336 recidisse
457 4281 711 4351 perﬁdiae
750 4282 820 4335 ad
859 4283 1224 4352 apostolicam
1257 4283 1449 4336 sedem
1484 4283 1669 4336 missis
1700 4289 1785 4336 est

149 4377 462 4447 professus.
481 4375 580 4428 Cui
602 4375 647 4427 si
665 4375 1225 4429 communicaverant
1239 4376 1560 4430 Orientales
1579 4375 1786 4445 episco-

152 4470 205 4539 pi
225 4473 540 4539 antequam
563 4469 874 4522 referretur
891 4469 1018 4534 huc,
1036 4469 1156 4538 pari
1173 4470 1367 4540 utique
1383 4474 1538 4522 reatu
1554 4469 1673 4522 sine
1687 4469 1786 4523 du-

1889 1950 2168 2016 quatenus
2197 1951 2255 1998 et
2281 1943 2535 1998 ﬁdelium
2565 1944 2806 2016 quisque
2831 1950 3156 2016 cognoscat,
3205 1948 3344 2002 nihil
3379 1964 3513 2018 apo-

1889 2038 2138 2092 stolicam
2171 2038 2386 2104 sedem,
2421 2038 2574 2109 quod
2599 2038 2765 2105 absit,
2791 2054 3033 2109 pr0pere
3057 2041 3360 2096 censuisse.
3380 2041 3516 2105 Quae

1887 2134 2081 2186 tamen
2111 2131 2390 2186 sententia
2420 2131 2478 2184 in
2515 2131 2714 2187 Acacio
2757 2131 3059 2200 destinata,
3102 2139 3158 2188 et
3195 2134 3240 2188 si
3278 2135 3514 2190 nomine

1885 2225 2282 2279 tantummodo
2312 2224 2574 2296 praesulis
2605 2225 2893 2294 apostolici
2936 2227 3095 2294 cujus
3124 2230 3246 2281 erat
3268 2233 3516 2300 utroque

1886 2319 2180 2389 potestatis
2211 2318 2465 2388 legitime
2492 2318 2763 2390 probatus
2790 2335 2909 2374 esse
2940 2319 3284 2391 deprompta
3312 2322 3513 2392 praeci-

1886 2428 1997 2483 pue
2041 2428 2172 2466 cum
2212 2411 2472 2466 secretim
2515 2411 2810 2483 dirigenda
2845 2412 3156 2480 videretur,
3191 2430 3262 2468 ne
3293 2418 3518 2471 ostensa

1885 2505 2096 2576 ubique
2125 2505 2419 2575 praesentis
2446 2504 2738 2575 dispositio
2760 2505 3021 2560 salutaris
3044 2507 3390 2576 quibuslibet
3411 2508 3517 2563 dif-

1886 2598 2229 2652 ficultatibus
2256 2597 2526 2668 impedita
2555 2598 2932 2652 necessarium
2960 2599 3168 2653 habere
3187 2617 3302 2654 non
3328 2607 3516 2671 posset

1886 2691 2170 2758 effectum,
2202 2697 2394 2746 tamen
2423 2693 2557 2762 quia
2579 2691 2907 2746 orthodoxis
2939 2691 3146 2763 ubique
3179 2693 3430 2764 disjectis
3459 2698 3517 2750 et

1885 2784 2164 2840 haereticis
2194 2785 2612 2851 tantummodo,
2662 2801 2975 2856 eorumque
3009 2787 3362 2842 consortibus
3393 2788 3516 2858 jam

1886 2878 2098 2933 relictis
2147 2879 2205 2932 in
2255 2877 2483 2932 Oriente
2527 2878 2786 2933 catholici
2833 2879 3127 2949 pontiﬁces
3162 2884 3259 2934 aut
3303 2881 3514 2937 residui

1886 2973 2118 3026 omnino
2150 2990 2262 3026 non
2290 2978 2496 3040 essent,
2529 2979 2625 3026 aut
2645 2973 2862 3027 nullam
2894 2977 3162 3043 gererent
3191 2974 3514 3030 libertatem

1886 3066 2263 3137 plurimorum
2297 3067 2353 3119 in
2389 3067 2548 3120 Italia
2575 3066 2983 3121 catholicorum
3025 3069 3396 3137 congregatio
3428 3086 3512 3121 sa-

1887 3160 2180 3214 cerdotum
2216 3160 2631 3214 rationabiliter
2662 3160 2929 3230 cognovit
2959 3161 3014 3214 in
3045 3162 3312 3215 Acacium
3346 3162 3516 3217 fuisse

1887 3239 2206 3338 prolatamj
2235 3254 2372 3317 Quae
2416 3254 2784 3324 congregatio
2832 3254 2979 3308 facta
3021 3254 3352 3324 pontiﬁcum
3398 3271 3515 3310 non

1885 3354 2081 3402 contra
2108 3347 2653 3410 tilialcedonensem,
2680 3363 2794 3400 non
2815 3353 3092 3417 tanquam
3111 3364 3252 3401 nova
3270 3349 3517 3418 synodus

1884 3444 2084 3494 contra
2115 3447 2358 3494 veterem
2390 3441 2754 3510 primamque
2780 3441 3058 3507 convenit,
3088 3441 3182 3494 sed
3212 3442 3398 3510 potius
3427 3459 3513 3501 se-

1884 3533 2134 3588 cundum
2159 3538 2416 3587 tenorem
2450 3534 2652 3587 veteris
2674 3533 2962 3588 constituti
2983 3535 3264 3604 particeps
3285 3539 3512 3605 aposto-

1883 3628 2004 3681 licae
2034 3626 2408 3680 exsecutionis
2436 3625 2635 3679 effecta
2656 3630 2757 3692 est,
2792 3630 2850 3679 ut
2871 3628 3004 3680 satis
3033 3631 3309 3697 appareat
3337 3630 3516 3682 Eccle-

1884 3721 2024 3774 siam
2047 3719 2360 3789 sedemque
2391 3720 2780 3789 apostolicam,
2819 3720 2951 3790 quia
2981 3720 3114 3774 alibi
3139 3720 3258 3789 jam
3282 3721 3514 3775 omnino

1885 3831 1998 3869 non
2030 3819 2217 3884 posset
2242 3813 2342 3866 ubi
2373 3813 2574 3882 potuit,
2625 3819 2681 3866 et
2725 3830 2856 3867 cum
2895 3813 3101 3884 quibus
3141 3814 3325 3883 potuit
3372 3814 3514 3868 nihil

1884 3909 2110 3978 penitus
2149 3906 2400 3961 omisisse
2444 3907 2595 3977 quod
2625 3906 2694 3961 ad
2727 3907 3044 3961 fraternum
3067 3907 3515 3984 pertineretpro

1887 4004 2224 4057 intemerata
2267 4002 2377 4056 ﬁde
2407 4005 2464 4055 et
2493 4001 2716 4055 sincera
2746 4002 3149 4056 communione
3183 4006 3512 4058 tractatum.

1885 4097 2025 4161 Quid
2061 4113 2197 4166 ergo
2245 4096 2334 4149 isti
2376 4095 2686 4166 prudentes
2730 4095 2833 4150 viri
2879 4101 2935 4150 et
2969 4096 3188 4166 argutis
3229 4097 3517 4151 mentibus

1886 4190 2057 4243 totius
2088 4191 2337 4260 regionis
2360 4189 2588 4242 interna
2616 4189 2888 4243 rimantes
2908 4189 2964 4242 in
2993 4189 3237 4243 Orientis
3261 4190 3516 4260 partibus

1885 4283 2197 4348 constituti,
2244 4281 2288 4334 si
2336 4285 2721 4351 cognoverunt
2768 4281 3091 4350 hujusmodi
3124 4297 3425 4352 personam
3457 4285 3514 4336 in

1885 4375 2233 4431 Antiochena
2264 4375 2506 4427 Ecclesia
2531 4374 2921 4427 constitutam.
2946 4375 3056 4428 Cur
3083 4375 3515 4430 communicau-

1885 4471 2021 4524 dum
2047 4468 2252 4522 talibus
2283 4469 2572 4536 praebuere
2600 4483 2958 4521 consensum.
2989 4469 3100 4521 Cur
3120 4485 3230 4521 non
3255 4468 3402 4522 illico
3426 4486 3512 4523 re-

149 4563 243 4618 bio
268 4561 660 4634 probabantur
681 4562 1162 4633 involvi,jureqne
1186 4579 1288 4632 per
1310 4563 1466 4616 illum
1494 4566 1781 4631 trangres-
1805 4564 1863 4635 Ι)
1887 4562 2306 4616 clamaverunt?
2331 4563 2442 4616 Cur
2465 4578 2574 4614 non
2599 4577 2656 4614 se
2683 4561 2772 4613 tali
2793 4561 3054 4631 contagio
3081 4561 3513 4626 submoverunt,

152 4655 680 4710 sionissententiam
700 4659 1098 4727 susceperunt,
1122 4659 1392 4726 tanquam
1411 4656 1538 4710 facti
1555 4673 1683 4709 cum
1699 4673 1786 4710 eo-

154 4752 281 4805 dem
310 4749 728 4804 communionis
761 4752 1029 4804 externae.
1064 4749 1171 4813 Qui
1209 4751 1402 4820 utique
1432 4767 1542 4804 non
1570 4751 1787 4804 consuli

152 4851 428 4915 tanquam
443 4846 652 4897 nostra;
665 4843 1081 4897 communionis
1095 4844 1168 4897 ho
1177 4844 1248 4896 mi
1259 4860 1356 4896 nes
1359 4844 1476 4913 jam
1494 4844 1784 4898 deberent.

154 4937 258 4992 Sed
297 4943 570 5007 tanquam
608 4935 665 4989 in
710 4937 995 4991 contrario
1026 4936 1192 5008 positi
1225 4938 1507 4992 consortio
1532 4937 1784 4991 refutari.

156 5031 206 5086 Si
237 5047 368 5085 vero
396 5047 511 5084 non
528 5030 1089 5084 communicaverant
1108 5034 1413 5102 antequam
1432 5031 1664 5086 Aeacius
1681 5032 1789 5086 huc

157 5124 500 5189 referretur,
551 5127 607 5177 et
644 5123 1167 5178 communicantem
1207 5130 1404 5179 notare
1450 5125 1786 5192 debuerant,

158 5217 272 5288 ipse
299 5217 370 5272 de
399 5215 604 5271 eodem
631 5217 818 5287 potius
853 5217 964 5271 huc
999 5217 1230 5286 referre,
1267 5225 1438 5290 atque
1471 5218 1790 5289 apostolica

159 5311 301 5366 sedis
326 5310 520 5381 vigore
542 5312 865 5380 perculsum
887 5313 1092 5365 merito
1120 5311 1508 5382 comprobare.
1533 5313 1790 5382 Cumque

161 5405 289 5460 sede
318 5403 628 5475 apostolica
661 5404 945 5476 tantisque
971 5403 1078 5458 illis
1104 5405 1464 5475 pontificibus
1500 5405 1679 5476 magis
1705 5409 1789 5459 te-

158 5515 294 5554 nere
319 5497 842 5575 concordiamJgSed
867 5497 1002 5568 quia
1021 5498 1092 5552 ab
1113 5515 1309 5553 eorum
1330 5499 1600 5553 societate
1618 5499 1792 5553 desci-

157 5597 378 5657 verant,
402 5597 459 5646 et
478 5607 674 5646 eorum
694 5591 1112 5647 successoribus
1129 5593 1552 5647 communicare
1569 5591 1792 5664 delega-

161 5690 308 5756 rant,
335 5685 464 5740 ideo
489 5701 619 5740 cum
639 5687 770 5741 sede
792 5685 1101 5757 apostolica
1122 5685 1356 5742 minime
1380 5686 1790 5758 congruebant,

162 5780 294 5852 quia
316 5779 378 5834 in
411 5785 623 5835 sectam
651 5781 967 5836 residerant
1010 5779 1458 5852 praevaricatoris
1503 5781 1688 5836 Acacii
1731 5781 1794 5835 il-

167 5875 268 5930 lius
296 5873 419 5929 sine
455 5873 628 5929 dubio
657 5875 1036 5948 providebant
1064 5875 1343 5930 sententia
1381 5882 1797 5950 consequenter

1887 4673 2015 4709 cum
2046 4654 2334 4708 evidenter
2357 4647 2717 4708 adverterent
2745 4654 2873 4708 ideo
2895 4654 3304 4708 Calendionem
3325 4655 3518 4726 depul-

1889 4767 2036 4815 sum,
2067 4755 2126 4802 ut
2153 4747 2433 4802 haereticis
2461 4747 2810 4818 panderetur
2853 4747 3139 4802 introitus.
3192 4747 3375 4811 Quare
3424 4747 3517 4802 hic

1887 4844 2029 4897 nihil
2051 4843 2119 4897 de
2144 4841 2376 4913 synodo,
2401 4842 2540 4896 nihil
2569 4842 2637 4895 de
2670 4857 2750 4908 re,
2783 4841 2924 4894 nihil
2944 4841 3013 4895 de
3041 4840 3153 4894 ﬁde
3172 4841 3515 4907 Christiana,

1887 4938 2028 4991 nihil
2077 4937 2146 4991 de
2196 4953 2564 5007 personarum
2617 4934 3038 4989 examinatione
3081 4937 3413 4989 tractarunt.
3459 4933 3517 4990 Si

1888 5048 2021 5086 vero
2054 5031 2132 5084 illi
2177 5047 2233 5084 se
2263 5028 2651 5084 communioni
2678 5027 2994 5082 voluntarie
3025 5027 3420 5096 subdiderunt,
3449 5027 3520 5083 ab

1888 5124 2192 5195 apostolica
2233 5123 2363 5178 sedc
2405 5129 2553 5178 certe
2599 5122 2841 5194 separati
2880 5128 3174 5176 suntcum
3206 5121 3434 5190 talibus,
3466 5125 3524 5178 et

1889 5219 2038 5289 apud
2074 5218 2213 5272 tales
2255 5217 2297 5271 si
2329 5223 2474 5271 esset
2512 5215 2822 5270 necessarie
2849 5215 2970 5270 fieri
2997 5216 3152 5270 nulla
3177 5219 3370 5288 posset
3395 5232 3518 5272 om-

1887 5313 2026 5367 nino
2053 5311 2297 5382 synodus
2329 5310 2650 5382 provenire.
2683 5308 2842 5374 Quod
2870 5308 2916 5362 si
2947 5309 3245 5380 ignorasse
3270 5327 3329 5368 se
3360 5311 3516 5366 dixe-

1891 5405 2023 5471 rint,
2055 5405 2235 5476 qualis
2261 5405 2320 5458 in
2346 5402 2644 5458 Antiochia
2672 5406 2802 5474 post
2827 5403 3232 5460 Calendionem
3258 5405 3524 5460 successit

1892 5499 2146 5566 antistes,
2173 5498 2309 5570 quid
2341 5499 2580 5564 mirum,
2625 5497 2670 5550 si
2702 5497 2799 5568 qui
2831 5497 2890 5551 in
2917 5497 3150 5553 Oriente
3177 5498 3362 5570 positi,
3393 5513 3522 5568 quas

1893 5593 1950 5646 in
1980 5592 2210 5662 regione
2241 5609 2342 5646 sua
2362 5590 2711 5662 contigerint
2735 5591 2878 5646 scire
2910 5593 3288 5664 nequiverunt
3310 5607 3372 5644 ea
3393 5605 3524 5661 quia

1891 5685 2040 5757 apud
2066 5686 2433 5756 apostolicam
2465 5685 2656 5739 sedem
2684 5691 2844 5756 gesta
2865 5685 3092 5740 fuerant
3117 5684 3258 5738 scire
3285 5683 3522 5753 ignora-

1895 5785 2042 5835 rent.
2078 5779 2191 5833 Cur
2233 5782 2423 5834 tamen
2453 5785 2754 5851 postquam
2783 5778 2854 5833 ad
2883 5794 3079 5833 eorum
3108 5776 3368 5830 notitiam
3402 5793 3526 5848 per-

1897 5873 2068 5944 venit,
2100 5874 2286 5948 qualis
2313 5879 2461 5929 esset
2479 5874 2740 5929 sacerdos
2760 5873 2908 5944 apud
2935 5869 3292 5927 Antiochiam
3321 5871 3525 5926 consti~
