  <div class='ocr_page' id='page_1' title='image "/cluster/home/n/w/nwhite01/storage/ocr_20150623/130/umn.319510024774230/561.png"; bbox 0 0 4040 6328; ppageno 0'>
   <div class='ocr_carea' id='block_1_1' title="bbox 532 354 678 412">
    <p class='ocr_par' dir='ltr' id='par_1_1' title="bbox 532 354 678 412">
     <span class='ocr_line' id='line_1_1' title="bbox 532 354 678 412; baseline 0.007 -1"><span class='ocrx_word' id='word_1_1' title='bbox 532 354 629 412; x_wconf 73' lang='grc'>971</span> <span class='ocrx_word' id='word_1_2' title='bbox 675 394 678 396; x_wconf 71' lang='lat'><strong><em>~</em></strong></span> 
     </span>
    </p>
   </div>
   <div class='ocr_carea' id='block_1_2' title="bbox 1425 349 3002 409">
    <p class='ocr_par' dir='ltr' id='par_1_2' title="bbox 1425 349 3002 409">
     <span class='ocr_line' id='line_1_2' title="bbox 1425 349 3002 409; baseline -0.003 -1"><span class='ocrx_word' id='word_1_3' title='bbox 1425 353 1705 409; x_wconf 83' lang='lat' dir='ltr'>APPEND.</span> <span class='ocrx_word' id='word_1_4' title='bbox 1746 353 1835 408; x_wconf 81' lang='lat' dir='ltr'><strong>AD</strong></span> <span class='ocrx_word' id='word_1_5' title='bbox 1871 352 2031 408; x_wconf 65' lang='lat' dir='ltr'>SEO.</span> <span class='ocrx_word' id='word_1_6' title='bbox 2073 349 2163 406; x_wconf 83' lang='lat' dir='ltr'>IX.</span> <span class='ocrx_word' id='word_1_7' title='bbox 2186 377 2254 390; x_wconf 83' lang='lat'>—-</span> <span class='ocrx_word' id='word_1_8' title='bbox 2292 350 2537 406; x_wconf 82' lang='lat' dir='ltr'>lSlDORI</span> <span class='ocrx_word' id='word_1_9' title='bbox 2574 349 3002 406; x_wconf 81' lang='lat' dir='ltr'>MERCATORIS</span> 
     </span>
    </p>
   </div>
   <div class='ocr_carea' id='block_1_3' title="bbox 3795 357 3899 408">
    <p class='ocr_par' dir='ltr' id='par_1_3' title="bbox 3795 357 3899 408">
     <span class='ocr_line' id='line_1_3' title="bbox 3795 357 3899 408; baseline 0 0"><span class='ocrx_word' id='word_1_10' title='bbox 3795 357 3899 408; x_wconf 73' lang='lat'><strong>972</strong></span> 
     </span>
    </p>
   </div>
   <div class='ocr_carea' id='block_1_4' title="bbox 531 457 3901 542">
    <p class='ocr_par' dir='ltr' id='par_1_4' title="bbox 531 457 3901 542">
     <span class='ocr_line' id='line_1_4' title="bbox 531 457 3901 542; baseline -0.001 -25"><span class='ocrx_word' id='word_1_11' title='bbox 531 466 708 532; x_wconf 89' lang='lat' dir='ltr'>tutus,</span> <span class='ocrx_word' id='word_1_12' title='bbox 743 477 858 517; x_wconf 93' lang='lat' dir='ltr'>non</span> <span class='ocrx_word' id='word_1_13' title='bbox 881 462 1002 532; x_wconf 92' lang='lat' dir='ltr'>ejus</span> <span class='ocrx_word' id='word_1_14' title='bbox 1028 459 1308 516; x_wconf 87' lang='lat' dir='ltr'>consortia</span> <span class='ocrx_word' id='word_1_15' title='bbox 1331 465 1670 530; x_wconf 77' lang='lat' dir='ltr'>respuerant</span> <span class='ocrx_word' id='word_1_16' title='bbox 1710 460 2000 516; x_wconf 91' lang='lat' dir='ltr'>continuo.</span> <span class='ocrx_word' id='word_1_17' title='bbox 2045 461 2158 516; x_wconf 90' lang='lat' dir='ltr'>Cur</span> <span class='ocrx_word' id='word_1_18' title='bbox 2177 469 2236 542; x_wconf 78' lang='grc' dir='ltr'><strong>Α</strong></span> <span class='ocrx_word' id='word_1_19' title='bbox 2256 457 2511 512; x_wconf 83' lang='lat' dir='ltr'>dentiam</span> <span class='ocrx_word' id='word_1_20' title='bbox 2540 474 2701 512; x_wconf 87' lang='lat' dir='ltr'>suam</span> <span class='ocrx_word' id='word_1_21' title='bbox 2729 464 3091 530; x_wconf 84' lang='lat' dir='ltr'>mentemque</span> <span class='ocrx_word' id='word_1_22' title='bbox 3117 475 3393 514; x_wconf 78' lang='lat' dir='ltr'>vesanam</span> <span class='ocrx_word' id='word_1_23' title='bbox 3415 459 3686 514; x_wconf 87' lang='lat' dir='ltr'>inanibus</span> <span class='ocrx_word' id='word_1_24' title='bbox 3705 461 3901 530; x_wconf 89' lang='lat' dir='ltr'>potius</span> 
     </span>
    </p>
   </div>
   <div class='ocr_carea' id='block_1_5' title="bbox 532 552 2160 625">
    <p class='ocr_par' dir='ltr' id='par_1_5' title="bbox 532 552 2160 625">
     <span class='ocr_line' id='line_1_5' title="bbox 532 552 2160 625; baseline -0.002 -13"><span class='ocrx_word' id='word_1_25' title='bbox 532 557 947 612; x_wconf 81' lang='lat' dir='ltr'>excusationem</span> <span class='ocrx_word' id='word_1_26' title='bbox 965 553 1035 608; x_wconf 92' lang='lat' dir='ltr'>de</span> <span class='ocrx_word' id='word_1_27' title='bbox 1057 552 1396 625; x_wconf 70' lang='lat' dir='ltr'>ignorantia:</span> <span class='ocrx_word' id='word_1_28' title='bbox 1416 553 1604 608; x_wconf 92' lang='lat' dir='ltr'>colore</span> <span class='ocrx_word' id='word_1_29' title='bbox 1620 553 2008 624; x_wconf 84' lang='lat' dir='ltr'>praetendunt,</span> <span class='ocrx_word' id='word_1_30' title='bbox 2028 571 2160 610; x_wconf 90' lang='lat' dir='ltr'>cum</span> 
     </span>
    </p>
   </div>
   <div class='ocr_carea' id='block_1_6' title="bbox 533 646 2160 718">
    <p class='ocr_par' dir='ltr' id='par_1_6' title="bbox 533 646 2160 718">
     <span class='ocr_line' id='line_1_6' title="bbox 533 646 2160 718; baseline -0.002 -13"><span class='ocrx_word' id='word_1_31' title='bbox 533 650 702 705; x_wconf 87' lang='lat' dir='ltr'>hodie</span> <span class='ocrx_word' id='word_1_32' title='bbox 727 653 783 704; x_wconf 89' lang='lat' dir='ltr'>et</span> <span class='ocrx_word' id='word_1_33' title='bbox 808 647 1110 702; x_wconf 87' lang='lat' dir='ltr'>manifesta</span> <span class='ocrx_word' id='word_1_34' title='bbox 1147 646 1409 716; x_wconf 88' lang='lat' dir='ltr'>contagio</span> <span class='ocrx_word' id='word_1_35' title='bbox 1439 646 1813 718; x_wconf 85' lang='lat' dir='ltr'>perﬁdorum,</span> <span class='ocrx_word' id='word_1_36' title='bbox 1854 651 1910 701; x_wconf 90' lang='lat' dir='ltr'>et</span> <span class='ocrx_word' id='word_1_37' title='bbox 1937 665 1969 702; x_wconf 91' lang='lat' dir='ltr'>a</span> <span class='ocrx_word' id='word_1_38' title='bbox 1997 648 2160 702; x_wconf 89' lang='lat' dir='ltr'>nobis</span> 
     </span>
    </p>
   </div>
   <div class='ocr_carea' id='block_1_7' title="bbox 531 740 2158 814">
    <p class='ocr_par' dir='ltr' id='par_1_7' title="bbox 531 740 2158 814">
     <span class='ocr_line' id='line_1_7' title="bbox 531 740 2158 814; baseline -0.001 -16"><span class='ocrx_word' id='word_1_39' title='bbox 531 743 733 814; x_wconf 70' lang='lat' dir='ltr'>saepius</span> <span class='ocrx_word' id='word_1_40' title='bbox 754 741 1098 812; x_wconf 81' lang='lat' dir='ltr'>exprobrata</span> <span class='ocrx_word' id='word_1_41' title='bbox 1112 743 1420 796; x_wconf 82' lang='lat' dir='ltr'>sectantur.</span> <span class='ocrx_word' id='word_1_42' title='bbox 1446 740 1569 805; x_wconf 90' lang='lat' dir='ltr'>Quo</span> <span class='ocrx_word' id='word_1_43' title='bbox 1593 741 1730 796; x_wconf 87' lang='lat' dir='ltr'>satis</span> <span class='ocrx_word' id='word_1_44' title='bbox 1745 749 1999 813; x_wconf 84' lang='lat' dir='ltr'>apparet,</span> <span class='ocrx_word' id='word_1_45' title='bbox 2025 742 2158 813; x_wconf 83' lang='lat' dir='ltr'>quia</span> 
     </span>
    </p>
   </div>
   <div class='ocr_carea' id='block_1_8' title="bbox 532 833 2156 907">
    <p class='ocr_par' dir='ltr' id='par_1_8' title="bbox 532 833 2156 907">
     <span class='ocr_line' id='line_1_8' title="bbox 532 833 2156 907; baseline 0 -16"><span class='ocrx_word' id='word_1_46' title='bbox 532 853 635 892; x_wconf 92' lang='lat' dir='ltr'>nec</span> <span class='ocrx_word' id='word_1_47' title='bbox 658 840 797 891; x_wconf 92' lang='lat' dir='ltr'>tunc</span> <span class='ocrx_word' id='word_1_48' title='bbox 822 835 1076 907; x_wconf 83' lang='lat' dir='ltr'>quidem,</span> <span class='ocrx_word' id='word_1_49' title='bbox 1107 835 1277 890; x_wconf 89' lang='lat' dir='ltr'>etiam</span> <span class='ocrx_word' id='word_1_50' title='bbox 1296 833 1340 888; x_wconf 89' lang='lat' dir='ltr'>si</span> <span class='ocrx_word' id='word_1_51' title='bbox 1361 840 1790 905; x_wconf 85' lang='lat' dir='ltr'>cognoscerent,</span> <span class='ocrx_word' id='word_1_52' title='bbox 1822 836 2156 905; x_wconf 81' lang='lat' dir='ltr'>refutarent,</span> 
     </span>
    </p>
   </div>
   <div class='ocr_carea' id='block_1_9' title="bbox 531 928 2158 1002">
    <p class='ocr_par' dir='ltr' id='par_1_9' title="bbox 531 928 2158 1002">
     <span class='ocr_line' id='line_1_9' title="bbox 531 928 2158 1002; baseline -0.001 -17"><span class='ocrx_word' id='word_1_53' title='bbox 531 929 760 1002; x_wconf 79' lang='lat' dir='ltr'>quando</span> <span class='ocrx_word' id='word_1_54' title='bbox 787 946 938 984; x_wconf 91' lang='lat' dir='ltr'>nunc</span> <span class='ocrx_word' id='word_1_55' title='bbox 967 929 1141 986; x_wconf 91' lang='lat' dir='ltr'>etiam</span> <span class='ocrx_word' id='word_1_56' title='bbox 1173 928 1460 1000; x_wconf 90' lang='lat' dir='ltr'>publicata</span> <span class='ocrx_word' id='word_1_57' title='bbox 1486 945 1601 982; x_wconf 92' lang='lat' dir='ltr'>non</span> <span class='ocrx_word' id='word_1_58' title='bbox 1628 931 1900 996; x_wconf 91' lang='lat' dir='ltr'>renuunt,</span> <span class='ocrx_word' id='word_1_59' title='bbox 1929 946 2158 1000; x_wconf 85' lang='lat' dir='ltr'>prorsus</span> 
     </span>
    </p>
   </div>
   <div class='ocr_carea' id='block_1_10' title="bbox 528 1013 2183 1096">
    <p class='ocr_par' dir='ltr' id='par_1_10' title="bbox 528 1013 2183 1096">
     <span class='ocr_line' id='line_1_10' title="bbox 528 1013 2183 1096; baseline -0.001 -17"><span class='ocrx_word' id='word_1_60' title='bbox 528 1025 588 1079; x_wconf 91' lang='lat' dir='ltr'>in</span> <span class='ocrx_word' id='word_1_61' title='bbox 608 1023 922 1096; x_wconf 88' lang='lat' dir='ltr'>quamlibet</span> <span class='ocrx_word' id='word_1_62' title='bbox 940 1041 998 1079; x_wconf 89' lang='lat' dir='ltr'>se</span> <span class='ocrx_word' id='word_1_63' title='bbox 1015 1027 1235 1094; x_wconf 89' lang='lat' dir='ltr'>partem</span> <span class='ocrx_word' id='word_1_64' title='bbox 1253 1023 1786 1094; x_wconf 80' lang='lat' dir='ltr'>excusationemque</span> <span class='ocrx_word' id='word_1_65' title='bbox 1804 1027 2156 1093; x_wconf 86' lang='lat' dir='ltr'>convertant,</span> <span class='ocrx_word' id='word_1_66' title='bbox 2179 1013 2183 1017; x_wconf 62' lang='grc'><strong>’</strong></span> 
     </span>
    </p>
   </div>
   <div class='ocr_carea' id='block_1_11' title="bbox 527 1115 2159 1187">
    <p class='ocr_par' dir='ltr' id='par_1_11' title="bbox 527 1115 2159 1187">
     <span class='ocr_line' id='line_1_11' title="bbox 527 1115 2159 1187; baseline -0.001 -13"><span class='ocrx_word' id='word_1_67' title='bbox 527 1117 827 1174; x_wconf 87' lang='lat' dir='ltr'>manifeste</span> <span class='ocrx_word' id='word_1_68' title='bbox 848 1117 1088 1186; x_wconf 87' lang='lat' dir='ltr'>veritati,</span> <span class='ocrx_word' id='word_1_69' title='bbox 1103 1116 1148 1171; x_wconf 91' lang='lat' dir='ltr'>si</span> <span class='ocrx_word' id='word_1_70' title='bbox 1168 1116 1305 1172; x_wconf 88' lang='lat' dir='ltr'>talia</span> <span class='ocrx_word' id='word_1_71' title='bbox 1323 1132 1452 1187; x_wconf 79' lang='lat' dir='ltr'>quae</span> <span class='ocrx_word' id='word_1_72' title='bbox 1467 1115 1547 1171; x_wconf 91' lang='lat' dir='ltr'>eis</span> <span class='ocrx_word' id='word_1_73' title='bbox 1569 1115 1935 1184; x_wconf 81' lang='lat' dir='ltr'>suffocantur,</span> <span class='ocrx_word' id='word_1_74' title='bbox 1959 1120 2023 1171; x_wconf 91' lang='lat' dir='ltr'>ut</span> <span class='ocrx_word' id='word_1_75' title='bbox 2043 1117 2159 1172; x_wconf 90' lang='lat' dir='ltr'>suis</span> 
     </span>
    </p>
   </div>
   <div class='ocr_carea' id='block_1_12' title="bbox 529 1209 2157 1283">
    <p class='ocr_par' dir='ltr' id='par_1_12' title="bbox 529 1209 2157 1283">
     <span class='ocr_line' id='line_1_12' title="bbox 529 1209 2157 1283; baseline -0.001 -17"><span class='ocrx_word' id='word_1_76' title='bbox 529 1212 640 1283; x_wconf 89' lang='lat' dir='ltr'>ipsi</span> <span class='ocrx_word' id='word_1_77' title='bbox 663 1211 852 1267; x_wconf 81' lang='lat' dir='ltr'>verbis</span> <span class='ocrx_word' id='word_1_78' title='bbox 891 1210 1112 1283; x_wconf 88' lang='lat' dir='ltr'>possint</span> <span class='ocrx_word' id='word_1_79' title='bbox 1147 1209 1480 1281; x_wconf 89' lang='lat' dir='ltr'>actibusque</span> <span class='ocrx_word' id='word_1_80' title='bbox 1517 1210 1798 1278; x_wconf 87' lang='lat' dir='ltr'>concludi,</span> <span class='ocrx_word' id='word_1_81' title='bbox 1821 1227 1923 1265; x_wconf 90' lang='lat' dir='ltr'>nec</span> <span class='ocrx_word' id='word_1_82' title='bbox 1943 1211 2053 1265; x_wconf 91' lang='lat' dir='ltr'>nisi</span> <span class='ocrx_word' id='word_1_83' title='bbox 2072 1228 2157 1266; x_wconf 89' lang='lat' dir='ltr'>so-</span> 
     </span>
    </p>
   </div>
   <div class='ocr_carea' id='block_1_13' title="bbox 527 1303 2154 1377">
    <p class='ocr_par' dir='ltr' id='par_1_13' title="bbox 527 1303 2154 1377">
     <span class='ocr_line' id='line_1_13' title="bbox 527 1303 2154 1377; baseline -0.001 -16"><span class='ocrx_word' id='word_1_84' title='bbox 527 1307 644 1361; x_wconf 89' lang='lat' dir='ltr'>lam</span> <span class='ocrx_word' id='word_1_85' title='bbox 660 1305 971 1377; x_wconf 88' lang='lat' dir='ltr'>perniciem</span> <span class='ocrx_word' id='word_1_86' title='bbox 986 1303 1170 1360; x_wconf 92' lang='lat' dir='ltr'>obstin</span> <span class='ocrx_word' id='word_1_87' title='bbox 1178 1306 1285 1358; x_wconf 71' lang='lat' dir='ltr'>atas</span> <span class='ocrx_word' id='word_1_88' title='bbox 1298 1303 1552 1374; x_wconf 34' lang='lat' dir='ltr'>perfidiae</span> <span class='ocrx_word' id='word_1_89' title='bbox 1565 1303 1853 1358; x_wconf 90' lang='lat' dir='ltr'>residuum</span> <span class='ocrx_word' id='word_1_90' title='bbox 1865 1304 2154 1360; x_wconf 83' lang='lat' dir='ltr'>ventilare.</span> 
     </span>
    </p>
   </div>
   <div class='ocr_carea' id='block_1_14' title="bbox 597 1397 2159 1470">
    <p class='ocr_par' dir='ltr' id='par_1_14' title="bbox 597 1397 2159 1470">
     <span class='ocr_line' id='line_1_14' title="bbox 597 1397 2159 1470; baseline -0.001 -16"><span class='ocrx_word' id='word_1_91' title='bbox 597 1401 726 1454; x_wconf 60' lang='lat' dir='ltr'>Haec</span> <span class='ocrx_word' id='word_1_92' title='bbox 764 1401 956 1454; x_wconf 89' lang='lat' dir='ltr'>autem</span> <span class='ocrx_word' id='word_1_93' title='bbox 1003 1414 1131 1470; x_wconf 76' lang='lat' dir='ltr'>quae</span> <span class='ocrx_word' id='word_1_94' title='bbox 1174 1398 1243 1452; x_wconf 92' lang='lat' dir='ltr'>de</span> <span class='ocrx_word' id='word_1_95' title='bbox 1287 1397 1632 1453; x_wconf 89' lang='lat' dir='ltr'>Calendione</span> <span class='ocrx_word' id='word_1_96' title='bbox 1676 1398 1985 1452; x_wconf 87' lang='lat' dir='ltr'>venerabili</span> <span class='ocrx_word' id='word_1_97' title='bbox 2007 1399 2159 1454; x_wconf 91' lang='lat' dir='ltr'>dicta</span> 
     </span>
    </p>
   </div>
   <div class='ocr_carea' id='block_1_15' title="bbox 525 1490 2158 1562">
    <p class='ocr_par' dir='ltr' id='par_1_15' title="bbox 525 1490 2158 1562">
     <span class='ocr_line' id='line_1_15' title="bbox 525 1490 2158 1562; baseline 0 -15"><span class='ocrx_word' id='word_1_98' title='bbox 525 1498 678 1562; x_wconf 90' lang='lat' dir='ltr'>sunt,</span> <span class='ocrx_word' id='word_1_99' title='bbox 710 1496 768 1548; x_wconf 91' lang='lat' dir='ltr'>et</span> <span class='ocrx_word' id='word_1_100' title='bbox 795 1491 854 1547; x_wconf 91' lang='lat' dir='ltr'>in</span> <span class='ocrx_word' id='word_1_101' title='bbox 883 1492 1114 1547; x_wconf 80' lang='lat' dir='ltr'>Joannis</span> <span class='ocrx_word' id='word_1_102' title='bbox 1143 1490 1504 1547; x_wconf 83' lang='lat' dir='ltr'>Alexandrini</span> <span class='ocrx_word' id='word_1_103' title='bbox 1527 1491 1871 1545; x_wconf 91' lang='lat' dir='ltr'>conveniunt</span> <span class='ocrx_word' id='word_1_104' title='bbox 1895 1495 2048 1546; x_wconf 90' lang='lat' dir='ltr'>certa</span> <span class='ocrx_word' id='word_1_105' title='bbox 2074 1509 2158 1547; x_wconf 89' lang='lat' dir='ltr'>ra-</span> 
     </span>
    </p>
   </div>
   <div class='ocr_carea' id='block_1_16' title="bbox 524 1585 2153 1658">
    <p class='ocr_par' dir='ltr' id='par_1_16' title="bbox 524 1585 2153 1658">
     <span class='ocr_line' id='line_1_16' title="bbox 524 1585 2153 1658; baseline 0 -16"><span class='ocrx_word' id='word_1_106' title='bbox 524 1586 680 1642; x_wconf 86' lang='lat' dir='ltr'>tione</span> <span class='ocrx_word' id='word_1_107' title='bbox 707 1602 1036 1658; x_wconf 88' lang='lat' dir='ltr'>personam,</span> <span class='ocrx_word' id='word_1_108' title='bbox 1064 1586 1180 1640; x_wconf 89' lang='lat' dir='ltr'>imo</span> <span class='ocrx_word' id='word_1_109' title='bbox 1205 1585 1250 1640; x_wconf 92' lang='lat' dir='ltr'>si</span> <span class='ocrx_word' id='word_1_110' title='bbox 1280 1601 1449 1639; x_wconf 87' lang='lat' dir='ltr'>causa</span> <span class='ocrx_word' id='word_1_111' title='bbox 1476 1585 1675 1639; x_wconf 91' lang='lat' dir='ltr'>eadem</span> <span class='ocrx_word' id='word_1_112' title='bbox 1708 1585 1872 1639; x_wconf 87' lang='lat' dir='ltr'>latius</span> <span class='ocrx_word' id='word_1_113' title='bbox 1899 1585 2153 1658; x_wconf 90' lang='lat' dir='ltr'>inquira-</span> 
     </span>
    </p>
   </div>
   <div class='ocr_carea' id='block_1_17' title="bbox 490 1677 2152 1749">
    <p class='ocr_par' dir='ltr' id='par_1_17' title="bbox 490 1677 2152 1749">
     <span class='ocr_line' id='line_1_17' title="bbox 490 1677 2152 1749; baseline -0.002 -11"><span class='ocrx_word' id='word_1_114' title='bbox 490 1682 638 1747; x_wconf 63' lang='lat' dir='ltr'>r&#39;tur,</span> <span class='ocrx_word' id='word_1_115' title='bbox 669 1683 839 1735; x_wconf 82' lang='lat' dir='ltr'>tantae</span> <span class='ocrx_word' id='word_1_116' title='bbox 865 1679 978 1733; x_wconf 91' lang='lat' dir='ltr'>illic</span> <span class='ocrx_word' id='word_1_117' title='bbox 1010 1677 1329 1749; x_wconf 68' lang='lat' dir='ltr'>tragoediae,</span> <span class='ocrx_word' id='word_1_118' title='bbox 1363 1677 1508 1732; x_wconf 90' lang='lat' dir='ltr'>tanti</span> <span class='ocrx_word' id='word_1_119' title='bbox 1529 1678 1893 1748; x_wconf 90' lang='lat' dir='ltr'>reperiuntur</span> <span class='ocrx_word' id='word_1_120' title='bbox 1912 1695 2152 1749; x_wconf 89' lang='lat' dir='ltr'>errores,</span> 
     </span>
    </p>
   </div>
   <div class='ocr_carea' id='block_1_18' title="bbox 525 1771 2154 1844">
    <p class='ocr_par' dir='ltr' id='par_1_18' title="bbox 525 1771 2154 1844">
     <span class='ocr_line' id='line_1_18' title="bbox 525 1771 2154 1844; baseline 0 -16"><span class='ocrx_word' id='word_1_121' title='bbox 525 1778 590 1828; x_wconf 90' lang='lat' dir='ltr'>ut</span> <span class='ocrx_word' id='word_1_122' title='bbox 617 1773 661 1828; x_wconf 90' lang='lat' dir='ltr'>si</span> <span class='ocrx_word' id='word_1_123' title='bbox 693 1772 800 1844; x_wconf 88' lang='lat' dir='ltr'>ipsi</span> <span class='ocrx_word' id='word_1_124' title='bbox 827 1776 961 1827; x_wconf 90' lang='lat' dir='ltr'>sunt</span> <span class='ocrx_word' id='word_1_125' title='bbox 983 1771 1205 1843; x_wconf 91' lang='lat' dir='ltr'>judices</span> <span class='ocrx_word' id='word_1_126' title='bbox 1249 1771 1346 1842; x_wconf 88' lang='lat' dir='ltr'>qui</span> <span class='ocrx_word' id='word_1_127' title='bbox 1397 1771 1518 1826; x_wconf 74' lang='lat' dir='ltr'>haec</span> <span class='ocrx_word' id='word_1_128' title='bbox 1563 1774 1982 1843; x_wconf 88' lang='lat' dir='ltr'>perpetrarunt,</span> <span class='ocrx_word' id='word_1_129' title='bbox 2025 1791 2154 1828; x_wconf 90' lang='lat' dir='ltr'>cum</span> 
     </span>
    </p>
   </div>
   <div class='ocr_carea' id='block_1_19' title="bbox 2259 551 3900 624">
    <p class='ocr_par' dir='ltr' id='par_1_19' title="bbox 2259 551 3900 624">
     <span class='ocr_line' id='line_1_19' title="bbox 2259 551 3900 624; baseline 0.002 -19"><span class='ocrx_word' id='word_1_130' title='bbox 2259 551 2462 606; x_wconf 90' lang='lat' dir='ltr'>fabulis</span> <span class='ocrx_word' id='word_1_131' title='bbox 2489 551 2680 605; x_wconf 91' lang='lat' dir='ltr'>celare</span> <span class='ocrx_word' id='word_1_132' title='bbox 2702 552 2947 606; x_wconf 87' lang='lat' dir='ltr'>letaliter</span> <span class='ocrx_word' id='word_1_133' title='bbox 2969 569 3141 623; x_wconf 90' lang='lat' dir='ltr'>quam</span> <span class='ocrx_word' id='word_1_134' title='bbox 3163 553 3449 624; x_wconf 89' lang='lat' dir='ltr'>perdendo</span> <span class='ocrx_word' id='word_1_135' title='bbox 3474 553 3900 609; x_wconf 89' lang='lat' dir='ltr'>medicinaliter</span> 
     </span>
    </p>
   </div>
   <div class='ocr_carea' id='block_1_20' title="bbox 2260 645 3897 703">
    <p class='ocr_par' dir='ltr' id='par_1_20' title="bbox 2260 645 3897 703">
     <span class='ocr_line' id='line_1_20' title="bbox 2260 645 3897 703; baseline 0.002 -5"><span class='ocrx_word' id='word_1_136' title='bbox 2260 661 2458 699; x_wconf 87' lang='lat' dir='ltr'>sanare</span> <span class='ocrx_word' id='word_1_137' title='bbox 2488 645 2880 700; x_wconf 84' lang='lat' dir='ltr'>contendant?</span> <span class='ocrx_word' id='word_1_138' title='bbox 2911 646 3060 700; x_wconf 88' lang='lat' dir='ltr'>Nihil</span> <span class='ocrx_word' id='word_1_139' title='bbox 3082 647 3234 701; x_wconf 88' lang='lat' dir='ltr'>enim</span> <span class='ocrx_word' id='word_1_140' title='bbox 3256 647 3411 701; x_wconf 87' lang='lat' dir='ltr'>vobis</span> <span class='ocrx_word' id='word_1_141' title='bbox 3431 664 3736 703; x_wconf 88' lang='lat' dir='ltr'>commune</span> <span class='ocrx_word' id='word_1_142' title='bbox 3763 666 3897 702; x_wconf 90' lang='lat' dir='ltr'>cum</span> 
     </span>
    </p>
   </div>
   <div class='ocr_carea' id='block_1_21' title="bbox 2259 738 3897 796">
    <p class='ocr_par' dir='ltr' id='par_1_21' title="bbox 2259 738 3897 796">
     <span class='ocr_line' id='line_1_21' title="bbox 2259 738 3897 796; baseline 0.002 -4"><span class='ocrx_word' id='word_1_143' title='bbox 2259 738 2588 793; x_wconf 88' lang='lat' dir='ltr'>hominibus</span> <span class='ocrx_word' id='word_1_144' title='bbox 2623 739 3041 793; x_wconf 91' lang='lat' dir='ltr'>communionis</span> <span class='ocrx_word' id='word_1_145' title='bbox 3080 746 3347 796; x_wconf 65' lang='lat' dir='ltr'>externae.</span> <span class='ocrx_word' id='word_1_146' title='bbox 3387 741 3517 796; x_wconf 90' lang='lat' dir='ltr'>Ideo</span> <span class='ocrx_word' id='word_1_147' title='bbox 3559 747 3794 796; x_wconf 86' lang='lat' dir='ltr'>vocatur</span> <span class='ocrx_word' id='word_1_148' title='bbox 3823 742 3897 796; x_wconf 88' lang='lat' dir='ltr'>ad</span> 
     </span>
    </p>
   </div>
   <div class='ocr_carea' id='block_1_22' title="bbox 2250 832 3898 905">
    <p class='ocr_par' dir='ltr' id='par_1_22' title="bbox 2250 832 3898 905">
     <span class='ocr_line' id='line_1_22' title="bbox 2250 832 3898 905; baseline 0.002 -19"><span class='ocrx_word' id='word_1_149' title='bbox 2250 832 2532 903; x_wconf 90' lang='lat' dir='ltr'>judicium</span> <span class='ocrx_word' id='word_1_150' title='bbox 2555 836 2773 887; x_wconf 88' lang='lat' dir='ltr'>certum</span> <span class='ocrx_word' id='word_1_151' title='bbox 2795 850 3148 905; x_wconf 88' lang='lat' dir='ltr'>quaecunque</span> <span class='ocrx_word' id='word_1_152' title='bbox 3168 851 3433 905; x_wconf 82' lang='lat' dir='ltr'>persona,</span> <span class='ocrx_word' id='word_1_153' title='bbox 3458 839 3625 889; x_wconf 88' lang='lat' dir='ltr'>utaut</span> <span class='ocrx_word' id='word_1_154' title='bbox 3647 836 3898 890; x_wconf 85' lang='lat' dir='ltr'>fateatur</span> 
     </span>
    </p>
   </div>
   <div class='ocr_carea' id='block_1_23' title="bbox 2259 926 3895 999">
    <p class='ocr_par' dir='ltr' id='par_1_23' title="bbox 2259 926 3895 999">
     <span class='ocr_line' id='line_1_23' title="bbox 2259 926 3895 999; baseline 0.002 -19"><span class='ocrx_word' id='word_1_155' title='bbox 2259 926 2498 996; x_wconf 86' lang='lat' dir='ltr'>objecta,</span> <span class='ocrx_word' id='word_1_156' title='bbox 2521 929 2619 980; x_wconf 89' lang='lat' dir='ltr'>aut</span> <span class='ocrx_word' id='word_1_157' title='bbox 2645 926 3015 981; x_wconf 85' lang='lat' dir='ltr'>convincatur</span> <span class='ocrx_word' id='word_1_158' title='bbox 3035 928 3287 999; x_wconf 84' lang='lat' dir='ltr'>objectis.</span> <span class='ocrx_word' id='word_1_159' title='bbox 3311 930 3442 983; x_wconf 87' lang='lat' dir='ltr'>Post</span> <span class='ocrx_word' id='word_1_160' title='bbox 3472 930 3895 985; x_wconf 82' lang='lat' dir='ltr'>confessionem</span> 
     </span>
    </p>
   </div>
   <div class='ocr_carea' id='block_1_24' title="bbox 2258 1019 3896 1094">
    <p class='ocr_par' dir='ltr' id='par_1_24' title="bbox 2258 1019 3896 1094">
     <span class='ocr_line' id='line_1_24' title="bbox 2258 1019 3896 1094; baseline 0.004 -22"><span class='ocrx_word' id='word_1_161' title='bbox 2258 1036 2426 1090; x_wconf 88' lang='lat' dir='ltr'>porro</span> <span class='ocrx_word' id='word_1_162' title='bbox 2449 1019 2763 1074; x_wconf 90' lang='lat' dir='ltr'>litterarum</span> <span class='ocrx_word' id='word_1_163' title='bbox 2787 1025 2986 1076; x_wconf 86' lang='lat' dir='ltr'>tenore</span> <span class='ocrx_word' id='word_1_164' title='bbox 3009 1021 3372 1093; x_wconf 89' lang='lat' dir='ltr'>deprompto,</span> <span class='ocrx_word' id='word_1_165' title='bbox 3401 1039 3502 1077; x_wconf 91' lang='lat' dir='ltr'>cur</span> <span class='ocrx_word' id='word_1_166' title='bbox 3521 1024 3592 1078; x_wconf 89' lang='lat' dir='ltr'>ad</span> <span class='ocrx_word' id='word_1_167' title='bbox 3606 1024 3896 1094; x_wconf 86' lang='lat' dir='ltr'>judicium</span> 
     </span>
    </p>
   </div>
   <div class='ocr_carea' id='block_1_25' title="bbox 2257 1113 3896 1188">
    <p class='ocr_par' dir='ltr' id='par_1_25' title="bbox 2257 1113 3896 1188">
     <span class='ocr_line' id='line_1_25' title="bbox 2257 1113 3896 1188; baseline 0.004 -23"><span class='ocrx_word' id='word_1_168' title='bbox 2257 1117 2554 1168; x_wconf 88' lang='lat' dir='ltr'>vocaretur</span> <span class='ocrx_word' id='word_1_169' title='bbox 2594 1113 2826 1169; x_wconf 77' lang='lat' dir='ltr'>Aeacius</span> <span class='ocrx_word' id='word_1_170' title='bbox 2857 1115 2955 1185; x_wconf 89' lang='lat' dir='ltr'>qui</span> <span class='ocrx_word' id='word_1_171' title='bbox 2985 1131 3044 1169; x_wconf 92' lang='lat' dir='ltr'>se</span> <span class='ocrx_word' id='word_1_172' title='bbox 3080 1115 3368 1170; x_wconf 87' lang='lat' dir='ltr'>confessus</span> <span class='ocrx_word' id='word_1_173' title='bbox 3391 1123 3476 1171; x_wconf 92' lang='lat' dir='ltr'>est</span> <span class='ocrx_word' id='word_1_174' title='bbox 3505 1118 3687 1186; x_wconf 88' lang='lat' dir='ltr'>Petro,</span> <span class='ocrx_word' id='word_1_175' title='bbox 3715 1134 3896 1188; x_wconf 87' lang='lat' dir='ltr'>quem</span> 
     </span>
    </p>
   </div>
   <div class='ocr_carea' id='block_1_26' title="bbox 2257 1206 3892 1280">
    <p class='ocr_par' dir='ltr' id='par_1_26' title="bbox 2257 1206 3892 1280">
     <span class='ocr_line' id='line_1_26' title="bbox 2257 1206 3892 1280; baseline 0.002 -20"><span class='ocrx_word' id='word_1_176' title='bbox 2257 1207 2400 1276; x_wconf 87' lang='lat' dir='ltr'>petit</span> <span class='ocrx_word' id='word_1_177' title='bbox 2425 1223 2458 1260; x_wconf 89' lang='lat' dir='ltr'>a</span> <span class='ocrx_word' id='word_1_178' title='bbox 2486 1206 2634 1261; x_wconf 90' lang='lat' dir='ltr'>sedis</span> <span class='ocrx_word' id='word_1_179' title='bbox 2659 1207 2983 1277; x_wconf 65' lang='lat' dir='ltr'>apostolicae</span> <span class='ocrx_word' id='word_1_180' title='bbox 3029 1209 3412 1280; x_wconf 78' lang='lat' dir='ltr'>praeceptione</span> <span class='ocrx_word' id='word_1_181' title='bbox 3441 1210 3703 1264; x_wconf 89' lang='lat' dir='ltr'>damnari</span> <span class='ocrx_word' id='word_1_182' title='bbox 3726 1227 3892 1264; x_wconf 91' lang='lat' dir='ltr'>com-</span> 
     </span>
    </p>
   </div>
   <div class='ocr_carea' id='block_1_27' title="bbox 2258 1299 3894 1372">
    <p class='ocr_par' dir='ltr' id='par_1_27' title="bbox 2258 1299 3894 1372">
     <span class='ocr_line' id='line_1_27' title="bbox 2258 1299 3894 1372; baseline 0.004 -20"><span class='ocrx_word' id='word_1_183' title='bbox 2258 1299 2531 1354; x_wconf 91' lang='lat' dir='ltr'>munione</span> <span class='ocrx_word' id='word_1_184' title='bbox 2563 1300 2823 1370; x_wconf 84' lang='lat' dir='ltr'>sociasse,</span> <span class='ocrx_word' id='word_1_185' title='bbox 2868 1317 2972 1356; x_wconf 91' lang='lat' dir='ltr'>nec</span> <span class='ocrx_word' id='word_1_186' title='bbox 3007 1301 3058 1355; x_wconf 93' lang='lat' dir='ltr'>ei</span> <span class='ocrx_word' id='word_1_187' title='bbox 3090 1302 3211 1372; x_wconf 90' lang='lat' dir='ltr'>jam</span> <span class='ocrx_word' id='word_1_188' title='bbox 3255 1303 3410 1357; x_wconf 88' lang='lat' dir='ltr'>credi</span> <span class='ocrx_word' id='word_1_189' title='bbox 3443 1307 3696 1358; x_wconf 59' lang='lat' dir='ltr'>externa;</span> <span class='ocrx_word' id='word_1_190' title='bbox 3727 1321 3894 1359; x_wconf 90' lang='lat' dir='ltr'>com-</span> 
     </span>
    </p>
   </div>
   <div class='ocr_carea' id='block_1_28' title="bbox 2253 1393 3894 1466">
    <p class='ocr_par' dir='ltr' id='par_1_28' title="bbox 2253 1393 3894 1466">
     <span class='ocr_line' id='line_1_28' title="bbox 2253 1393 3894 1466; baseline 0.002 -18"><span class='ocrx_word' id='word_1_191' title='bbox 2253 1393 2543 1448; x_wconf 90' lang='lat' dir='ltr'>munionis</span> <span class='ocrx_word' id='word_1_192' title='bbox 2569 1393 2784 1461; x_wconf 78' lang='lat' dir='ltr'>effecto,</span> <span class='ocrx_word' id='word_1_193' title='bbox 2815 1395 2900 1448; x_wconf 89' lang='lat' dir='ltr'>vel</span> <span class='ocrx_word' id='word_1_194' title='bbox 2929 1412 3031 1465; x_wconf 92' lang='lat' dir='ltr'>pro</span> <span class='ocrx_word' id='word_1_195' title='bbox 3062 1411 3182 1460; x_wconf 90' lang='lat' dir='ltr'>sua,</span> <span class='ocrx_word' id='word_1_196' title='bbox 3228 1397 3312 1450; x_wconf 91' lang='lat' dir='ltr'>vel</span> <span class='ocrx_word' id='word_1_197' title='bbox 3361 1413 3464 1466; x_wconf 89' lang='lat' dir='ltr'>pro</span> <span class='ocrx_word' id='word_1_198' title='bbox 3521 1413 3742 1466; x_wconf 87' lang='lat' dir='ltr'>eorum,</span> <span class='ocrx_word' id='word_1_199' title='bbox 3803 1400 3894 1452; x_wconf 86' lang='lat' dir='ltr'>vel</span> 
     </span>
    </p>
   </div>
   <div class='ocr_carea' id='block_1_29' title="bbox 2257 1486 3894 1561">
    <p class='ocr_par' dir='ltr' id='par_1_29' title="bbox 2257 1486 3894 1561">
     <span class='ocr_line' id='line_1_29' title="bbox 2257 1486 3894 1561; baseline 0.004 -22"><span class='ocrx_word' id='word_1_200' title='bbox 2257 1502 2360 1556; x_wconf 90' lang='lat' dir='ltr'>pro</span> <span class='ocrx_word' id='word_1_201' title='bbox 2404 1486 2556 1540; x_wconf 91' lang='lat' dir='ltr'>Petri</span> <span class='ocrx_word' id='word_1_202' title='bbox 2583 1487 2912 1541; x_wconf 88' lang='lat' dir='ltr'>defensione</span> <span class='ocrx_word' id='word_1_203' title='bbox 2935 1488 3058 1558; x_wconf 90' lang='lat' dir='ltr'>jam</span> <span class='ocrx_word' id='word_1_204' title='bbox 3089 1493 3296 1561; x_wconf 69' lang='lat' dir='ltr'>posset,</span> <span class='ocrx_word' id='word_1_205' title='bbox 3336 1490 3498 1559; x_wconf 89' lang='lat' dir='ltr'>cujus</span> <span class='ocrx_word' id='word_1_206' title='bbox 3539 1507 3598 1544; x_wconf 90' lang='lat' dir='ltr'>se</span> <span class='ocrx_word' id='word_1_207' title='bbox 3626 1491 3894 1561; x_wconf 87' lang='lat' dir='ltr'>superius</span> 
     </span>
    </p>
   </div>
   <div class='ocr_carea' id='block_1_30' title="bbox 2256 1493 3894 1683">
    <p class='ocr_par' dir='ltr' id='par_1_30' title="bbox 2256 1493 3894 1683">
     <span class='ocr_line' id='line_1_30' title="bbox 2257 1493 3894 1561; baseline 0.004 -22"><span class='ocrx_word' id='word_1_208' title='bbox 2257 1502 2360 1556; x_wconf 90' lang='lat' dir='ltr'>pro</span> <span class='ocrx_word' id='word_1_209' title='bbox 2404 1493 2556 1540; x_wconf 86' lang='lat' dir='ltr'>Petri</span> <span class='ocrx_word' id='word_1_210' title='bbox 2583 1493 2912 1541; x_wconf 88' lang='lat' dir='ltr'>defensione</span> <span class='ocrx_word' id='word_1_211' title='bbox 2935 1493 3058 1558; x_wconf 89' lang='lat' dir='ltr'>jam</span> <span class='ocrx_word' id='word_1_212' title='bbox 3089 1505 3250 1558; x_wconf 79' lang='lat' dir='ltr'>posse</span> <span class='ocrx_word' id='word_1_213' title='bbox 3336 1493 3498 1559; x_wconf 89' lang='lat' dir='ltr'>cujus</span> <span class='ocrx_word' id='word_1_214' title='bbox 3539 1507 3598 1544; x_wconf 90' lang='lat' dir='ltr'>se</span> <span class='ocrx_word' id='word_1_215' title='bbox 3626 1493 3894 1561; x_wconf 87' lang='lat' dir='ltr'>superius</span> 
     </span>
     <span class='ocr_line' id='line_1_31' title="bbox 2256 1493 3894 1683; baseline 0.004 -50"><span class='ocrx_word' id='word_1_216' title='bbox 2256 1579 2560 1635; x_wconf 85' lang='lat' dir='ltr'>miscuerat</span> <span class='ocrx_word' id='word_1_217' title='bbox 2607 1581 2851 1634; x_wconf 90' lang='lat' dir='ltr'>nefando</span> <span class='ocrx_word' id='word_1_218' title='bbox 2905 1581 3208 1635; x_wconf 88' lang='lat' dir='ltr'>consortio.</span> <span class='ocrx_word' id='word_1_219' title='bbox 3213 1493 3604 1683; x_wconf 34' lang='lat' dir='ltr'>feceratque</span> <span class='ocrx_word' id='word_1_220' title='bbox 3648 1601 3708 1639; x_wconf 91' lang='lat' dir='ltr'>se</span> <span class='ocrx_word' id='word_1_221' title='bbox 3755 1601 3894 1638; x_wconf 88' lang='lat' dir='ltr'>cum</span> 
     </span>
    </p>
   </div>
   <div class='ocr_carea' id='block_1_31' title="bbox 2257 1673 3897 1744">
    <p class='ocr_par' dir='ltr' id='par_1_31' title="bbox 2257 1673 3897 1744">
     <span class='ocr_line' id='line_1_32' title="bbox 2257 1673 3897 1744; baseline 0.003 -16"><span class='ocrx_word' id='word_1_222' title='bbox 2257 1673 2378 1744; x_wconf 91' lang='lat' dir='ltr'>ejus</span> <span class='ocrx_word' id='word_1_223' title='bbox 2406 1690 2571 1727; x_wconf 88' lang='lat' dir='ltr'>causa</span> <span class='ocrx_word' id='word_1_224' title='bbox 2595 1674 2717 1728; x_wconf 89' lang='lat' dir='ltr'>sine</span> <span class='ocrx_word' id='word_1_225' title='bbox 2748 1674 3096 1729; x_wconf 90' lang='lat' dir='ltr'>dubitatione</span> <span class='ocrx_word' id='word_1_226' title='bbox 3120 1673 3506 1743; x_wconf 80' lang='lat' dir='ltr'>communem,</span> <span class='ocrx_word' id='word_1_227' title='bbox 3544 1677 3634 1732; x_wconf 87' lang='lat' dir='ltr'>cui</span> <span class='ocrx_word' id='word_1_228' title='bbox 3676 1678 3897 1733; x_wconf 85' lang='lat' dir='ltr'>exami-</span> 
     </span>
    </p>
   </div>
   <div class='ocr_carea' id='block_1_32' title="bbox 2256 1766 3894 1842">
    <p class='ocr_par' dir='ltr' id='par_1_32' title="bbox 2256 1766 3894 1842">
     <span class='ocr_line' id='line_1_33' title="bbox 2256 1766 3894 1842; baseline 0.004 -22"><span class='ocrx_word' id='word_1_229' title='bbox 2256 1766 2486 1822; x_wconf 89' lang='lat' dir='ltr'>natione</span> <span class='ocrx_word' id='word_1_230' title='bbox 2512 1767 2804 1838; x_wconf 69' lang='lat' dir='ltr'>prazmissa</span> <span class='ocrx_word' id='word_1_231' title='bbox 2825 1770 2883 1821; x_wconf 87' lang='lat' dir='ltr'>et</span> <span class='ocrx_word' id='word_1_232' title='bbox 2909 1769 3164 1838; x_wconf 87' lang='lat' dir='ltr'>legitima</span> <span class='ocrx_word' id='word_1_233' title='bbox 3183 1775 3348 1838; x_wconf 91' lang='lat' dir='ltr'>esset,</span> <span class='ocrx_word' id='word_1_234' title='bbox 3382 1770 3427 1824; x_wconf 88' lang='lat' dir='ltr'>si</span> <span class='ocrx_word' id='word_1_235' title='bbox 3447 1772 3522 1825; x_wconf 88' lang='lat' dir='ltr'>ita</span> <span class='ocrx_word' id='word_1_236' title='bbox 3543 1773 3894 1842; x_wconf 81' lang='lat' dir='ltr'>purgatione</span> 
     </span>
    </p>
   </div>
   <div class='ocr_carea' id='block_1_33' title="bbox 525 1837 3893 1933">
    <p class='ocr_par' dir='ltr' id='par_1_33' title="bbox 525 1837 3893 1933">
     <span class='ocr_line' id='line_1_34' title="bbox 525 1837 3893 1933; baseline -0.001 -11"><span class='ocrx_word' id='word_1_237' title='bbox 525 1866 821 1923; x_wconf 87' lang='lat' dir='ltr'>evidenter</span> <span class='ocrx_word' id='word_1_238' title='bbox 856 1865 1070 1922; x_wconf 89' lang='lat' dir='ltr'>fuerint</span> <span class='ocrx_word' id='word_1_239' title='bbox 1105 1865 1395 1932; x_wconf 90' lang='lat' dir='ltr'>confutati,</span> <span class='ocrx_word' id='word_1_240' title='bbox 1425 1883 1457 1920; x_wconf 87' lang='lat' dir='ltr'>a</span> <span class='ocrx_word' id='word_1_241' title='bbox 1495 1881 1598 1920; x_wconf 89' lang='lat' dir='ltr'>sua</span> <span class='ocrx_word' id='word_1_242' title='bbox 1633 1865 2002 1922; x_wconf 83' lang='lat' dir='ltr'>damnatione</span> <span class='ocrx_word' id='word_1_243' title='bbox 2039 1885 2154 1923; x_wconf 77' lang='lat' dir='ltr'>non</span> <span class='ocrx_word' id='word_1_244' title='bbox 2178 1837 2234 1911; x_wconf 85' lang='grc' dir='ltr'><strong>Β</strong></span> <span class='ocrx_word' id='word_1_245' title='bbox 2258 1867 2517 1932; x_wconf 88' lang='lat' dir='ltr'>suscepta</span> <span class='ocrx_word' id='word_1_246' title='bbox 2536 1861 2874 1933; x_wconf 83' lang='lat' dir='ltr'>regulariter</span> <span class='ocrx_word' id='word_1_247' title='bbox 2892 1862 3247 1918; x_wconf 86' lang='lat' dir='ltr'>misceretur.</span> <span class='ocrx_word' id='word_1_248' title='bbox 3272 1864 3381 1919; x_wconf 93' lang='lat' dir='ltr'>Sed</span> <span class='ocrx_word' id='word_1_249' title='bbox 3401 1881 3530 1918; x_wconf 88' lang='lat' dir='ltr'>cum</span> <span class='ocrx_word' id='word_1_250' title='bbox 3549 1866 3754 1920; x_wconf 90' lang='lat' dir='ltr'>eodem</span> <span class='ocrx_word' id='word_1_251' title='bbox 3774 1883 3893 1920; x_wconf 93' lang='lat' dir='ltr'>non</span> 
     </span>
    </p>
   </div>
   <div class='ocr_carea' id='block_1_34' title="bbox 525 1958 2157 2032">
    <p class='ocr_par' dir='ltr' id='par_1_34' title="bbox 525 1958 2157 2032">
     <span class='ocr_line' id='line_1_35' title="bbox 525 1958 2157 2032; baseline 0.001 -16"><span class='ocrx_word' id='word_1_252' title='bbox 525 1960 679 2016; x_wconf 90' lang='lat' dir='ltr'>enim</span> <span class='ocrx_word' id='word_1_253' title='bbox 697 1960 1233 2032; x_wconf 89' lang='lat' dir='ltr'>temperent.Talem</span> <span class='ocrx_word' id='word_1_254' title='bbox 1255 1959 1409 2014; x_wconf 91' lang='lat' dir='ltr'>enim</span> <span class='ocrx_word' id='word_1_255' title='bbox 1429 1958 1541 2014; x_wconf 90' lang='lat' dir='ltr'>illic</span> <span class='ocrx_word' id='word_1_256' title='bbox 1555 1964 1862 2030; x_wconf 90' lang='lat' dir='ltr'>antequam</span> <span class='ocrx_word' id='word_1_257' title='bbox 1880 1965 2157 2017; x_wconf 90' lang='lat' dir='ltr'>monstra-</span> 
     </span>
    </p>
   </div>
   <div class='ocr_carea' id='block_1_35' title="bbox 526 2052 2158 2125">
    <p class='ocr_par' dir='ltr' id='par_1_35' title="bbox 526 2052 2158 2125">
     <span class='ocr_line' id='line_1_36' title="bbox 526 2052 2158 2125; baseline 0.001 -15"><span class='ocrx_word' id='word_1_258' title='bbox 526 2061 618 2110; x_wconf 89' lang='lat' dir='ltr'>tur</span> <span class='ocrx_word' id='word_1_259' title='bbox 650 2054 792 2109; x_wconf 91' lang='lat' dir='ltr'>nihil</span> <span class='ocrx_word' id='word_1_260' title='bbox 819 2053 976 2108; x_wconf 89' lang='lat' dir='ltr'>aliud</span> <span class='ocrx_word' id='word_1_261' title='bbox 1007 2069 1182 2125; x_wconf 90' lang='lat' dir='ltr'>quam</span> <span class='ocrx_word' id='word_1_262' title='bbox 1212 2052 1507 2124; x_wconf 63' lang='lat' dir='ltr'>quaesitam</span> <span class='ocrx_word' id='word_1_263' title='bbox 1532 2069 1756 2108; x_wconf 89' lang='lat' dir='ltr'>causam</span> <span class='ocrx_word' id='word_1_264' title='bbox 1790 2056 2158 2124; x_wconf 86' lang='lat' dir='ltr'>quemadmo-</span> 
     </span>
    </p>
   </div>
   <div class='ocr_carea' id='block_1_36' title="bbox 526 2146 2157 2218">
    <p class='ocr_par' dir='ltr' id='par_1_36' title="bbox 526 2146 2157 2218">
     <span class='ocr_line' id='line_1_37' title="bbox 526 2146 2157 2218; baseline 0.001 -16"><span class='ocrx_word' id='word_1_265' title='bbox 526 2147 664 2202; x_wconf 89' lang='lat' dir='ltr'>dum</span> <span class='ocrx_word' id='word_1_266' title='bbox 682 2147 955 2203; x_wconf 89' lang='lat' dir='ltr'>catholico</span> <span class='ocrx_word' id='word_1_267' title='bbox 972 2147 1353 2218; x_wconf 89' lang='lat' dir='ltr'>qualicunque</span> <span class='ocrx_word' id='word_1_268' title='bbox 1369 2146 1622 2217; x_wconf 86' lang='lat' dir='ltr'>deposito</span> <span class='ocrx_word' id='word_1_269' title='bbox 1635 2148 1923 2218; x_wconf 84' lang='lat' dir='ltr'>pontiﬁce,</span> <span class='ocrx_word' id='word_1_270' title='bbox 1941 2149 2157 2204; x_wconf 78' lang='lat' dir='ltr'>haereti-</span> 
     </span>
    </p>
   </div>
   <div class='ocr_carea' id='block_1_37' title="bbox 524 2240 2156 2298">
    <p class='ocr_par' dir='ltr' id='par_1_37' title="bbox 524 2240 2156 2298">
     <span class='ocr_line' id='line_1_38' title="bbox 524 2240 2156 2298; baseline 0.001 -2"><span class='ocrx_word' id='word_1_271' title='bbox 524 2257 588 2296; x_wconf 94' lang='lat' dir='ltr'>co</span> <span class='ocrx_word' id='word_1_272' title='bbox 611 2243 772 2297; x_wconf 90' lang='lat' dir='ltr'>Petro</span> <span class='ocrx_word' id='word_1_273' title='bbox 787 2244 1137 2296; x_wconf 88' lang='lat' dir='ltr'>reseraretur</span> <span class='ocrx_word' id='word_1_274' title='bbox 1154 2256 1429 2295; x_wconf 91' lang='lat' dir='ltr'>accessus.</span> <span class='ocrx_word' id='word_1_275' title='bbox 1452 2242 1609 2294; x_wconf 90' lang='lat' dir='ltr'>Nunc</span> <span class='ocrx_word' id='word_1_276' title='bbox 1626 2240 1776 2295; x_wconf 89' lang='lat' dir='ltr'>istud</span> <span class='ocrx_word' id='word_1_277' title='bbox 1793 2258 1961 2297; x_wconf 90' lang='lat' dir='ltr'>nemo</span> <span class='ocrx_word' id='word_1_278' title='bbox 1976 2243 2156 2298; x_wconf 90' lang='lat' dir='ltr'>discu-</span> 
     </span>
    </p>
   </div>
   <div class='ocr_carea' id='block_1_38' title="bbox 527 2333 2153 2405">
    <p class='ocr_par' dir='ltr' id='par_1_38' title="bbox 527 2333 2153 2405">
     <span class='ocr_line' id='line_1_39' title="bbox 527 2333 2153 2405; baseline 0.001 -16"><span class='ocrx_word' id='word_1_279' title='bbox 527 2334 704 2390; x_wconf 88' lang='lat' dir='ltr'>tiebat</span> <span class='ocrx_word' id='word_1_280' title='bbox 722 2335 1005 2405; x_wconf 86' lang='lat' dir='ltr'>synodum</span> <span class='ocrx_word' id='word_1_281' title='bbox 1037 2349 1205 2388; x_wconf 91' lang='lat' dir='ltr'>nemo</span> <span class='ocrx_word' id='word_1_282' title='bbox 1232 2333 1519 2405; x_wconf 90' lang='lat' dir='ltr'>poscebat,</span> <span class='ocrx_word' id='word_1_283' title='bbox 1549 2334 1759 2404; x_wconf 90' lang='lat' dir='ltr'>passim</span> <span class='ocrx_word' id='word_1_284' title='bbox 1783 2337 1976 2390; x_wconf 89' lang='lat' dir='ltr'>omnia</span> <span class='ocrx_word' id='word_1_285' title='bbox 1999 2337 2153 2392; x_wconf 91' lang='lat' dir='ltr'>licito</span> 
     </span>
    </p>
   </div>
   <div class='ocr_carea' id='block_1_39' title="bbox 525 2426 2154 2501">
    <p class='ocr_par' dir='ltr' id='par_1_39' title="bbox 525 2426 2154 2501">
     <span class='ocr_line' id='line_1_40' title="bbox 525 2426 2154 2501; baseline 0.002 -19"><span class='ocrx_word' id='word_1_286' title='bbox 525 2428 648 2483; x_wconf 79' lang='lat' dir='ltr'>fieri</span> <span class='ocrx_word' id='word_1_287' title='bbox 680 2445 714 2484; x_wconf 94' lang='lat' dir='ltr'>a</span> <span class='ocrx_word' id='word_1_288' title='bbox 739 2428 1176 2501; x_wconf 89' lang='lat' dir='ltr'>quibuscunque</span> <span class='ocrx_word' id='word_1_289' title='bbox 1203 2426 1559 2494; x_wconf 89' lang='lat' dir='ltr'>videbantur,</span> <span class='ocrx_word' id='word_1_290' title='bbox 1593 2429 1816 2483; x_wconf 90' lang='lat' dir='ltr'>nullum</span> <span class='ocrx_word' id='word_1_291' title='bbox 1847 2429 2154 2485; x_wconf 90' lang='lat' dir='ltr'>discrimen</span> 
     </span>
    </p>
   </div>
   <div class='ocr_carea' id='block_1_40' title="bbox 526 2521 2155 2592">
    <p class='ocr_par' dir='ltr' id='par_1_40' title="bbox 526 2521 2155 2592">
     <span class='ocr_line' id='line_1_41' title="bbox 526 2521 2155 2592; baseline 0.001 -14"><span class='ocrx_word' id='word_1_292' title='bbox 526 2537 740 2591; x_wconf 88' lang='lat' dir='ltr'>rerum,</span> <span class='ocrx_word' id='word_1_293' title='bbox 776 2521 932 2577; x_wconf 91' lang='lat' dir='ltr'>nulla</span> <span class='ocrx_word' id='word_1_294' title='bbox 960 2521 1310 2577; x_wconf 88' lang='lat' dir='ltr'>examinatio</span> <span class='ocrx_word' id='word_1_295' title='bbox 1332 2521 1730 2592; x_wconf 88' lang='lat' dir='ltr'>postulabatur</span> <span class='ocrx_word' id='word_1_296' title='bbox 1755 2524 2034 2592; x_wconf 84' lang='lat' dir='ltr'>Ecclesiae,</span> <span class='ocrx_word' id='word_1_297' title='bbox 2059 2525 2155 2580; x_wconf 91' lang='lat' dir='ltr'>sed</span> 
     </span>
    </p>
   </div>
   <div class='ocr_carea' id='block_1_41' title="bbox 523 2615 2152 2688">
    <p class='ocr_par' dir='ltr' id='par_1_41' title="bbox 523 2615 2152 2688">
     <span class='ocr_line' id='line_1_42' title="bbox 523 2615 2152 2688; baseline 0.001 -17"><span class='ocrx_word' id='word_1_298' title='bbox 523 2620 690 2688; x_wconf 89' lang='lat' dir='ltr'>prout</span> <span class='ocrx_word' id='word_1_299' title='bbox 721 2616 1028 2688; x_wconf 88' lang='lat' dir='ltr'>unicuique</span> <span class='ocrx_word' id='word_1_300' title='bbox 1065 2615 1314 2670; x_wconf 90' lang='lat' dir='ltr'>venisset</span> <span class='ocrx_word' id='word_1_301' title='bbox 1343 2615 1402 2670; x_wconf 90' lang='lat' dir='ltr'>in</span> <span class='ocrx_word' id='word_1_302' title='bbox 1436 2619 1712 2683; x_wconf 90' lang='lat' dir='ltr'>mentem,</span> <span class='ocrx_word' id='word_1_303' title='bbox 1745 2617 1812 2672; x_wconf 92' lang='lat' dir='ltr'>de</span> <span class='ocrx_word' id='word_1_304' title='bbox 1841 2617 1968 2672; x_wconf 79' lang='lat' dir='ltr'>filiis</span> <span class='ocrx_word' id='word_1_305' title='bbox 1998 2618 2152 2673; x_wconf 90' lang='lat' dir='ltr'>urbi-</span> 
     </span>
    </p>
   </div>
   <div class='ocr_carea' id='block_1_42' title="bbox 521 2709 2152 2780">
    <p class='ocr_par' dir='ltr' id='par_1_42' title="bbox 521 2709 2152 2780">
     <span class='ocr_line' id='line_1_43' title="bbox 521 2709 2152 2780; baseline 0.002 -17"><span class='ocrx_word' id='word_1_306' title='bbox 521 2711 625 2765; x_wconf 90' lang='lat' dir='ltr'>bus</span> <span class='ocrx_word' id='word_1_307' title='bbox 649 2711 939 2766; x_wconf 90' lang='lat' dir='ltr'>catholicis</span> <span class='ocrx_word' id='word_1_308' title='bbox 970 2709 1288 2780; x_wconf 89' lang='lat' dir='ltr'>pellebatur</span> <span class='ocrx_word' id='word_1_309' title='bbox 1313 2709 1632 2780; x_wconf 87' lang='lat' dir='ltr'>episcopus,</span> <span class='ocrx_word' id='word_1_310' title='bbox 1671 2726 1786 2764; x_wconf 92' lang='lat' dir='ltr'>non</span> <span class='ocrx_word' id='word_1_311' title='bbox 1816 2712 1998 2766; x_wconf 91' lang='lat' dir='ltr'>solum</span> <span class='ocrx_word' id='word_1_312' title='bbox 2029 2729 2152 2767; x_wconf 90' lang='lat' dir='ltr'>me-</span> 
     </span>
    </p>
   </div>
   <div class='ocr_carea' id='block_1_43' title="bbox 517 2803 2151 2874">
    <p class='ocr_par' dir='ltr' id='par_1_43' title="bbox 517 2803 2151 2874">
     <span class='ocr_line' id='line_1_44' title="bbox 517 2803 2151 2874; baseline 0.004 -20"><span class='ocrx_word' id='word_1_313' title='bbox 517 2804 910 2874; x_wconf 75' lang='lat' dir='ltr'>tropolitanus,</span> <span class='ocrx_word' id='word_1_314' title='bbox 939 2803 1041 2858; x_wconf 91' lang='lat' dir='ltr'>sed</span> <span class='ocrx_word' id='word_1_315' title='bbox 1071 2803 1244 2858; x_wconf 88' lang='lat' dir='ltr'>etiam</span> <span class='ocrx_word' id='word_1_316' title='bbox 1270 2803 1453 2857; x_wconf 76' lang='lat' dir='ltr'>tertiae</span> <span class='ocrx_word' id='word_1_317' title='bbox 1482 2808 1537 2857; x_wconf 90' lang='lat' dir='ltr'>et</span> <span class='ocrx_word' id='word_1_318' title='bbox 1562 2804 1827 2858; x_wconf 85' lang='lat' dir='ltr'>secundae</span> <span class='ocrx_word' id='word_1_319' title='bbox 1871 2805 2020 2859; x_wconf 88' lang='lat' dir='ltr'>sedis</span> <span class='ocrx_word' id='word_1_320' title='bbox 2047 2823 2151 2860; x_wconf 89' lang='lat' dir='ltr'>an-</span> 
     </span>
    </p>
   </div>
   <div class='ocr_carea' id='block_1_44' title="bbox 519 2897 2150 2968">
    <p class='ocr_par' dir='ltr' id='par_1_44' title="bbox 519 2897 2150 2968">
     <span class='ocr_line' id='line_1_45' title="bbox 519 2897 2150 2968; baseline 0.002 -18"><span class='ocrx_word' id='word_1_321' title='bbox 519 2897 697 2951; x_wconf 88' lang='lat' dir='ltr'>tistes.</span> <span class='ocrx_word' id='word_1_322' title='bbox 727 2899 787 2951; x_wconf 91' lang='lat' dir='ltr'>In</span> <span class='ocrx_word' id='word_1_323' title='bbox 839 2897 926 2951; x_wconf 92' lang='lat' dir='ltr'>his</span> <span class='ocrx_word' id='word_1_324' title='bbox 973 2898 1131 2951; x_wconf 92' lang='lat' dir='ltr'>nulla</span> <span class='ocrx_word' id='word_1_325' title='bbox 1165 2913 1357 2951; x_wconf 89' lang='lat' dir='ltr'>rerum</span> <span class='ocrx_word' id='word_1_326' title='bbox 1387 2897 1744 2967; x_wconf 75' lang='lat' dir='ltr'>investigatio</span> <span class='ocrx_word' id='word_1_327' title='bbox 1775 2899 2150 2968; x_wconf 78' lang='lat' dir='ltr'>quaerebatur,</span> 
     </span>
    </p>
   </div>
   <div class='ocr_carea' id='block_1_45' title="bbox 521 2989 2156 3062">
    <p class='ocr_par' dir='ltr' id='par_1_45' title="bbox 521 2989 2156 3062">
     <span class='ocr_line' id='line_1_46' title="bbox 521 2989 2156 3062; baseline 0.002 -20"><span class='ocrx_word' id='word_1_328' title='bbox 521 2989 677 3044; x_wconf 85' lang='lat' dir='ltr'>nulla</span> <span class='ocrx_word' id='word_1_329' title='bbox 702 2990 961 3044; x_wconf 89' lang='lat' dir='ltr'>facienda</span> <span class='ocrx_word' id='word_1_330' title='bbox 990 2989 1224 3044; x_wconf 91' lang='lat' dir='ltr'>consilia</span> <span class='ocrx_word' id='word_1_331' title='bbox 1251 2989 1661 3055; x_wconf 88' lang='lat' dir='ltr'>tractabantur,</span> <span class='ocrx_word' id='word_1_332' title='bbox 1696 2991 2156 3062; x_wconf 87' lang='lat' dir='ltr'>subrogabantur</span> 
     </span>
    </p>
   </div>
   <div class='ocr_carea' id='block_1_46' title="bbox 523 3083 2151 3155">
    <p class='ocr_par' dir='ltr' id='par_1_46' title="bbox 523 3083 2151 3155">
     <span class='ocr_line' id='line_1_47' title="bbox 523 3083 2151 3155; baseline 0.002 -19"><span class='ocrx_word' id='word_1_333' title='bbox 523 3083 796 3149; x_wconf 80' lang='lat' dir='ltr'>haeretici,</span> <span class='ocrx_word' id='word_1_334' title='bbox 828 3099 1000 3138; x_wconf 90' lang='lat' dir='ltr'>nemo</span> <span class='ocrx_word' id='word_1_335' title='bbox 1025 3083 1354 3150; x_wconf 89' lang='lat' dir='ltr'>resultabat,</span> <span class='ocrx_word' id='word_1_336' title='bbox 1386 3083 1484 3137; x_wconf 91' lang='lat' dir='ltr'>sed</span> <span class='ocrx_word' id='word_1_337' title='bbox 1504 3084 1658 3137; x_wconf 88' lang='lat' dir='ltr'>velut</span> <span class='ocrx_word' id='word_1_338' title='bbox 1688 3091 1848 3138; x_wconf 90' lang='lat' dir='ltr'>muta</span> <span class='ocrx_word' id='word_1_339' title='bbox 1869 3102 2073 3155; x_wconf 89' lang='lat' dir='ltr'>pecora</span> <span class='ocrx_word' id='word_1_340' title='bbox 2092 3087 2151 3140; x_wconf 91' lang='lat' dir='ltr'>in</span> 
     </span>
    </p>
   </div>
   <div class='ocr_carea' id='block_1_47' title="bbox 2256 1956 3889 2028">
    <p class='ocr_par' dir='ltr' id='par_1_47' title="bbox 2256 1956 3889 2028">
     <span class='ocr_line' id='line_1_48' title="bbox 2256 1956 3889 2028; baseline 0.001 -16"><span class='ocrx_word' id='word_1_341' title='bbox 2256 1957 2511 2026; x_wconf 83' lang='lat' dir='ltr'>legitime</span> <span class='ocrx_word' id='word_1_342' title='bbox 2539 1956 2786 2010; x_wconf 88' lang='lat' dir='ltr'>discusso</span> <span class='ocrx_word' id='word_1_343' title='bbox 2810 1959 2977 2027; x_wconf 88' lang='lat' dir='ltr'>atque</span> <span class='ocrx_word' id='word_1_344' title='bbox 3005 1961 3247 2028; x_wconf 89' lang='lat' dir='ltr'>purgato</span> <span class='ocrx_word' id='word_1_345' title='bbox 3268 1959 3676 2014; x_wconf 90' lang='lat' dir='ltr'>communione</span> <span class='ocrx_word' id='word_1_346' title='bbox 3704 1960 3889 2014; x_wconf 86' lang='lat' dir='ltr'>socia-</span> 
     </span>
    </p>
   </div>
   <div class='ocr_carea' id='block_1_48' title="bbox 2255 2050 3892 2123">
    <p class='ocr_par' dir='ltr' id='par_1_48' title="bbox 2255 2050 3892 2123">
     <span class='ocr_line' id='line_1_49' title="bbox 2255 2050 3892 2123; baseline 0.002 -17"><span class='ocrx_word' id='word_1_347' title='bbox 2255 2057 2368 2119; x_wconf 88' lang='lat' dir='ltr'>tus,</span> <span class='ocrx_word' id='word_1_348' title='bbox 2398 2067 2570 2122; x_wconf 90' lang='lat' dir='ltr'>quam</span> <span class='ocrx_word' id='word_1_349' title='bbox 2601 2050 2786 2104; x_wconf 90' lang='lat' dir='ltr'>adhuc</span> <span class='ocrx_word' id='word_1_350' title='bbox 2803 2067 2896 2104; x_wconf 90' lang='lat' dir='ltr'>reo</span> <span class='ocrx_word' id='word_1_351' title='bbox 2924 2066 2981 2104; x_wconf 92' lang='lat' dir='ltr'>se</span> <span class='ocrx_word' id='word_1_352' title='bbox 3011 2050 3255 2120; x_wconf 87' lang='lat' dir='ltr'>miscuit,</span> <span class='ocrx_word' id='word_1_353' title='bbox 3277 2059 3391 2106; x_wconf 90' lang='lat' dir='ltr'>tam</span> <span class='ocrx_word' id='word_1_354' title='bbox 3415 2070 3516 2123; x_wconf 92' lang='lat' dir='ltr'>pro</span> <span class='ocrx_word' id='word_1_355' title='bbox 3537 2053 3743 2108; x_wconf 90' lang='lat' dir='ltr'>eodem</span> <span class='ocrx_word' id='word_1_356' title='bbox 3769 2071 3892 2110; x_wconf 93' lang='lat' dir='ltr'>non</span> 
     </span>
    </p>
   </div>
   <div class='ocr_carea' id='block_1_49' title="bbox 2255 2143 3893 2215">
    <p class='ocr_par' dir='ltr' id='par_1_49' title="bbox 2255 2143 3893 2215">
     <span class='ocr_line' id='line_1_50' title="bbox 2255 2143 3893 2215; baseline 0.001 -15"><span class='ocrx_word' id='word_1_357' title='bbox 2255 2145 2452 2201; x_wconf 87' lang='lat' dir='ltr'>habuit</span> <span class='ocrx_word' id='word_1_358' title='bbox 2476 2144 2747 2215; x_wconf 89' lang='lat' dir='ltr'>loquendi</span> <span class='ocrx_word' id='word_1_359' title='bbox 2787 2143 3072 2199; x_wconf 81' lang='lat' dir='ltr'>ﬁduciam.</span> <span class='ocrx_word' id='word_1_360' title='bbox 3114 2146 3255 2199; x_wconf 89' lang='lat' dir='ltr'>Nam</span> <span class='ocrx_word' id='word_1_361' title='bbox 3293 2147 3526 2201; x_wconf 83' lang='lat' dir='ltr'>Aeacius</span> <span class='ocrx_word' id='word_1_362' title='bbox 3567 2164 3697 2202; x_wconf 91' lang='lat' dir='ltr'>cum</span> <span class='ocrx_word' id='word_1_363' title='bbox 3729 2148 3893 2202; x_wconf 92' lang='lat' dir='ltr'>nullo</span> 
     </span>
    </p>
   </div>
   <div class='ocr_carea' id='block_1_50' title="bbox 2255 2237 3892 2310">
    <p class='ocr_par' dir='ltr' id='par_1_50' title="bbox 2255 2237 3892 2310">
     <span class='ocr_line' id='line_1_51' title="bbox 2255 2237 3892 2310; baseline 0.002 -18"><span class='ocrx_word' id='word_1_364' title='bbox 2255 2237 2552 2309; x_wconf 89' lang='lat' dir='ltr'>privilegio</span> <span class='ocrx_word' id='word_1_365' title='bbox 2584 2237 2901 2304; x_wconf 86' lang='lat' dir='ltr'>fulciretur,</span> <span class='ocrx_word' id='word_1_366' title='bbox 2932 2241 2994 2292; x_wconf 90' lang='lat' dir='ltr'>ut</span> <span class='ocrx_word' id='word_1_367' title='bbox 3018 2238 3088 2292; x_wconf 93' lang='lat' dir='ltr'>de</span> <span class='ocrx_word' id='word_1_368' title='bbox 3115 2239 3361 2293; x_wconf 87' lang='lat' dir='ltr'>secunda</span> <span class='ocrx_word' id='word_1_369' title='bbox 3381 2239 3512 2294; x_wconf 88' lang='lat' dir='ltr'>sede</span> <span class='ocrx_word' id='word_1_370' title='bbox 3533 2246 3718 2310; x_wconf 85' lang='lat' dir='ltr'>posset</span> <span class='ocrx_word' id='word_1_371' title='bbox 3737 2243 3892 2297; x_wconf 82' lang='lat' dir='ltr'>ferre</span> 
     </span>
    </p>
   </div>
   <div class='ocr_carea' id='block_1_51' title="bbox 2249 2331 3889 2406">
    <p class='ocr_par' dir='ltr' id='par_1_51' title="bbox 2249 2331 3889 2406">
     <span class='ocr_line' id='line_1_52' title="bbox 2249 2331 3889 2406; baseline 0.002 -20"><span class='ocrx_word' id='word_1_372' title='bbox 2249 2331 2552 2402; x_wconf 90' lang='lat' dir='ltr'>judicium,</span> <span class='ocrx_word' id='word_1_373' title='bbox 2573 2331 2757 2402; x_wconf 90' lang='lat' dir='ltr'>potuit</span> <span class='ocrx_word' id='word_1_374' title='bbox 2769 2331 2900 2401; x_wconf 90' lang='lat' dir='ltr'>jure</span> <span class='ocrx_word' id='word_1_375' title='bbox 2929 2332 3189 2386; x_wconf 89' lang='lat' dir='ltr'>damnari</span> <span class='ocrx_word' id='word_1_376' title='bbox 3207 2333 3379 2387; x_wconf 89' lang='lat' dir='ltr'>simili</span> <span class='ocrx_word' id='word_1_377' title='bbox 3405 2334 3598 2400; x_wconf 89' lang='lat' dir='ltr'>modo,</span> <span class='ocrx_word' id='word_1_378' title='bbox 3630 2334 3738 2389; x_wconf 87' lang='lat' dir='ltr'>nisi</span> <span class='ocrx_word' id='word_1_379' title='bbox 3765 2337 3889 2406; x_wconf 91' lang='lat' dir='ltr'>pri-</span> 
     </span>
    </p>
   </div>
   <div class='ocr_carea' id='block_1_52' title="bbox 2255 2425 3893 2497">
    <p class='ocr_par' dir='ltr' id='par_1_52' title="bbox 2255 2425 3893 2497">
     <span class='ocr_line' id='line_1_53' title="bbox 2255 2425 3893 2497; baseline 0.002 -17"><span class='ocrx_word' id='word_1_380' title='bbox 2255 2442 2365 2480; x_wconf 90' lang='lat' dir='ltr'>mae</span> <span class='ocrx_word' id='word_1_381' title='bbox 2414 2425 2563 2479; x_wconf 88' lang='lat' dir='ltr'>sedis</span> <span class='ocrx_word' id='word_1_382' title='bbox 2612 2426 2950 2480; x_wconf 87' lang='lat' dir='ltr'>auctoritate</span> <span class='ocrx_word' id='word_1_383' title='bbox 2997 2429 3293 2497; x_wconf 90' lang='lat' dir='ltr'>percepta,</span> <span class='ocrx_word' id='word_1_384' title='bbox 3352 2444 3460 2481; x_wconf 92' lang='lat' dir='ltr'>nec</span> <span class='ocrx_word' id='word_1_385' title='bbox 3517 2429 3893 2484; x_wconf 81' lang='lat' dir='ltr'>examinandi</span> 
     </span>
    </p>
   </div>
   <div class='ocr_carea' id='block_1_53' title="bbox 2253 2519 3886 2593">
    <p class='ocr_par' dir='ltr' id='par_1_53' title="bbox 2253 2519 3886 2593">
     <span class='ocr_line' id='line_1_54' title="bbox 2253 2519 3886 2593; baseline 0.004 -21"><span class='ocrx_word' id='word_1_386' title='bbox 2253 2519 2406 2573; x_wconf 89' lang='lat' dir='ltr'>Petri</span> <span class='ocrx_word' id='word_1_387' title='bbox 2419 2520 2514 2588; x_wconf 91' lang='lat' dir='ltr'>jus</span> <span class='ocrx_word' id='word_1_388' title='bbox 2536 2519 2757 2586; x_wconf 86' lang='lat' dir='ltr'>habuit,</span> <span class='ocrx_word' id='word_1_389' title='bbox 2786 2535 2888 2573; x_wconf 90' lang='lat' dir='ltr'>nec</span> <span class='ocrx_word' id='word_1_390' title='bbox 2920 2520 3228 2589; x_wconf 90' lang='lat' dir='ltr'>recipiendi</span> <span class='ocrx_word' id='word_1_391' title='bbox 3259 2521 3485 2592; x_wconf 89' lang='lat' dir='ltr'>penitus</span> <span class='ocrx_word' id='word_1_392' title='bbox 3515 2527 3886 2593; x_wconf 86' lang='lat' dir='ltr'>potestatem.</span> 
     </span>
    </p>
   </div>
   <div class='ocr_carea' id='block_1_54' title="bbox 2253 2613 3886 2685">
    <p class='ocr_par' dir='ltr' id='par_1_54' title="bbox 2253 2613 3886 2685">
     <span class='ocr_line' id='line_1_55' title="bbox 2253 2613 3886 2685; baseline 0.003 -19"><span class='ocrx_word' id='word_1_393' title='bbox 2253 2613 2394 2676; x_wconf 87' lang='lat' dir='ltr'>Quia</span> <span class='ocrx_word' id='word_1_394' title='bbox 2423 2613 2757 2683; x_wconf 87' lang='lat' dir='ltr'>regulariter</span> <span class='ocrx_word' id='word_1_395' title='bbox 2785 2614 3054 2679; x_wconf 89' lang='lat' dir='ltr'>constitit,</span> <span class='ocrx_word' id='word_1_396' title='bbox 3090 2630 3193 2668; x_wconf 93' lang='lat' dir='ltr'>nec</span> <span class='ocrx_word' id='word_1_397' title='bbox 3230 2615 3384 2685; x_wconf 90' lang='lat' dir='ltr'>apud</span> <span class='ocrx_word' id='word_1_398' title='bbox 3424 2632 3530 2670; x_wconf 91' lang='lat' dir='ltr'>nos</span> <span class='ocrx_word' id='word_1_399' title='bbox 3554 2618 3716 2671; x_wconf 90' lang='lat' dir='ltr'>Petro</span> <span class='ocrx_word' id='word_1_400' title='bbox 3740 2617 3886 2671; x_wconf 89' lang='lat' dir='ltr'>ulla-</span> 
     </span>
    </p>
   </div>
   <div class='ocr_carea' id='block_1_55' title="bbox 2257 2706 3887 2781">
    <p class='ocr_par' dir='ltr' id='par_1_55' title="bbox 2257 2706 3887 2781">
     <span class='ocr_line' id='line_1_56' title="bbox 2257 2706 3887 2781; baseline 0.002 -20"><span class='ocrx_word' id='word_1_401' title='bbox 2257 2710 2419 2761; x_wconf 90' lang='lat' dir='ltr'>tenus</span> <span class='ocrx_word' id='word_1_402' title='bbox 2447 2706 2704 2760; x_wconf 88' lang='lat' dir='ltr'>absoluto</span> <span class='ocrx_word' id='word_1_403' title='bbox 2729 2723 2902 2777; x_wconf 86' lang='lat' dir='ltr'>quem</span> <span class='ocrx_word' id='word_1_404' title='bbox 2928 2708 3224 2781; x_wconf 79' lang='lat' dir='ltr'>damnasse</span> <span class='ocrx_word' id='word_1_405' title='bbox 3254 2725 3355 2762; x_wconf 92' lang='lat' dir='ltr'>nos</span> <span class='ocrx_word' id='word_1_406' title='bbox 3384 2710 3644 2763; x_wconf 91' lang='lat' dir='ltr'>novimus</span> <span class='ocrx_word' id='word_1_407' title='bbox 3664 2712 3887 2765; x_wconf 86' lang='lat' dir='ltr'>exami-</span> 
     </span>
    </p>
   </div>
   <div class='ocr_carea' id='block_1_56' title="bbox 2256 2787 3886 2868">
    <p class='ocr_par' dir='ltr' id='par_1_56' title="bbox 2256 2787 3886 2868">
     <span class='ocr_line' id='line_1_57' title="bbox 2256 2787 3886 2868; baseline 0.003 -14"><span class='ocrx_word' id='word_1_408' title='bbox 2256 2816 2415 2854; x_wconf 88' lang='lat' dir='ltr'>nasse</span> <span class='ocrx_word' id='word_1_409' title='bbox 2435 2801 2521 2853; x_wconf 91' lang='lat' dir='ltr'>vel</span> <span class='ocrx_word' id='word_1_410' title='bbox 2547 2800 2844 2854; x_wconf 88' lang='lat' dir='ltr'>absolvisse</span> <span class='ocrx_word' id='word_1_411' title='bbox 2866 2801 3164 2855; x_wconf 90' lang='lat' dir='ltr'>nescimus.</span> <span class='ocrx_word' id='word_1_412' title='bbox 3183 2787 3384 2868; x_wconf 49' lang='lat' dir='ltr'>lRestat</span> <span class='ocrx_word' id='word_1_413' title='bbox 3403 2806 3465 2856; x_wconf 90' lang='lat' dir='ltr'>ut</span> <span class='ocrx_word' id='word_1_414' title='bbox 3482 2803 3621 2857; x_wconf 90' lang='lat' dir='ltr'>illud</span> <span class='ocrx_word' id='word_1_415' title='bbox 3639 2803 3886 2859; x_wconf 90' lang='lat' dir='ltr'>demon-</span> 
     </span>
    </p>
   </div>
   <div class='ocr_carea' id='block_1_57' title="bbox 2254 2889 3886 2967">
    <p class='ocr_par' dir='ltr' id='par_1_57' title="bbox 2254 2889 3886 2967">
     <span class='ocr_line' id='line_1_58' title="bbox 2254 2889 3886 2967; baseline 0.003 -19"><span class='ocrx_word' id='word_1_416' title='bbox 2254 2898 2500 2948; x_wconf 89' lang='lat' dir='ltr'>stremus</span> <span class='ocrx_word' id='word_1_417' title='bbox 2529 2895 2795 2949; x_wconf 91' lang='lat' dir='ltr'>eumdem</span> <span class='ocrx_word' id='word_1_418' title='bbox 2821 2896 3048 2948; x_wconf 87' lang='lat' dir='ltr'>Petrum</span> <span class='ocrx_word' id='word_1_419' title='bbox 3081 2911 3253 2966; x_wconf 89' lang='lat' dir='ltr'>quem</span> <span class='ocrx_word' id='word_1_420' title='bbox 3287 2889 3348 2949; x_wconf 77' lang='lat' dir='ltr'>se</span> <span class='ocrx_word' id='word_1_421' title='bbox 3380 2904 3688 2967; x_wconf 89' lang='lat' dir='ltr'>purgatum</span> <span class='ocrx_word' id='word_1_422' title='bbox 3721 2915 3886 2953; x_wconf 90' lang='lat' dir='ltr'>com-</span> 
     </span>
    </p>
   </div>
   <div class='ocr_carea' id='block_1_58' title="bbox 2254 2988 3888 3062">
    <p class='ocr_par' dir='ltr' id='par_1_58' title="bbox 2254 2988 3888 3062">
     <span class='ocr_line' id='line_1_59' title="bbox 2254 2988 3888 3062; baseline 0.003 -20"><span class='ocrx_word' id='word_1_423' title='bbox 2254 2988 2526 3042; x_wconf 91' lang='lat' dir='ltr'>munione</span> <span class='ocrx_word' id='word_1_424' title='bbox 2553 2989 2828 3059; x_wconf 88' lang='lat' dir='ltr'>recepisse</span> <span class='ocrx_word' id='word_1_425' title='bbox 2850 2989 3162 3060; x_wconf 72' lang='lat' dir='ltr'>praetendit</span> <span class='ocrx_word' id='word_1_426' title='bbox 3200 2991 3448 3058; x_wconf 80' lang='lat' dir='ltr'>Aeacius,</span> <span class='ocrx_word' id='word_1_427' title='bbox 3483 3009 3785 3062; x_wconf 90' lang='lat' dir='ltr'>nunquam</span> <span class='ocrx_word' id='word_1_428' title='bbox 3816 2995 3888 3048; x_wconf 90' lang='lat' dir='ltr'>ab</span> 
     </span>
    </p>
   </div>
   <div class='ocr_carea' id='block_1_59' title="bbox 2254 3081 3886 3153">
    <p class='ocr_par' dir='ltr' id='par_1_59' title="bbox 2254 3081 3886 3153">
     <span class='ocr_line' id='line_1_60' title="bbox 2254 3081 3886 3153; baseline 0.004 -17"><span class='ocrx_word' id='word_1_429' title='bbox 2254 3082 2534 3136; x_wconf 58' lang='lat' dir='ltr'>haeretica</span> <span class='ocrx_word' id='word_1_430' title='bbox 2555 3081 2980 3137; x_wconf 91' lang='lat' dir='ltr'>communionis</span> <span class='ocrx_word' id='word_1_431' title='bbox 2999 3083 3340 3153; x_wconf 89' lang='lat' dir='ltr'>contagione</span> <span class='ocrx_word' id='word_1_432' title='bbox 3360 3100 3622 3151; x_wconf 88' lang='lat' dir='ltr'>cessasse,</span> <span class='ocrx_word' id='word_1_433' title='bbox 3645 3103 3748 3141; x_wconf 92' lang='lat' dir='ltr'>nec</span> <span class='ocrx_word' id='word_1_434' title='bbox 3767 3104 3886 3142; x_wconf 89' lang='lat' dir='ltr'>non</span> 
     </span>
    </p>
   </div>
   <div class='ocr_carea' id='block_1_60' title="bbox 519 3175 3889 3282">
    <p class='ocr_par' dir='ltr' id='par_1_60' title="bbox 519 3175 3889 3282">
     <span class='ocr_line' id='line_1_61' title="bbox 519 3175 3889 3282; baseline 0.002 -54"><span class='ocrx_word' id='word_1_435' title='bbox 519 3176 845 3248; x_wconf 82' lang='lat' dir='ltr'>captionem</span> <span class='ocrx_word' id='word_1_436' title='bbox 867 3176 1054 3243; x_wconf 88' lang='lat' dir='ltr'>ducta,</span> <span class='ocrx_word' id='word_1_437' title='bbox 1085 3176 1324 3231; x_wconf 90' lang='lat' dir='ltr'>subditis</span> <span class='ocrx_word' id='word_1_438' title='bbox 1347 3175 1725 3231; x_wconf 91' lang='lat' dir='ltr'>voluntatibus</span> <span class='ocrx_word' id='word_1_439' title='bbox 1745 3179 2044 3248; x_wconf 79' lang='lat' dir='ltr'>perfidiam</span> <span class='ocrx_word' id='word_1_440' title='bbox 2065 3197 2149 3235; x_wconf 84' lang='lat' dir='ltr'>se-</span> <span class='ocrx_word' id='word_1_441' title='bbox 2175 3207 2230 3282; x_wconf 66' lang='grc' dir='ltr'><strong>Ο</strong></span> <span class='ocrx_word' id='word_1_442' title='bbox 2255 3175 2573 3246; x_wconf 89' lang='lat' dir='ltr'>solumipso</span> <span class='ocrx_word' id='word_1_443' title='bbox 2585 3181 2844 3246; x_wconf 87' lang='lat' dir='ltr'>tempore</span> <span class='ocrx_word' id='word_1_444' title='bbox 2859 3192 2970 3246; x_wconf 89' lang='lat' dir='ltr'>quo</span> <span class='ocrx_word' id='word_1_445' title='bbox 2985 3177 3889 3236; x_wconf 52' lang='lat' dir='ltr'>communicaviteiAcaciussem-</span> 
     </span>
    </p>
   </div>
   <div class='ocr_carea' id='block_1_61' title="bbox 519 3269 2153 3341">
    <p class='ocr_par' dir='ltr' id='par_1_61' title="bbox 519 3269 2153 3341">
     <span class='ocr_line' id='line_1_62' title="bbox 519 3269 2153 3341; baseline 0.004 -18"><span class='ocrx_word' id='word_1_446' title='bbox 519 3269 836 3338; x_wconf 74' lang='lat' dir='ltr'>utebantur,</span> <span class='ocrx_word' id='word_1_447' title='bbox 857 3286 975 3325; x_wconf 93' lang='lat' dir='ltr'>non</span> <span class='ocrx_word' id='word_1_448' title='bbox 989 3269 1201 3324; x_wconf 90' lang='lat' dir='ltr'>mirum</span> <span class='ocrx_word' id='word_1_449' title='bbox 1223 3269 1472 3341; x_wconf 91' lang='lat' dir='ltr'>quidem,</span> <span class='ocrx_word' id='word_1_450' title='bbox 1496 3271 1709 3325; x_wconf 92' lang='lat' dir='ltr'>sinunc</span> <span class='ocrx_word' id='word_1_451' title='bbox 1730 3289 1826 3326; x_wconf 91' lang='lat' dir='ltr'>eos</span> <span class='ocrx_word' id='word_1_452' title='bbox 1847 3273 2153 3330; x_wconf 90' lang='lat' dir='ltr'>defendere</span> 
     </span>
    </p>
   </div>
   <div class='ocr_carea' id='block_1_62' title="bbox 519 3363 2154 3435">
    <p class='ocr_par' dir='ltr' id='par_1_62' title="bbox 519 3363 2154 3435">
     <span class='ocr_line' id='line_1_63' title="bbox 519 3363 2154 3435; baseline 0.004 -19"><span class='ocrx_word' id='word_1_453' title='bbox 519 3363 844 3431; x_wconf 88' lang='lat' dir='ltr'>moliantur,</span> <span class='ocrx_word' id='word_1_454' title='bbox 868 3380 1113 3435; x_wconf 87' lang='lat' dir='ltr'>quorum</span> <span class='ocrx_word' id='word_1_455' title='bbox 1129 3363 1501 3419; x_wconf 91' lang='lat' dir='ltr'>indiscussam</span> <span class='ocrx_word' id='word_1_456' title='bbox 1517 3381 1548 3419; x_wconf 90' lang='lat' dir='ltr'>a</span> <span class='ocrx_word' id='word_1_457' title='bbox 1561 3366 1766 3420; x_wconf 90' lang='lat' dir='ltr'>sanctis</span> <span class='ocrx_word' id='word_1_458' title='bbox 1778 3367 2060 3422; x_wconf 90' lang='lat' dir='ltr'>mentibus</span> <span class='ocrx_word' id='word_1_459' title='bbox 2074 3385 2154 3424; x_wconf 90' lang='lat' dir='ltr'>se-</span> 
     </span>
    </p>
   </div>
   <div class='ocr_carea' id='block_1_63' title="bbox 516 3456 2154 3532">
    <p class='ocr_par' dir='ltr' id='par_1_63' title="bbox 516 3456 2154 3532">
     <span class='ocr_line' id='line_1_64' title="bbox 516 3456 2154 3532; baseline 0.003 -21"><span class='ocrx_word' id='word_1_460' title='bbox 516 3456 630 3512; x_wconf 88' lang='lat' dir='ltr'>cuti</span> <span class='ocrx_word' id='word_1_461' title='bbox 662 3461 794 3511; x_wconf 91' lang='lat' dir='ltr'>sunt</span> <span class='ocrx_word' id='word_1_462' title='bbox 813 3457 1112 3512; x_wconf 88' lang='lat' dir='ltr'>vilitatem.</span> <span class='ocrx_word' id='word_1_463' title='bbox 1138 3457 1246 3513; x_wconf 91' lang='lat' dir='ltr'>Sed</span> <span class='ocrx_word' id='word_1_464' title='bbox 1267 3457 1543 3512; x_wconf 90' lang='lat' dir='ltr'>miramur</span> <span class='ocrx_word' id='word_1_465' title='bbox 1561 3475 1662 3513; x_wconf 91' lang='lat' dir='ltr'>cur</span> <span class='ocrx_word' id='word_1_466' title='bbox 1684 3476 1782 3514; x_wconf 92' lang='lat' dir='ltr'>eos</span> <span class='ocrx_word' id='word_1_467' title='bbox 1802 3477 1918 3515; x_wconf 93' lang='lat' dir='ltr'>non</span> <span class='ocrx_word' id='word_1_468' title='bbox 1940 3461 2154 3532; x_wconf 89' lang='lat' dir='ltr'>pudeat</span> 
     </span>
    </p>
   </div>
   <div class='ocr_carea' id='block_1_64' title="bbox 518 3550 2148 3625">
    <p class='ocr_par' dir='ltr' id='par_1_64' title="bbox 518 3550 2148 3625">
     <span class='ocr_line' id='line_1_65' title="bbox 518 3550 2148 3625; baseline 0.003 -20"><span class='ocrx_word' id='word_1_469' title='bbox 518 3552 574 3605; x_wconf 92' lang='lat' dir='ltr'>in</span> <span class='ocrx_word' id='word_1_470' title='bbox 602 3550 842 3606; x_wconf 88' lang='lat' dir='ltr'>istorum</span> <span class='ocrx_word' id='word_1_471' title='bbox 871 3551 1244 3607; x_wconf 89' lang='lat' dir='ltr'>damnatione</span> <span class='ocrx_word' id='word_1_472' title='bbox 1269 3552 1339 3607; x_wconf 92' lang='lat' dir='ltr'>de</span> <span class='ocrx_word' id='word_1_473' title='bbox 1367 3552 1579 3623; x_wconf 86' lang='lat' dir='ltr'>synodo</span> <span class='ocrx_word' id='word_1_474' title='bbox 1599 3569 1712 3608; x_wconf 91' lang='lat' dir='ltr'>non</span> <span class='ocrx_word' id='word_1_475' title='bbox 1735 3555 1883 3608; x_wconf 89' lang='lat' dir='ltr'>facta</span> <span class='ocrx_word' id='word_1_476' title='bbox 1910 3557 2148 3625; x_wconf 89' lang='lat' dir='ltr'>causari,</span> 
     </span>
    </p>
   </div>
   <div class='ocr_carea' id='block_1_65' title="bbox 514 3642 2150 3718">
    <p class='ocr_par' dir='ltr' id='par_1_65' title="bbox 514 3642 2150 3718">
     <span class='ocr_line' id='line_1_66' title="bbox 514 3642 2150 3718; baseline 0.003 -19"><span class='ocrx_word' id='word_1_477' title='bbox 514 3661 644 3700; x_wconf 80' lang='lat' dir='ltr'>cum</span> <span class='ocrx_word' id='word_1_478' title='bbox 660 3644 936 3699; x_wconf 91' lang='lat' dir='ltr'>scianttot</span> <span class='ocrx_word' id='word_1_479' title='bbox 952 3647 1254 3717; x_wconf 91' lang='lat' dir='ltr'>tantosque</span> <span class='ocrx_word' id='word_1_480' title='bbox 1269 3646 1563 3717; x_wconf 84' lang='lat' dir='ltr'>pontiﬁces</span> <span class='ocrx_word' id='word_1_481' title='bbox 1580 3647 1738 3701; x_wconf 89' lang='lat' dir='ltr'>nulla</span> <span class='ocrx_word' id='word_1_482' title='bbox 1751 3642 1969 3718; x_wconf 85' lang='lat' dir='ltr'>synodo</span> <span class='ocrx_word' id='word_1_483' title='bbox 1981 3650 2150 3705; x_wconf 90' lang='lat' dir='ltr'>fuisse</span> 
     </span>
    </p>
   </div>
   <div class='ocr_carea' id='block_1_66' title="bbox 513 3739 2152 3810">
    <p class='ocr_par' dir='ltr' id='par_1_66' title="bbox 513 3739 2152 3810">
     <span class='ocr_line' id='line_1_67' title="bbox 513 3739 2152 3810; baseline 0.003 -18"><span class='ocrx_word' id='word_1_484' title='bbox 513 3739 801 3810; x_wconf 83' lang='lat' dir='ltr'>depulsos,</span> <span class='ocrx_word' id='word_1_485' title='bbox 821 3739 877 3792; x_wconf 90' lang='lat' dir='ltr'>in</span> <span class='ocrx_word' id='word_1_486' title='bbox 889 3739 1127 3793; x_wconf 88' lang='lat' dir='ltr'>istorum</span> <span class='ocrx_word' id='word_1_487' title='bbox 1145 3739 1516 3809; x_wconf 89' lang='lat' dir='ltr'>rejectionem</span> <span class='ocrx_word' id='word_1_488' title='bbox 1533 3740 1579 3794; x_wconf 90' lang='lat' dir='ltr'>si</span> <span class='ocrx_word' id='word_1_489' title='bbox 1597 3741 1666 3794; x_wconf 95' lang='lat' dir='ltr'>de</span> <span class='ocrx_word' id='word_1_490' title='bbox 1686 3758 1798 3795; x_wconf 94' lang='lat' dir='ltr'>non</span> <span class='ocrx_word' id='word_1_491' title='bbox 1813 3741 1954 3796; x_wconf 93' lang='lat' dir='ltr'>inito</span> <span class='ocrx_word' id='word_1_492' title='bbox 1972 3744 2152 3797; x_wconf 91' lang='lat' dir='ltr'>conci-</span> 
     </span>
    </p>
   </div>
   <div class='ocr_carea' id='block_1_67' title="bbox 514 3832 2146 3902">
    <p class='ocr_par' dir='ltr' id='par_1_67' title="bbox 514 3832 2146 3902">
     <span class='ocr_line' id='line_1_68' title="bbox 514 3832 2146 3902; baseline 0.004 -18"><span class='ocrx_word' id='word_1_493' title='bbox 514 3832 588 3886; x_wconf 92' lang='lat' dir='ltr'>lio</span> <span class='ocrx_word' id='word_1_494' title='bbox 600 3836 1022 3902; x_wconf 88' lang='lat' dir='ltr'>conquerentur</span> <span class='ocrx_word' id='word_1_495' title='bbox 1033 3838 1377 3902; x_wconf 89' lang='lat' dir='ltr'>cognoscant</span> <span class='ocrx_word' id='word_1_496' title='bbox 1398 3849 1584 3902; x_wconf 92' lang='lat' dir='ltr'>se,cur</span> <span class='ocrx_word' id='word_1_497' title='bbox 1602 3851 1719 3889; x_wconf 92' lang='lat' dir='ltr'>non</span> <span class='ocrx_word' id='word_1_498' title='bbox 1739 3838 1794 3888; x_wconf 91' lang='lat' dir='ltr'>et</span> <span class='ocrx_word' id='word_1_499' title='bbox 1806 3835 1913 3890; x_wconf 90' lang='lat' dir='ltr'>hoc</span> <span class='ocrx_word' id='word_1_500' title='bbox 1929 3836 1985 3890; x_wconf 92' lang='lat' dir='ltr'>in</span> <span class='ocrx_word' id='word_1_501' title='bbox 2007 3837 2146 3891; x_wconf 85' lang='lat' dir='ltr'>alio-</span> 
     </span>
    </p>
   </div>
   <div class='ocr_carea' id='block_1_68' title="bbox 515 3924 2150 3995">
    <p class='ocr_par' dir='ltr' id='par_1_68' title="bbox 515 3924 2150 3995">
     <span class='ocr_line' id='line_1_69' title="bbox 515 3924 2150 3995; baseline 0.004 -17"><span class='ocrx_word' id='word_1_502' title='bbox 515 3941 644 3983; x_wconf 78' lang='lat' dir='ltr'>rum</span> <span class='ocrx_word' id='word_1_503' title='bbox 665 3925 745 3994; x_wconf 90' lang='lat' dir='ltr'>rej</span> <span class='ocrx_word' id='word_1_504' title='bbox 754 3924 976 3978; x_wconf 90' lang='lat' dir='ltr'>ectione</span> <span class='ocrx_word' id='word_1_505' title='bbox 991 3924 1374 3995; x_wconf 56' lang='lat' dir='ltr'>quasiverunt</span> <span class='ocrx_word' id='word_1_506' title='bbox 1389 3927 1661 3981; x_wconf 88' lang='lat' dir='ltr'>accusari.</span> <span class='ocrx_word' id='word_1_507' title='bbox 1687 3927 1746 3982; x_wconf 94' lang='lat' dir='ltr'>Si</span> <span class='ocrx_word' id='word_1_508' title='bbox 1761 3945 1894 3982; x_wconf 89' lang='lat' dir='ltr'>vero</span> <span class='ocrx_word' id='word_1_509' title='bbox 1917 3929 1972 3983; x_wconf 92' lang='lat' dir='ltr'>in</span> <span class='ocrx_word' id='word_1_510' title='bbox 1986 3933 2150 3984; x_wconf 59' lang='lat' dir='ltr'>crete-</span> 
     </span>
    </p>
   </div>
   <div class='ocr_carea' id='block_1_69' title="bbox 513 4017 2148 4089">
    <p class='ocr_par' dir='ltr' id='par_1_69' title="bbox 513 4017 2148 4089">
     <span class='ocr_line' id='line_1_70' title="bbox 513 4017 2148 4089; baseline 0.004 -18"><span class='ocrx_word' id='word_1_511' title='bbox 513 4034 706 4072; x_wconf 89' lang='lat' dir='ltr'>rorum</span> <span class='ocrx_word' id='word_1_512' title='bbox 733 4017 1041 4087; x_wconf 90' lang='lat' dir='ltr'>rejectione</span> <span class='ocrx_word' id='word_1_513' title='bbox 1061 4017 1297 4071; x_wconf 89' lang='lat' dir='ltr'>concilia</span> <span class='ocrx_word' id='word_1_514' title='bbox 1315 4019 1625 4072; x_wconf 90' lang='lat' dir='ltr'>necessaria</span> <span class='ocrx_word' id='word_1_515' title='bbox 1649 4037 1763 4074; x_wconf 92' lang='lat' dir='ltr'>non</span> <span class='ocrx_word' id='word_1_516' title='bbox 1777 4022 2028 4089; x_wconf 85' lang='lat' dir='ltr'>fuerunt,</span> <span class='ocrx_word' id='word_1_517' title='bbox 2045 4040 2148 4079; x_wconf 91' lang='lat' dir='ltr'>nec</span> 
     </span>
    </p>
   </div>
   <div class='ocr_carea' id='block_1_70' title="bbox 511 4110 2142 4182">
    <p class='ocr_par' dir='ltr' id='par_1_70' title="bbox 511 4110 2142 4182">
     <span class='ocr_line' id='line_1_71' title="bbox 511 4110 2142 4182; baseline 0.004 -17"><span class='ocrx_word' id='word_1_518' title='bbox 511 4112 571 4165; x_wconf 86' lang='lat' dir='ltr'>in</span> <span class='ocrx_word' id='word_1_519' title='bbox 593 4110 714 4166; x_wconf 91' lang='lat' dir='ltr'>istis</span> <span class='ocrx_word' id='word_1_520' title='bbox 736 4110 1050 4164; x_wconf 86' lang='lat' dir='ltr'>necessaria</span> <span class='ocrx_word' id='word_1_521' title='bbox 1069 4110 1240 4165; x_wconf 90' lang='lat' dir='ltr'>fuisse</span> <span class='ocrx_word' id='word_1_522' title='bbox 1267 4117 1636 4182; x_wconf 84' lang='lat' dir='ltr'>cognoscant.</span> <span class='ocrx_word' id='word_1_523' title='bbox 1656 4117 1738 4168; x_wconf 87' lang='lat' dir='ltr'>An</span> <span class='ocrx_word' id='word_1_524' title='bbox 1759 4113 1817 4167; x_wconf 92' lang='lat' dir='ltr'>in</span> <span class='ocrx_word' id='word_1_525' title='bbox 1840 4115 2142 4172; x_wconf 38' lang='lat' dir='ltr'>catholicos</span> 
     </span>
    </p>
   </div>
   <div class='ocr_carea' id='block_1_71' title="bbox 514 4203 2144 4280">
    <p class='ocr_par' dir='ltr' id='par_1_71' title="bbox 514 4203 2144 4280">
     <span class='ocr_line' id='line_1_72' title="bbox 514 4203 2144 4280; baseline 0.005 -22"><span class='ocrx_word' id='word_1_526' title='bbox 514 4221 642 4260; x_wconf 89' lang='lat' dir='ltr'>rum</span> <span class='ocrx_word' id='word_1_527' title='bbox 659 4203 978 4274; x_wconf 91' lang='lat' dir='ltr'>dejectione</span> <span class='ocrx_word' id='word_1_528' title='bbox 1000 4220 1115 4258; x_wconf 92' lang='lat' dir='ltr'>non</span> <span class='ocrx_word' id='word_1_529' title='bbox 1137 4205 1244 4258; x_wconf 87' lang='lat' dir='ltr'>fuit</span> <span class='ocrx_word' id='word_1_530' title='bbox 1261 4221 1420 4276; x_wconf 90' lang='lat' dir='ltr'>opus,</span> <span class='ocrx_word' id='word_1_531' title='bbox 1447 4210 1502 4260; x_wconf 93' lang='lat' dir='ltr'>et</span> <span class='ocrx_word' id='word_1_532' title='bbox 1527 4205 1633 4262; x_wconf 90' lang='lat' dir='ltr'>fuit</span> <span class='ocrx_word' id='word_1_533' title='bbox 1649 4223 1996 4280; x_wconf 84' lang='lat' dir='ltr'>magnopere</span> <span class='ocrx_word' id='word_1_534' title='bbox 2008 4227 2144 4266; x_wconf 94' lang='lat' dir='ltr'>con-</span> 
     </span>
    </p>
   </div>
   <div class='ocr_carea' id='block_1_72' title="bbox 514 4270 2143 4389">
    <p class='ocr_par' dir='ltr' id='par_1_72' title="bbox 514 4270 2143 4389">
     <span class='ocr_line' id='line_1_73' title="bbox 514 4270 2143 4389; baseline 0.004 -37"><span class='ocrx_word' id='word_1_535' title='bbox 514 4299 790 4370; x_wconf 87' lang='lat' dir='ltr'>gregandi</span> <span class='ocrx_word' id='word_1_536' title='bbox 802 4297 860 4353; x_wconf 92' lang='lat' dir='ltr'>in</span> <span class='ocrx_word' id='word_1_537' title='bbox 877 4298 1326 4370; x_wconf 66' lang='lat' dir='ltr'>prmvaricatoris</span> <span class='ocrx_word' id='word_1_538' title='bbox 1337 4299 1705 4356; x_wconf 89' lang='lat' dir='ltr'>damnatione</span> <span class='ocrx_word' id='word_1_539' title='bbox 1727 4270 2143 4389; x_wconf 38' lang='lat' dir='ltr'>confessiiQuid</span> 
     </span>
    </p>
   </div>
   <div class='ocr_carea' id='block_1_73' title="bbox 511 4393 2144 4462">
    <p class='ocr_par' dir='ltr' id='par_1_73' title="bbox 511 4393 2144 4462">
     <span class='ocr_line' id='line_1_74' title="bbox 511 4393 2144 4462; baseline 0.005 -17"><span class='ocrx_word' id='word_1_540' title='bbox 511 4393 685 4462; x_wconf 80' lang='lat' dir='ltr'>igitur</span> <span class='ocrx_word' id='word_1_541' title='bbox 700 4395 898 4459; x_wconf 88' lang='lat' dir='ltr'>restat,</span> <span class='ocrx_word' id='word_1_542' title='bbox 927 4393 1035 4446; x_wconf 90' lang='lat' dir='ltr'>nisi</span> <span class='ocrx_word' id='word_1_543' title='bbox 1057 4396 1120 4446; x_wconf 90' lang='lat' dir='ltr'>ut</span> <span class='ocrx_word' id='word_1_544' title='bbox 1140 4393 1333 4448; x_wconf 87' lang='lat' dir='ltr'>dicant</span> <span class='ocrx_word' id='word_1_545' title='bbox 1351 4394 1651 4450; x_wconf 82' lang='lat' dir='ltr'>haereticos</span> <span class='ocrx_word' id='word_1_546' title='bbox 1673 4413 1786 4450; x_wconf 90' lang='lat' dir='ltr'>non</span> <span class='ocrx_word' id='word_1_547' title='bbox 1809 4397 1999 4452; x_wconf 88' lang='lat' dir='ltr'>fuisse.</span> <span class='ocrx_word' id='word_1_548' title='bbox 2023 4400 2144 4454; x_wconf 90' lang='lat' dir='ltr'>Non</span> 
     </span>
    </p>
   </div>
   <div class='ocr_carea' id='block_1_74' title="bbox 509 4485 2141 4562">
    <p class='ocr_par' dir='ltr' id='par_1_74' title="bbox 509 4485 2141 4562">
     <span class='ocr_line' id='line_1_75' title="bbox 509 4485 2141 4562; baseline 0.004 -22"><span class='ocrx_word' id='word_1_549' title='bbox 509 4503 647 4558; x_wconf 78' lang='lat' dir='ltr'>ergo</span> <span class='ocrx_word' id='word_1_550' title='bbox 670 4486 740 4541; x_wconf 91' lang='lat' dir='ltr'>de</span> <span class='ocrx_word' id='word_1_551' title='bbox 757 4485 975 4557; x_wconf 83' lang='lat' dir='ltr'>synodo</span> <span class='ocrx_word' id='word_1_552' title='bbox 997 4491 1440 4558; x_wconf 90' lang='lat' dir='ltr'>conquerantur,</span> <span class='ocrx_word' id='word_1_553' title='bbox 1467 4489 1566 4560; x_wconf 90' lang='lat' dir='ltr'>qui</span> <span class='ocrx_word' id='word_1_554' title='bbox 1588 4505 1644 4544; x_wconf 89' lang='lat' dir='ltr'>se</span> <span class='ocrx_word' id='word_1_555' title='bbox 1669 4492 1862 4562; x_wconf 90' lang='lat' dir='ltr'>palam</span> <span class='ocrx_word' id='word_1_556' title='bbox 1883 4508 2141 4547; x_wconf 91' lang='lat' dir='ltr'>commu-</span> 
     </span>
    </p>
   </div>
   <div class='ocr_carea' id='block_1_75' title="bbox 2254 3269 3887 3346">
    <p class='ocr_par' dir='ltr' id='par_1_75' title="bbox 2254 3269 3887 3346">
     <span class='ocr_line' id='line_1_76' title="bbox 2254 3269 3887 3346; baseline 0.004 -23"><span class='ocrx_word' id='word_1_557' title='bbox 2254 3286 2358 3342; x_wconf 91' lang='lat' dir='ltr'>per</span> <span class='ocrx_word' id='word_1_558' title='bbox 2370 3269 2817 3324; x_wconf 87' lang='lat' dir='ltr'>Alexandrinum</span> <span class='ocrx_word' id='word_1_559' title='bbox 2831 3272 3078 3339; x_wconf 91' lang='lat' dir='ltr'>Petrum,</span> <span class='ocrx_word' id='word_1_560' title='bbox 3095 3277 3150 3325; x_wconf 90' lang='lat' dir='ltr'>et</span> <span class='ocrx_word' id='word_1_561' title='bbox 3163 3271 3219 3325; x_wconf 90' lang='lat' dir='ltr'>in</span> <span class='ocrx_word' id='word_1_562' title='bbox 3235 3272 3632 3327; x_wconf 76' lang='lat' dir='ltr'>haereticorum</span> <span class='ocrx_word' id='word_1_563' title='bbox 3645 3276 3887 3346; x_wconf 86' lang='lat' dir='ltr'>collegio</span> 
     </span>
    </p>
   </div>
   <div class='ocr_carea' id='block_1_76' title="bbox 2250 3364 3885 3440">
    <p class='ocr_par' dir='ltr' id='par_1_76' title="bbox 2250 3364 3885 3440">
     <span class='ocr_line' id='line_1_77' title="bbox 2250 3364 3885 3440; baseline 0.004 -22"><span class='ocrx_word' id='word_1_564' title='bbox 2250 3365 2587 3435; x_wconf 89' lang='lat' dir='ltr'>perdurasse</span> <span class='ocrx_word' id='word_1_565' title='bbox 2627 3367 2797 3435; x_wconf 87' lang='lat' dir='ltr'>atque</span> <span class='ocrx_word' id='word_1_566' title='bbox 2833 3364 2912 3419; x_wconf 88' lang='lat' dir='ltr'>ita</span> <span class='ocrx_word' id='word_1_567' title='bbox 2947 3371 3002 3419; x_wconf 93' lang='lat' dir='ltr'>et</span> <span class='ocrx_word' id='word_1_568' title='bbox 3035 3381 3137 3435; x_wconf 88' lang='lat' dir='ltr'>per</span> <span class='ocrx_word' id='word_1_569' title='bbox 3171 3366 3323 3420; x_wconf 91' lang='lat' dir='ltr'>hunc</span> <span class='ocrx_word' id='word_1_570' title='bbox 3355 3367 3618 3422; x_wconf 87' lang='lat' dir='ltr'>Acacium</span> <span class='ocrx_word' id='word_1_571' title='bbox 3650 3370 3885 3440; x_wconf 66' lang='lat' dir='ltr'>perfidae</span> 
     </span>
    </p>
   </div>
   <div class='ocr_carea' id='block_1_77' title="bbox 2250 3457 3882 3531">
    <p class='ocr_par' dir='ltr' id='par_1_77' title="bbox 2250 3457 3882 3531">
     <span class='ocr_line' id='line_1_78' title="bbox 2250 3457 3882 3531; baseline 0.004 -19"><span class='ocrx_word' id='word_1_572' title='bbox 2250 3457 2664 3512; x_wconf 89' lang='lat' dir='ltr'>communionis</span> <span class='ocrx_word' id='word_1_573' title='bbox 2689 3457 2996 3528; x_wconf 89' lang='lat' dir='ltr'>suscepisse</span> <span class='ocrx_word' id='word_1_574' title='bbox 3025 3459 3370 3530; x_wconf 86' lang='lat' dir='ltr'>contagium,</span> <span class='ocrx_word' id='word_1_575' title='bbox 3403 3464 3459 3515; x_wconf 91' lang='lat' dir='ltr'>et</span> <span class='ocrx_word' id='word_1_576' title='bbox 3483 3477 3586 3531; x_wconf 90' lang='lat' dir='ltr'>per</span> <span class='ocrx_word' id='word_1_577' title='bbox 3614 3463 3882 3518; x_wconf 88' lang='lat' dir='ltr'>eamdem</span> 
     </span>
    </p>
   </div>
   <div class='ocr_carea' id='block_1_78' title="bbox 2250 3551 3882 3621">
    <p class='ocr_par' dir='ltr' id='par_1_78' title="bbox 2250 3551 3882 3621">
     <span class='ocr_line' id='line_1_79' title="bbox 2250 3551 3882 3621; baseline 0.005 -17"><span class='ocrx_word' id='word_1_578' title='bbox 2250 3551 2359 3604; x_wconf 90' lang='lat' dir='ltr'>illis</span> <span class='ocrx_word' id='word_1_579' title='bbox 2408 3551 2711 3619; x_wconf 69' lang='lat' dir='ltr'>haereticis,</span> <span class='ocrx_word' id='word_1_580' title='bbox 2767 3551 2971 3621; x_wconf 90' lang='lat' dir='ltr'>quibus</span> <span class='ocrx_word' id='word_1_581' title='bbox 3019 3553 3219 3606; x_wconf 89' lang='lat' dir='ltr'>Petrus</span> <span class='ocrx_word' id='word_1_582' title='bbox 3275 3554 3730 3610; x_wconf 89' lang='lat' dir='ltr'>communicabat</span> <span class='ocrx_word' id='word_1_583' title='bbox 3783 3574 3882 3612; x_wconf 86' lang='lat' dir='ltr'>ea-</span> 
     </span>
    </p>
   </div>
   <div class='ocr_carea' id='block_1_79' title="bbox 2253 3644 3882 3718">
    <p class='ocr_par' dir='ltr' id='par_1_79' title="bbox 2253 3644 3882 3718">
     <span class='ocr_line' id='line_1_80' title="bbox 2253 3644 3882 3718; baseline 0.004 -19"><span class='ocrx_word' id='word_1_584' title='bbox 2253 3644 2384 3699; x_wconf 91' lang='lat' dir='ltr'>dem</span> <span class='ocrx_word' id='word_1_585' title='bbox 2434 3649 2591 3715; x_wconf 90' lang='lat' dir='ltr'>peste</span> <span class='ocrx_word' id='word_1_586' title='bbox 2617 3645 2960 3700; x_wconf 88' lang='lat' dir='ltr'>convietum.</span> <span class='ocrx_word' id='word_1_587' title='bbox 2989 3645 3096 3713; x_wconf 86' lang='lat' dir='ltr'>Qui</span> <span class='ocrx_word' id='word_1_588' title='bbox 3125 3649 3485 3718; x_wconf 55' lang='lat' dir='ltr'>pra‘sumpsit</span> <span class='ocrx_word' id='word_1_589' title='bbox 3512 3666 3625 3703; x_wconf 94' lang='lat' dir='ltr'>non</span> <span class='ocrx_word' id='word_1_590' title='bbox 3657 3657 3882 3706; x_wconf 82' lang='lat' dir='ltr'>servato</span> 
     </span>
    </p>
   </div>
   <div class='ocr_carea' id='block_1_80' title="bbox 2251 3737 3884 3812">
    <p class='ocr_par' dir='ltr' id='par_1_80' title="bbox 2251 3737 3884 3812">
     <span class='ocr_line' id='line_1_81' title="bbox 2251 3737 3884 3812; baseline 0.005 -20"><span class='ocrx_word' id='word_1_591' title='bbox 2251 3737 2450 3793; x_wconf 90' lang='lat' dir='ltr'>ordine</span> <span class='ocrx_word' id='word_1_592' title='bbox 2476 3740 2706 3794; x_wconf 87' lang='lat' dir='ltr'>Petrum</span> <span class='ocrx_word' id='word_1_593' title='bbox 2728 3739 3010 3810; x_wconf 88' lang='lat' dir='ltr'>suscipere</span> <span class='ocrx_word' id='word_1_594' title='bbox 3037 3756 3144 3794; x_wconf 91' lang='lat' dir='ltr'>nec</span> <span class='ocrx_word' id='word_1_595' title='bbox 3170 3741 3559 3797; x_wconf 83' lang='lat' dir='ltr'>examinatum</span> <span class='ocrx_word' id='word_1_596' title='bbox 3587 3760 3744 3812; x_wconf 91' lang='lat' dir='ltr'>eum,</span> <span class='ocrx_word' id='word_1_597' title='bbox 3776 3763 3884 3800; x_wconf 91' lang='lat' dir='ltr'>nec</span> 
     </span>
    </p>
   </div>
   <div class='ocr_carea' id='block_1_81' title="bbox 2250 3832 3880 3906">
    <p class='ocr_par' dir='ltr' id='par_1_81' title="bbox 2250 3832 3880 3906">
     <span class='ocr_line' id='line_1_82' title="bbox 2250 3832 3880 3906; baseline 0.006 -21"><span class='ocrx_word' id='word_1_598' title='bbox 2250 3832 2576 3903; x_wconf 88' lang='lat' dir='ltr'>agnoscitur</span> <span class='ocrx_word' id='word_1_599' title='bbox 2595 3833 2873 3903; x_wconf 89' lang='lat' dir='ltr'>recepisse</span> <span class='ocrx_word' id='word_1_600' title='bbox 2905 3839 3238 3904; x_wconf 87' lang='lat' dir='ltr'>purgatum,</span> <span class='ocrx_word' id='word_1_601' title='bbox 3263 3839 3317 3889; x_wconf 89' lang='lat' dir='ltr'>et</span> <span class='ocrx_word' id='word_1_602' title='bbox 3343 3835 3466 3890; x_wconf 90' lang='lat' dir='ltr'>ideo</span> <span class='ocrx_word' id='word_1_603' title='bbox 3492 3842 3702 3906; x_wconf 85' lang='lat' dir='ltr'>praeter</span> <span class='ocrx_word' id='word_1_604' title='bbox 3732 3840 3880 3894; x_wconf 91' lang='lat' dir='ltr'>sedis</span> 
     </span>
    </p>
   </div>
   <div class='ocr_carea' id='block_1_82' title="bbox 2249 3925 3878 4002">
    <p class='ocr_par' dir='ltr' id='par_1_82' title="bbox 2249 3925 3878 4002">
     <span class='ocr_line' id='line_1_83' title="bbox 2249 3925 3878 4002; baseline 0.005 -22"><span class='ocrx_word' id='word_1_605' title='bbox 2249 3925 2571 3996; x_wconf 69' lang='lat' dir='ltr'>apostolicae</span> <span class='ocrx_word' id='word_1_606' title='bbox 2599 3926 2908 3996; x_wconf 89' lang='lat' dir='ltr'>licentiam,</span> <span class='ocrx_word' id='word_1_607' title='bbox 2941 3944 3059 3982; x_wconf 94' lang='lat' dir='ltr'>non</span> <span class='ocrx_word' id='word_1_608' title='bbox 3080 3929 3394 3999; x_wconf 86' lang='lat' dir='ltr'>legitimam</span> <span class='ocrx_word' id='word_1_609' title='bbox 3433 3930 3538 3984; x_wconf 89' lang='lat' dir='ltr'>sibi</span> <span class='ocrx_word' id='word_1_610' title='bbox 3570 3932 3693 4002; x_wconf 90' lang='lat' dir='ltr'>ejus</span> <span class='ocrx_word' id='word_1_611' title='bbox 3722 3949 3878 3988; x_wconf 88' lang='lat' dir='ltr'>rece-</span> 
     </span>
    </p>
   </div>
   <div class='ocr_carea' id='block_1_83' title="bbox 2249 4019 3879 4098">
    <p class='ocr_par' dir='ltr' id='par_1_83' title="bbox 2249 4019 3879 4098">
     <span class='ocr_line' id='line_1_84' title="bbox 2249 4019 3879 4098; baseline 0.005 -25"><span class='ocrx_word' id='word_1_612' title='bbox 2249 4019 2506 4090; x_wconf 90' lang='lat' dir='ltr'>ptionem</span> <span class='ocrx_word' id='word_1_613' title='bbox 2523 4036 2800 4091; x_wconf 90' lang='lat' dir='ltr'>usurpare</span> <span class='ocrx_word' id='word_1_614' title='bbox 2819 4021 3082 4088; x_wconf 88' lang='lat' dir='ltr'>voluisse,</span> <span class='ocrx_word' id='word_1_615' title='bbox 3105 4028 3166 4077; x_wconf 91' lang='lat' dir='ltr'>ut</span> <span class='ocrx_word' id='word_1_616' title='bbox 3186 4024 3668 4080; x_wconf 86' lang='lat' dir='ltr'>examinationem</span> <span class='ocrx_word' id='word_1_617' title='bbox 3688 4028 3810 4098; x_wconf 89' lang='lat' dir='ltr'>ejus</span> <span class='ocrx_word' id='word_1_618' title='bbox 3826 4033 3879 4082; x_wconf 89' lang='lat' dir='ltr'>et</span> 
     </span>
    </p>
   </div>
   <div class='ocr_carea' id='block_1_84' title="bbox 2246 4113 3877 4193">
    <p class='ocr_par' dir='ltr' id='par_1_84' title="bbox 2246 4113 3877 4193">
     <span class='ocr_line' id='line_1_85' title="bbox 2246 4113 3877 4193; baseline 0.006 -27"><span class='ocrx_word' id='word_1_619' title='bbox 2246 4113 2645 4184; x_wconf 88' lang='lat' dir='ltr'>purgationem</span> <span class='ocrx_word' id='word_1_620' title='bbox 2664 4120 2853 4185; x_wconf 90' lang='lat' dir='ltr'>posset</span> <span class='ocrx_word' id='word_1_621' title='bbox 2873 4132 2975 4185; x_wconf 91' lang='lat' dir='ltr'>pro</span> <span class='ocrx_word' id='word_1_622' title='bbox 2997 4133 3099 4170; x_wconf 89' lang='lat' dir='ltr'>sua</span> <span class='ocrx_word' id='word_1_623' title='bbox 3122 4118 3409 4173; x_wconf 86' lang='lat' dir='ltr'>voluntate</span> <span class='ocrx_word' id='word_1_624' title='bbox 3428 4120 3682 4187; x_wconf 88' lang='lat' dir='ltr'>mentiri,</span> <span class='ocrx_word' id='word_1_625' title='bbox 3707 4126 3877 4193; x_wconf 85' lang='lat' dir='ltr'>atque</span> 
     </span>
    </p>
   </div>
   <div class='ocr_carea' id='block_1_85' title="bbox 2245 4209 3876 4287">
    <p class='ocr_par' dir='ltr' id='par_1_85' title="bbox 2245 4209 3876 4287">
     <span class='ocr_line' id='line_1_86' title="bbox 2245 4209 3876 4287; baseline 0.005 -25"><span class='ocrx_word' id='word_1_626' title='bbox 2245 4224 2377 4262; x_wconf 89' lang='lat' dir='ltr'>eum</span> <span class='ocrx_word' id='word_1_627' title='bbox 2405 4223 2507 4262; x_wconf 91' lang='lat' dir='ltr'>nec</span> <span class='ocrx_word' id='word_1_628' title='bbox 2535 4209 2944 4278; x_wconf 79' lang='lat' dir='ltr'>examinatum,</span> <span class='ocrx_word' id='word_1_629' title='bbox 2973 4227 3079 4265; x_wconf 89' lang='lat' dir='ltr'>nec</span> <span class='ocrx_word' id='word_1_630' title='bbox 3106 4212 3386 4282; x_wconf 90' lang='lat' dir='ltr'>reciperet</span> <span class='ocrx_word' id='word_1_631' title='bbox 3407 4214 3643 4268; x_wconf 89' lang='lat' dir='ltr'>omnino</span> <span class='ocrx_word' id='word_1_632' title='bbox 3666 4233 3876 4287; x_wconf 88' lang='lat' dir='ltr'>purga-</span> 
     </span>
    </p>
   </div>
   <div class='ocr_carea' id='block_1_86' title="bbox 2244 4302 3879 4382">
    <p class='ocr_par' dir='ltr' id='par_1_86' title="bbox 2244 4302 3879 4382">
     <span class='ocr_line' id='line_1_87' title="bbox 2244 4302 3879 4382; baseline 0.006 -27"><span class='ocrx_word' id='word_1_633' title='bbox 2244 4305 2386 4356; x_wconf 89' lang='lat' dir='ltr'>tum.</span> <span class='ocrx_word' id='word_1_634' title='bbox 2403 4303 2580 4366; x_wconf 89' lang='lat' dir='ltr'>Quem</span> <span class='ocrx_word' id='word_1_635' title='bbox 2594 4302 2638 4356; x_wconf 90' lang='lat' dir='ltr'>si</span> <span class='ocrx_word' id='word_1_636' title='bbox 2655 4305 3024 4359; x_wconf 88' lang='lat' dir='ltr'>reveravellet</span> <span class='ocrx_word' id='word_1_637' title='bbox 3041 4307 3431 4360; x_wconf 85' lang='lat' dir='ltr'>examinatum</span> <span class='ocrx_word' id='word_1_638' title='bbox 3449 4313 3879 4382; x_wconf 89' lang='lat' dir='ltr'>purgatumque</span> 
     </span>
    </p>
   </div>
   <div class='ocr_carea' id='block_1_87' title="bbox 2245 4395 3879 4474">
    <p class='ocr_par' dir='ltr' id='par_1_87' title="bbox 2245 4395 3879 4474">
     <span class='ocr_line' id='line_1_88' title="bbox 2245 4395 3879 4474; baseline 0.006 -26"><span class='ocrx_word' id='word_1_639' title='bbox 2245 4395 2796 4465; x_wconf 77' lang='lat' dir='ltr'>recipere,&#39;ordinem</span> <span class='ocrx_word' id='word_1_640' title='bbox 2820 4397 2878 4451; x_wconf 92' lang='lat' dir='ltr'>in</span> <span class='ocrx_word' id='word_1_641' title='bbox 2899 4397 3023 4467; x_wconf 91' lang='lat' dir='ltr'>ejus</span> <span class='ocrx_word' id='word_1_642' title='bbox 3039 4399 3457 4454; x_wconf 84' lang='lat' dir='ltr'>examinatione</span> <span class='ocrx_word' id='word_1_643' title='bbox 3471 4418 3534 4455; x_wconf 89' lang='lat' dir='ltr'>ac</span> <span class='ocrx_word' id='word_1_644' title='bbox 3554 4404 3879 4474; x_wconf 83' lang='lat' dir='ltr'>receptione</span> 
     </span>
    </p>
   </div>
   <div class='ocr_carea' id='block_1_88' title="bbox 2243 4489 3875 4566">
    <p class='ocr_par' dir='ltr' id='par_1_88' title="bbox 2243 4489 3875 4566">
     <span class='ocr_line' id='line_1_89' title="bbox 2243 4489 3875 4566; baseline 0.007 -24"><span class='ocrx_word' id='word_1_645' title='bbox 2243 4489 2426 4558; x_wconf 89' lang='lat' dir='ltr'>potius</span> <span class='ocrx_word' id='word_1_646' title='bbox 2437 4489 2788 4557; x_wconf 88' lang='lat' dir='ltr'>custodisset,</span> <span class='ocrx_word' id='word_1_647' title='bbox 2805 4491 2903 4545; x_wconf 91' lang='lat' dir='ltr'>sed</span> <span class='ocrx_word' id='word_1_648' title='bbox 2925 4495 2987 4546; x_wconf 89' lang='lat' dir='ltr'>ut</span> <span class='ocrx_word' id='word_1_649' title='bbox 3003 4492 3290 4547; x_wconf 88' lang='lat' dir='ltr'>videretur</span> <span class='ocrx_word' id='word_1_650' title='bbox 3311 4495 3494 4565; x_wconf 87' lang='lat' dir='ltr'>magis</span> <span class='ocrx_word' id='word_1_651' title='bbox 3514 4511 3689 4566; x_wconf 88' lang='lat' dir='ltr'>quam</span> <span class='ocrx_word' id='word_1_652' title='bbox 3711 4515 3875 4553; x_wconf 88' lang='lat' dir='ltr'>vera-</span> 
     </span>
    </p>
   </div>
   <div class='ocr_carea' id='block_1_89' title="bbox 509 4579 3879 4662">
    <p class='ocr_par' dir='ltr' id='par_1_89' title="bbox 509 4579 3879 4662">
     <span class='ocr_line' id='line_1_90' title="bbox 509 4579 3879 4662; baseline 0.004 -30"><span class='ocrx_word' id='word_1_653' title='bbox 509 4579 698 4635; x_wconf 90' lang='lat' dir='ltr'>nionis</span> <span class='ocrx_word' id='word_1_654' title='bbox 718 4583 967 4634; x_wconf 68' lang='lat' dir='ltr'>externa:</span> <span class='ocrx_word' id='word_1_655' title='bbox 989 4579 1296 4651; x_wconf 90' lang='lat' dir='ltr'>perhibent</span> <span class='ocrx_word' id='word_1_656' title='bbox 1315 4584 1768 4638; x_wconf 87' lang='lat' dir='ltr'>sectatores.Cur</span> <span class='ocrx_word' id='word_1_657' title='bbox 1787 4601 1924 4656; x_wconf 90' lang='lat' dir='ltr'>ergo</span> <span class='ocrx_word' id='word_1_658' title='bbox 1943 4585 2023 4640; x_wconf 92' lang='lat' dir='ltr'>eis</span> <span class='ocrx_word' id='word_1_659' title='bbox 2044 4603 2136 4657; x_wconf 87' lang='lat' dir='ltr'>sy-</span> <span class='ocrx_word' id='word_1_660' title='bbox 2158 4584 2216 4655; x_wconf 88' lang='lat' dir='ltr'><strong>D</strong></span> <span class='ocrx_word' id='word_1_661' title='bbox 2241 4584 2379 4637; x_wconf 92' lang='lat' dir='ltr'>citer</span> <span class='ocrx_word' id='word_1_662' title='bbox 2407 4589 2554 4639; x_wconf 91' lang='lat' dir='ltr'>esset</span> <span class='ocrx_word' id='word_1_663' title='bbox 2574 4585 2703 4654; x_wconf 88' lang='lat' dir='ltr'>jure</span> <span class='ocrx_word' id='word_1_664' title='bbox 2734 4587 3048 4656; x_wconf 87' lang='lat' dir='ltr'>prorogari.</span> <span class='ocrx_word' id='word_1_665' title='bbox 3071 4587 3222 4642; x_wconf 88' lang='lat' dir='ltr'>Sicut</span> <span class='ocrx_word' id='word_1_666' title='bbox 3249 4605 3384 4658; x_wconf 89' lang='lat' dir='ltr'>ergo</span> <span class='ocrx_word' id='word_1_667' title='bbox 3409 4592 3540 4643; x_wconf 86' lang='lat' dir='ltr'>ante</span> <span class='ocrx_word' id='word_1_668' title='bbox 3567 4607 3684 4644; x_wconf 93' lang='lat' dir='ltr'>non</span> <span class='ocrx_word' id='word_1_669' title='bbox 3718 4593 3879 4662; x_wconf 88' lang='lat' dir='ltr'>prius</span> 
     </span>
    </p>
   </div>
   <div class='ocr_carea' id='block_1_90' title="bbox 510 4674 2139 4748">
    <p class='ocr_par' dir='ltr' id='par_1_90' title="bbox 510 4674 2139 4748">
     <span class='ocr_line' id='line_1_91' title="bbox 510 4674 2139 4748; baseline 0.005 -21"><span class='ocrx_word' id='word_1_670' title='bbox 510 4675 687 4730; x_wconf 88' lang='lat' dir='ltr'>nodus</span> <span class='ocrx_word' id='word_1_671' title='bbox 700 4674 1019 4728; x_wconf 88' lang='lat' dir='ltr'>necessaria</span> <span class='ocrx_word' id='word_1_672' title='bbox 1032 4674 1204 4729; x_wconf 91' lang='lat' dir='ltr'>fuisse</span> <span class='ocrx_word' id='word_1_673' title='bbox 1219 4674 1606 4748; x_wconf 90' lang='lat' dir='ltr'>videatur,qui</span> <span class='ocrx_word' id='word_1_674' title='bbox 1620 4693 1678 4731; x_wconf 92' lang='lat' dir='ltr'>se</span> <span class='ocrx_word' id='word_1_675' title='bbox 1693 4682 1892 4733; x_wconf 90' lang='lat' dir='ltr'>contra</span> <span class='ocrx_word' id='word_1_676' title='bbox 1905 4679 2139 4735; x_wconf 90' lang='lat' dir='ltr'>Chalce-</span> 
     </span>
    </p>
   </div>
   <div class='ocr_carea' id='block_1_91' title="bbox 509 4768 2142 4840">
    <p class='ocr_par' dir='ltr' id='par_1_91' title="bbox 509 4768 2142 4840">
     <span class='ocr_line' id='line_1_92' title="bbox 509 4768 2142 4840; baseline 0.004 -18"><span class='ocrx_word' id='word_1_677' title='bbox 509 4768 826 4824; x_wconf 87' lang='lat' dir='ltr'>donensem</span> <span class='ocrx_word' id='word_1_678' title='bbox 842 4768 1325 4839; x_wconf 86' lang='lat' dir='ltr'>synodumvenire</span> <span class='ocrx_word' id='word_1_679' title='bbox 1336 4772 2142 4840; x_wconf 89' lang='lat' dir='ltr'>cognoscunt.QuidEutichia—</span> 
     </span>
    </p>
   </div>
   <div class='ocr_carea' id='block_1_92' title="bbox 503 4860 2140 4934">
    <p class='ocr_par' dir='ltr' id='par_1_92' title="bbox 503 4860 2140 4934">
     <span class='ocr_line' id='line_1_93' title="bbox 503 4860 2140 4934; baseline 0.004 -18"><span class='ocrx_word' id='word_1_680' title='bbox 503 4876 610 4916; x_wconf 90' lang='lat' dir='ltr'>nus</span> <span class='ocrx_word' id='word_1_681' title='bbox 621 4877 779 4916; x_wconf 90' lang='lat' dir='ltr'>error</span> <span class='ocrx_word' id='word_1_682' title='bbox 791 4877 922 4916; x_wconf 91' lang='lat' dir='ltr'>cum</span> <span class='ocrx_word' id='word_1_683' title='bbox 938 4860 1053 4916; x_wconf 91' lang='lat' dir='ltr'>suis</span> <span class='ocrx_word' id='word_1_684' title='bbox 1073 4862 1399 4916; x_wconf 88' lang='lat' dir='ltr'>auctoribus</span> <span class='ocrx_word' id='word_1_685' title='bbox 1421 4864 1708 4934; x_wconf 90' lang='lat' dir='ltr'>generalis</span> <span class='ocrx_word' id='word_1_686' title='bbox 1727 4865 1988 4921; x_wconf 70' lang='lat' dir='ltr'>Ecclesiae</span> <span class='ocrx_word' id='word_1_687' title='bbox 2005 4883 2140 4922; x_wconf 85' lang='lat' dir='ltr'>voce</span> 
     </span>
    </p>
   </div>
   <div class='ocr_carea' id='block_1_93' title="bbox 502 4954 2139 5031">
    <p class='ocr_par' dir='ltr' id='par_1_93' title="bbox 502 4954 2139 5031">
     <span class='ocr_line' id='line_1_94' title="bbox 502 4954 2139 5031; baseline 0.005 -24"><span class='ocrx_word' id='word_1_688' title='bbox 502 4954 808 5011; x_wconf 88' lang='lat' dir='ltr'>damnatus</span> <span class='ocrx_word' id='word_1_689' title='bbox 836 4959 938 5010; x_wconf 90' lang='lat' dir='ltr'>est.</span> <span class='ocrx_word' id='word_1_690' title='bbox 972 4955 1082 5008; x_wconf 84' lang='lat' dir='ltr'>Nec</span> <span class='ocrx_word' id='word_1_691' title='bbox 1110 4955 1350 5010; x_wconf 89' lang='lat' dir='ltr'>dubium</span> <span class='ocrx_word' id='word_1_692' title='bbox 1372 4957 1525 5027; x_wconf 91' lang='lat' dir='ltr'>quod</span> <span class='ocrx_word' id='word_1_693' title='bbox 1549 4957 1694 5012; x_wconf 93' lang='lat' dir='ltr'>sicut</span> <span class='ocrx_word' id='word_1_694' title='bbox 1716 4959 1771 5012; x_wconf 92' lang='lat' dir='ltr'>in</span> <span class='ocrx_word' id='word_1_695' title='bbox 1798 4976 2139 5031; x_wconf 87' lang='lat' dir='ltr'>unaquaque</span> 
     </span>
    </p>
   </div>
   <div class='ocr_carea' id='block_1_94' title="bbox 506 5049 2137 5124">
    <p class='ocr_par' dir='ltr' id='par_1_94' title="bbox 506 5049 2137 5124">
     <span class='ocr_line' id='line_1_95' title="bbox 506 5049 2137 5124; baseline 0.004 -23"><span class='ocrx_word' id='word_1_696' title='bbox 506 5049 724 5115; x_wconf 64' lang='lat' dir='ltr'>heresi,</span> <span class='ocrx_word' id='word_1_697' title='bbox 741 5049 895 5120; x_wconf 91' lang='lat' dir='ltr'>quod</span> <span class='ocrx_word' id='word_1_698' title='bbox 924 5049 1338 5104; x_wconf 90' lang='lat' dir='ltr'>incessabiliter</span> <span class='ocrx_word' id='word_1_699' title='bbox 1360 5052 1738 5122; x_wconf 91' lang='lat' dir='ltr'>repetendum</span> <span class='ocrx_word' id='word_1_700' title='bbox 1760 5057 1863 5118; x_wconf 90' lang='lat' dir='ltr'>est,</span> <span class='ocrx_word' id='word_1_701' title='bbox 1886 5053 2017 5124; x_wconf 90' lang='lat' dir='ltr'>quia</span> <span class='ocrx_word' id='word_1_702' title='bbox 2039 5055 2137 5108; x_wconf 78' lang='lat' dir='ltr'>tir-</span> 
     </span>
    </p>
   </div>
   <div class='ocr_carea' id='block_1_95' title="bbox 499 5142 2136 5216">
    <p class='ocr_par' dir='ltr' id='par_1_95' title="bbox 499 5142 2136 5216">
     <span class='ocr_line' id='line_1_96' title="bbox 499 5142 2136 5216; baseline 0.005 -23"><span class='ocrx_word' id='word_1_703' title='bbox 499 5157 661 5194; x_wconf 88' lang='lat' dir='ltr'>mum</span> <span class='ocrx_word' id='word_1_704' title='bbox 695 5157 813 5195; x_wconf 91' lang='lat' dir='ltr'>esse</span> <span class='ocrx_word' id='word_1_705' title='bbox 855 5142 1046 5196; x_wconf 90' lang='lat' dir='ltr'>nullus</span> <span class='ocrx_word' id='word_1_706' title='bbox 1085 5142 1327 5216; x_wconf 89' lang='lat' dir='ltr'>ambigit</span> <span class='ocrx_word' id='word_1_707' title='bbox 1355 5144 1727 5212; x_wconf 89' lang='lat' dir='ltr'>Christianus,</span> <span class='ocrx_word' id='word_1_708' title='bbox 1769 5163 1964 5200; x_wconf 88' lang='lat' dir='ltr'>omnes</span> <span class='ocrx_word' id='word_1_709' title='bbox 1986 5163 2136 5202; x_wconf 91' lang='lat' dir='ltr'>com-</span> 
     </span>
    </p>
   </div>
   <div class='ocr_carea' id='block_1_96' title="bbox 503 5233 2137 5303">
    <p class='ocr_par' dir='ltr' id='par_1_96' title="bbox 503 5233 2137 5303">
     <span class='ocr_line' id='line_1_97' title="bbox 503 5233 2137 5303; baseline 0.007 -18"><span class='ocrx_word' id='word_1_710' title='bbox 503 5233 673 5303; x_wconf 78' lang='lat' dir='ltr'>plices</span> <span class='ocrx_word' id='word_1_711' title='bbox 728 5238 1029 5292; x_wconf 87' lang='lat' dir='ltr'>sectatores</span> <span class='ocrx_word' id='word_1_712' title='bbox 1069 5239 1583 5294; x_wconf 89' lang='lat' dir='ltr'>communicatores</span> <span class='ocrx_word' id='word_1_713' title='bbox 1631 5240 1922 5294; x_wconf 66' lang='lat' dir='ltr'>damnatae</span> <span class='ocrx_word' id='word_1_714' title='bbox 1961 5243 2137 5297; x_wconf 90' lang='lat' dir='ltr'>semel</span> 
     </span>
    </p>
   </div>
   <div class='ocr_carea' id='block_1_97' title="bbox 499 5327 2133 5404">
    <p class='ocr_par' dir='ltr' id='par_1_97' title="bbox 499 5327 2133 5404">
     <span class='ocr_line' id='line_1_98' title="bbox 499 5327 2133 5404; baseline 0.005 -23"><span class='ocrx_word' id='word_1_715' title='bbox 499 5327 798 5398; x_wconf 87' lang='lat' dir='ltr'>pravitatis</span> <span class='ocrx_word' id='word_1_716' title='bbox 822 5330 946 5400; x_wconf 86' lang='lat' dir='ltr'>pari</span> <span class='ocrx_word' id='word_1_717' title='bbox 976 5335 1129 5386; x_wconf 90' lang='lat' dir='ltr'>sorte</span> <span class='ocrx_word' id='word_1_718' title='bbox 1171 5335 1494 5387; x_wconf 92' lang='lat' dir='ltr'>censentur.</span> <span class='ocrx_word' id='word_1_719' title='bbox 1539 5334 1787 5404; x_wconf 88' lang='lat' dir='ltr'>Ideoque</span> <span class='ocrx_word' id='word_1_720' title='bbox 1830 5333 1903 5388; x_wconf 91' lang='lat' dir='ltr'>sit</span> <span class='ocrx_word' id='word_1_721' title='bbox 1933 5351 2133 5390; x_wconf 94' lang='lat' dir='ltr'>consc-</span> 
     </span>
    </p>
   </div>
   <div class='ocr_carea' id='block_1_98' title="bbox 497 5423 2132 5498">
    <p class='ocr_par' dir='ltr' id='par_1_98' title="bbox 497 5423 2132 5498">
     <span class='ocr_line' id='line_1_99' title="bbox 497 5423 2132 5498; baseline 0.007 -25"><span class='ocrx_word' id='word_1_722' title='bbox 497 5437 700 5492; x_wconf 84' lang='lat' dir='ltr'>quens,</span> <span class='ocrx_word' id='word_1_723' title='bbox 751 5427 817 5478; x_wconf 90' lang='lat' dir='ltr'>ut</span> <span class='ocrx_word' id='word_1_724' title='bbox 847 5423 991 5479; x_wconf 90' lang='lat' dir='ltr'>sicut</span> <span class='ocrx_word' id='word_1_725' title='bbox 1024 5423 1360 5480; x_wconf 91' lang='lat' dir='ltr'>Timotheus</span> <span class='ocrx_word' id='word_1_726' title='bbox 1387 5430 1559 5498; x_wconf 89' lang='lat' dir='ltr'>atque</span> <span class='ocrx_word' id='word_1_727' title='bbox 1592 5429 1790 5482; x_wconf 88' lang='lat' dir='ltr'>Petrus</span> <span class='ocrx_word' id='word_1_728' title='bbox 1820 5429 2016 5483; x_wconf 89' lang='lat' dir='ltr'>talium</span> <span class='ocrx_word' id='word_1_729' title='bbox 2042 5446 2132 5484; x_wconf 86' lang='lat' dir='ltr'>se-</span> 
     </span>
    </p>
   </div>
   <div class='ocr_carea' id='block_1_99' title="bbox 497 5517 2129 5590">
    <p class='ocr_par' dir='ltr' id='par_1_99' title="bbox 497 5517 2129 5590">
     <span class='ocr_line' id='line_1_100' title="bbox 497 5517 2129 5590; baseline 0.008 -25"><span class='ocrx_word' id='word_1_730' title='bbox 497 5519 741 5572; x_wconf 67' lang='lat' dir='ltr'>ctatores</span> <span class='ocrx_word' id='word_1_731' title='bbox 769 5517 1084 5572; x_wconf 89' lang='lat' dir='ltr'>secundum</span> <span class='ocrx_word' id='word_1_732' title='bbox 1121 5517 1268 5572; x_wconf 90' lang='lat' dir='ltr'>illius</span> <span class='ocrx_word' id='word_1_733' title='bbox 1311 5521 1510 5590; x_wconf 88' lang='lat' dir='ltr'>synodi</span> <span class='ocrx_word' id='word_1_734' title='bbox 1554 5524 1814 5576; x_wconf 90' lang='lat' dir='ltr'>tenorem</span> <span class='ocrx_word' id='word_1_735' title='bbox 1860 5522 2012 5577; x_wconf 88' lang='lat' dir='ltr'>nulla</span> <span class='ocrx_word' id='word_1_736' title='bbox 2043 5541 2129 5579; x_wconf 90' lang='lat' dir='ltr'>re-</span> 
     </span>
    </p>
   </div>
   <div class='ocr_carea' id='block_1_100' title="bbox 495 5609 2127 5687">
    <p class='ocr_par' dir='ltr' id='par_1_100' title="bbox 495 5609 2127 5687">
     <span class='ocr_line' id='line_1_101' title="bbox 495 5609 2127 5687; baseline 0.007 -27"><span class='ocrx_word' id='word_1_737' title='bbox 495 5609 645 5664; x_wconf 83' lang='lat' dir='ltr'>centi</span> <span class='ocrx_word' id='word_1_738' title='bbox 670 5611 824 5665; x_wconf 88' lang='lat' dir='ltr'>facta</span> <span class='ocrx_word' id='word_1_739' title='bbox 854 5610 1187 5682; x_wconf 83' lang='lat' dir='ltr'>pontificum</span> <span class='ocrx_word' id='word_1_740' title='bbox 1218 5615 1663 5685; x_wconf 90' lang='lat' dir='ltr'>congregatione</span> <span class='ocrx_word' id='word_1_741' title='bbox 1691 5617 1944 5671; x_wconf 88' lang='lat' dir='ltr'>damnati</span> <span class='ocrx_word' id='word_1_742' title='bbox 1976 5621 2127 5687; x_wconf 90' lang='lat' dir='ltr'>sunt,</span> 
     </span>
    </p>
   </div>
   <div class='ocr_carea' id='block_1_101' title="bbox 494 5702 2131 5777">
    <p class='ocr_par' dir='ltr' id='par_1_101' title="bbox 494 5702 2131 5777">
     <span class='ocr_line' id='line_1_102' title="bbox 494 5702 2131 5777; baseline 0.006 -21"><span class='ocrx_word' id='word_1_743' title='bbox 494 5703 574 5757; x_wconf 88' lang='lat' dir='ltr'>sic</span> <span class='ocrx_word' id='word_1_744' title='bbox 598 5706 657 5758; x_wconf 88' lang='lat' dir='ltr'>et</span> <span class='ocrx_word' id='word_1_745' title='bbox 683 5705 852 5759; x_wconf 87' lang='lat' dir='ltr'>Petro</span> <span class='ocrx_word' id='word_1_746' title='bbox 881 5702 1015 5776; x_wconf 90' lang='lat' dir='ltr'>quia</span> <span class='ocrx_word' id='word_1_747' title='bbox 1037 5705 1478 5762; x_wconf 88' lang='lat' dir='ltr'>communicavit</span> <span class='ocrx_word' id='word_1_748' title='bbox 1505 5708 1754 5777; x_wconf 77' lang='lat' dir='ltr'>Aeacius,</span> <span class='ocrx_word' id='word_1_749' title='bbox 1783 5714 1847 5764; x_wconf 94' lang='lat' dir='ltr'>ut</span> <span class='ocrx_word' id='word_1_750' title='bbox 1876 5710 2131 5766; x_wconf 89' lang='lat' dir='ltr'>criminis</span> 
     </span>
    </p>
   </div>
   <div class='ocr_carea' id='block_1_102' title="bbox 493 5794 2126 5874">
    <p class='ocr_par' dir='ltr' id='par_1_102' title="bbox 493 5794 2126 5874">
     <span class='ocr_line' id='line_1_103' title="bbox 493 5794 2126 5874; baseline 0.007 -28"><span class='ocrx_word' id='word_1_751' title='bbox 493 5794 796 5866; x_wconf 89' lang='lat' dir='ltr'>particeps,</span> <span class='ocrx_word' id='word_1_752' title='bbox 837 5797 918 5852; x_wconf 87' lang='lat' dir='ltr'>ita</span> <span class='ocrx_word' id='word_1_753' title='bbox 958 5811 1184 5851; x_wconf 89' lang='lat' dir='ltr'>consors</span> <span class='ocrx_word' id='word_1_754' title='bbox 1211 5797 1282 5850; x_wconf 91' lang='lat' dir='ltr'>sit</span> <span class='ocrx_word' id='word_1_755' title='bbox 1318 5798 1499 5852; x_wconf 88' lang='lat' dir='ltr'>factus</span> <span class='ocrx_word' id='word_1_756' title='bbox 1525 5806 1580 5855; x_wconf 91' lang='lat' dir='ltr'>et</span> <span class='ocrx_word' id='word_1_757' title='bbox 1605 5818 1808 5872; x_wconf 75' lang='lat' dir='ltr'>pmnae.</span> <span class='ocrx_word' id='word_1_758' title='bbox 1841 5803 1984 5866; x_wconf 87' lang='lat' dir='ltr'>Quid</span> <span class='ocrx_word' id='word_1_759' title='bbox 2015 5803 2126 5874; x_wconf 91' lang='lat' dir='ltr'>igi-</span> 
     </span>
    </p>
   </div>
   <div class='ocr_carea' id='block_1_103' title="bbox 491 5886 2122 5965">
    <p class='ocr_par' dir='ltr' id='par_1_103' title="bbox 491 5886 2122 5965">
     <span class='ocr_line' id='line_1_104' title="bbox 491 5886 2122 5965; baseline 0.009 -31"><span class='ocrx_word' id='word_1_760' title='bbox 491 5887 583 5936; x_wconf 87' lang='lat' dir='ltr'>tur</span> <span class='ocrx_word' id='word_1_761' title='bbox 609 5886 946 5955; x_wconf 85' lang='lat' dir='ltr'>ambagibus</span> <span class='ocrx_word' id='word_1_762' title='bbox 981 5892 1038 5942; x_wconf 88' lang='lat' dir='ltr'>et</span> <span class='ocrx_word' id='word_1_763' title='bbox 1062 5888 1287 5943; x_wconf 89' lang='lat' dir='ltr'>nebulis</span> <span class='ocrx_word' id='word_1_764' title='bbox 1325 5889 1426 5943; x_wconf 87' lang='lat' dir='ltr'>ista</span> <span class='ocrx_word' id='word_1_765' title='bbox 1461 5897 1800 5960; x_wconf 78' lang='lat' dir='ltr'>praetexunt,</span> <span class='ocrx_word' id='word_1_766' title='bbox 1845 5897 1907 5946; x_wconf 90' lang='lat' dir='ltr'>ut</span> <span class='ocrx_word' id='word_1_767' title='bbox 1935 5895 2122 5965; x_wconf 89' lang='lat' dir='ltr'>impu-</span> 
     </span>
    </p>
   </div>
   <div class='ocr_carea' id='block_1_104' title="bbox 2244 4677 3879 4755">
    <p class='ocr_par' dir='ltr' id='par_1_104' title="bbox 2244 4677 3879 4755">
     <span class='ocr_line' id='line_1_105' title="bbox 2244 4677 3879 4755; baseline 0.006 -25"><span class='ocrx_word' id='word_1_768' title='bbox 2244 4677 2552 4746; x_wconf 86' lang='lat' dir='ltr'>damnavit,</span> <span class='ocrx_word' id='word_1_769' title='bbox 2575 4695 2747 4749; x_wconf 90' lang='lat' dir='ltr'>quam</span> <span class='ocrx_word' id='word_1_770' title='bbox 2770 4682 2826 4733; x_wconf 91' lang='lat' dir='ltr'>et</span> <span class='ocrx_word' id='word_1_771' title='bbox 2847 4680 3084 4734; x_wconf 88' lang='lat' dir='ltr'>referret</span> <span class='ocrx_word' id='word_1_772' title='bbox 3116 4684 3174 4735; x_wconf 90' lang='lat' dir='ltr'>et</span> <span class='ocrx_word' id='word_1_773' title='bbox 3200 4688 3453 4752; x_wconf 89' lang='lat' dir='ltr'>posceret</span> <span class='ocrx_word' id='word_1_774' title='bbox 3480 4683 3550 4736; x_wconf 91' lang='lat' dir='ltr'>ab</span> <span class='ocrx_word' id='word_1_775' title='bbox 3567 4687 3879 4755; x_wconf 86' lang='lat' dir='ltr'>apostolica</span> 
     </span>
    </p>
   </div>
   <div class='ocr_carea' id='block_1_105' title="bbox 2244 4773 3876 4847">
    <p class='ocr_par' dir='ltr' id='par_1_105' title="bbox 2244 4773 3876 4847">
     <span class='ocr_line' id='line_1_106' title="bbox 2244 4773 3876 4847; baseline 0.007 -23"><span class='ocrx_word' id='word_1_776' title='bbox 2244 4775 2515 4841; x_wconf 88' lang='lat' dir='ltr'>potestate</span> <span class='ocrx_word' id='word_1_777' title='bbox 2573 4773 2983 4841; x_wconf 91' lang='lat' dir='ltr'>damnandum,</span> <span class='ocrx_word' id='word_1_778' title='bbox 3035 4774 3113 4828; x_wconf 90' lang='lat' dir='ltr'>sic</span> <span class='ocrx_word' id='word_1_779' title='bbox 3159 4779 3215 4829; x_wconf 90' lang='lat' dir='ltr'>et</span> <span class='ocrx_word' id='word_1_780' title='bbox 3253 4776 3581 4847; x_wconf 86' lang='lat' dir='ltr'>recipiendo</span> <span class='ocrx_word' id='word_1_781' title='bbox 3631 4780 3876 4834; x_wconf 88' lang='lat' dir='ltr'>modum</span> 
     </span>
    </p>
   </div>
   <div class='ocr_carea' id='block_1_106' title="bbox 2242 4865 3874 4940">
    <p class='ocr_par' dir='ltr' id='par_1_106' title="bbox 2242 4865 3874 4940">
     <span class='ocr_line' id='line_1_107' title="bbox 2242 4865 3874 4940; baseline 0.006 -23"><span class='ocrx_word' id='word_1_782' title='bbox 2242 4880 2464 4919; x_wconf 88' lang='lat' dir='ltr'>servare</span> <span class='ocrx_word' id='word_1_783' title='bbox 2504 4865 2808 4935; x_wconf 90' lang='lat' dir='ltr'>debuisset,</span> <span class='ocrx_word' id='word_1_784' title='bbox 2854 4872 2919 4921; x_wconf 91' lang='lat' dir='ltr'>ut</span> <span class='ocrx_word' id='word_1_785' title='bbox 2962 4868 3293 4940; x_wconf 86' lang='lat' dir='ltr'>priusquam</span> <span class='ocrx_word' id='word_1_786' title='bbox 3314 4887 3370 4924; x_wconf 88' lang='lat' dir='ltr'>se</span> <span class='ocrx_word' id='word_1_787' title='bbox 3406 4871 3455 4924; x_wconf 90' lang='lat' dir='ltr'>ei</span> <span class='ocrx_word' id='word_1_788' title='bbox 3477 4874 3874 4928; x_wconf 87' lang='lat' dir='ltr'>communioni</span> 
     </span>
    </p>
   </div>
   <div class='ocr_carea' id='block_1_107' title="bbox 2241 4957 3877 5034">
    <p class='ocr_par' dir='ltr' id='par_1_107' title="bbox 2241 4957 3877 5034">
     <span class='ocr_line' id='line_1_108' title="bbox 2241 4957 3877 5034; baseline 0.007 -23"><span class='ocrx_word' id='word_1_789' title='bbox 2241 4957 2505 5013; x_wconf 88' lang='lat' dir='ltr'>misceret</span> <span class='ocrx_word' id='word_1_790' title='bbox 2521 4976 2624 5030; x_wconf 89' lang='lat' dir='ltr'>per</span> <span class='ocrx_word' id='word_1_791' title='bbox 2646 4961 2840 5014; x_wconf 91' lang='lat' dir='ltr'>sedem</span> <span class='ocrx_word' id='word_1_792' title='bbox 2863 4963 3234 5031; x_wconf 83' lang='lat' dir='ltr'>apostolicam</span> <span class='ocrx_word' id='word_1_793' title='bbox 3272 4967 3528 5034; x_wconf 87' lang='lat' dir='ltr'>posceret</span> <span class='ocrx_word' id='word_1_794' title='bbox 3559 4968 3877 5022; x_wconf 88' lang='lat' dir='ltr'>examinari</span> 
     </span>
    </p>
   </div>
   <div class='ocr_carea' id='block_1_108' title="bbox 2241 5053 3872 5127">
    <p class='ocr_par' dir='ltr' id='par_1_108' title="bbox 2241 5053 3872 5127">
     <span class='ocr_line' id='line_1_109' title="bbox 2241 5053 3872 5127; baseline 0.006 -22"><span class='ocrx_word' id='word_1_795' title='bbox 2241 5068 2392 5119; x_wconf 90' lang='lat' dir='ltr'>eum,</span> <span class='ocrx_word' id='word_1_796' title='bbox 2434 5057 2488 5106; x_wconf 89' lang='lat' dir='ltr'>et</span> <span class='ocrx_word' id='word_1_797' title='bbox 2519 5053 2777 5123; x_wconf 90' lang='lat' dir='ltr'>legitima</span> <span class='ocrx_word' id='word_1_798' title='bbox 2808 5055 3028 5109; x_wconf 88' lang='lat' dir='ltr'>ratione</span> <span class='ocrx_word' id='word_1_799' title='bbox 3071 5057 3322 5127; x_wconf 91' lang='lat' dir='ltr'>purgari,</span> <span class='ocrx_word' id='word_1_800' title='bbox 3366 5075 3495 5112; x_wconf 91' lang='lat' dir='ltr'>cum</span> <span class='ocrx_word' id='word_1_801' title='bbox 3524 5076 3630 5113; x_wconf 92' lang='lat' dir='ltr'>nec</span> <span class='ocrx_word' id='word_1_802' title='bbox 3660 5061 3872 5115; x_wconf 84' lang='lat' dir='ltr'>exami-</span> 
     </span>
    </p>
   </div>
   <div class='ocr_carea' id='block_1_109' title="bbox 2240 5145 3865 5224">
    <p class='ocr_par' dir='ltr' id='par_1_109' title="bbox 2240 5145 3865 5224">
     <span class='ocr_line' id='line_1_110' title="bbox 2240 5145 3865 5224; baseline 0.006 -25"><span class='ocrx_word' id='word_1_803' title='bbox 2240 5145 2415 5200; x_wconf 86' lang='lat' dir='ltr'>nandi</span> <span class='ocrx_word' id='word_1_804' title='bbox 2481 5151 2578 5201; x_wconf 89' lang='lat' dir='ltr'>aut</span> <span class='ocrx_word' id='word_1_805' title='bbox 2647 5148 2957 5218; x_wconf 90' lang='lat' dir='ltr'>recipiendi</span> <span class='ocrx_word' id='word_1_806' title='bbox 3033 5167 3166 5204; x_wconf 91' lang='lat' dir='ltr'>eum</span> <span class='ocrx_word' id='word_1_807' title='bbox 3218 5151 3454 5206; x_wconf 89' lang='lat' dir='ltr'>haberet</span> <span class='ocrx_word' id='word_1_808' title='bbox 3506 5152 3626 5223; x_wconf 86' lang='lat' dir='ltr'>ipse</span> <span class='ocrx_word' id='word_1_809' title='bbox 3679 5156 3865 5224; x_wconf 86' lang='lat' dir='ltr'>ponti-</span> 
     </span>
    </p>
   </div>
   <div class='ocr_carea' id='block_1_110' title="bbox 2238 5240 3872 5313">
    <p class='ocr_par' dir='ltr' id='par_1_110' title="bbox 2238 5240 3872 5313">
     <span class='ocr_line' id='line_1_111' title="bbox 2238 5240 3872 5313; baseline 0.006 -20"><span class='ocrx_word' id='word_1_810' title='bbox 2238 5240 2454 5310; x_wconf 80' lang='lat' dir='ltr'>ficium,</span> <span class='ocrx_word' id='word_1_811' title='bbox 2519 5247 2575 5295; x_wconf 93' lang='lat' dir='ltr'>et</span> <span class='ocrx_word' id='word_1_812' title='bbox 2625 5242 2851 5296; x_wconf 89' lang='lat' dir='ltr'>nonnisi</span> <span class='ocrx_word' id='word_1_813' title='bbox 2915 5259 3017 5313; x_wconf 88' lang='lat' dir='ltr'>per</span> <span class='ocrx_word' id='word_1_814' title='bbox 3067 5244 3217 5298; x_wconf 89' lang='lat' dir='ltr'>illius</span> <span class='ocrx_word' id='word_1_815' title='bbox 3272 5245 3422 5299; x_wconf 90' lang='lat' dir='ltr'>sedis</span> <span class='ocrx_word' id='word_1_816' title='bbox 3472 5248 3872 5304; x_wconf 88' lang='lat' dir='ltr'>auctoritatem</span> 
     </span>
    </p>
   </div>
   <div class='ocr_carea' id='block_1_111' title="bbox 2239 5332 3872 5413">
    <p class='ocr_par' dir='ltr' id='par_1_111' title="bbox 2239 5332 3872 5413">
     <span class='ocr_line' id='line_1_112' title="bbox 2239 5332 3872 5413; baseline 0.006 -26"><span class='ocrx_word' id='word_1_817' title='bbox 2239 5332 2419 5406; x_wconf 79' lang='grc'>241</span> <span class='ocrx_word' id='word_1_818' title='bbox 2463 5352 2918 5408; x_wconf 88' lang='lat' dir='ltr'>consensumque</span> <span class='ocrx_word' id='word_1_819' title='bbox 2941 5337 3047 5392; x_wconf 93' lang='lat' dir='ltr'>hoc</span> <span class='ocrx_word' id='word_1_820' title='bbox 3067 5343 3255 5408; x_wconf 86' lang='lat' dir='ltr'>posset</span> <span class='ocrx_word' id='word_1_821' title='bbox 3273 5339 3536 5410; x_wconf 89' lang='lat' dir='ltr'>implere,</span> <span class='ocrx_word' id='word_1_822' title='bbox 3565 5341 3689 5395; x_wconf 92' lang='lat' dir='ltr'>sine</span> <span class='ocrx_word' id='word_1_823' title='bbox 3709 5343 3872 5413; x_wconf 88' lang='lat' dir='ltr'>cujus</span> 
     </span>
    </p>
   </div>
   <div class='ocr_carea' id='block_1_112' title="bbox 2237 5429 3867 5503">
    <p class='ocr_par' dir='ltr' id='par_1_112' title="bbox 2237 5429 3867 5503">
     <span class='ocr_line' id='line_1_113' title="bbox 2237 5429 3867 5503; baseline 0.006 -21"><span class='ocrx_word' id='word_1_824' title='bbox 2237 5429 2568 5484; x_wconf 71' lang='lat' dir='ltr'>auctoritate</span> <span class='ocrx_word' id='word_1_825' title='bbox 2607 5447 2738 5484; x_wconf 89' lang='lat' dir='ltr'>eum</span> <span class='ocrx_word' id='word_1_826' title='bbox 2766 5447 2878 5485; x_wconf 91' lang='lat' dir='ltr'>non</span> <span class='ocrx_word' id='word_1_827' title='bbox 2906 5436 3129 5502; x_wconf 90' lang='lat' dir='ltr'>poterat</span> <span class='ocrx_word' id='word_1_828' title='bbox 3168 5432 3285 5502; x_wconf 89' lang='lat' dir='ltr'>ipse</span> <span class='ocrx_word' id='word_1_829' title='bbox 3315 5433 3604 5503; x_wconf 89' lang='lat' dir='ltr'>damnare,</span> <span class='ocrx_word' id='word_1_830' title='bbox 3653 5440 3710 5490; x_wconf 89' lang='lat' dir='ltr'>et</span> <span class='ocrx_word' id='word_1_831' title='bbox 3739 5453 3867 5491; x_wconf 91' lang='lat' dir='ltr'>cum</span> 
     </span>
    </p>
   </div>
   <div class='ocr_carea' id='block_1_113' title="bbox 2237 5522 3871 5600">
    <p class='ocr_par' dir='ltr' id='par_1_113' title="bbox 2237 5522 3871 5600">
     <span class='ocr_line' id='line_1_114' title="bbox 2237 5522 3871 5600; baseline 0.006 -24"><span class='ocrx_word' id='word_1_832' title='bbox 2237 5522 2530 5594; x_wconf 87' lang='lat' dir='ltr'>principali</span> <span class='ocrx_word' id='word_1_833' title='bbox 2561 5524 2878 5594; x_wconf 86' lang='lat' dir='ltr'>diligentia,</span> <span class='ocrx_word' id='word_1_834' title='bbox 2905 5530 2960 5579; x_wconf 90' lang='lat' dir='ltr'>et</span> <span class='ocrx_word' id='word_1_835' title='bbox 2989 5525 3191 5580; x_wconf 88' lang='lat' dir='ltr'>discuti</span> <span class='ocrx_word' id='word_1_836' title='bbox 3213 5527 3418 5598; x_wconf 90' lang='lat' dir='ltr'>potuit,</span> <span class='ocrx_word' id='word_1_837' title='bbox 3453 5533 3509 5582; x_wconf 91' lang='lat' dir='ltr'>et</span> <span class='ocrx_word' id='word_1_838' title='bbox 3539 5531 3794 5600; x_wconf 87' lang='lat' dir='ltr'>purgari,</span> <span class='ocrx_word' id='word_1_839' title='bbox 3815 5538 3871 5586; x_wconf 93' lang='lat' dir='ltr'>et</span> 
     </span>
    </p>
   </div>
   <div class='ocr_carea' id='block_1_114' title="bbox 2235 5616 3868 5679">
    <p class='ocr_par' dir='ltr' id='par_1_114' title="bbox 2235 5616 3868 5679">
     <span class='ocr_line' id='line_1_115' title="bbox 2235 5616 3868 5679; baseline 0.006 -9"><span class='ocrx_word' id='word_1_840' title='bbox 2235 5616 2304 5670; x_wconf 86' lang='lat' dir='ltr'>ad</span> <span class='ocrx_word' id='word_1_841' title='bbox 2327 5617 2785 5672; x_wconf 89' lang='lat' dir='ltr'>communionem</span> <span class='ocrx_word' id='word_1_842' title='bbox 2811 5620 3245 5674; x_wconf 90' lang='lat' dir='ltr'>convenientem</span> <span class='ocrx_word' id='word_1_843' title='bbox 3277 5621 3516 5677; x_wconf 87' lang='lat' dir='ltr'>admitti.</span> <span class='ocrx_word' id='word_1_844' title='bbox 3542 5625 3684 5679; x_wconf 83' lang='lat' dir='ltr'>Cum</span> <span class='ocrx_word' id='word_1_845' title='bbox 3711 5625 3868 5679; x_wconf 89' lang='lat' dir='ltr'>enim</span> 
     </span>
    </p>
   </div>
   <div class='ocr_carea' id='block_1_115' title="bbox 2233 5713 3864 5788">
    <p class='ocr_par' dir='ltr' id='par_1_115' title="bbox 2233 5713 3864 5788">
     <span class='ocr_line' id='line_1_116' title="bbox 2233 5713 3864 5788; baseline 0.006 -25"><span class='ocrx_word' id='word_1_846' title='bbox 2233 5713 2453 5764; x_wconf 91' lang='lat' dir='ltr'>constet</span> <span class='ocrx_word' id='word_1_847' title='bbox 2477 5728 2650 5782; x_wconf 88' lang='lat' dir='ltr'>super</span> <span class='ocrx_word' id='word_1_848' title='bbox 2668 5714 3008 5768; x_wconf 89' lang='lat' dir='ltr'>auctoritate</span> <span class='ocrx_word' id='word_1_849' title='bbox 3025 5715 3174 5769; x_wconf 90' lang='lat' dir='ltr'>sedis</span> <span class='ocrx_word' id='word_1_850' title='bbox 3190 5716 3509 5786; x_wconf 77' lang='lat' dir='ltr'>apostolicae</span> <span class='ocrx_word' id='word_1_851' title='bbox 3532 5718 3864 5788; x_wconf 86' lang='lat' dir='ltr'>hujusmodi</span> 
     </span>
    </p>
   </div>
   <div class='ocr_carea' id='block_1_116' title="bbox 2231 5807 3864 5881">
    <p class='ocr_par' dir='ltr' id='par_1_116' title="bbox 2231 5807 3864 5881">
     <span class='ocr_line' id='line_1_117' title="bbox 2231 5807 3864 5881; baseline 0.006 -25"><span class='ocrx_word' id='word_1_852' title='bbox 2231 5821 2512 5874; x_wconf 88' lang='lat' dir='ltr'>personas,</span> <span class='ocrx_word' id='word_1_853' title='bbox 2547 5810 2644 5859; x_wconf 89' lang='lat' dir='ltr'>aut</span> <span class='ocrx_word' id='word_1_854' title='bbox 2671 5807 2946 5861; x_wconf 74' lang='lat' dir='ltr'>discussae</span> <span class='ocrx_word' id='word_1_855' title='bbox 2973 5809 3058 5864; x_wconf 91' lang='lat' dir='ltr'>vel</span> <span class='ocrx_word' id='word_1_856' title='bbox 3090 5827 3209 5863; x_wconf 87' lang='lat' dir='ltr'>esse</span> <span class='ocrx_word' id='word_1_857' title='bbox 3242 5813 3532 5881; x_wconf 78' lang='lat' dir='ltr'>purgatas,</span> <span class='ocrx_word' id='word_1_858' title='bbox 3563 5817 3662 5866; x_wconf 87' lang='lat' dir='ltr'>aut</span> <span class='ocrx_word' id='word_1_859' title='bbox 3685 5813 3764 5867; x_wconf 90' lang='lat' dir='ltr'>sic</span> <span class='ocrx_word' id='word_1_860' title='bbox 3793 5814 3864 5866; x_wconf 90' lang='lat' dir='ltr'>ab</span> 
     </span>
    </p>
   </div>
   <div class='ocr_carea' id='block_1_117' title="bbox 2231 5897 3861 5975">
    <p class='ocr_par' dir='ltr' id='par_1_117' title="bbox 2231 5897 3861 5975">
     <span class='ocr_line' id='line_1_118' title="bbox 2231 5897 3861 5975; baseline 0.008 -27"><span class='ocrx_word' id='word_1_861' title='bbox 2231 5897 2350 5950; x_wconf 86' lang='lat' dir='ltr'>aliis</span> <span class='ocrx_word' id='word_1_862' title='bbox 2411 5898 2614 5968; x_wconf 75' lang='lat' dir='ltr'>quibus</span> <span class='ocrx_word' id='word_1_863' title='bbox 2667 5902 3024 5970; x_wconf 81' lang='lat' dir='ltr'>rompetebat</span> <span class='ocrx_word' id='word_1_864' title='bbox 3091 5903 3368 5975; x_wconf 79' lang='lat' dir='ltr'>episcopis</span> <span class='ocrx_word' id='word_1_865' title='bbox 3421 5906 3744 5973; x_wconf 82' lang='lat' dir='ltr'>absolutas,</span> <span class='ocrx_word' id='word_1_866' title='bbox 3803 5914 3861 5961; x_wconf 88' lang='lat' dir='ltr'>ut</span> 
     </span>
    </p>
   </div>
  </div>
