4040 6310
158 352 250 402 9ἷ3

1391 349 1861 405 DECRETALIUM
1899 351 2283 406 COLLEL'TIO.

3413 355 3512 407 97’s

154 462 338 511 tamen
373 456 656 511 absolutio
682 474 876 512 earum
915 474 978 512 ex
1011 459 1162 514 sedis
1192 460 1509 531 apostolicae
1536 476 1775 515 consen-
1801 471 1859 544 Α
1879 460 1988 513 Cur
2012 476 2128 515 non
2156 463 2219 513 ut
2241 459 2343 513 ista
2369 475 2517 515 nova
2542 460 2713 515 facies
2741 475 2954 526 rerum,
2978 465 3036 514 et
3061 463 3219 515 tanta
3241 462 3513 530 tragoedia

153 550 306 604 sione
339 551 638 621 penderet,
669 552 765 605 ubi
793 557 1098 623 utrumque
1130 554 1329 620 defuit,
1358 571 1461 609 nec
1491 554 1786 609 discussio-

155 661 279 698 nem
325 645 668 715 legitimam,
698 662 800 700 nec
847 648 1248 717 purgationem
1295 649 1539 714 firmam,
1579 665 1642 703 ac
1685 666 1786 719 per

151 740 293 793 hanc
342 740 729 810 receptionem
775 741 947 794 fuisse
989 748 1211 796 constat
1255 742 1590 796 indebitam.
1625 743 1678 798 Si
1724 747 1786 798 tu

150 833 362 903 absque
391 849 522 887 mea
549 835 949 888 communione
986 836 1213 889 Petrum
1250 836 1517 907 judicasti
1545 852 1666 890 esse
1694 853 1784 891 ca-

152 927 455 992 tholicum,
484 943 688 998 meque
728 927 990 998 despecto
1034 931 1130 982 tuo
1167 945 1298 983 eum
1333 929 1463 999 jure
1507 930 1784 1001 recepisti,

152 1020 306 1092 quod
334 1021 597 1087 causaris,
614 1021 658 1075 si
682 1021 836 1076 illum
859 1038 966 1092 ego
991 1037 1024 1076 a
1044 1023 1451 1077 communione
1474 1040 1600 1078 mea
1614 1040 1785 1094 quam

153 1119 211 1168 tu
240 1114 468 1169 voluisti
494 1121 900 1186 contemptam,
925 1120 1199 1187 tanquam
1230 1117 1439 1187 absque
1466 1122 1563 1171 tua
1588 1117 1788 1172 notitia

152 1209 234 1261 vel
262 1209 678 1264 consultatione
715 1210 1066 1280 repellerem.
1097 1210 1188 1264 Vis
1216 1210 1597 1281 acquiescere,
1626 1227 1787 1266 meus

153 1321 207 1357 es
237 1320 250 1356 :
284 1319 402 1356 non
429 1302 512 1356 vis
548 1306 930 1373 acquiescere,
964 1319 1126 1357 meus
1163 1319 1280 1358 non
1317 1320 1394 1357 es.
1432 1326 1459 1354 «
1489 1304 1595 1368 Qui
1633 1305 1784 1358 enim

153 1413 381 1452 mecum
409 1412 527 1450 non
556 1399 660 1462 est,
694 1402 889 1450 contra
920 1413 1010 1450 me
1037 1403 1140 1461 est,
1169 1404 1225 1453 et
1261 1397 1358 1468 qui
1400 1414 1625 1452 mecum
1669 1415 1787 1452 non

150 1491 386 1561 colligit,
435 1490 648 1561 spargit
688 1491 898 1556 (Matth.
947 1506 1042 1558 xu,
1089 1491 1198 1561 30).
1233 1510 1260 1542 ι)
1308 1493 1510 1555 Quer
1559 1492 1660 1546 abs
1707 1498 1785 1558 te,

149 1585 381 1638 Petrum
419 1583 756 1638 haereticum
794 1584 966 1639 fuisse
995 1591 1175 1655 putes,
1207 1602 1281 1640 an
1325 1585 1684 1654 catholicum,
1715 1602 1788 1640 an

149 1679 218 1732 ab
257 1677 465 1733 haeresi
511 1685 709 1749 postea
757 1694 876 1733 esse
923 1680 1286 1734 correctum?
1333 1679 1387 1735 Si
1432 1680 1785 1750 haereticum,

151 1772 476 1826 nullatenus
540 1773 592 1826 ei
663 1773 1087 1828 communicare
1165 1773 1427 1839 debuisti,
1487 1778 1541 1828 et
1605 1774 1787 1829 eidem

1885 555 1954 608 de
1972 554 2301 625 pontificum
2327 554 2682 608 successione
2701 554 3010 608 viventium
3038 554 3258 624 synodo
3282 555 3517 610 discute-

1887 653 2062 714 retur,
2093 647 2332 717 egistis?
2358 651 2442 702 An
2472 648 2542 702 de
2571 665 2686 702 uno
2717 648 2916 702 dolent
2957 648 3179 714 Acacio,
3202 649 3353 720 quod
3386 667 3514 720 spe-

1887 740 2014 794 ciali
2043 742 2259 811 synodo
2308 758 2422 795 non
2465 741 2635 796 fuerit
2674 741 3010 807 confutatus,
3045 758 3174 795 cum
3219 743 3516 813 proprium

1887 835 2103 889 crimen
2149 835 2350 889 litteris
2394 835 2508 888 suis
2552 835 2672 906 ipse
2716 835 3008 901 detexerit,
3044 851 3147 889 nec
3196 835 3376 890 audiri
3415 813 3512 890 de:

1886 929 2094 996 buerit,
2114 929 2238 999 jam
2270 933 2468 999 sponte
2499 928 2808 992 confessus,
2839 932 2897 981 et
2923 927 2992 983 de
3020 928 3192 983 tantis
3227 929 3510 1000 pontiﬁci-

1886 1022 1991 1076 bus
2019 1021 2305 1076 catholicis
2325 1038 2439 1076 non
2461 1021 2675 1089 dolent,
2695 1020 2816 1075 sine
2836 1021 2952 1075 ulla
2974 1020 3322 1078 discussione
3344 1025 3516 1078 seclu-

1889 1116 1982 1171 sis.
1997 1116 2054 1170 Si
2071 1116 2371 1170 catholicos
2387 1121 2620 1171 nossent
2644 1131 2757 1182 eos,
2781 1131 3025 1186 quorum
3045 1117 3513 1173 communionem

1887 1211 2217 1275 vitaverant,
2285 1209 2372 1263 his
2435 1211 2625 1280 potius
2694 1210 3113 1265 communicare
3185 1213 3519 1267 maluissent

1890 1321 2061 1375 quam
2091 1320 2206 1358 non
2235 1303 2719 1357 communicantes
2743 1303 2822 1357 eis
2848 1303 2987 1358 dura
3008 1305 3398 1374 persecutione
3421 1307 3518 1360 de-

1889 1397 2042 1468 pelli.
2086 1399 2224 1452 Ecce
2268 1397 2530 1452 catholici
2579 1397 2719 1452 tanti
2768 1397 3086 1452 sacerdotes
3130 1399 3239 1453 hoc
3285 1399 3406 1471 ipso
3454 1417 3514 1455 se

1881 1491 2163 1561 judicant,
2208 1491 2346 1563 quid
2396 1491 2704 1562 apostolica
2754 1491 2914 1546 sedes
2967 1493 3256 1548 censuerit
3305 1510 3514 1564 cogno-

1888 1585 2051 1652 visse,
2077 1588 2512 1656 constanterque
2541 1585 2808 1657 probasse
2833 1585 3220 1654 retinendum,
3247 1587 3345 1659 qui
3367 1604 3519 1643 com-
3543 1597 3554 1640 .I

1889 1679 2223 1733 munionem
2267 1679 2605 1734 catholicam
2652 1683 3002 1746 resonantes,
3031 1685 3088 1735 et
3117 1696 3213 1734 eos
3251 1681 3348 1752 qui
3378 1698 3514 1753 apo-

1892 1773 2100 1827 stolicae
2128 1773 2247 1827 sedi
2279 1773 2786 1840 communicarent,
2814 1789 2992 1844 usque
3019 1773 3092 1827 ad
3118 1776 3522 1844 persecutionis

152 1866 648 1934 communicando,
681 1867 933 1922 hiaretici
961 1871 1016 1922 te
1055 1867 1416 1921 manifestum
1457 1872 1541 1921 est
1576 1867 1790 1922 factum
1810 1841 1866 1914 B
1891 1869 2151 1922 incursus
2179 1871 2416 1921 tenuere
2443 1870 2754 1921 consortes.
2781 1867 2945 1922 Certe
2972 1883 3099 1938 qua!
3120 1868 3280 1922 sedes
3303 1873 3523 1940 aposto-

151 1959 326 2014 fuisse
373 1960 730 2031 participem,
765 1965 824 2015 et
865 1962 987 2032 ejus
1033 1964 1445 2031 consequenter
1481 1977 1546 2016 ex
1593 1962 1791 2032 synodi

150 2061 349 2108 tenore
369 2054 692 2109 venientem
724 2055 1091 2110 damnatione
1112 2055 1447 2126 constringi.
1470 2055 1524 2110 Si
1547 2055 1786 2110 catholi-

153 2165 302 2216 cum,
320 2148 515 2219 palam
533 2148 704 2203 totius
725 2149 1012 2220 dogmatis
1029 2166 1090 2203 es
1107 2149 1392 2216 defensor,
1416 2148 1571 2220 quod
1590 2150 1786 2204 catho-

155 2241 350 2308 licum,
385 2243 720 2312 pronuntias
745 2259 807 2297 ac
835 2242 1208 2297 nihilominus
1245 2242 1394 2296 illius
1421 2243 1628 2297 erroris
1652 2259 1787 2297 cen-

153 2336 311 2400 seris,
343 2335 389 2389 si
428 2335 762 2390 hiereticum
808 2337 979 2390 fuisse
1025 2336 1284 2402 definias,
1313 2353 1378 2390 ac
1427 2341 1621 2406 postea
1665 2353 1788 2391 cor-

153 2430 362 2484 rexisse
400 2430 741 2500 praatendas,
775 2430 942 2501 eique
974 2436 1029 2485 te
1059 2436 1298 2501 purgato
1344 2430 1787 2484 communicasse

152 2524 514 2596 pronuntias.
552 2524 783 2578 Interim
813 2524 975 2594 cujus
1000 2541 1243 2595 persona
1275 2540 1362 2578 me
1383 2524 1789 2595 negligendum

154 2633 269 2672 esse
291 2617 622 2672 credidisti?
639 2617 868 2672 Causari
885 2634 1001 2672 non
1029 2621 1187 2688 potes
1207 2617 1359 2688 quod
1381 2618 1439 2670 in
1462 2617 1567 2671 hac
1590 2617 1788 2671 eadem

153 2711 523 2783 neglexerim,
540 2711 750 2766 deinde
767 2712 920 2783 quod
936 2712 1055 2766 sine
1070 2728 1160 2766 me
1171 2713 1266 2781 jus
1284 2728 1396 2764 non
1417 2711 1684 2765 habueris
1702 2712 1787 2765 vel

153 2805 485 2860 absolvendi
511 2805 600 2859 vel
630 2805 940 2875 recipiendi
972 2803 1299 2875 hujusmodi
1325 2804 1428 2858 rite
1461 2820 1784 2875 personam.

156 2901 304 2954 Hanc
327 2899 485 2953 enim
509 2915 806 2969 personam
829 2916 931 2953 nec
954 2902 1259 2970 purgatam
1283 2898 1566 2969 legaliter,
1588 2914 1691 2951 nec
1711 2914 1791 2951 re-

157 2993 435 3065 gulariter
445 2996 666 3047 constat
680 3009 796 3046 esse
814 2996 1124 3063 receptam,
1141 3008 1312 3063 quam
1327 2991 1664 3062 regulariter
1676 3008 1789 3046 non

157 3091 448 3159 receptam
465 3092 580 3141 tam
599 3086 862 3157 legaliter
873 3103 988 3140 non
1009 3089 1228 3140 constat
1245 3102 1364 3139 esse
1383 3089 1708 3156 purgatam.
1727 3086 1790 3138 Et

155 3181 277 3236 ideo
295 3197 412 3235 non
427 3180 558 3251 jure
576 3186 896 3250 purgatam,
921 3179 1055 3250 quia
1071 3179 1332 3250 legaliter
1349 3196 1462 3233 non
1478 3183 1784 3249 receptam.

156 3275 268 3329 Mea
305 3273 461 3328 enim
490 3273 550 3328 in
577 3274 740 3327 illum
783 3290 910 3327 mea
952 3277 1220 3327 manente
1247 3273 1551 3338 sententia,
1580 3278 1641 3327 tu
1668 3272 1787 3326 sine

157 3367 446 3439 pontificio
477 3384 628 3435 meo,
658 3372 722 3421 ut
746 3384 932 3422 meam
971 3367 1311 3420 sententiam
1350 3367 1660 3421 resolveres
1694 3366 1790 3435 jus

157 3479 267 3516 non
295 3461 536 3528 habens,
569 3478 681 3532 qua
711 3465 989 3533 potestate
1020 3461 1106 3515 vel
1145 3461 1428 3515 discussus
1457 3465 1540 3514 est
1567 3461 1650 3514 vel
1681 3477 1791 3530 qua

154 3555 490 3610 auctoritate
530 3561 791 3627 receptus
831 3555 1121 3610 asseritur.
1171 3556 1306 3608 Ecce
1340 3553 1570 3608 interim
1606 3554 1664 3607 in
1703 3553 1790 3607 his

157 3651 342 3704 causis
369 3653 554 3703 vestra
593 3653 754 3703 nutat
790 3653 847 3703 et
890 3649 1102 3703 labitur
1146 3647 1473 3714 auctoritas,
1504 3650 1562 3702 et
1594 3647 1640 3701 si
1667 3647 1790 3700 haec

155 3744 276 3799 sola
307 3744 384 3799 sit
409 3759 638 3814 prorsus
667 3747 784 3797 tota
819 3743 1143 3796 subruetur.
1173 3742 1277 3797 Sed
1311 3741 1571 3796 adducite
1608 3741 1790 3796 adhuc

157 3837 313 3892 aliud
339 3836 491 3908 quod
520 3837 590 3891 ad
629 3836 920 3891 cumulum
953 3840 1155 3890 vestrae
1195 3835 1595 3890 commotionis
1633 3851 1787 3890 acce-

158 3931 269 3986 dat.
295 3931 438 3995 Quid
467 3931 621 3986 enim
649 3931 695 3984 si
723 3931 992 3985 doceatur
1018 3946 1133 3984 non
1165 3930 1347 3984 solum
1372 3929 1702 4002 priusquam
1732 3911 1819 4033 ini

162 4026 283 4096 ejus
319 4025 779 4079 communionem
829 4023 1119 4091 veniretis,
1160 4041 1350 4095 neque
1387 4023 1790 4078 tantummodo

161 4135 289 4174 cum
304 4119 377 4173 ad
390 4119 514 4188 ejus
527 4118 988 4173 communionem
1005 4117 1254 4183 venistis,
1271 4121 1470 4189 postea
1489 4118 1546 4171 in
1569 4118 1794 4173 haereti-

161 4230 360 4268 corum
383 4213 755 4269 nihilominus
775 4212 1178 4267 communione
1205 4212 1461 4277 durasse,
1485 4229 1678 4266 nonne
1698 4217 1794 4266 aut

162 4325 265 4380 per
286 4308 448 4362 illum
468 4307 617 4378 apud
636 4324 732 4361 vos
753 4306 1079 4361 communio
1111 4305 1479 4377 perveniebat
1500 4306 1790 4372 haeretica,

160 4406 255 4456 aut
273 4402 330 4456 in
349 4401 754 4457 haereticorum
778 4401 1246 4456 communionem
1263 4415 1359 4452 vos
1382 4399 1502 4469 ejus
1523 4415 1795 4453 commer-

162 4497 244 4551 cio
266 4495 608 4551 transibatis.
652 4497 856 4550 Docete
885 4495 1061 4566 igitur
1084 4495 1317 4548 Petrum
1349 4491 1792 4547 Alexandrinum

1810 3222 1864 3295 C

1889 1962 1996 2015 lica
2018 1962 2346 2016 decreverat
2371 1960 2744 2015 orientalibus
2771 1960 3048 2031 episcopis
3075 1978 3189 2016 non
3214 1962 3524 2017 innotuisse

1882 2056 2151 2126 jactatur.
2200 2055 2358 2109 Unde
2398 2071 2534 2124 ergo
2582 2057 2664 2108 tot
2704 2053 2963 2124 tantique
3005 2054 3300 2126 pontiﬁces
3341 2073 3522 2112 unum

1890 2149 2154 2220 idemque
2198 2165 2328 2202 cum
2375 2147 2507 2202 sede
2553 2147 2858 2218 apostolica
2903 2148 3234 2214 sentientes,
3276 2166 3519 2221 eamque

1890 2242 2192 2313 probantes
2238 2247 2432 2313 aperte
2476 2241 2750 2312 religione
2796 2246 3230 2309 sacrosanctam,
3276 2259 3522 2316 veraque

1891 2336 2138 2391 sanxisse
2160 2352 2287 2406 quae
2304 2351 2421 2390 non
2449 2335 2631 2389 solum
2657 2334 2944 2406 sequenda
2975 2334 3080 2389 sibi
3098 2335 3518 2406 judicaverunt,

1890 2431 1988 2485 sed
2029 2430 2201 2484 etiam
2247 2445 2421 2500 usque
2467 2428 2539 2482 ad
2587 2429 3044 2499 persecutionem
3094 2429 3332 2484 viriliter
3367 2447 3523 2485 exer-
3575 2486 3582 2494 _

1891 2524 2088 2578 cenda.
2121 2525 2255 2578 Ecce
2298 2522 2569 2576 habuistis
2597 2522 2692 2592 qui
2730 2522 3056 2592 apostolica:
3100 2523 3522 2578 constitutionis
3569 2522 3580 2588 ἓ

1890 2623 1945 2671 et
1960 2617 2216 2671 notitiam
2236 2616 2390 2670 vobis
2406 2617 2738 2686 ingererent
2761 2618 2817 2668 et
2843 2615 3130 2670 retinendi
3149 2617 3522 2671 constantiam

1888 2710 2294 2764 ministrarent.
2341 2709 2394 2764 Si
2427 2708 2736 2779 apostolica
2782 2708 2946 2762 sedes
2987 2707 3230 2784 misisse,
3259 2709 3347 2764 vix
3383 2710 3524 2765 duos

1892 2810 1990 2858 aut
2015 2809 2130 2857 tres
2156 2803 2406 2874 dirigere
2451 2802 2746 2873 potuisset.
2784 2802 2922 2856 Ecce
2947 2805 3034 2856 tot
3060 2802 3354 2872 pontifices
3381 2820 3519 2874 apo-

1890 2897 2102 2952 stolicae
2124 2897 2270 2951 sedis
2291 2897 2428 2951 scita
2450 2900 2744 2962 sectantes,
2765 2895 3033 2966 ingerunt
3051 2895 3212 2950 nobis
3232 2897 3520 2966 notitiam,

1889 2997 1946 3046 et
1983 2991 2243 3063 przebent
2285 2990 2578 3044 servanda!
2608 2989 2861 3044 veritatis
2891 2989 3148 3060 exempla
3186 2990 3286 3061 qui
3323 2994 3526 3046 contra

1889 3088 2076 3139 tantos
2101 3085 2378 3138 clausistis
2405 3085 2594 3139 oculos
2623 3083 2832 3138 ibidem
2856 3083 3211 3151 constitutos,
3237 3085 3522 3156 quomodo

1889 3179 2033 3234 duos
2059 3180 2147 3232 vel
2189 3182 2301 3232 tres
2332 3178 2531 3232 audire
2564 3166 2979 3253 possetisl‘ﬂoc
3022 3177 3141 3248 ipso
3185 3177 3306 3232 sine
3351 3178 3522 3235 dubio

1890 3272 2250 3343 cognovistis,
2286 3273 2406 3326 illos
2432 3273 2756 3342 apostolicae
2795 3273 2913 3326 sedi
2949 3274 3189 3344 placere,
3219 3289 3333 3343 quo
3366 3273 3525 3328 vobis

1891 3367 2184 3437 displicere
2233 3365 2528 3420 videbatis.
2581 3368 2691 3419 Aut
2732 3365 2857 3418 illos
2901 3382 3039 3436 ergo
3091 3366 3378 3420 sectamini
3421 3382 3524 3438 per

1893 3476 2036 3530 quos
2062 3459 2463 3529 intelligebatis
2494 3458 2639 3512 sedis
2675 3459 2998 3529 apostolicae
3025 3459 3395 3525 voluntatem,
3426 3465 3524 3514 aut

1893 3554 1965 3607 ad
1993 3553 2234 3607 nihilum
2266 3553 2495 3623 quidem
2529 3553 2598 3606 de
2628 3552 2946 3622 ignorantia
2977 3553 3159 3606 velitis
3187 3553 3518 3621 obtendere,

1891 3664 2018 3701 cum
2036 3645 2264 3718 judiciis
2291 3646 2464 3700 tantis
2485 3649 2543 3699 et
2562 3646 2768 3700 talibus
2797 3645 3099 3700 abutentes
3123 3646 3270 3700 sedis
3295 3651 3519 3716 aposto-

1893 3741 2013 3794 licae.
2057 3739 2358 3794 constituta
2389 3738 2728 3793 testimoniis
2773 3739 3213 3810 praedicantibus
3255 3755 3520 3811 respuere

1894 3835 2074 3906 potius
2100 3849 2270 3904 quam
2301 3833 2552 3904 recipere
2579 3833 2874 3888 maluistis.
2909 3831 3175 3904 Nunquid
3211 3849 3409 3888 omnes
3430 3833 3524 3889 isti

1892 3946 2031 4000 quos
2044 3928 2486 3982 memoravimus
2504 3927 2753 3998 episcopi
2771 3927 3098 3998 imperatori
3119 3928 3343 3982 mentiti
3356 3928 3524 3983 sunt?

1893 4023 2154 4095 Nunquid
2185 4038 2383 4077 omnes
2408 4021 2771 4094 imperatoris
2812 4038 3025 4076 nomen
3055 4037 3119 4076 ex
3147 4021 3370 4093 dipticis
3397 4022 3520 4077 abs-

1896 4117 2180 4172 tulerunt?
2216 4119 2472 4188 Cumque
2514 4117 2866 4187 pellerentur
2895 4121 2950 4170 et
2984 4115 3123 4170 vivis
3165 4116 3527 4187 pontificibus

1892 4211 2202 4279 catholicis,
2231 4227 2575 4265 successores
2598 4209 2872 4277 haeretici,
2908 4213 2965 4263 et
2989 4226 3105 4263 non
3144 4209 3213 4264 de
3240 4209 3523 4264 inferiori-

1892 4304 1998 4357 bus
2021 4304 2338 4374 quibusque
2375 4303 2715 4368 civitatibus,
2748 4302 2846 4355 sed
2889 4301 3064 4355 etiam
3108 4302 3525 4372 metropolitani

1894 4397 2188 4468 pontiﬁces
2207 4397 2264 4449 in
2283 4395 2558 4450 catholica
2577 4395 2977 4448 communione
2997 4394 3214 4464 jugiter
3235 4395 3524 4462 durantes,

1894 4507 1995 4544 cur
2014 4490 2190 4560 igitur
2217 4489 2496 4560 compassi
2519 4505 2635 4543 non
2664 4489 2796 4542 estis
2821 4488 2991 4542 tantis
3017 4487 3286 4542 fratribus
3306 4488 3524 4554 vestris,

163 4589 1020 4661 abAntiocheniPetriunquam
1037 4587 1442 4642 communione
1463 4585 1871 4670 descisse,etD
1896 4601 1996 4638 cur
2041 4600 2152 4638 non
2207 4583 2420 4638 adiistis
2464 4583 2904 4653 imperatorem?
2948 4581 3061 4636 Cur
3109 4597 3224 4636 non
3266 4581 3525 4636 Ecclesiae

163 4701 275 4738 non
305 4699 484 4755 usque
513 4683 582 4738 ad
610 4683 760 4738 diem
790 4699 919 4738 cum
951 4683 1333 4737 Antiochenus
1379 4682 1574 4734 Petrus
1602 4679 1658 4734 in
1686 4679 1793 4734 hac

165 4779 285 4832 luce
310 4781 563 4831 versatus
589 4781 672 4832 est
719 4777 1078 4832 individuum
1122 4775 1420 4846 utriusque
1458 4773 1628 4827 fuisse
1657 4789 1793 4827 con-

163 4872 420 4927 sortium.
473 4874 556 4926 An
602 4871 804 4926 dicturi
839 4872 992 4941 estis,
1025 4873 1081 4925 et
1110 4869 1520 4926 Antiochenam
1565 4869 1795 4922 Petrum

165 4966 339 5021 fuisse
369 4968 712 5021 correctum.
742 4967 854 5021 Cur
880 4966 971 5020 isti
1001 4981 1178 5036 usque
1206 4963 1264 5018 in
1290 4963 1464 5016 tinem
1496 4979 1611 5016 non
1640 4978 1793 5016 com-

166 5060 482 5114 municasse
535 5059 881 5132 gloriabatur
935 5058 1190 5113 Aeacius.
1243 5057 1351 5113 Sed
1401 5056 1537 5127 quid
1585 5055 1799 5127 profuit

166 5154 318 5226 quod
370 5170 472 5225 per
514 5154 763 5225 seipsum
807 5152 1230 5208 communicare
1281 5167 1396 5205 non
1435 5149 1632 5218 voluit,
1669 5165 1797 5203 cum

168 5248 360 5302 eidem
391 5263 494 5318 per
516 5247 965 5303 Alexandrinum
995 5248 1225 5302 Petrum
1255 5245 1375 5299 sine
1409 5245 1522 5298 ulla
1554 5259 1612 5298 se
1644 5259 1794 5297 com-

167 5342 463 5397 municare
493 5345 720 5413 putaret
746 5341 979 5396 invidia.
1009 5340 1155 5405 Quid
1186 5339 1428 5395 facimus
1455 5337 1526 5391 de
1553 5339 1639 5392 tot
1675 5341 1796 5391 tan-

165 5437 348 5508 tisque
377 5435 700 5491 civitatibus
731 5453 794 5490 ex
824 5435 1032 5507 quibus
1063 5433 1322 5488 catholici
1352 5431 1648 5504 pontiﬁces
1672 5435 1804 5485 sunt

168 5529 405 5602 expulsi.
453 5529 506 5584 Si
559 5529 821 5584 catholici
870 5527 1164 5597 subrogati
1210 5532 1360 5594 sunt,
1399 5541 1500 5579 cur
1545 5523 1802 5579 catholici

167 5629 300 5678 sunt
328 5623 562 5694 rejecti?
587 5624 642 5678 Si
679 5623 970 5678 evidenter
1003 5624 1259 5692 apparet,
1290 5620 1422 5691 quia
1448 5635 1577 5674 cum
1605 5619 1800 5673 catho-

168 5717 260 5774 lici
305 5723 437 5773 sunt
479 5717 696 5789 rejecti,
745 5734 863 5772 non
909 5713 1169 5770 catholici
1212 5713 1448 5768 fuerunt
1491 5712 1802 5782 subrogati,

171 5815 350 5866 restat
375 5816 439 5866 ut
465 5811 728 5866 catholici
773 5827 890 5866 non
935 5812 1087 5876 sunt,
1119 5807 1220 5862 sed
1265 5807 1521 5862 haeretici
1565 5805 1804 5878 quicun-

173 5921 284 5977 que
331 5908 735 5962 successerunt.
767 5907 880 5962 Cur
925 5903 1004 5958 eis
1048 5908 1261 5958 temere
1306 5899 1807 5956 communicastis?

1896 4695 2120 4732 causam
2160 4683 2216 4732 et
2257 4675 2559 4731 sacerdotii
2608 4674 2994 4730 miserabilem
3050 4673 3524 4729 decolorationem

1895 4772 2239 4826 continuatis
2270 4770 2499 4825 vocibus
2537 4769 2860 4837 deﬂevistis,
2891 4769 3203 4838 allegantes
3231 4784 3527 4839 nunquam

1899 4866 1968 4920 de
2009 4865 2391 4938 pontiﬁcibus,
2423 4864 2534 4919 nisi
2577 4863 2883 4918 Ecclesiam
2926 4862 3206 4934 judicasse
3252 4878 3369 4917 non
3409 4878 3530 4917 esse

1898 4962 2282 5016 humanarum
2310 4959 2502 5030 legum
2526 4959 2595 5014 de
2622 4958 2829 5012 talibus
2855 4956 3002 5010 ferre
3029 4955 3372 5011 sententiam
3401 4956 3530 5010 abs-

1898 5071 2009 5126 que
2038 5054 2292 5108 Ecclesia
2315 5051 2702 5124 principaliter
2727 5049 3067 5116 constitutis,
3091 5049 3330 5121 obsequi
3351 5050 3532 5106 solere

1899 5147 2187 5219 principes
2235 5147 2584 5201 Christianos
2629 5144 2868 5199 decretis
2917 5143 3174 5199 Ecclesia:
3214 5160 3330 5198 non
3374 5161 3536 5200 suam

1901 5258 2219 5314 proponere
2286 5243 2644 5312 potestatem,
2711 5238 2988 5309 episcopis
3052 5241 3222 5308 caput
3291 5238 3534 5295 subdere

1900 5336 2218 5406 principem
2239 5334 2493 5401 solitum,
2520 5350 2633 5388 non
2656 5333 2724 5387 de
2746 5348 2943 5386 eorum
2965 5331 3241 5402 capitibus
3256 5332 3533 5404 judicare,

1903 5429 2108 5500 quibus
2153 5427 2407 5482 Ecclesize
2451 5425 2715 5492 consiliis,
2746 5443 2858 5497 qua
2903 5425 3120 5497 synodo
3165 5427 3533 5497 pellerentur,

1905 5523 2039 5594 quid
2067 5522 2314 5593 denique
2345 5521 2783 5590 commisissent,
2811 5523 2873 5574 ut
2897 5519 3018 5575 sine
3047 5519 3162 5574 ulla
3189 5519 3534 5574 discussione

1905 5633 2092 5672 rerum
2122 5619 2206 5670 tot
2231 5615 2593 5670 ecclesiarum
2639 5614 2915 5688 prtesules
2945 5631 3051 5687 pro
3092 5615 3343 5668 humano
3371 5612 3537 5668 libitu

1906 5715 1961 5766 et
1995 5709 2281 5765 saecularis
2315 5709 2610 5782 potestatis
2644 5709 2880 5764 arbitrio
2919 5709 3288 5781 pellerentur,
3312 5706 3535 5761 inaudi-

1906 5813 2014 5873 tos,
2043 5804 2404 5873 indiscussos,
2435 5803 2834 5860 inconvocatos
2881 5819 2994 5856 non
3036 5800 3241 5855 debere
3285 5800 3536 5871 percelli,

1912 5898 2158 5954 maxime
2178 5915 2309 5954 cum
2345 5915 2502 5954 novae
2524 5914 2705 5953 causae
2733 5901 2789 5952 et
2809 5912 2951 5950 nova
2968 5909 3157 5950 rerum
3183 5893 3351 5950 facies
3369 5911 3541 5966 appa-
