4040 6320
470 342 575 400 975

1364 341 1645 398 APPEND.
1686 340 1775 395 AD
1810 339 1972 396 SEC.
2012 337 2102 394 IX.
2122 363 2194 379 —-
2229 335 2473 394 lSlDORI
2509 336 2937 393 MERCATORIS

3744 337 3863 391 976

478 454 650 519 reret,
675 454 743 508 ut
766 454 1016 508 rectores
1041 450 1151 522 ipsi
1191 449 1447 522 plebium
1481 448 1797 521 repentinis
1820 447 2098 502 incursio-
2122 457 2182 530 Α
2199 444 2348 501 facto
2376 444 2708 500 sacerdotali
2738 443 2999 510 concilio,
3029 443 3240 499 debere
3269 442 3492 498 curari.‘
3517 442 3625 499 Sed
3648 443 3862 499 homi-

477 544 647 606 nibus
672 562 776 617 pro
797 544 1106 600 mundana:
1126 543 1397 615 potentiae
1424 542 1717 598 voluntate
1734 541 1905 597 sacris
1925 541 2106 614 digni-

479 639 690 699 tatibus
725 639 1089 712 privarentur
1123 654 1192 693 ex
1238 637 1396 692 nulla
1428 636 1605 693 veteri
1635 653 1820 703 causa,
1852 652 1921 691 ex
1950 636 2106 691 nullo

480 733 718 804 collegio
749 735 938 788 reatus
967 748 1073 787 nec
1106 730 1546 803 participatione
1572 729 1875 801 cujuslibet
1903 730 2109 785 erroris

473 824 594 897 jbm
619 829 750 882 ante
778 827 1078 883 damnatos
1118 825 1298 881 teneri
1334 840 1428 879 eos
1458 824 1833 895 convincique
1874 840 2106 879 consor-

478 926 581 988 tes,
609 925 674 976 ut
698 925 970 991 tanquam
998 936 1069 974 ex
1098 918 1391 991 praeterita
1426 917 1757 974 deﬁnitione
1782 916 2105 988 judicareu-

360 974 432 1121 >
479 1019 575 1071 tur
600 978 883 1163 obstricti
893 1014 963 1069 Et
982 1013 1109 1069 ideo
1132 1013 1269 1085 quia
1290 1013 1478 1067 nullus
1504 1014 1636 1067 ante
1656 1011 2109 1083 praecedentibus

479 1108 663 1163 causis
686 1123 851 1163 recen
882 1124 942 1162 es
972 1109 1182 1163 essent.
1215 1122 1318 1162 cur
1352 1106 1697 1163 ejicerentur
1725 1105 1982 1159 incursus
2012 1105 2109 1163 aui

479 1108 663 1163 causis
686 1105 942 1164 recen'tes
972 1109 1182 1175 essent,
1215 1122 1318 1162 cur
1352 1106 1697 1177 ejicerentur
1725 1105 1982 1159 incursus
2012 1105 2111 1176 qui

478 1201 563 1257 illi
587 1204 777 1257 essent
804 1201 1019 1257 debent
1040 1199 1374 1269 monstrari,
1397 1203 1456 1254 et
1473 1198 1862 1254 ecclesiasticis
1886 1192 2112 1269 legibus

481 1300 543 1353 ut
571 1311 798 1366 semper
823 1299 1089 1366 oportere
1137 1297 1398 1349 constare
1442 1293 1650 1347 saltem
1677 1293 1766 1347 vel
1793 1308 1896 1363 pro
1924 1294 2110 1347 vestro

480 1390 603 1445 loco
627 1389 852 1446 illorum
878 1387 1161 1444 duceretis
1184 1387 1429 1442 miseriis
1457 1386 1887 1454 consulendum,
1908 1385 2109 1441 formi-

481 1484 679 1542 dantes
711 1482 772 1538 in
800 1482 956 1538 vobis
983 1481 1138 1554 quod
1170 1481 1229 1536 in
1270 1480 1393 1535 aliis
1438 1480 1687 1545 cernitis,
1716 1484 1923 1550 praster
1952 1479 2113 1534 illum

480 1593 706 1638 morem
731 1577 1012 1631 violenter
1034 1574 1278 1641 admitti,
1308 1574 1354 1629 si
1383 1572 1623 1628 crimine
1651 1574 1897 1644 respersi
1928 1578 2111 1628 erant.

481 1669 710 1742 Aliquid
738 1670 808 1725 de
839 1667 1437 1725 ecclesiastica'debuit
1464 1667 1881 1722 examinatione
1906 1683 2116 1738 cogno-

484 1763 582 1833 sci,
605 1766 786 1831 taceo,
810 1765 868 1818 et
898 1762 969 1818 ad
996 1762 1184 1817 sedem
1216 1760 1589 1832 apostolicam
1618 1777 1683 1815 ex
1709 1777 1871 1815 more
1894 1760 2111 1829 referri,

484 1874 557 1915 ne
584 1861 779 1913 nostra
801 1855 1094 1929 privilegia
1116 1870 1314 1910 curare
1339 1854 1650 1909 videamur.
1675 1854 1817 1910 Satis
1842 1854 1915 1910 sit
1935 1859 2117 1909 osten—
2136 1824 2193 1898 B

485 1951 620 2008 dere
647 1950 787 2022 quid
816 1949 1131 2006 secundum
1159 1948 1388 2021 regulas
1415 1949 1646 2003 Patrum
1679 1952 1738 2003 et
1761 1964 2007 2003 canones
2034 1948 2114 2002 fa-

481 2060 609 2101 cere
638 2043 939 2112 deberetis,
967 2042 1255 2115 praecipue
1298 2058 1428 2096 cum
1467 2041 1637 2096 etiam
1666 2042 1802 2112 ipsa:
1827 2042 1982 2113 leges
2008 2058 2114 2113 pu-

482 2137 627 2195 blice
668 2137 1104 2195 ecclesiasticam
1148 2135 1409 2207 regulam
1456 2142 1783 2206 sequentes,
1815 2136 1950 2191 tales
1985 2151 2115 2206 per-

481 2248 648 2289 sonas
674 2247 794 2289 non
834 2210 943 2286 nisi
973 2230 1045 2285 ab
1091 2228 1378 2302 episcopis
1422 2233 1734 2284 sanxerunt
1768 2228 2035 2299 judicari.
2062 2228 2119 2284 Si

481 2341 615 2382 vero
671 2324 742 2383 de
795 2322 1049 2397 qualibet
1108 2321 1313 2378 haeresi
1365 2321 1579 2377 fuerint
1642 2321 1904 2393 impetiti,
1959 2325 2119 2377 tanto

483 2417 669 2490 magis
690 2434 788 2474 eos
814 2416 1006 2473 decuit
1040 2415 1148 2472 ista
1172 2431 1537 2488 cognoscere,
1568 2415 1664 2486 qui
1709 2420 1766 2470 et
1804 2415 2119 2470 secundum

484 2511 778 2585 religionis
803 2516 1061 2568 tenorem
1103 2512 1337 2582 possent
1376 2510 1481 2565 ista
1524 2508 1824 2577 discutere,
1856 2513 1913 2564 et
1937 2509 2116 2564 habe-

485 2611 613 2664 rent
639 2604 966 2678 pristinum,
995 2621 1059 2659 ex
1091 2621 1206 2676 quo
1237 2606 1323 2658 est
1346 2602 1655 2658 christiana
1680 2602 1903 2673 religio,
1931 2602 2119 2674 ponti-

482 2700 675 2756 ﬁcium
709 2697 1032 2771 judicandi,
1062 2703 1162 2753 aut
1189 2696 1456 2753 catholici
1487 2696 1641 2751 enim
1668 2699 1851 2763 erant,
1880 2701 1978 2750 aut
2000 2697 2117 2751 ha:-

486 2791 669 2860 retici,
699 2793 768 2848 de
793 2791 1001 2863 quibus
1036 2789 1244 2862 passim
1287 2790 1386 2844 illa
1418 2788 1666 2844 ludibria
1692 2789 2040 2860 gerebantur
2068 2793 2124 2843 et

486 2883 781 2941 latrocinia
810 2883 1147 2940 detestanda
1185 2882 1526 2950 saeviebant;
1559 2882 1603 2936 si
1648 2881 1901 2936 haeretici
1938 2882 2119 2953 prodi,

486 2978 711 3045 discuti,
759 2980 817 3032 et
854 2977 1111 3048 legitime
1162 2975 1420 3031 convinci
1469 2975 1654 3029 modis
1708 2975 1975 3029 omnibus
2026 2976 2125 3031 de-

488 3073 752 3140 buerant,
784 3071 872 3125 vel
915 3070 1031 3125 suis
1078 3068 1544 3136 confessionibus,
1573 3068 1660 3123 vel
1704 3068 1946 3123 aliorum
1974 3069 2122 3123 voci-

485 3166 591 3221 bus
644 3163 946 3232 confutari,
997 3166 1154 3218 taceo
1208 3163 1345 3233 quia
1392 3161 1465 3216 ad
1505 3145 1610 3216 nos
1658 3166 1896 3232 paterna
1935 3162 2197 3268 fueratC

486 3257 897 3314 consuetudine
950 3255 1343 3323 referendum,
1392 3258 1734 3325 tantumque
1789 3271 2120 3311 commoneo

487 3351 627 3423 quid
657 3350 780 3407 ﬁeri
810 3348 1186 3406 ecclesiastico
1226 3348 1359 3420 jure
1390 3352 1753 3416 convenerat,
1781 3348 1828 3403 si
1864 3365 1997 3404 vero
2027 3366 2119 3404 ca-

486 3445 686 3510 tholici
717 3443 1038 3517 probantur
1062 3460 1161 3498 vos
1206 3443 1305 3514 qui
1333 3458 1450 3498 non
1488 3442 1675 3498 solum
1708 3442 1765 3496 in
1799 3458 1993 3497 eorum
2024 3443 2121 3498 de-

487 3539 745 3611 pulsione
764 3537 1015 3605 cessatis,
1040 3537 1137 3592 sed
1165 3536 1337 3591 etiam
1357 3534 1679 3607 subrogatis
1700 3536 2122 3591 communicare

490 3631 780 3704 delegistis
829 3629 1227 3686 indubitanter
1278 3628 1582 3696 haereticis,
1632 3628 1837 3699 quibus
1881 3629 2125 3701 depulsis

488 3724 777 3780 catholicis
799 3723 1236 3780 succedentibus
1258 3739 1374 3778 non
1402 3722 1700 3794 ignorastis
1720 3739 1946 3777 causam
1967 3723 2122 3791 ﬁdei,

490 3817 1026 3889 communionisque
1054 3816 1344 3872 catholica:
1373 3832 1474 3888 per
1488 3819 1680 3871 tantos
1701 3816 1982 3872 antistites
2005 3820 2124 3873 toto

493 3912 630 3967 orbe
658 3911 991 3982 patefactus.
1022 3910 1133 3966 Sed
1153 3910 1322 3982 plane
1354 3909 1591 3964 scientes
1610 3910 1977 3982 volentesque
2003 3911 2128 3966 sine

492 4005 610 4060 ulla
635 4003 982 4058 discussione
1010 4019 1227 4071 rerum,
1263 4001 1385 4058 sine
1424 4003 1535 4057 ulla
1565 4003 1817 4073 synodali
1844 4004 2130 4059 examina-

491 4098 672 4166 tione,
693 4096 816 4151 sine
847 4096 959 4150 ulla
987 4095 1140 4150 sedis
1166 4094 1492 4168 apostolicae
1522 4097 1838 4151 reverentia
1864 4101 1923 4151 et
1945 4114 2129 4152 assen-

492 4191 641 4247 sistis
714 4188 993 4246 hmreticis
1055 4189 1303 4245 libenter
1366 4189 1658 4259 habentes,
1730 4190 2127 4262 patienterquc

495 4286 743 4341 sinentes
768 4284 1074 4340 catholicos
1098 4283 1374 4339 antistites
1408 4283 1660 4339 inaudita
1686 4284 1845 4356 prius
1870 4289 1928 4340 et
1953 4285 2129 4340 mise-

492 4378 662 4437 rabili
690 4383 842 4435 sorte
873 4376 1124 4433 detrudi.
1155 4376 1305 4443 Quos
1339 4378 1388 4432 si
1427 4394 1460 4432 a
1486 4377 1595 4433 ﬁde
1621 4379 1843 4450 integra
1872 4395 2127 4434 commu-

494 4472 783 4545 uioneque
827 4470 1102 4527 catholica
1137 4471 1413 4543 putaretis
1443 4488 1637 4528 errare
1663 4473 1733 4527 ad
1762 4473 2132 4544 apostolicam

2205 556 2307 595 nes
2333 539 2432 610 qui
2457 539 2517 593 in
2542 537 2883 593 contrariam
2914 541 3138 609 partem
3167 542 3284 592 toto
3314 537 3607 609 proposito
3638 542 3696 591 et
3730 541 3865 591 toto

2207 632 2534 688 recideratis
2558 631 2779 698 affectu,
2811 632 3046 686 concilia
3086 631 3271 703 potius
3317 631 3636 686 necessaria
3666 630 3859 684 etiam

2207 727 2391 782 studio
2418 724 2759 791 declinastis,
2777 741 2849 780 ne
2871 742 2972 797 per
2987 726 3189 780 eadem
3217 726 3326 780 tale
3346 725 3560 796 aliquid
3584 740 3865 779 censere-

2207 824 2319 889 tur,
2348 837 2462 893 quo
2489 819 2651 875 vobis
2692 819 2862 874 rebus
2904 819 3198 874 evidenter
3229 819 3460 874 oﬁensis
3496 822 3555 873 et
3582 819 3865 889 legitime

2208 914 2533 983 confutatis,
2560 914 2618 968 in
2647 913 3043 969 haereticorum
3070 930 3184 968 non
3208 913 3379 967 licere
3403 912 3595 967 venire
3618 928 3864 967 consor-

2208 1008 2375 1063 tium.
2403 1008 2550 1072 Quid
2575 1024 2711 1078 ergo
2733 1007 2803 1062 de
2831 1007 3160 1077 ignorantia
3187 1007 3563 1078 praetenditis,
3586 1023 3719 1060 cum
3747 1022 3866 1076 per

2209 1105 2391 1156 totum
2408 1100 2697 1156 Orientem
2719 1100 3050 1155 catholicam
3069 1101 3241 1155 ﬁdem
3260 1100 3862 1169 communionemque

2211 1195 2489 1251 sinceram
2517 1194 2640 1249 sedi
2673 1193 2998 1266 apostolica
3039 1198 3456 1265 congruentem
3500 1211 3611 1248 non
3657 1193 3859 1249 solum

2212 1288 2543 1359 cognovisse
2582 1293 2665 1342 tot
2701 1287 2999 1359 pontiﬁces
3032 1287 3328 1353 videbatis,
3355 1287 3525 1343 etiam
3558 1303 3747 1357 usque
3781 1286 3861 1341 ad

2213 1386 2537 1437 extremum
2562 1380 3015 1437 constantissime
3045 1381 3380 1436 defendisse.
3413 1381 3469 1437 Si
3496 1398 3592 1434 vos
3612 1397 3730 1434 non
3757 1397 3865 1434 au—

2213 1476 2446 1531 dieratis
2463 1475 2601 1546 quid
2622 1474 2693 1529 de
2721 1474 2834 1529 tide
2861 1480 2918 1529 et
2941 1474 3346 1530 communione
3372 1474 3653 1529 catholica
3672 1478 3861 1544 atque

2214 1568 2516 1641 apostolica
2573 1584 2962 1637 censeremus,
3007 1568 3131 1622 illos
3178 1568 3429 1640 aspicere
3476 1567 3753 1623 debuistis
3799 1569 3866 1621 et

2213 1667 2310 1718 aut
2336 1662 2495 1734 sequi
2522 1662 2569 1716 si
2586 1662 2906 1716 credebatis
2932 1678 3052 1715 esse
3073 1661 3396 1730 catholicos,
3423 1664 3522 1715 aut
3540 1661 3695 1733 apud
3713 1677 3865 1732 apo-

2216 1756 2471 1811 stolicam
2492 1756 2685 1810 sedem
2714 1755 2902 1826 potius
2926 1772 3211 1821 accusare,
3228 1756 3273 1810 si
3294 1755 3611 1809 credebatis
3628 1769 3863 1809 errasse

2216 1850 2352 1921 quid
2383 1850 2507 1904 illos
2534 1857 2636 1904 aut
2664 1866 2765 1904 suo
2809 1849 3099 1920 proposito
3134 1849 3294 1903 illam
3339 1849 3587 1903 tenuisse
3615 1854 3856 1903 senten-

2217 1944 2378 2012 tiam,
2408 1946 2507 1999 aut
2532 1944 2927 2014 cognoscendo
2953 1944 3086 2014 quid
3115 1942 3277 1997 sedes
3308 1943 3611 2013 apostolica
3638 1941 3859 1996 deﬁni-

2218 2042 2323 2107 ret,
2351 2042 2407 2093 et
2448 2040 2547 2092 aut
2589 2037 2765 2108 igitur
2805 2038 3050 2108 collegas
3075 2042 3132 2091 et
3157 2037 3362 2091 fratres
3394 2036 3463 2089 de
3497 2036 3767 2107 proximo
3794 2035 3855 2089 in

2218 2135 2527 2202 conspectu
2563 2134 2752 2186 vestro
2781 2131 2868 2185 vel
2906 2131 3214 2185 catholicos
3252 2129 3409 2200 sequi
3437 2129 3730 2191 debuistis,
3761 2130 3857 2182 vel

2218 2225 2497 2296 impetere
2539 2224 2586 2278 si
2626 2224 2940 2279 credebatis
2979 2240 3205 2289 errare;
3250 2239 3357 2278 nec
3397 2223 3520 2277 illos
3563 2240 3596 2277 a
3641 2223 3859 2293 quibus

2218 2321 2377 2374 nullo
2428 2318 2749 2374 discrimine
2797 2318 3143 2372 vexabantur
3184 2317 3435 2388 praebere
3481 2333 3855 2382 consensum,

2219 2414 2398 2469 donec
2442 2412 2646 2467 veritas
2688 2429 2758 2467 ex
2806 2412 3070 2466 omnibus
3116 2411 3393 2482 patefacta
3442 2414 3748 2477 constaret,
3800 2415 3860 2465 et

2219 2507 2563 2578 regulariter
2589 2505 2660 2560 de
2699 2505 2779 2559 eis
2805 2504 3167 2560 ecclesiastici
3205 2504 3405 2575 judicii
3440 2505 3620 2558 forma
3649 2520 3854 2574 proce-

2221 2601 2400 2655 deret.
2448 2599 2549 2655 Sin
2592 2616 2727 2654 vero
2775 2599 2923 2653 sedis
2977 2598 3294 2670 apostolicae
3343 2598 3604 2668 regulam
3655 2597 3856 2652 subse-

2222 2694 2450 2765 quendo
2476 2693 2901 2763 perspiciebatis
2927 2693 3048 2746 illos
3066 2693 3213 2746 hanc
3234 2697 3431 2746 tenere
3454 2690 3854 2759 constantiam,

2222 2796 2640 2858 consequenter
2663 2803 2764 2857 per
2790 2787 2939 2851 illos,
2968 2790 3025 2839 et
3053 2786 3189 2856 quid
3216 2791 3407 2840 nostra
3434 2785 3686 2839 deﬁnitio
3714 2801 3856 2838 con-

2222 2881 2448 2947 tineret,
2471 2897 2589 2935 non
2616 2879 2891 2935 habuistis
2918 2880 3224 2943 incertum,
3254 2883 3312 2933 et
3339 2880 3567 2933 illorum
3594 2895 3860 2949 persecu-

2223 2975 2443 3029 toribus
2467 2974 2773 3029 annuendo
2802 2991 2834 3027 a
2862 2974 3009 3028 sedis
3036 2973 3360 3043 apostolicae
3387 2990 3501 3027 non
3523 2972 3859 3043 ignorantes

2227 3069 2349 3139 ejus
2378 3066 2717 3122 sententiam
2748 3067 3031 3121 consortio
3060 3066 3392 3133 retraxistis,
3421 3070 3478 3120 et
3500 3066 3688 3120 adhuc
3713 3066 3856 3120 dici-

2225 3162 2297 3216 tis
2339 3162 2607 3232 ignorare
2634 3177 2731 3215 vos
2770 3160 2909 3232 quid
2959 3161 3119 3215 sedes
3169 3161 3476 3230 apostolica
3521 3159 3856 3214 censuisset.

2221 3258 2360 3311 Cum
2386 3254 2497 3309 illis
2522 3255 2907 3309 sacerdotibus
2934 3254 3209 3309 catholica
3236 3254 3345 3308 ﬁde
3377 3257 3434 3309 et
3454 3254 3858 3309 communione

2222 3349 2547 3404 nolentibus
2573 3365 2689 3403 non
2713 3348 2898 3402 verbis
2926 3351 3023 3401 aut
3046 3347 3266 3415 litteris,
3295 3348 3392 3402 sed
3420 3347 3673 3418 personis
3703 3363 3855 3418 pre-

2223 3443 2476 3497 sentibus
2517 3442 2827 3497 didiceritis
2856 3442 3141 3509 universa,
3172 3448 3228 3495 et
3253 3442 3322 3496 ab
3353 3442 3552 3495 eadem
3580 3458 3677 3494 vos
3719 3458 3855 3511 pro-

2224 3536 2350 3608 prio
2387 3534 2604 3607 judicio
2654 3552 2940 3606 separasse
2979 3534 3308 3598 videamini,
3347 3542 3404 3589 et
3447 3534 3632 3588 adhuc
3672 3535 3858 3589 dicitis

2225 3630 2500 3702 synodum
2530 3629 2588 3683 in
2623 3629 2788 3683 unius
2823 3629 3070 3683 hominis
3108 3646 3406 3699 personam
3443 3628 3706 3682 debuisse
3747 3634 3860 3682 tra-

2225 3723 2387 3789 ctari,
2419 3739 2589 3794 quam
2620 3723 2678 3776 in
2710 3722 3050 3776 damnandis
3076 3722 3207 3776 totis
3240 3722 3596 3793 pontiﬁcibus
3622 3722 3856 3776 catholi-

2228 3817 2306 3872 cis
2331 3834 2446 3870 non
2481 3817 2782 3888 quaesistis.
2811 3816 3025 3879 Quibus
3053 3822 3245 3870 autem
3274 3816 3440 3871 vultis
3471 3819 3533 3868 ut
3561 3816 3631 3870 de
3659 3818 3853 3870 talium

2227 3926 2527 3966 causarum
2552 3909 2824 3964 relatione
2852 3910 3147 3963 credamus
3167 3910 3457 3964 catholicis
3482 3927 3551 3963 an
3576 3910 3853 3964 haereticis

2228 4005 2296 4059 ab
2316 4003 2472 4059 omni
2497 4002 2837 4073 contagione
2863 4003 3265 4058 haereticorum
3296 4004 3568 4070 discretis,
3588 4020 3662 4057 an
3685 4004 3859 4057 haere-

2228 4099 2468 4153 ticorum
2496 4096 2901 4151 communione
2929 4097 3205 4168 pollutis?
3235 4097 3368 4162 Quis
3397 4103 3589 4151 autem
3636 4114 3752 4151 non
3778 4097 3853 4150 vi-

2229 4192 2362 4247 deat
2389 4191 2514 4245 illos
2540 4190 2803 4245 Ecclesiae
2848 4191 3176 4259 catholicos,
3207 4195 3265 4245 et
3292 4192 3362 4244 ab
3402 4191 3560 4245 omni
3590 4192 3858 4246 haeretica

2229 4288 2406 4357 peste,
2435 4301 2665 4356 prorsus
2702 4285 2934 4350 alienos,
2968 4285 3064 4356 qui
3096 4285 3338 4355 propriis
3369 4285 3601 4338 urbibus
3631 4285 3857 4349 detrusi,

2233 4383 2291 4434 et
2318 4379 2374 4433 in
2402 4378 2663 4433 exsilium
2691 4381 2821 4432 sunt
2848 4378 3088 4445 redacti,
3118 4384 3175 4432 et
3204 4396 3296 4433 eos
3334 4379 3432 4449 qui
3463 4378 3859 4449 superstitibus

2233 4472 2523 4527 catholicis
2549 4488 2895 4526 successores
2921 4471 3043 4525 ﬁeri
3069 4472 3189 4525 ausi
3220 4478 3369 4537 sunt,
3397 4472 3710 4526 catholicos
3742 4488 3857 4525 om-

496 4567 691 4623 sedem
715 4565 1031 4621 secundum
1052 4565 1188 4620 scita
1214 4565 1522 4637 majorum,
1547 4571 1603 4621 et
1622 4566 1767 4620 sicut
1793 4583 2027 4638 semper
2046 4568 2208 4640 estD
2234 4566 2368 4621 nino
2414 4582 2530 4620 non
2577 4582 2719 4631 esse,
2746 4565 2846 4619 sed
2894 4568 2993 4619 aut
3039 4565 3353 4619 Eutichiaui
3412 4565 3725 4632 manifesti,
3765 4568 3860 4619 aut

494 4662 707 4716 factum
735 4660 951 4715 referre
978 4658 1273 4728 debuistis,
1299 4659 1443 4714 sicut
1467 4659 1538 4714 de
1567 4661 1735 4715 Petro
1759 4660 2132 4716 Alexandrino

495 4756 584 4810 vel
620 4753 971 4811 Antiocheno
1021 4754 1188 4808 Petro
1227 4753 1297 4808 de
1334 4754 1551 4809 Joanne
1600 4754 1887 4826 Pauloque
1934 4754 2130 4809 fecisse

496 4851 844 4903 monstratur
890 4846 1142 4902 Aeacius.
1193 4846 1301 4902 Sed
1356 4847 1487 4918 quia
1532 4847 1820 4902 noveratis
1864 4864 1960 4903 eos
2002 4865 2132 4903 cum

498 4942 805 5014 apostolica
832 4940 969 4995 sede
996 4939 1226 5007 sentire,
1251 4943 1310 4994 et
1333 4939 1474 5012 quid
1502 4941 1662 4996 sedes
1692 4941 2005 5012 apostolica
2031 4958 2134 4996 sua

499 5034 828 5092 deﬁnitione
848 5040 1125 5101 censeret,
1159 5050 1264 5105 per
1293 5034 1417 5089 illos
1446 5036 1641 5090 tantos
1668 5051 1734 5091 ac
1753 5036 1894 5090 tales
1918 5034 2129 5105 episco-

499 5144 599 5200 pos
615 5131 833 5184 constat
851 5128 1167 5184 Orientales
1183 5127 1464 5184 antistites
1482 5129 1801 5184 nullatenus
1818 5128 2131 5199 ignorasse,

499 5225 556 5279 et
583 5238 685 5293 per
711 5222 841 5278 illos
871 5222 1163 5278 catholicae
1187 5225 1358 5295 atque
1385 5223 1705 5295 apostolicae
1740 5222 2134 5278 communioni

498 5314 779 5387 prodiisse
829 5316 1166 5385 contrarios,
1220 5322 1275 5372 et
1322 5317 1393 5372 ab
1446 5317 1644 5372 eadem
1689 5315 1956 5371 defecisse
2002 5333 2132 5371 cum

500 5425 615 5465 non
648 5408 757 5464 illis
781 5409 913 5465 estis
958 5410 1223 5481 passione
1258 5411 1563 5482 conjuncti,
1588 5411 1684 5465 sed
1718 5409 1903 5481 potius
1937 5426 2129 5481 perse-

500 5501 790 5560 cutoribus
824 5518 1022 5558 eorum
1050 5503 1316 5558 societate
1354 5504 1616 5559 connexi.
1647 5503 1745 5559 llic
1773 5504 1931 5559 vobis
1958 5521 2129 5576 syno-

498 5598 604 5653 dus
633 5612 928 5669 nunquam
955 5595 1111 5651 vcnit
1134 5597 1193 5650 in
1216 5602 1493 5665 mentem,
1523 5603 1581 5653 et
1599 5601 1749 5653 certe
1778 5598 1850 5653 de
1868 5599 2131 5670 personis

500 5693 584 5761 (ut
628 5690 845 5745 dictum
902 5689 1007 5759 est)
1051 5687 1212 5742 nulla
1253 5690 1430 5746 veteri
1474 5691 1600 5763 lege
1653 5692 1988 5747 constrictis.
2036 5692 2132 5746 Hic

501 5783 656 5838 nullo
692 5781 950 5850 concilio,
983 5797 1100 5835 non
1139 5781 1307 5836 unius
1350 5784 1507 5838 urbis
1533 5784 1620 5839 vel
1660 5787 1829 5841 unius
1859 5786 2131 5858 episcopi,

500 5873 600 5927 sed
623 5873 791 5928 totius
812 5873 1047 5930 orientis
1074 5874 1383 5930 Ecclesiam
1412 5874 1580 5931 subiit
1604 5878 1860 5932 animum
1882 5881 2132 5933 vestrum

2232 4676 2431 4715 eorum
2462 4659 2835 4713 sectatoribus
2861 4658 3343 4713 communicantes
3369 4658 3486 4712 hinc
3515 4658 3689 4728 pestis
3715 4658 3858 4728 apud

2232 4771 2329 4809 eos
2350 4752 2633 4823 hodieque
2664 4753 2955 4822 perdurat.
2989 4752 3283 4822 Siquidem
3314 4755 3372 4806 et
3399 4768 3527 4806 cum
3555 4754 3723 4805 Petro
3742 4754 3858 4806 Ale-

2233 4846 2513 4902 xandrino
2548 4851 2603 4900 et
2628 4862 2757 4899 cum
2799 4845 3152 4900 Antiocheno
3190 4847 3356 4900 Petro
3384 4845 3780 4901 indifferenter
3802 4846 3857 4900 hi

2234 4941 2331 5012 qui
2370 4940 2661 4995 catholicis
2707 4944 3115 5008 successerant,
3159 4940 3561 4994 communione
3605 4940 3858 5010 permisti

2233 5038 2383 5101 sunt,
2434 5039 2491 5088 et
2542 5033 2961 5087 successoribus
3013 5034 3310 5104 utriusque
3373 5033 3524 5088 Petri
3587 5033 3858 5105 hodieque

2232 5128 2564 5182 miscentur.
2592 5128 2688 5180 His
2715 5126 2863 5181 adde
2900 5126 3073 5181 etiam
3104 5128 3229 5181 illos
3266 5126 3362 5199 qui
3391 5126 3704 5194 catholicis,
3736 5128 3857 5182 licet

2234 5238 2351 5277 non
2377 5224 2789 5288 successerunt,
2819 5218 2920 5273 sed
2948 5236 3079 5274 cum
3124 5221 3388 5275 catholici
3425 5220 3731 5292 pontiﬁces
3759 5221 3853 5275 ha-

2232 5315 2504 5370 berentur
2530 5315 2727 5369 talium
2752 5330 2810 5368 se
2836 5314 3232 5369 communioni
3253 5315 3593 5386 junxerunt,
3622 5314 3745 5368 haec
3768 5314 3858 5368 illa

2232 5410 2490 5464 mistura.
2538 5409 2667 5462 Haec
2709 5411 2796 5463 est
2838 5407 2936 5462 illa
2972 5408 3228 5463 confusio
3274 5425 3403 5479 quae
3447 5424 3548 5479 per
3575 5407 3856 5462 Orientem

2232 5506 2417 5557 totum
2440 5501 2589 5557 inter
2618 5502 2977 5571 catholicam,
3008 5501 3469 5573 haereticamque,
3499 5502 3851 5556 communio-

2234 5612 2480 5668 nemque
2508 5596 2664 5650 nulla
2690 5596 2953 5651 discretio
2983 5601 3086 5651 est.
3125 5598 3246 5651 Imo
3273 5595 3369 5667 qui
3408 5595 3651 5649 discerni
3684 5600 3849 5650 tenta-

2233 5691 2377 5745 verit
2419 5688 2609 5760 potius
2654 5689 2954 5744 haereticus
2996 5689 3257 5755 habetur,
3298 5688 3694 5760 persecutione
3735 5705 3851 5760 per-

2233 5784 2474 5850 cellitur,
2508 5781 2718 5837 exsiliis
2747 5786 2805 5838 et
2830 5782 3135 5839 afﬂictione
3173 5784 3466 5838 multatur.

2305 5878 2497 5931 Restat
2523 5892 2661 5947 ergo
2686 5876 2827 5932 utin
2857 5877 2961 5931 hac
2989 5875 3304 5933 colluvione
3330 5880 3693 5944 cunctorum,
3721 5875 3849 5931 sicut
