4040 6320
465 365 566 416 979

1356 361 1640 416 ΛΡΡΕΝΙ).
1679 362 1768 416 ΑΙ)
1804 361 1965 416 SIEC.
2007 361 2092 414 1X.
2125 390 2191 399 —
2231 361 2474 416 ISIDORI
2511 361 2937 416 MERCATORIS

3725 365 3837 418 980

467 468 616 523 sedis
641 467 913 535 officium,
933 468 1037 522 nisi
1062 469 1216 538 quod
1235 485 1480 538 superna
1507 469 1690 538 gratia
1715 485 1945 540 semper
1964 485 2092 539 ope—
2114 479 2172 553 Α
2193 468 2390 522 saltem
2449 467 2786 522 verecundia
2838 466 2992 539 quod
3045 483 3464 539 nonnunquam
3510 468 3577 522 sit
3631 467 3840 524 debuit

465 565 628 617 ratur
653 577 866 631 magna
895 561 962 614 de
985 561 1184 631 parvis.
1217 581 1243 612 «
1276 560 1424 625 Quid
1441 561 1595 616 enim
1623 563 1691 616 de
1724 579 1816 616 me
1843 563 2091 617 sentiam

468 672 594 709 cum
624 655 729 708 hoc
758 655 878 726 ipse
913 655 968 708 id
995 654 1066 708 de
1112 672 1168 709 se
1203 655 1476 726 magistro
1507 655 1764 726 gentium
1802 656 1894 710 ille
1921 662 2092 711 teste-

467 753 576 816 tur,
607 748 703 819 qui
732 765 788 802 se
814 749 1102 815 ultimum,
1131 751 1190 802 et
1227 765 1342 804 non
1374 750 1555 803 vocari
1594 749 1833 819 dignum
1865 754 2092 822 aposto-

466 842 582 894 lum
612 840 953 911 proﬁtetur?
989 863 1014 888 υ
1049 843 1092 910 (1
1121 845 1240 900 Cor.
1274 859 1365 911 xv,
1399 843 1472 913 9).
1503 843 1904 898 Verumtamen
1934 850 1998 899 ut
2023 845 2094 900 ad

468 934 786 989 dilectionis
826 941 938 989 tute
980 935 1150 989 verba
1189 936 1512 1004 redeamus,
1558 935 1604 989 si
1630 937 1904 992 veraciter
1933 955 2090 994 exse-

465 1033 627 1081 cutus
670 1045 727 1082 es
776 1029 897 1083 haec
938 1029 1204 1084 divinitus
1249 1030 1390 1084 mihi
1437 1031 1609 1086 fuisse
1640 1031 1860 1099 collata,
1883 1049 2012 1102 quae
2039 1035 2097 1087 et

466 1122 720 1192 profecto
766 1139 1122 1194 quaecunque
1163 1127 1295 1178 sunt
1332 1124 1483 1178 bona
1519 1125 1671 1179 dona
1702 1130 1833 1179 sunt
1861 1125 1974 1192 Dei,
2005 1143 2092 1179 se-

471 1231 643 1286 quere
671 1232 812 1286 ergo
846 1217 1211 1272 hortamenta
1258 1234 1372 1272 non
1422 1218 1733 1289 indigentis
1777 1219 1988 1286 doceri,
2041 1223 2099 1274 et

463 1309 777 1364 secundum
803 1326 1108 1380 supernam
1137 1310 1570 1382 dispositionem
1605 1312 1868 1366 universa
1891 1317 2095 1367 cuncta

467 1402 819 1473 inspicientis
838 1421 967 1475 quae
995 1405 1068 1458 ad
1090 1405 1460 1459 Ecclesiarum
1483 1407 1775 1476 pertinent
1793 1407 2092 1461 unitatem.

467 1496 534 1550 Et
571 1496 839 1551 adversus
866 1497 1150 1552 diabolum
1173 1499 1634 1554 conturbatorem
1671 1516 1800 1554 vere
1825 1501 1979 1570 pacis
2010 1505 2094 1556 at-

468 1607 579 1662 que
607 1591 918 1661 compagis,
962 1595 1024 1646 ut
1068 1593 1289 1660 asseris,
1340 1593 1562 1646 fortiter
1607 1593 1984 1649 resistentem.
2041 1594 2096 1649 Si

470 1700 608 1754 ergo
637 1684 707 1738 de
739 1701 830 1738 me
859 1685 966 1738 ista
994 1687 1350 1756 pronuntias,
1399 1689 1498 1740 aut
1525 1687 1790 1741 sectanda
1823 1687 1926 1741 tibi
1969 1693 2100 1742 sunt

469 1793 596 1847 quae
651 1794 684 1831 a
736 1778 981 1845 Christo,
1035 1783 1102 1832 ut
1151 1779 1436 1849 prohibes,
1487 1780 1790 1835 constituta
1824 1785 1974 1846 sunt,
2001 1785 2100 1835 aut

2193 577 2583 616 commonere.
2626 566 2709 617 An
2741 563 2979 616 forsitan
3008 567 3069 616 ut
3099 561 3498 616 haereticorum
3529 562 3837 617 damnato-

2193 670 2454 725 rumque,
2485 661 2542 708 et
2572 655 2660 708 his
2701 655 2789 708 vel
2820 670 3022 708 eorum
3053 655 3467 709 successoribus
3495 657 3833 710 communi-

2194 747 2444 802 cautium
2473 747 2705 802 nomina
2727 749 3147 803 consentiamus
3167 748 3434 804 admitti?
3464 751 3573 803 Hoc
3602 767 3720 804 non
3744 755 3838 805 est

2195 841 2650 896 condescendere
2695 842 2764 896 ad
2807 841 3282 912 subveniendum,
3324 843 3419 897 sed
3446 843 3744 898 evidenter
3771 843 3836 898 in

2195 935 2420 991 inferna
2447 935 2722 1006 demergi.
2754 935 2992 1003 Parcite,
3025 952 3238 1006 quasso,
3271 939 3330 991 et
3362 937 3525 992 nobis
3555 941 3611 990 et
3643 937 3833 992 vobis.

2193 1029 2349 1093 Quod
2377 1029 2424 1083 si
2455 1045 2649 1083 curam
2675 1029 2846 1083 vestri
2865 1029 3010 1084 adeo
3031 1046 3146 1084 non
3172 1029 3415 1098 habetis,
3435 1030 3569 1084 date
3597 1031 3833 1085 veniam

2194 1123 2377 1177 nobis.
2406 1123 2602 1178 Dolere
2633 1127 2690 1177 et
2719 1122 2856 1177 ﬂere
2885 1139 3183 1193 possumus
3208 1128 3264 1178 et
3290 1124 3583 1191 debemus,
3615 1125 3674 1178 in
3701 1125 3834 1178 haec

2197 1215 2435 1286 abrupta
2461 1215 2668 1270 deduci
2716 1233 2819 1270 nec
2862 1232 3177 1286 possumus,
3224 1234 3328 1272 nec
3375 1218 3666 1285 debemus,
3699 1218 3827 1290 qui,

2195 1313 2499 1380 priestante
2531 1310 2643 1363 Deo
2670 1315 2881 1378 nostro,
2913 1309 3188 1364 sinceram
3230 1327 3543 1383 puramque
3568 1315 3832 1382 paternas

2196 1403 2516 1457 traditionis
2543 1403 2716 1457 iidem
2749 1403 3330 1476 communionemque
3360 1405 3626 1474 retinere,
3674 1409 3734 1460 et
3759 1405 3833 1460 ab

2196 1497 2355 1552 omni
2383 1497 2878 1567 praevaricatorum
2927 1497 3262 1569 contagione
3305 1497 3606 1553 discretam
3653 1498 3832 1554 etiam

2196 1591 2475 1644 intentato
2509 1590 2759 1661 periculo
2786 1591 2987 1645 mortis
3018 1595 3280 1663 optamus
3298 1592 3578 1664 eligentes
3605 1591 3670 1661 (si
3693 1593 3836 1647 velit

2199 1684 2362 1754 Deus)
2397 1683 2666 1754 quislibet
2695 1684 2793 1738 illa
2822 1684 3066 1754 perpeti,
3112 1701 3283 1756 quam
3325 1701 3522 1740 causas
3574 1685 3836 1741 incidere

2201 1775 2581 1831 damnationis
2609 1783 2860 1832 aeternae.
2885 1779 3044 1846 Date,
3067 1779 3324 1850 inquam,
3351 1779 3598 1847 veniam,
3630 1779 3677 1832 si
3695 1795 3835 1834 cum

471 1871 657 1940 palam
699 1877 753 1926 te
799 1872 950 1942 quod
993 1848 1194 1927 Christi
1237 1872 1700 1944 dispositionibus
1732 1874 1962 1928 obviare
1998 1875 2096 1929 de-
2118 1848 2176 1920 Β
2201 1887 2296 1924 vos
2317 1874 2821 1942 propteramorem
2843 1848 3432 1942 cujuslibet-hominis,
3452 1873 3534 1927 vel
3553 1873 3834 1927 timorem

464 1965 698 2035 promis,
740 1968 840 2019 aut
867 1967 935 2020 ad
965 1966 1187 2020 veniam
1215 1967 1453 2021 luxuriae
1501 1968 1572 2021 de
1609 1984 1700 2021 me
1742 1968 2100 2039 cognosceris

467 2057 572 2112 ista
601 2058 830 2128 jactare.
878 2058 989 2114 Sed
1035 2065 1450 2131 consequenter
1477 2060 1728 2114 adnectis
1758 2061 2096 2115 condescen-

466 2150 698 2206 dibilem
745 2168 857 2220 me,
900 2157 958 2207 et
998 2153 1210 2223 optima
1257 2153 1619 2224 dispositione
1647 2170 1906 2209 revocare
1937 2170 2099 2225 posse

468 2245 849 2300 concordiam.
876 2246 1117 2300 Proinde
1141 2247 1414 2318 quoniam
1436 2247 1542 2301 isto
1568 2247 1739 2302 verbo
1767 2248 2100 2320 frequenter

466 2339 720 2405 utimini,
751 2339 890 2410 quid
915 2340 1017 2394 sibi
1051 2341 1187 2394 velit
1214 2341 1526 2411 explorem.
1561 2341 1786 2412 Optima
1816 2342 1968 2397 enim
2002 2343 2101 2398 illa

473 2437 558 2487 est
601 2433 857 2488 Ecclesiae
901 2434 1190 2489 catholica:
1243 2439 1412 2506 atque
1458 2436 1781 2506 apostolicae
1807 2436 2098 2508 dispositio

473 2543 599 2597 quae
629 2527 697 2581 ad
729 2527 966 2582 meliora
988 2528 1334 2598 proﬁciendo
1357 2529 1730 2584 conscendere
1760 2547 1876 2584 non
1906 2531 1976 2584 ad
2010 2531 2094 2584 in-

468 2619 674 2674 feriora
705 2620 1101 2676 descendendo
1130 2621 1395 2677 deficere.
1425 2623 1566 2677 Cum
1589 2627 1782 2677 autem
1806 2623 1944 2678 dicis
1958 2640 2098 2677 cou-

469 2714 739 2768 scendere
761 2732 865 2769 nos
889 2715 1095 2769 debere
1115 2716 1431 2771 vobiscum.
1466 2717 1699 2770 Interim
1715 2717 1836 2787 jam
1865 2734 1982 2785 vos,
2002 2721 2101 2772 aut

470 2807 811 2862 descendere
888 2814 987 2862 aut
1056 2809 1411 2864 descendisse
1497 2811 1849 2865 monstratis.
1915 2811 2096 2880 Unde,

472 2917 685 2970 quaeso,
713 2903 801 2956 vel
821 2919 934 2973 quo
961 2903 1070 2956 ista
1097 2903 1384 2957 descensio
1426 2909 1510 2959 est
1524 2904 1551 2958 ἱ)
1603 2905 1803 2976 Utique
1835 2921 1899 2958 ex
1931 2921 2096 2975 supe-

472 2993 608 3047 riori
639 2996 884 3066 quodam
911 2996 1034 3050 loco
1061 2996 1133 3050 ad
1166 2996 1433 3051 inferiora
1473 3014 1716 3069 qumque
1760 2998 2043 3069 deponitis
2069 3015 2101 3053 a

472 3087 748 3142 catholica
773 3088 1187 3160 apostolicaque
1226 3091 1634 3144 communione
1669 3092 1739 3146 ad
1770 3091 2098 3146 haereticam

473 3180 917 3254 damnatamque
962 3183 1258 3253 prolapsos
1305 3183 1524 3251 videtis,
1576 3185 1932 3256 cognoscitis,
1988 3201 2100 3240 non

470 3275 713 3346 negatis,
743 3279 799 3329 et
825 3293 939 3330 non
963 3278 1147 3330 solum
1162 3294 1258 3331 vos
1277 3277 1332 3331 in
1353 3278 1596 3332 infirmis
1619 3280 1807 3349 jacere
1835 3279 2096 3348 delectat,

467 3369 564 3422 sed
591 3368 765 3424 etiam
791 3369 848 3424 in
878 3370 1168 3442 superiore
1199 3378 1495 3426 manentes
1525 3373 1658 3427 sede
1698 3373 1864 3426 vultis
1895 3373 2095 3444 impel~

473 3457 527 3515 li.
559 3463 1023 3518 Condescendere
1052 3481 1156 3519 nos
1185 3465 1470 3519 vobiscum
1497 3467 1764 3536 invitatis,
1798 3467 1870 3521 ad
1894 3467 2006 3521 ima
2028 3468 2098 3521 de

467 3556 704 3610 summis
733 3573 834 3611 nos
865 3559 1245 3613 coascendere
1273 3575 1368 3613 vos
1398 3559 1696 3615 nobiscum
1723 3577 1991 3632 rogamus
2028 3562 2099 3615 ad

471 3666 700 3704 summa
725 3651 792 3705 de
825 3652 973 3707 imis.
1001 3654 1159 3707 Nunc
1191 3653 1367 3724 igitur
1395 3661 1697 3725 conspectu
1733 3655 1880 3709 illius
1921 3655 2100 3708 excel-

471 3759 547 3796 sae
570 3743 809 3813 justitiae
846 3745 1062 3815 judicet
1101 3763 1280 3817 genus
1316 3748 1654 3815 humanum,
1687 3749 1812 3819 quis
1840 3751 2099 3803 nostrum

470 3837 673 3892 debeat
700 3839 865 3892 alteri
880 3840 1134 3894 obedire.
1163 3843 1244 3894 An
1269 3840 1408 3894 dicis
1432 3845 1493 3894 ut
1523 3847 1724 3896 caetera
1746 3859 1898 3896 nunc
1925 3842 2097 3896 omit-

471 3935 611 3996 tam,
645 3931 938 3986 descendit
975 3933 1248 3987 Dominus
1297 3934 1416 4004 ipse
1463 3935 1533 3989 de
1577 3937 1716 3989 coelo
1740 3936 1768 3989 ‘?
1807 3937 2102 3990 Descendit

466 4025 656 4094 plane,
689 4023 790 4077 sed
829 4029 892 4078 ut
933 4025 1226 4080 hominem
1247 4027 1315 4080 ab
1350 4045 1543 4082 errore
1576 4029 1861 4097 liberaret,
1896 4047 2011 4083 non
2037 4036 2103 4086 ut

472 4117 591 4186 ejus
634 4117 967 4173 misceretur
1009 4120 1208 4175 errori.
1258 4123 1457 4176 Nonne
1496 4122 1614 4192 ipse
1645 4123 2004 4193 prmmonuit,
2037 4127 2104 4180 ut

471 4211 567 4281 qui
589 4210 648 4264 in
677 4214 824 4266 tecto
848 4212 1221 4268 consisterent
1258 4231 1374 4269 non
1423 4215 1853 4283 descenderent,
1890 4233 1992 4271 nec
2029 4218 2101 4272 ad

470 4321 536 4358 ea
587 4321 715 4376 quae
760 4305 818 4360 in
869 4306 1040 4361 domo
1087 4308 1354 4363 videntur
1397 4327 1515 4364 esse
1555 4311 1861 4365 tollenda?
1903 4313 2100 4366 Nonne

467 4415 564 4467 pro
616 4399 883 4455 omnibus
932 4404 1223 4472 Apostolus
1286 4405 1548 4459 «clamat
1592 4421 1759 4471 unus,
1811 4406 1929 4477 qui,
1977 4407 2102 4476 plus

470 4493 733 4548 omnibus
763 4493 1037 4550 laboravit
1061 4494 1109 4566 (I
1138 4499 1257 4554 Cor.
1282 4514 1374 4564 xv,
1401 4501 1506 4568 10),
1537 4519 1564 4548 ››
1596 4515 1726 4553 cum
1751 4499 1820 4553 de
1849 4500 2103 4553 custodia

2198 1963 2321 2018 haec
2351 1963 2596 2018 libenter
2643 1964 2946 2019 incurritis.
2995 1967 3103 2019 Nos
3153 1968 3390 2038 propter
3422 1982 3676 2021 amorem
3709 1967 3834 2033 Dei,

2200 2059 2258 2110 et
2283 2057 2548 2110 timorem
2569 2057 2851 2128 gehennax
2869 2058 3002 2112 talia
3027 2059 3362 2114 refutamus.
3381 2060 3492 2114 Nec
3517 2075 3613 2113 vos
3639 2061 3837 2115 creda-

2199 2151 2271 2204 tis
2317 2150 2726 2206 dissimulando
2774 2168 2967 2206 causas
3001 2157 3175 2224 atque
3219 2169 3496 2225 personas
3525 2153 3839 2224 cujuslibet

2200 2243 2462 2298 amicitiis
2487 2260 2651 2314 posse
2682 2245 2997 2316 subripere,
3028 2246 3165 2318 quia
3191 2263 3376 2318 neque
3416 2264 3513 2301 vos
3548 2247 3630 2302 ita
3657 2247 3838 2302 subti-

2198 2338 2278 2392 les
2305 2337 2458 2405 estis,
2491 2338 2588 2409 qui
2617 2354 2731 2392 non
2763 2339 2984 2408 possitis
3013 2339 3277 2411 intelligi,
3305 2346 3360 2396 et
3389 2357 3495 2396 nos
3524 2344 3838 2413 praestante

2200 2432 2314 2485 Deo
2341 2437 2533 2487 nostro
2563 2448 2678 2487 non
2713 2433 2974 2503 reperitis
3006 2433 3283 2489 incautos.

2273 2525 2472 2580 Nonne
2501 2525 2686 2579 missis
2715 2526 2825 2580 huc
2855 2543 3000 2597 saepe
3030 2526 3229 2581 litteris
3255 2527 3546 2583 indicastis
3576 2545 3709 2584 eum
3730 2546 3839 2585 cin-

2200 2617 2334 2672 teris
2383 2619 2663 2672 haereticis
2692 2635 2787 2672 vos
2835 2619 3107 2674 Eutichen
3138 2637 3364 2692 quoque
3395 2637 3686 2692 respuere.
3723 2623 3838 2677 Hoc

2201 2712 2246 2765 si
2266 2723 2484 2778 verum,
2515 2715 2614 2767 aut
2639 2729 2736 2767 eos
2771 2713 2869 2784 qui
2922 2714 3494 2769 communicaverunt
3525 2716 3839 2771 Eutichetis

2199 2806 2612 2860 successoribus
2643 2808 2855 2877 pariter
2881 2806 3156 2875 abdicate,
3188 2811 3288 2862 aut
3333 2808 3573 2863 aliorum
3605 2827 3837 2882 quoque

2200 2899 2603 2954 haereticorum
2640 2900 3051 2955 successoribus
3099 2902 3584 2957 communicantes
3621 2903 3835 2959 admit-

2200 2993 2324 3047 tite.
2377 2992 2484 3048 Sed
2527 2993 2776 3059 Acacius,
2817 2993 3024 3064 inquis,
3076 2994 3220 3049 nihil
3263 3001 3460 3050 contra
3487 2995 3660 3051 fidem
3690 2997 3841 3052 sicut

2201 3086 2462 3140 Eutichcs
2479 3089 2534 3141 et
2554 3104 2846 3142 successor
2866 3089 2986 3158 ejus
3006 3087 3217 3159 legitur
3245 3088 3573 3160 ubicunque
3601 3090 3836 3161 dixisse,

2203 3180 2362 3252 quasi
2389 3197 2506 3235 non
2532 3181 2604 3234 sit
2633 3181 2902 3247 deterius,
2950 3187 3008 3236 et
3049 3199 3163 3236 non
3190 3182 3481 3253 ignorasse
3510 3185 3838 3253 veritatem,

2203 3279 2252 3328 et
2289 3278 2482 3328 tamen
2523 3274 2970 3330 communicasse
3012 3275 3264 3331 veritatis
3291 3277 3554 3332 inimicis.
3593 3279 3649 3334 Si
3677 3279 3837 3334 enim

2199 3384 2329 3421 cum
2361 3367 2568 3439 aliquis
2603 3374 2755 3422 recte
2786 3370 3012 3439 sapiens
3038 3369 3108 3424 de
3135 3369 3246 3424 ﬁde
3274 3371 3542 3425 catholica
3567 3388 3838 3427 commu-

2201 3461 2353 3516 nicet
2380 3461 2488 3516 illis
2517 3462 2795 3516 haereticis
2820 3463 2974 3516 inter
3002 3480 3143 3534 quos
3184 3464 3514 3519 Euticheten
3542 3466 3835 3537 posuistis,

2199 3556 2284 3609 vel
2307 3556 2721 3610 successoribus
2747 3572 2970 3624 eorum,
3006 3573 3123 3612 non
3164 3563 3249 3612 est
3292 3559 3375 3612 fas
3410 3575 3506 3612 eos
3546 3560 3699 3614 inter
3741 3577 3833 3614 ca-

2201 3648 2536 3703 tholicorum
2571 3649 2774 3704 altaria
2814 3649 3129 3705 nominare.
3174 3653 3248 3706 Ita
3279 3667 3351 3706 ne
3377 3668 3516 3722 ergo
3543 3652 3698 3708 illius
3725 3653 3836 3707 Eu-

2201 3743 2421 3797 tichetis
2450 3744 2866 3798 successoribus
2885 3745 3358 3800 communicando
3378 3745 3548 3800 simili
3569 3749 3719 3802 sorte
3745 3753 3835 3802 te-

2203 3843 2369 3892 netur
2399 3837 2699 3892 obnoxius.
2727 3838 2800 3891 De
2819 3838 3022 3892 talibus
3043 3839 3255 3910 quippe
3275 3839 3679 3896 convenienter
3697 3841 3834 3896 dici-

2200 3936 2332 3985 tur:
2368 3952 2394 3979 «
2428 3931 2777 3986 Descendant
2814 3931 2874 3986 in
2918 3932 3210 3987 infernum
3238 3933 3488 3988 viventes
3528 3936 3695 4003 (Psal.
3725 3951 3832 4000 Liv,

2207 4023 2307 4095 16),
2341 4045 2368 4073 ››
2401 4024 2499 4094 qui
2531 4024 2669 4078 dum
2695 4024 2794 4078 illa
2821 4026 2952 4092 vita,
2983 4043 3094 4097 qua
3113 4026 3302 4097 justus
3325 4027 3479 4097 vivit,
3505 4045 3643 4083 vera
3662 4031 3835 4100 atque

2203 4117 2483 4172 catholica
2535 4121 2813 4188 putantur
2866 4119 3074 4187 vivere,
3125 4125 3357 4191 repente
3411 4127 3509 4176 aut
3556 4121 3616 4176 in
3655 4139 3837 4194 prona

2204 4211 2513 4283 pravitatis,
2560 4215 2659 4266 aut
2704 4212 2765 4266 in
2810 4212 3094 4268 haeretica:
3140 4214 3562 4269 communionis
3609 4216 3837 4271 inferna

2203 4311 2465 4377 vergunt.
2497 4307 2634 4361 Ecce
2659 4307 2851 4377 quales
2877 4307 3099 4362 Christo
3126 4307 3311 4362 dicitis
3339 4325 3460 4364 esse
3489 4325 3834 4381 prmponen-

2204 4401 2320 4454 dos.
2356 4400 2499 4455 Cum
2528 4399 2621 4454 ille
2666 4416 2770 4455 nec
2811 4400 3035 4455 animas
3070 4407 3290 4456 nostras
3321 4402 3548 4456 sibimet
3577 4404 3839 4475 praecipit

2203 4493 2489 4564 anteponi.
2517 4495 2632 4548 lmo
2662 4499 2718 4548 et
2742 4495 2928 4549 adhuc
2949 4495 3205 4566 quaeritis
3227 4495 3454 4566 quando
3479 4497 3657 4552 fuerit
3683 4496 3838 4551 dam-

468 4587 716 4642 veritatis
761 4595 1052 4658 ageretur,
1100 4591 1302 4662 quibus
1346 4607 1450 4646 nec
1493 4593 1564 4646 ad
1598 4593 1795 4647 horam
1831 4590 2371 4664 cessimusDnatus
2420 4587 2674 4655 Aeacius,
2727 4588 2892 4660 quasi
2941 4601 3139 4642 revera
3188 4589 3411 4644 etiamsi
3449 4606 3584 4644 eum
3646 4591 3839 4646 nullus

468 4681 836 4752 subjectionis
882 4683 1065 4753 gratia
1096 4689 1152 4739 et
1180 4685 1389 4739 veritas
1420 4686 1713 4757 Evangelii
1743 4689 2103 4756 permaneret

466 4775 618 4846 apud
646 4792 740 4829 vos
765 4777 792 4830 ?
839 4776 1048 4831 Videtis
1084 4778 1372 4833 caelestem
1397 4779 1729 4850 Magistrum
1757 4780 2101 4834 condescen-

465 4867 599 4923 dere
656 4870 839 4924 noxiis
876 4873 1280 4926 recusantem?
1330 4874 1621 4927 Postremo
1667 4873 1944 4927 faciamus
1995 4873 2098 4928 ali-

470 4978 640 5032 quem
685 4963 962 5018 corruisse
1008 4965 1075 5019 ad
1131 4982 1302 5036 quem
1330 4965 1761 5037 benignissimae
1808 4967 2103 5021 sublevan-

468 5056 606 5110 dum
632 5059 927 5127 paululum
960 5059 1246 5130 quispiam
1275 5059 1408 5114 velit
1436 5060 1668 5115 inﬂecti.
1705 5062 1850 5131 Ergo
1877 5064 1942 5114 ut
1987 5060 2098 5115 cri-

472 5153 637 5219 gatur
655 5150 848 5220 jacens
877 5153 1244 5208 miserantem
1284 5154 1547 5208 convenit
1596 5154 1861 5209 inclinari
1893 5170 2007 5208 non
2039 5160 2102 5209 ut

471 5258 602 5296 cum
657 5244 858 5299 eodem
917 5247 1304 5318 praecipitetur
1360 5248 1418 5302 in
1476 5249 1718 5303 foveam.
1772 5248 1948 5319 [gitur
1998 5265 2103 5318 per

471 5335 708 5407 litteras,
762 5355 903 5409 quos
955 5358 1057 5411 per
1106 5342 1434 5397 Sinelicium
1463 5343 1758 5397 diaconem
1782 5342 2102 5397 destinastis

471 5430 541 5484 de
568 5429 655 5484 his
685 5448 828 5502 quos
852 5433 1172 5505 baptizavit,
1215 5453 1355 5507 quos
1400 5436 1683 5492 ordinavit
1720 5435 1949 5492 Aeacius
1977 5452 2098 5490 ma-

461 5524 656 5593 jorum
699 5526 1004 5581 traditione
1053 5529 1388 5598 confectam,
1436 5533 1493 5584 et
1531 5547 1659 5584 vera
1690 5529 1979 5602 prazcipue
2009 5546 2098 5584 re-

466 5617 749 5689 ligionum
779 5619 1148 5676 sollicitudini
1184 5629 1384 5678 vestrze
1431 5640 1748 5695 congruam
1777 5624 2101 5695 praebemus

471 5711 592 5765 sine
624 5712 960 5767 difﬁcultate
1018 5714 1381 5770 medicinam.
1435 5718 1557 5780 Quo
1598 5735 1698 5772 nos
1736 5718 1903 5772 vultis
1952 5719 2103 5772 ultra

473 5804 864 5860 descendere?
933 5807 1077 5870 Quid
1132 5808 1379 5861 tacetis?
1433 5810 1577 5872 Quid
1635 5810 2101 5864 verecundamini

481 5893 660 5948 verbis
713 5898 1030 5966 exprimere
1079 5899 1228 5971 quod
1287 5900 1453 5954 corde
1510 5901 1798 5971 gestatis?
1851 5903 1972 5972 Ipsa
2008 5918 2102 5954 vos

2201 4685 2332 4736 ante
2365 4682 2695 4736 damnasset
2720 4699 2835 4736 non
2865 4682 3036 4736 fuerit
3061 4682 3392 4737 orthodoxae
3432 4688 3489 4738 et
3513 4683 3836 4754 apostolicae

2202 4775 2637 4844 communionis,
2686 4775 2846 4847 cujus
2886 4775 3286 4846 praevaricator
3316 4777 3526 4831 exstitit
3553 4783 3610 4832 et
3636 4779 3832 4833 deser-

2206 4874 2294 4924 tor
2323 4869 2755 4940 participatione
2791 4869 3022 4925 secludi.
3068 4869 3223 4925 Sicut
3265 4870 3439 4925 etiam
3467 4871 3708 4943 quilibet
3737 4873 3837 4944 qui

2201 4964 2371 5018 fuerit
2396 4969 2526 5017 ante
2553 4964 2878 5030 catholicus,
2909 4963 3229 5036 cuicunque
3273 4964 3478 5018 haeresi
3509 4967 3833 5021 communi-

2203 5073 2335 5111 cans
2379 5057 2582 5111 merito
2616 5057 2907 5128 judicatur
2955 5075 2988 5112 a
3015 5062 3206 5113 nostra
3238 5057 3504 5114 societate
3533 5075 3837 5115 removen-

2203 5151 2324 5220 dus,
2369 5154 2468 5206 aut
2503 5151 2561 5205 in
2599 5151 2695 5206 tali
2727 5153 2877 5204 sorte
2910 5151 3207 5207 defunctus
3234 5152 3387 5206 inter
3417 5153 3834 5209 catholicorum

2202 5246 2440 5301 nomina
2466 5246 2792 5300 nullatenus
2818 5246 3446 5317 computari.Miramur
3474 5253 3666 5302 tamen
3695 5264 3832 5320 quo-

2201 5339 2374 5394 modo
2402 5339 2513 5394 ista
2539 5338 2825 5410 profertis,
2867 5339 2974 5394 hoc
3011 5345 3094 5395 est
3118 5345 3182 5394 ut
3207 5345 3264 5395 et
3290 5340 3569 5410 synodum
3598 5341 3832 5395 Chalce-

2205 5434 2518 5488 donensem
2547 5450 2646 5488 vos
2673 5433 2959 5504 suscipere
2990 5450 3092 5504 pro
3121 5434 3230 5489 fide
3260 5434 3534 5488 catholica
3563 5435 3832 5504 proﬁtea-

2203 5528 2365 5597 mini,
2397 5533 2453 5583 et
2479 5545 2574 5582 eos
2599 5545 2742 5600 quos
2767 5527 3060 5583 damnavit
3087 5527 3424 5583 sectantium
3445 5529 3833 5583 communica-

2201 5627 2356 5677 tores
2420 5638 2538 5676 non
2597 5621 2814 5693 pariter
2884 5622 3336 5694 generaliterque
3403 5621 3613 5693 putetis
3664 5623 3837 5678 fuisse

2203 5716 2516 5770 damnatos.
2565 5715 2857 5770 Ostendite
2909 5732 3046 5786 ergo
3099 5733 3226 5788 quae
3281 5716 3528 5788 synodus
3577 5715 3640 5770 in
3691 5731 3833 5771 una-

2204 5825 2430 5880 quaque
2481 5809 2682 5863 haeresi
2738 5826 2868 5863 cum
2901 5810 3190 5865 erroribus
3222 5825 3574 5865 successores
3630 5826 3832 5864 eorum

2205 5902 2291 5956 his
2342 5902 2827 5957 communicantes
2886 5903 3165 5976 simulque
3233 5920 3430 5959 omnes
3493 5921 3606 5958 non
3677 5903 3828 5958 dam-
