4040 6306
220 347 314 406 981

1459 356 1931 416 DECRETALIUM
1966 361 2354 419 COLLECTIO.
2397 409 2404 416 .

3476 373 3583 428 082

214 459 330 522 net,
370 460 428 511 et
476 458 804 529 complices.
855 462 1051 532 Itaque
1103 462 1197 517 ille
1242 467 1427 519 vester
1472 465 1711 520 Aeacius
1754 467 1852 538 qui
1873 471 2169 552 Asionem
2223 469 2440 525 nitatur
2496 471 2772 538 astruere,
2822 473 2996 542 atque
3049 473 3297 528 invicem
3357 474 3587 533 sibimet

212 548 564 606 Eutichianis
601 551 915 608 haeresibus
960 555 1279 611 detestabili
1325 559 1732 614 communione
1762 560 1846 614 fa-

213 646 339 696 ctus
386 650 474 698 est
514 645 793 717 particeps
836 648 907 702 ab
957 648 1160 704 eadem
1202 651 1418 721 synodo
1462 652 1583 705 sine
1624 653 1847 707 dubita-

212 735 371 791 tione
413 738 713 793 damuatus
755 743 861 796 est.
897 741 1035 805 Quae
1083 744 1361 798 Eutichen
1405 744 1850 818 Dioscorumque

210 845 346 884 cum
394 833 814 888 successoribus
863 850 1062 889 eorum
1116 836 1318 907 hisque
1360 838 1851 894 communicantes

210 925 487 994 synodico
518 928 716 981 tenore
744 929 1065 998 prostravit.
1089 929 1176 984 Sic
1204 946 1300 984 vos
1331 947 1595 1002 sequaces
1624 949 1849 1005 quoque

211 1032 418 1073 eorum
468 1019 833 1075 Timotheum
892 1024 1243 1095 Petrumque
1302 1024 1470 1079 simili
1524 1026 1851 1082 deﬁnitione

211 1114 411 1190 243
429 1117 652 1189 dejecit.
670 1119 916 1175 Proinde
939 1122 985 1175 si
1007 1138 1073 1176 ea
1090 1139 1215 1192 quae
1234 1122 1292 1176 in
1309 1124 1525 1204 sxnodo
1546 1124 1852 1181 Chalcedo-

211 1210 377 1264 nensi
397 1227 506 1282 pro
528 1212 641 1267 fide
668 1216 727 1267 et
751 1215 1153 1270 communione
1180 1217 1455 1271 catholica
1482 1219 1609 1289 lege
1629 1224 1853 1289 aposto-

209 1302 319 1357 lica
368 1304 606 1359 deﬁnita
656 1309 807 1373 sunt,
854 1323 982 1362 vere
1025 1313 1293 1380 certeque
1347 1311 1664 1380 sectamini,
1709 1312 1852 1367 sicut

211 1400 403 1451 vestra
427 1398 784 1468 professione
811 1401 1110 1472 multiplici
1139 1402 1484 1471 continetur,
1517 1407 1618 1458 aut
1639 1421 1851 1459 succes-

210 1506 369 1545 sores
393 1490 465 1545 ab
492 1491 591 1547 illa
615 1492 833 1563 synodo
866 1494 1266 1549 damnatorum
1296 1496 1495 1568 hisque
1521 1499 1847 1553 communi-

211 1587 409 1639 cantes
444 1584 693 1655 abjicite,
725 1592 824 1643 aut
852 1588 897 1642 si
924 1588 1059 1642 istos
1090 1589 1389 1644 admittitis
1430 1608 1498 1645 ea
1526 1610 1657 1665 quas
1692 1594 1851 1649 nulla

210 1678 429 1747 synodo
457 1695 560 1749 pro
588 1680 721 1749 fide,
755 1685 813 1735 et
857 1683 1261 1738 communione
1306 1685 1580 1740 catholica
1616 1691 1673 1742 et
1709 1704 1846 1759 apo-

210 1771 415 1827 stolica
444 1776 579 1827 sunt
618 1774 902 1846 perplexa,
932 1793 1047 1830 non
1077 1778 1260 1832 solum
1300 1779 1438 1833 falso
1466 1796 1567 1835 vos
1599 1782 1847 1837 retinere

209 1866 590 1936 perpenditis,
619 1868 715 1921 sed
743 1868 976 1940 insuper
1006 1870 1347 1927 labefactare
1374 1874 1684 1942 conamini,
1708 1880 1765 1930 et
1788 1877 1847 1930 in
1866 1847 1922 1920 B

206 1960 614 2015 Eutichianam
636 1961 900 2016 haeresim
920 1963 1039 2018 sine
1058 1967 1459 2022 retractatione
1478 1968 1852 2023 reciditisme-

214 2053 443 2124 ritoque
470 2070 505 2108 a
537 2055 824 2111 catholicis
848 2057 1169 2128 probamini
1196 2076 1314 2114 esse
1340 2061 1570 2129 vitandi,
1603 2063 1754 2133 quia,
1788 2067 1853 2118 ut

213 2147 386 2201 talem
416 2148 797 2219 pestilentiam
838 2154 1118 2222 perpetuo
1157 2170 1453 2224 possemus
1493 2155 1752 2224 evadere,
1786 2172 1851 2211 ea

210 2256 344 2311 quae
371 2246 570 2297 contra
600 2242 780 2314 ipsam
806 2244 877 2298 ab
902 2246 998 2299 illa
1039 2248 1484 2317 congregatione
1518 2254 1849 2304 sanctorum

212 2336 450 2389 Patrum
469 2337 775 2393 salubriter
791 2338 1020 2394 decreta
1038 2340 1312 2411 leguntur
1337 2343 1664 2397 nullatenus
1682 2344 1852 2398 muti-

210 2428 404 2496 landa,
450 2446 564 2484 non
615 2431 801 2486 solum
845 2433 991 2487 sedis
1036 2435 1353 2504 apostolicae
1414 2438 1705 2507 praesules,
1751 2437 1851 2492 sed

211 2522 385 2577 etiam
412 2522 789 2580 Orientalium
806 2526 1107 2597 regionum
1124 2528 1399 2584 catholice
1414 2546 1689 2585 censuere
1713 2547 1852 2602 pon-

212 2615 414 2672 tifices.
449 2621 531 2672 An
559 2620 786 2673 Petrum
820 2619 1002 2675 dicitis
1030 2621 1204 2676 fuisse
1230 2627 1561 2694 purgatum,
1584 2624 1674 2678 cui
1701 2641 1852 2680 com-

212 2710 526 2765 municavit
568 2712 819 2780 Aeacius,
871 2731 1072 2769 verum
1127 2716 1531 2779 assertionibus
1594 2718 1845 2774 edocete.

214 2805 326 2886 Hoc
352 2805 656 2872 ostendite,
686 2807 794 2861 hoc
821 2808 1076 2878 probate.
1108 2810 1320 2874 Quibus
1350 2810 1443 2864 ille
1475 2810 1675 2865 modis.
1710 2810 1847 2876 Qui-

211 2898 316 2953 bus
341 2898 434 2953 ille
462 2898 676 2969 regulis
706 2901 777 2955 ab
808 2901 1141 2957 Eutichiana
1174 2903 1349 2957 fuerit
1384 2904 1735 2975 professione
1762 2907 1848 2960 vel

210 2992 618 3048 communione
647 2995 976 3066 mundatus,
1005 3002 1065 3050 ut
1092 3013 1223 3050 cum
1252 2996 1312 3051 id
1339 2996 1717 3052 nihilominus
1743 2999 1850 3053 evi-

212 3086 369 3142 denti
413 3102 612 3141 rerum
662 3088 929 3143 claruerit
972 3089 1453 3145 demonstratione
1509 3092 1846 3160 convictum,

212 3182 406 3251 palam
442 3186 752 3253 aperteque
782 3183 1004 3253 possitis
1043 3183 1356 3251 advertere,
1387 3190 1486 3239 aut
1512 3202 1610 3239 vos
1646 3185 1849 3240 debere

211 3275 415 3329 cedere
441 3275 685 3341 veritati,
711 3281 808 3330 aut
832 3277 1099 3331 adversus
1126 3278 1275 3332 hanc
1302 3277 1598 3331 manifesta
1620 3278 1850 3333 dimica-

211 3368 364 3423 tione
395 3368 726 3439 conﬂigere,
760 3386 864 3423 nec
895 3370 1050 3424 vobis
1077 3371 1474 3437 blandiamini,
1511 3371 1646 3442 quia
1674 3372 1848 3427 fidem

213 3462 556 3517 catholicam
600 3462 945 3533 proﬁtemini
974 3481 1072 3518 vos
1102 3470 1299 3519 tenere
1329 3465 1427 3535 qui
1458 3464 1707 3519 Euthicis
1745 3482 1846 3520 no-

213 3573 345 3611 men
373 3555 683 3626 adjuvistis,
713 3556 846 3628 quia
890 3574 959 3611 ea
989 3558 1161 3612 veluti
1205 3558 1513 3629 praedicare
1540 3558 1850 3613 videamini

211 3666 339 3721 quae
370 3650 682 3705 orthodoxa
720 3651 1047 3722 praedicavit
1078 3652 1407 3722 antiquitas.
1438 3654 1655 3706 Clamat
1692 3652 1848 3707 enim

209 3744 367 3798 vobis
394 3743 493 3797 illa
518 3745 847 3815 evangelica
872 3746 1152 3799 sententia
1174 3743 1236 3829 εξ(
1258 3750 1365 3801 Aut
1390 3747 1561 3801 facite
1586 3747 1851 3802 arborem

210 3837 425 3892 bonam
457 3843 514 3891 et
559 3838 777 3891 fructus
824 3839 947 3909 ejus
991 3839 1191 3907 bonos,
1224 3844 1324 3894 aut
1369 3840 1538 3895 facite
1587 3840 1848 3895 arborem

212 3932 448 3998 malam,
479 3934 534 3985 et
579 3931 794 3986 fructus
845 3932 966 4003 ejus
1014 3933 1194 3987 malos
1222 3934 1436 4003 (Matth.
1480 3951 1577 4002 xu,
1610 3937 1718 4005 33).
1749 3956 1776 3983 ››
1806 3938 1849 3989 Α

211 4025 491 4079 fructibus
520 4024 676 4079 enim
704 4026 873 4080 arbor
909 4027 1295 4097 cognoscitur,
1324 4028 1381 4082 id
1412 4035 1516 4098 est,
1546 4028 1590 4082 si
1614 4045 1769 4096 voce,
1802 4028 1849 4082 si

211 4118 340 4186 ﬁde,
372 4118 417 4172 si
456 4119 814 4189 professione
856 4119 1126 4174 catholica
1169 4126 1223 4175 et
1261 4123 1567 4192 apostolica
1610 4122 1851 4177 ﬁdeliter

212 4212 599 4283 veraciterque
664 4213 986 4284 gloriamini
1047 4215 1216 4284 hujus
1271 4220 1327 4268 et
1383 4216 1848 4270 communionem

212 4305 469 4377 recipite.
505 4306 565 4361 Si
596 4323 729 4361 vero
759 4307 1155 4362 haereticorum
1190 4308 1400 4362 scilicet
1418 4309 1846 4363 damnatorum-

214 4416 323 4471 que
348 4400 440 4454 vel
466 4400 554 4454 his
578 4405 678 4454 aut
713 4401 1126 4456 successoribus
1165 4418 1365 4456 eorum
1411 4402 1846 4457 communican-

214 4494 357 4548 tium
382 4494 714 4548 communio
744 4494 902 4549 vobis
932 4495 1139 4566 placet.
1164 4495 1310 4559 Quid
1341 4495 1538 4549 statis?
1565 4496 1711 4559 Quid
1739 4496 1844 4550 cir-

1951 564 2315 633 congrnentis
2328 563 2657 618 orthodoxze
2670 563 3037 634 professionis
3047 568 3584 641 communionisque

1951 656 2024 711 sit
2049 657 2271 712 unitas?
2299 657 2452 710 Hanc
2488 657 2634 711 sicut
2658 656 2979 712 dilectionis
3010 662 3122 713 tuae
3151 660 3355 716 litterae
3385 663 3583 718 cohor-

1948 752 2164 817 tantur,
2197 749 2339 804 meis
2367 766 2593 820 quoque
2632 751 2978 821 temporibus
3019 753 3312 819 custodiri,
3342 771 3457 826 qua
3487 773 3582 810 va-

1947 843 2063 911 leo,
2093 859 2261 914 prece
2290 843 2528 913 deposco
2566 860 2693 915 ques
2719 860 2821 915 per
2845 848 2928 899 tot
2959 861 3139 901 annos
3166 846 3237 901 ab
3266 847 3374 903 illis
3399 850 3583 905 Patri-

1949 936 2055 990 bus
2103 936 2367 1007 gloriosis
2410 936 2628 991 illibata
2670 937 2994 1009 intactaque
3040 946 3255 995 servata
3297 945 3402 997 est.
3453 944 3583 999 Haec

1950 1030 2102 1085 enim
2153 1035 2257 1097 est,
2298 1030 2443 1084 sicut
2485 1030 2605 1101 ipse
2654 1030 2812 1100 dicis,
2858 1048 3032 1103 quam
3077 1033 3226 1088 Deus
3271 1041 3467 1091 noster
3511 1037 3603 1127 def

1951 1123 2215 1178 omnibus
2228 1123 2374 1178 bene
2387 1124 2659 1191 futuram,
2676 1130 2734 1179 et
2749 1126 3066 1181 secundum
3084 1143 3248 1182 suam
3260 1129 3578 1199 veritatem,
3590 1123 3611 1190 υ

1950 1220 2008 1272 et
2035 1218 2295 1288 regulam
2327 1217 2779 1287 gubernandam,
2807 1221 2865 1273 et
2889 1220 3153 1290 praescius
3196 1225 3329 1276 ante
3366 1224 3580 1279 consti-

1950 1310 2077 1376 tuit,
2108 1313 2165 1365 et
2193 1309 2428 1380 singulis
2463 1310 2780 1381 quibusque
2816 1313 3170 1383 temporibus
3201 1330 3303 1369 sua
3336 1314 3577 1387 disposi-

1950 1401 2105 1457 tione
2146 1403 2550 1457 convenienter
2584 1404 2815 1475 aptavit.
2862 1406 2991 1460 Haec
3029 1411 3113 1461 est
3155 1406 3411 1463 voluntas
3455 1408 3579 1478 Dei,

1950 1496 2112 1567 cujus
2142 1501 2204 1550 tu
2233 1496 2445 1567 ingeris
2486 1497 2836 1552 mentionem
2869 1514 3045 1570 quam
3075 1514 3184 1570 ego
3217 1517 3447 1573 quoque
3475 1518 3579 1573 pro

1949 1606 2080 1644 meo
2102 1590 2359 1656 modulo,
2376 1606 2549 1661 quem
2570 1590 2844 1646 Dominus
2864 1592 3082 1647 donare
3103 1593 3391 1664 dignetur,
3413 1594 3580 1667 cupio

1949 1699 2182 1754 prorsus
2220 1683 2481 1754 implere,
2508 1687 2574 1738 ut
2600 1700 2715 1739 non
2754 1700 2886 1739 reus
2927 1685 2997 1740 de
3042 1687 3213 1757 hujus
3240 1688 3439 1744 talenti
3465 1704 3577 1744 cm-

1949 1776 2103 1831 lestis
2153 1776 2538 1832 diminutione
2587 1777 2860 1849 reperiar,
2904 1779 2965 1833 in
3009 1778 3118 1834 hoc
3160 1780 3397 1851 talento,
3436 1781 3581 1836 sicut

1948 1870 2067 1942 ipse
2116 1887 2347 1942 quoque
2401 1887 2505 1925 nos
2559 1870 2857 1941 admones,
2909 1871 3329 1929 incrementum
3376 1874 3583 1930 Christi

1948 1967 2172 2036 postulo
2197 1965 2489 2036 consequi,
2519 1970 2577 2020 et
2600 1965 2823 2019 nullum
2855 1982 3084 2036 prorsus
3111 1967 3367 2023 incidere
3398 1969 3578 2024 detri-

1948 2062 2227 2114 mentum.
2253 2059 2390 2113 Hinc
2415 2063 2499 2112 est
2528 2057 2682 2129 quod
2707 2058 2991 2129 prioribus
3024 2059 3341 2115 dilectionis
3361 2066 3476 2116 tua:
3495 2062 3585 2117 lit-

1948 2153 2103 2220 teris,
2131 2151 2275 2206 sicut
2298 2157 2393 2207 tua
2418 2167 2644 2223 quoque
2669 2151 2878 2223 pagina
2896 2152 3236 2224 designavit,
3258 2171 3364 2225 pro
3392 2161 3580 2211 vestra

1949 2246 2166 2317 sumpsi
2200 2246 2376 2301 salute
2414 2245 2720 2312 tristitiam,
2752 2246 2850 2300 ubi
2886 2248 3139 2318 comperi
3165 2248 3315 2319 quod
3343 2252 3468 2303 erat
3485 2265 3580 2306 vo-

1947 2340 2034 2394 bis
2059 2339 2320 2407 noxium,
2349 2343 2408 2394 et
2430 2355 2578 2394 verte
2605 2339 2757 2409 pacis
2786 2340 3139 2396 contrarium
3176 2343 3382 2413 reperi.
3426 2341 3576 2398 Con-

1948 2433 2207 2488 tristatur
2242 2433 2395 2488 enim
2432 2434 2730 2505 Apostolus
2770 2433 2841 2489 de
2880 2450 3075 2490 errore
3120 2434 3490 2505 deviantium,
3523 2440 3582 2493 et

1951 2526 2424 2597 lastitiamrecipit
2435 2527 2504 2581 de
2521 2526 2735 2582 eisdem
2752 2544 2852 2581 sua
2868 2527 3272 2598 praedicatione
3291 2528 3576 2600 correctis,

1949 2620 1994 2675 si
2033 2624 2227 2675 autem
2261 2626 2358 2674 tua
2385 2620 2645 2687 charitas,
2672 2626 2738 2676 ut
2778 2621 2936 2688 dixit,
2964 2622 3154 2677 nescio
3195 2638 3443 2694 quorum
3471 2639 3574 2679 ne-

1947 2714 2206 2770 cessitate
2249 2714 2678 2786 constringitur,
2711 2715 2861 2786 quod
2902 2731 3041 2786 pace
3078 2718 3175 2770 tua
3201 2715 3461 2786 dixerim,
3488 2734 3577 2772 sa-

1948 2809 2147 2864 cerdos
2187 2824 2291 2879 pro
2331 2807 2566 2863 veritate
2605 2808 2939 2879 promenda,
2970 2825 3077 2864 nec
3114 2809 3299 2864 facere
3343 2810 3579 2866 deberet

1950 2901 2188 2957 omnino
2212 2918 2327 2956 non
2355 2901 2559 2969 dicere,
2586 2901 2864 2973 ignoscite
2889 2901 3050 2957 nobis
3076 2901 3404 2957 hominibus
3429 2903 3580 2958 timi-

1950 2996 2216 3063 dissimis,
2245 2994 2292 3050 si
2320 2994 2653 3050 cohortante
2683 3012 2785 3050 nos
2812 2995 3075 3065 terribili,
3103 3001 3161 3050 et
3183 2996 3359 3051 divini
3375 2996 3580 3068 judicii

1951 3090 2154 3163 grandi
2197 3089 2527 3145 necessitate
2571 3089 3042 3161 constringimur,
3072 3089 3219 3145 sicut
3248 3091 3580 3162 qualescun-

1949 3201 2058 3256 que
2084 3184 2372 3238 ministros
2396 3183 2601 3238 Christi
2627 3183 2806 3252 decet,
2834 3201 2937 3237 nos
2973 3183 3196 3238 animas
3227 3187 3448 3239 nostras
3476 3201 3579 3256 po-

1951 3295 2085 3333 nere
2114 3294 2215 3349 pro
2244 3277 2478 3332 veritate
2517 3277 2825 3345 salvandas,
2852 3293 3024 3348 quam
3070 3293 3165 3331 eas
3203 3277 3410 3332 lucrari
3436 3279 3577 3333 velle

1948 3371 2202 3426 veritatis
2222 3370 2605 3436 diminutione
2634 3369 2983 3441 perdendas,
3009 3374 3075 3424 ut
3105 3387 3223 3425 non
3259 3370 3443 3426 dicam
3476 3387 3576 3426 cu-

1942 3465 2177 3536 juslibet
2214 3469 2412 3518 contra
2448 3462 2620 3518 ﬁdem
2661 3462 2835 3518 libitis
2881 3462 3247 3519 abdicandas.
3280 3466 3405 3520 Istas
3434 3464 3581 3519 mihi

1947 3563 2079 3613 sunt
2104 3574 2246 3629 quas
2275 3556 2503 3611 dilectio
2542 3559 2640 3611 tua
2675 3555 3043 3610 commendat
3085 3560 3252 3612 certas
3282 3557 3415 3613 ﬁdei
3444 3574 3577 3628 per-

1948 3657 2132 3724 petuas
2156 3668 2286 3705 cum
2311 3667 2377 3705 eo
2408 3650 2733 3721 quicunque
2755 3650 2933 3705 voluit
2955 3649 3015 3703 in
3036 3649 3244 3705 Christi
3271 3649 3579 3706 visceribus

1950 3744 2234 3800 amicitiae.
2269 3744 2365 3819 Hic
2394 3760 2507 3798 non
2533 3748 2650 3798 tam
2679 3745 2947 3814 optamus
2975 3743 3230 3815 praeponi
3260 3743 3406 3812 aliis,
3436 3744 3581 3800 sicut

1950 3839 2227 3911 praedicis,
2251 3854 2425 3910 quam
2448 3853 2579 3892 cum
2594 3837 2855 3892 ﬁdelibus
2881 3837 3096 3893 cunctis
3117 3842 3379 3893 sanctum
3393 3841 3450 3893 et
3464 3839 3578 3894 Deo

1951 3933 2218 4004 placitum
2243 3933 2454 3988 habere
2485 3931 2857 3987 consortium.

2020 4029 2146 4082 Haac
2174 4027 2336 4097 mihi,
2364 4043 2537 4099 quam
2567 4025 2800 4081 mandat
2827 4025 3051 4081 dilectio
3090 4029 3210 4094 tua,
3238 4042 3347 4098 pax
3378 4026 3577 4082 solida.

1954 4122 2280 4178 lnconvulsa
2322 4126 2379 4176 et
2422 4120 2689 4193 perennis
2723 4120 2830 4175 hoc
2870 4136 3050 4185 unum
3091 4119 3401 4191 vinculum,
3440 4121 3584 4176 sicut

1950 4217 2121 4270 etiam
2145 4216 2263 4286 ipse
2283 4214 2571 4269 desideras
2597 4215 2861 4282 salutare,
2876 4231 2989 4285 quo
3018 4219 3221 4268 cuncta
3242 4213 3392 4268 uniri
3411 4213 3586 4284 possit

1949 4309 2216 4363 Ecclesia.
2268 4309 2381 4362 Hoc
2433 4308 2641 4378 quibus
2688 4319 2774 4361 est
2819 4307 3120 4375 creditum,
3166 4305 3313 4360 sicut
3360 4311 3418 4361 et
3458 4306 3581 4378 ipse

1949 4401 2285 4472 depreceris,
2317 4400 2596 4471 protectio
2638 4400 2831 4454 divina
2868 4398 3142 4470 perﬁciat.
3177 4399 3304 4454 Haec
3338 4402 3426 4454 est
3452 4416 3582 4472 quas

1953 4517 1979 4544 ‹‹
2010 4496 2154 4548 Deus
2182 4497 2269 4549 est
2296 4494 2542 4548 charitas
2572 4496 2612 4562 (1
2637 4496 2794 4549 Joan.
2831 4510 2905 4562 Iv,
2938 4493 3013 4564 8),
3044 4514 3072 4543 ››
3105 4509 3215 4564 qua
3245 4491 3425 4564 poscis
3458 4514 3485 4542 «
3513 4493 3584 4549 de

212 4587 567 4660 cumspicitis
626 4588 798 4642 simul
845 4593 902 4643 et
945 4605 1145 4643 eorum
1196 4592 1389 4660 aperte
1439 4588 1927 4661 manifestequeD
1951 4588 2120 4643 corde
2161 4604 2303 4659 puro
2345 4591 2399 4642 et
2441 4586 2790 4641 conscientia
2832 4586 3005 4656 bona,
3047 4589 3105 4641 et
3140 4586 3250 4641 ﬁde
3290 4602 3408 4641 non
3451 4586 3585 4641 ﬁcta

214 4682 451 4736 remotis
477 4682 782 4737 obstaculis
813 4683 1030 4755 dogma
1060 4683 1374 4738 defendite.
1402 4682 1545 4746 Quid
1574 4683 1729 4737 enim
1751 4683 1844 4754 ju-

214 4777 343 4831 vat?
370 4778 493 4832 lmo
527 4780 582 4830 et
610 4776 740 4830 satis
768 4780 964 4848 gravat
993 4776 1156 4831 dictis
1193 4776 1472 4847 polliceri,
1504 4777 1652 4847 quod
1690 4777 1851 4831 factis

213 4875 459 4941 negatur
476 4873 542 4924 ut
555 4886 669 4924 non
692 4870 874 4924 solum
898 4870 1019 4941 ipsa
1037 4887 1143 4941 per
1161 4887 1218 4924 se
1240 4869 1472 4925 haeresis
1494 4870 1845 4941 Eutichiaua,

212 4979 390 5036 quam
442 4963 515 5017 sit
561 4964 787 5019 funesta
842 4964 1161 5020 Christiano
1213 4969 1568 5019 sacramento
1625 4964 1850 5036 possitis

214 5073 546 5129 agnoscere,
577 5059 675 5112 sed
718 5061 934 5131 quanta
967 5060 1024 5113 et
1069 5075 1245 5130 quam
1284 5057 1475 5130 gravia
1516 5058 1749 5113 haeresis
1790 5059 1850 5113 in

214 5152 298 5205 sui
337 5150 671 5206 deﬁnitione
698 5151 1003 5206 contineat.
1038 5153 1176 5207 Ecce
1223 5152 1294 5206 ad
1339 5168 1468 5223 quae
1506 5168 1607 5207 nos
1646 5152 1850 5223 praeci-

211 5245 354 5316 pitia
371 5245 835 5299 condescendere
866 5246 1203 5316 provocatis,
1225 5251 1397 5317 atque
1421 5262 1525 5301 nos
1545 5246 1672 5300 vitae
1694 5252 1853 5301 teter-

214 5356 304 5393 nae
345 5338 597 5410 pericula
626 5339 831 5411 cupitis
868 5340 1161 5409 inclinare,
1192 5341 1299 5395 hoc
1331 5340 1607 5395 descensu
1638 5341 1851 5395 salvare

213 5435 296 5487 est
324 5436 726 5503 aegrotantem,
755 5450 827 5487 an
870 5449 1001 5487 cum
1042 5433 1351 5505 languente
1394 5433 1691 5488 consumi?
1722 5434 1851 5487 Haec

214 5526 321 5580 erit
334 5527 551 5597 optima
571 5526 869 5598 dispositio
894 5526 987 5580 illa
1009 5544 1180 5597 quam
1210 5544 1491 5582 memoras
1514 5527 1851 5598 reparandae

212 5618 553 5675 concordiae.
584 5624 667 5674 An
698 5620 794 5675 illa
831 5620 1038 5692 potius,
1072 5624 1134 5674 ut
1163 5621 1384 5691 rejectis
1412 5620 1693 5691 contagiis
1719 5636 1850 5692 per-

212 5712 465 5769 fidorum
514 5712 737 5784 integra
775 5713 887 5769 ﬁde
925 5713 1148 5769 sincera
1186 5713 1269 5768 sui
1302 5714 1705 5769 communione
1745 5730 1853 5785 po-

216 5806 387 5862 tiatur
414 5807 751 5864 communio
779 5808 1056 5863 catholica
1080 5810 1250 5881 atque
1283 5810 1592 5879 apostolica
1621 5808 1852 5863 haereti-

216 5916 409 5955 corum
442 5900 574 5958 tabe
600 5901 856 5973 depulsa,
888 5902 1285 5958 intemeratam
1320 5918 1435 5955 suae
1469 5902 1596 5957 ﬁdei
1625 5902 1851 5957 confes-

1949 4684 1998 4751 (I
2037 4684 2172 4738 Tim.
2222 4698 2259 4751 ι,
2298 4684 2372 4752 ὅ).
2402 4702 2430 4731 ››
2476 4681 2766 4745 Quomodo
2814 4696 2952 4751 ergo
2996 4679 3066 4735 de
3111 4680 3283 4735 corde
3325 4695 3492 4751 puro,
3535 4678 3581 4733 si

1949 4775 2345 4829 haereticorum
2384 4773 2556 4829 fuerit
2600 4773 2955 4845 participatio
2999 4772 3256 4843 polluta?
3283 4770 3582 4837 Quomodo

1950 4868 2291 4924 conscientia
2316 4869 2488 4935 bona,
2516 4867 2561 4922 si
2588 4868 2870 4923 malorum
2896 4866 3066 4922 fuerit
3103 4865 3427 4921 confusione
3450 4880 3578 4936 per-

1952 4963 2112 5017 mista
2132 4962 2160 5016 ?
2194 4962 2491 5027 Quomodo
2519 4962 2631 5017 ﬁde
2664 4979 2783 5017 non
2807 4961 2956 5028 ﬁcta,
2985 4960 3032 5014 si
3059 4959 3231 5015 fuerit
3257 4957 3425 5014 mista
3451 4975 3582 5013 cum

1954 5056 2226 5127 perﬁdis?
2252 5057 2387 5122 Quae
2417 5058 2462 5112 si
2491 5055 2800 5129 prudentia
2841 5060 2957 5122 tua,
2986 5053 3130 5108 sicut
3162 5054 3342 5108 Deum
3381 5051 3587 5124 praedi-

1952 5167 2166 5217 camus,
2215 5151 2520 5221 diligenter
2571 5150 2845 5216 advertat,
2902 5146 3173 5219 perspicit
3222 5146 3584 5219 apostolicam

1952 5245 2151 5299 sedem
2180 5261 2297 5299 non
2316 5243 2492 5299 vitare
2519 5260 2742 5315 pacem,
2762 5241 2857 5297 sed
2883 5241 3279 5296 haereticorum
3301 5241 3589 5296 damnato-

1952 5355 2195 5409 rumque
2210 5338 2390 5393 vitare
2419 5337 2674 5409 vestigia.
2707 5336 2844 5401 Quae
2866 5335 3041 5390 etiam
3060 5352 3159 5390 vos
3178 5335 3588 5391 rationabiliter

1952 5431 2240 5486 intuentes
2268 5431 2494 5487 creditis
2521 5429 2983 5502 componendum
3010 5430 3289 5502 populum
3319 5430 3587 5485 Constan-

1953 5525 2416 5597 tinopolitanum,
2446 5542 2562 5580 non
2606 5524 2940 5596 permittere
2983 5523 3312 5579 submoveri
3351 5520 3585 5576 nomine

1952 5618 2324 5691 perﬁdorum.
2354 5619 2631 5684 Quisnam
2658 5618 2845 5674 hocin
2874 5618 3121 5674 Ecclesia
3150 5616 3268 5684 Dei,
3291 5629 3482 5687 quaeso
3502 5615 3584 5682 te,

1951 5713 2127 5784 possit
2160 5713 2379 5781 audire,
2410 5730 2542 5768 cum
2578 5713 2777 5786 utique
2803 5718 3088 5784 pastorem
3120 5709 3280 5781 sequi
3311 5723 3452 5780 grex
3483 5706 3584 5761 de-

1952 5807 2084 5862 beat
2110 5807 2179 5862 ad
2204 5823 2409 5879 pascua
2436 5807 2704 5863 salutaria
2732 5812 3122 5873 revocantem,
3151 5818 3269 5857 non
3298 5817 3404 5874 per
3421 5799 3589 5855 devia

1958 5917 2190 5975 gregem
2233 5906 2434 5975 pastor
2463 5908 2774 5958 errantem.
2822 5899 2916 5953 Dic
2947 5897 3111 5966 mihi,
3143 5912 3286 5968 rogo
3314 5900 3393 5962 te,
3422 5910 3587 5968 grex,
