4040 6308
459 358 560 414 983

1357 355 1641 411 APPEND.
1681 355 1769 409 AD
1806 353 1967 409 SEC.
2010 351 2097 406 IX.
2127 379 2193 388 —
2235 349 2476 406 ISIDORI
2513 350 2936 407 MERCATORIS

3727 352 3841 407 984

456 446 562 535 pro
600 467 680 530 te,
716 479 791 518 an
832 463 888 518 te
928 479 1030 534 pro
1072 479 1245 535 grege
1291 462 1621 518 redditurus
1667 480 1727 519 es
1764 464 2094 519 rationem?
2113 459 2343 545 Adue.
2387 460 2467 514 Ad
2526 459 2794 514 Galathas
2846 458 3084 530 epistola
3131 475 3264 515 una.
3308 459 3394 515 Ad
3440 459 3841 532 Philippenses

454 557 640 624 Certe,
669 558 715 612 si
743 557 898 612 vobis
927 557 1031 611 hoc
1068 557 1269 627 placet,
1302 558 1484 611 multo
1519 557 1699 628 magis
1738 574 1904 612 causa
1931 558 2092 612 nobis

461 657 546 706 est
580 652 812 721 justior,
840 651 934 722 qui
983 651 1258 722 populum
1303 651 1623 706 Romanum
1653 668 1685 704 a
1715 650 1828 706 ﬁde
1856 651 1952 706 illa
1989 668 2092 706 sua

458 745 748 813 laudabili,
767 745 1050 816 majorum
1073 745 1371 799 traditione
1393 751 1659 816 percepta
1682 745 1966 799 declinare
1991 761 2092 798 nos

458 839 682 909 penitus
725 854 841 892 non
895 838 1175 892 sinentem
1220 839 1466 892 libenter
1511 838 1849 905 audivimus,
1903 838 1947 892 si
1997 855 2092 892 vos

458 931 1146 1002 Constantinopolitanam
1183 932 1409 1002 plebem
1439 932 1508 986 ab
1537 932 1802 985 hasretica
1833 948 2090 986 commu-

461 1026 630 1080 nione
678 1025 988 1092 discedere,
1023 1031 1381 1080 recusantem
1426 1043 1542 1079 non
1572 1025 1740 1080 vultis
1775 1025 2088 1092 offendere,

460 1119 554 1173 sed
585 1136 689 1174 nos
717 1119 901 1173 dicitis
926 1120 1133 1174 debere
1164 1119 1414 1189 dirigere
1445 1119 1541 1189 qui
1573 1135 1700 1172 eam
1726 1120 1951 1173 valeant
1978 1119 2088 1172 mi-

2192 554 2429 624 epistola
2469 570 2602 608 una.
2636 554 2714 609 Ad
2760 553 3120 608 Timotheum
3167 553 3419 625 epistola:
3448 554 3597 609 duae.
3626 555 3705 610 Ad
3735 555 3836 610 Ti-

2192 652 2315 701 tum
2347 646 2582 717 epistola
2612 663 2749 701 una.
2781 647 2863 702 Ad
2888 645 3283 701 Philemonem
3324 647 3556 718 epistola
3581 664 3717 702 una.
3747 648 3838 704 Ad

2194 739 2458 794 Hebraeos
2501 739 2740 810 epistola
2793 756 2930 794 una.
2976 742 3136 806 Item,
3185 741 3550 812 Apocalypsis
3595 742 3841 796 Joannis

2191 832 2335 887 liber
2379 849 2542 886 unus.
2590 834 2748 899 Item,
2790 833 3073 888 canonica:
3119 833 3391 904 epistolis,
3435 850 3679 889 numero
3714 851 3835 904 vn;

2192 925 2341 980 Petri
2369 925 2612 996 apostoli
2639 927 2889 997 epistolas
2929 926 3078 980 duae.
3105 927 3290 981 Jacobi
3321 927 3556 998 apostoli
3587 928 3840 1000 epistola

2193 1036 2328 1073 una.
2372 1021 2605 1074 Joannis
2662 1019 2902 1090 apostoli
2946 1019 3200 1090 epistolae
3242 1026 3375 1075 tres.
3419 1021 3576 1075 Judae
3622 1021 3838 1078 Zelotis

2191 1113 2431 1183 apostoli
2462 1113 2697 1188 epistola
2727 1130 2858 1168 una.

455 1213 658 1283 tigare.
685 1213 976 1276 Quomodo
1007 1230 1098 1266 mc
1129 1212 1393 1266 auditura
1421 1217 1506 1266 est
1535 1229 1708 1282 quem
1741 1212 1962 1266 videtur
1985 1213 2088 1266 ha-
2126 1202 2467 1288 Χ-Ιησὶῃὶαηε
2506 1219 2719 1272 decreta
2763 1219 2964 1274 Gelasii
2999 1234 3181 1288 papae.
3231 1222 3510 1273 Decretum
3555 1235 3676 1274 cum
3727 1235 3834 1276 LXX

455 1306 592 1360 bere
620 1312 973 1376 suspectum,
998 1307 1042 1358 si
1073 1305 1340 1375 praesules
1367 1322 1496 1359 suos
1516 1305 1754 1376 despicit
1785 1305 2092 1359 admonen—
2161 1293 2260 1420 /

459 1403 538 1420 ι--
583 1415 768 1420 _.___.-
790 1398 922 1420 £_._2_
957 1399 1218 1420 __--1-'I!_
1254 1401 1329 1420 __l.
1356 1403 1701 1420 ..._..--_1_-_.
1724 1399 1776 1420 ζ..
1809 1398 2089 1420 -ι;..--;ι.---

459 1403 560 1466 tes,
583 1415 772 1452 nonne
790 1398 926 1469 ipsis
953 1399 1220 1469 apostolis
1247 1401 1334 1452 est
1356 1403 1704 1468 praeceptum
1724 1399 1782 1451 in
1806 1398 2092 1469 aliquibus

457 1491 784 1560 regionibus
810 1491 964 1545 verbi
1005 1491 1404 1562 praedicatione
1447 1507 1565 1545 non
1602 1490 1731 1544 uti?
1761 1491 1822 1544 Ili
1855 1491 2088 1561 quippe,

456 1584 667 1656 inquis,
686 1602 798 1638 non
826 1585 1054 1638 fuerant
1079 1584 1368 1651 audiendi,
1383 1585 1702 1649 veniemus,
1728 1584 1906 1638 frater
1926 1584 2094 1638 Euni-

459 1678 603 1744 fimi,
637 1677 757 1731 sine
789 1677 1139 1732 dubitatione
1165 1677 1461 1731 veniemus
1488 1678 1559 1732 ad
1602 1678 1738 1732 illud
1767 1677 2093 1748 pavendum

2345 1291 2606 1358 episcopis
2632 1289 2877 1343 habitum
2905 1290 2972 1343 de
2997 1291 3322 1359 apocryphis
3347 1290 3663 1360 Scriptun's.

2263 1393 2392 1445 Post
2441 1392 2823 1462 propheticas,
2877 1392 3232 1462 evangelicas
3275 1399 3443 1464 atque
3494 1393 3839 1464 apostolicas

2193 1484 2526 1553 Scripturas,
2574 1485 2779 1556 quibus
2828 1485 3071 1540 Ecclesia
3117 1486 3392 1541 catholica
3435 1503 3539 1557 per
3582 1487 3836 1557 gratiam

2194 1577 2292 1632 Dei
2330 1577 2567 1632 fundata
2592 1581 2695 1647 est,
2728 1578 2871 1633 illud
2901 1579 3074 1633 etiam
3105 1579 3489 1634 intimandum
3536 1587 3834 1651 putamus,

2192 1670 2340 1740 quod
2368 1671 2624 1741 quamvis
2655 1671 2933 1726 universa
2963 1688 3064 1742 per
3092 1672 3286 1727 orbem
3318 1672 3608 1727 catholicae
3638 1673 3832 1728 Eccle-

459 1771 706 1825 tribunal
731 1771 958 1838 Christi,
980 1775 1042 1824 ut
1065 1776 1281 1825 taceam
1309 1771 1445 1842 quia
1470 1787 1537 1825 ex
1562 1771 1669 1825 hoc
1690 1771 1761 1825 sit
1787 1771 2157 1842 metuenda_
2195 1763 2292 1816 SiEB
2339 1780 2489 1817 unus
2534 1765 2818 1819 thalamus
2861 1765 3066 1820 Christi
3104 1766 3194 1820 sit.
3244 1766 3450 1821 Sancta
3487 1772 3680 1821 tamen
3721 1768 3834 1823 Ro—

459 1863 723 1931 vindicta,
757 1869 814 1918 et
841 1837 1344 1918 circumstantibus;
1375 1863 1484 1917 illis
1515 1880 1548 1918 θ
1579 1863 1786 1935 quibus
1811 1863 1952 1918 ﬁdes
1975 1863 2095 1934 ipsa
2113 1837 2170 1909 Β
2195 1873 2385 1923 mana,
2411 1857 2686 1912 catholica
2711 1861 2768 1912 et
2795 1859 3101 1929 apostolica
3131 1859 3380 1914 Ecclesia
3405 1860 3573 1914 nullis
3598 1861 3836 1932 synodi-

459 1956 692 2011 defensa
725 1959 827 2011 est.
859 1957 982 2012 Non
1012 1955 1125 2011 illic
1156 1956 1622 2024 inﬁciationibus,
1657 1973 1770 2011 non
1802 1956 2091 2014 dilationi-

458 2049 582 2118 bus,
617 2065 731 2104 non
757 2049 1172 2105 inclusionibus
1218 2055 1304 2106 est
1335 2051 1649 2122 agendum,
1684 2051 1782 2105 sed
1823 2049 2092 2105 manifes-

460 2143 676 2198 tissime
720 2144 1228 2216 comprobandum,
1258 2147 1453 2199 utrum
1491 2145 1639 2200 beati
1671 2144 1820 2198 Petri
1851 2144 2096 2216 gloriosa

460 2236 741 2292 confessio
775 2213 1046 2308 cuiquam
1090 2254 1292 2292 eorum
1339 2255 1482 2310 quos
1525 2237 1807 2308 regendos
1854 2238 2092 2310 accepit,

459 2329 775 2401 quidquam
802 2329 1147 2386 subtraxerit
1173 2331 1246 2385 ad
1266 2332 1524 2386 salutem.
1546 2334 1633 2386 An
1659 2347 1784 2385 eam
1813 2331 2094 2386 occultare

457 2423 657 2492 nollet,
705 2422 876 2478 etiam
923 2440 1054 2478 cum
1104 2441 1206 2478 suo
1249 2424 1502 2495 periculo
1544 2423 1772 2479 rebellis
1818 2423 2097 2479 exstiterit

459 2515 740 2572 obstinata
787 2516 1087 2587 pernicies.
1135 2517 1216 2572 lbi
1261 2522 1414 2573 certe
1453 2517 1855 2572 dilucidabitur
1902 2520 2094 2572 utrum

458 2625 584 2678 ego,
617 2609 762 2664 sicut
805 2609 1037 2681 putatis,
1076 2611 1335 2676 acerbus,
1382 2627 1568 2682 asper,
1599 2614 1657 2665 et
1698 2611 1871 2666 nimis
1918 2611 2095 2666 durus

459 2702 820 2773 difﬁcilisque
860 2704 968 2758 sim
998 2704 1158 2759 vobis
1197 2704 1294 2774 qui
1333 2721 1462 2758 cum
1493 2704 1712 2759 ratione
1739 2709 1980 2758 vestram
2006 2721 2090 2758 sa-

457 2795 633 2850 lutem
659 2797 930 2866 parturio,
969 2797 1067 2868 qui
1104 2797 1286 2851 clamo
1324 2796 1518 2865 etiam,
1550 2797 1592 2850 si
1619 2801 1907 2851 austerum
1936 2797 2093 2850 vide-

458 2893 550 2942 tur
594 2888 940 2958 antidotum,
967 2889 1222 2961 accipite,
1256 2906 1466 2960 quaeso,
1518 2889 1712 2956 bibite,
1745 2889 1933 2957 vivite,
1965 2890 2094 2945 nolo

2195 1951 2275 2006 cis
2329 1951 2646 2005 constitutis
2695 1951 2915 2006 caeteris
2970 1952 3228 2007 Ecclesiis
3280 1954 3510 2024 prtelata
3555 1957 3658 2008 est.
3717 1953 3833 2009 Sed

2195 2045 2518 2115 evangelica
2544 2061 2677 2099 voce
2707 2045 2928 2100 Domini
2970 2049 3028 2100 et
3064 2045 3364 2101 Salvatoris
3388 2047 3560 2102 nostri
3605 2048 3829 2118 prima-

2195 2143 2317 2192 tum
2361 2137 2649 2192 obtinuit:
2686 2159 2714 2187 ‹‹
2740 2139 2822 2193 Tu
2869 2155 2930 2193 es
2975 2140 3195 2205 Petrus,
3229 2139 3516 2212 inquiens,
3551 2143 3609 2195 et
3653 2157 3836 2212 super

2194 2231 2342 2285 hanc
2377 2235 2596 2302 petram
2642 2231 2937 2287 aediﬁcabo
2985 2232 3287 2287 Ecclesiam
3330 2249 3537 2301 meam,
3565 2237 3622 2288 et
3644 2238 3834 2306 portae

2192 2323 2363 2379 inferi
2397 2331 2516 2379 n‘on
2553 2325 2944 2396 praevalebunt
2985 2326 3255 2380 adversus
3285 2342 3432 2394 eam,
3456 2331 3513 2381 et
3539 2326 3641 2382 tibi
3683 2327 3834 2383 dabo

2194 2418 2374 2472 claves
2398 2418 2564 2489 regni
2592 2420 2890 2487 caelorum,
2919 2423 2976 2473 et
3001 2435 3356 2492 quaecunque
3375 2420 3637 2492 ligaveris
3657 2437 3836 2493 super

2193 2515 2422 2578 terram,
2457 2515 2626 2566 erunt
2663 2511 2843 2584 ligata
2869 2516 2929 2567 et
2955 2512 3014 2567 in
3041 2513 3211 2580 cmlo;
3244 2516 3302 2567 et
3328 2530 3684 2587 quaecunque
3713 2516 3831 2571 sol-

2193 2605 2339 2659 veris
2365 2622 2536 2675 super
2573 2611 2804 2673 terram,
2837 2610 3008 2661 erunt
3049 2606 3235 2661 soluta
3262 2612 3320 2661 et
3345 2607 3403 2661 in
3439 2608 3578 2662 caelo
3607 2608 3829 2679 (Matth.

2195 2715 2302 2768 xvi,
2336 2701 2420 2765 18,
2454 2701 2556 2766 l9).
2591 2720 2618 2748 »
2649 2699 2751 2754 Cui
2782 2699 2914 2754 data
2945 2705 3028 2754 est
3054 2700 3221 2754 etiam
3251 2700 3486 2755 socie-tas
3513 2701 3830 2758 beatissimi

2193 2792 2355 2846 Pauli
2375 2793 2609 2863 apostoli
2635 2793 2783 2847 vasis
2807 2793 3122 2860 electionis,
3148 2794 3248 2865 qui
3271 2811 3390 2848 non
3417 2794 3656 2863 diverso,
3684 2797 3834 2850 sicut

2193 2885 2445 2940 haeretici
2470 2886 2729 2956 garriunt
2779 2887 2876 2940 sed
2909 2903 3028 2941 uno
3056 2890 3333 2958 tempore,
3365 2904 3478 2942 uno
3506 2889 3832 2962 eodemque

459 2981 808 3036 moriamini.
839 2985 922 3036 An
957 2999 1053 3035 vos
1093 2983 1191 3053 qui
1229 2999 1262 3036 a
1299 2982 1480 3036 noxiis
1525 2983 1792 3053 prohibiti
1845 2983 2102 3054 medicos,
2162 2978 2287 3054 _die
2321 2978 2558 3048 gloriosa
2607 2985 2792 3033 morte
2837 2996 2967 3033 cum
3006 2981 3171 3034 Petro
3205 2980 3263 3035 in
3305 2981 3443 3036 urbe
3492 2982 3694 3050 Roma,
3724 2984 3832 3038 sub

458 3075 662 3129 ducitis
695 3075 1088 3143 exsecrandos,
1125 3076 1238 3130 imo
1265 3076 1363 3146 qui
1400 3075 1567 3129 vultis
1592 3076 1883 3130 vobiscum
1912 3077 2092 3132 medi-
2159 3045 2408 3136 {Caesare
2452 3073 2670 3126 Nerone
2711 3073 3038 3143 agonizans,
3067 3081 3366 3129 coronatus
3391 3079 3496 3142 est,
3529 3082 3586 3130 et
3621 3077 3835 3146 pariter

458 3185 554 3222 cos
587 3173 870 3238 aegrotare
899 3185 1072 3239 quam
1113 3185 1208 3222 vos
1253 3168 1502 3238 recipere
1542 3170 1862 3224 sanitatem.
1891 3171 1958 3223 Et
1988 3169 2096 3224 alia
2116 3205 2170 3279 C
2196 3165 2576 3236 supradictam
2610 3169 2867 3220 sanctam
2914 3168 3229 3221 Romanam
3271 3169 3571 3223 Ecclesiam
3604 3170 3830 3226 Christo

498 3278 506 3279 ,
605 3278 628 3279 γέ
691 3263 729 3279 η
834 3261 843 3271 ο
991 3265 1002 3279 .
1075 3262 1085 3271 ι
1207 3263 1218 3279 .
1445 3278 1488 3279 η
1696 3267 1706 3279 .
2198 3259 2426 3279 nam.“
2995 3263 3009 3279 .
3054 3261 3094 3279 .,
3226 3278 3234 3279 ,
3425 3263 3456 3279 ..

460 3278 656 3316 manu.
690 3261 958 3316 Dominus
989 3265 1044 3315 te
1073 3262 1397 3316 incolumen
1432 3261 1733 3317 custodiat.

381 3300 461 3428 >
460 3382 602 3436 Ordo
653 3385 856 3438 Veteris
910 3386 1253 3445 Testamenti.
1304 3399 1460 3452 quem
1500 3389 1688 3437 sancta
1733 3389 1786 3438 et
1831 3385 2095 3440 catholica

527 3458 766 3526 Rom/ma
810 3457 1038 3523 suscipit
1080 3460 1131 3508 et
1173 3461 1460 3509 veneratur
1500 3456 1754 3516 Ecclesia,
1783 3457 2022 3526 digestus
2060 3473 2095 3511 a

529 3525 740 3581 Gelasio
754 3543 927 3596 papa,
959 3542 1079 3580 cum
1109 3542 1208 3579 Lxx
1239 3529 1515 3596 episc0pis.

527 3637 756 3691 Genesis
800 3637 946 3691 liber
971 3654 1136 3692 unus.
1172 3637 1340 3692 Exodi
1377 3638 1520 3691 liber
1562 3654 1730 3692 unus.
1759 3637 1986 3693 Levitici
2016 3638 2085 3692 1i-

453 3732 560 3784 ber
610 3747 774 3785 unus.
822 3731 1051 3788 Numeri
1093 3731 1235 3784 liber
1275 3747 1443 3785 unus.
1481 3731 1908 3785 Deuteronomii
1953 3731 2096 3786 liber

458 3840 623 3876 unus.
668 3825 798 3878 Jesu
844 3825 990 3878 Nave
1037 3824 1180 3878 liber
1224 3841 1392 3878 unus.
1434 3824 1692 3878 Judicum
1739 3825 1884 3879 liber
1926 3841 2091 3880 unus.

458 3916 611 3969 Ruth
646 3915 787 3969 liber
820 3933 984 3969 unus.
1027 3918 1356 3985 Regnorum
1405 3915 1549 3969 liber
1588 3933 1757 3971 unus.
1807 3917 2091 3988 Paralipo-

458 4025 670 4063 menon
699 4008 825 4061 libri
855 4009 984 4061 duo.
1011 4010 1367 4062 Psalmorum
1397 4025 1458 4064 CL
1483 4009 1626 4062 liber
1651 4027 1817 4065 unus.
1843 4011 2095 4065 Salomo-

461 4100 548 4154 nis
583 4101 713 4154 libri
746 4117 824 4156 Ill.
860 4102 1317 4168 Proverbiorum,
1356 4101 1721 4156 Ecclesiastes
1764 4106 1822 4156 et
1862 4104 2093 4160 Cantica

459 4194 836 4250 canticorum.
869 4196 1027 4263 Item,
1053 4195 1353 4266 Sapientiae
1382 4196 1528 4250 liber
1553 4213 1721 4251 unus.
1755 4197 2095 4252 Ecclesiasti-

456 4306 554 4343 cus
585 4288 728 4343 liber
756 4306 920 4343 unus.
952 4291 1115 4357 Item,
1146 4290 1283 4343 ordo
1311 4290 1739 4360 prophetarum.
1769 4291 1922 4345 Isaiae
1948 4291 2095 4344 liber

460 4399 624 4437 unus.
647 4383 912 4437 Jeremiae
940 4383 1085 4437 liber
1110 4400 1280 4438 unus.
1313 4384 1548 4450 Emoch,
1571 4384 1629 4438 id
1656 4389 1760 4451 est,
1788 4383 1857 4438 de
1878 4385 2094 4439 lamen-

460 4477 764 4532 tationibus
794 4477 928 4531 suis.
958 4477 1262 4532 Ezechielis
1307 4477 1452 4531 liber
1478 4494 1644 4532 unus.
1681 4479 1920 4532 Danielis
1949 4478 2096 4532 liber

2196 3259 2433 3312 Domino
2477 3265 2964 3327 consecraverunt,
2992 3261 3245 3332 talesque
3281 3263 3547 3317 omnibus
3593 3264 3832 3319 urbibus

2193 3352 2252 3405 in
2282 3352 2544 3406 universo
2583 3353 2800 3407 mundo
2841 3370 2939 3407 sua
2967 3355 3268 3424 praesentia
3305 3361 3474 3427 atque
3502 3357 3830 3412 venerando

2195 3445 2486 3516 triumpho
2513 3447 2904 3516 praetulerunt.
2934 3449 3026 3501 Est
3043 3465 3179 3518 ergo
3210 3449 3390 3519 prima
3416 3449 3562 3503 Petri
3589 3453 3831 3521 apostoli

2192 3540 2349 3593 sedes
2377 3541 2631 3594 Romana
2662 3540 2909 3595 Ecclesia
2935 3558 3047 3594 non
3086 3542 3608 3622 habens.maculam
3641 3561 3830 3617 neque

2192 3649 2419 3703 rugam,
2443 3650 2545 3686 nec
2565 3634 2778 3704 aliquid
2802 3634 3149 3705 hujusmodi.
3175 3636 3433 3691 Secunda
3453 3645 3642 3692 autem
3667 3639 3829 3694 sedes

2194 3727 2342 3797 apud
2373 3728 2770 3781 Alexandriam
2803 3728 2952 3782 beati
2982 3729 3130 3782 Petri
3174 3731 3402 3785 nomine
3430 3749 3463 3785 a
3492 3732 3677 3786 Marco
3709 3733 3830 3804 ejus

2193 3820 2488 3890 discipulo,
2518 3826 2574 3875 et
2619 3822 2963 3892 evangelista
3007 3830 3339 3878 consecrata
3383 3829 3485 3878 est.
3529 3826 3766 3897 Ipseque
3794 3845 3826 3881 a

2191 3916 2358 3968 Petro
2385 3915 2638 3984 apostolo
2665 3915 2724 3968 in
2755 3917 2996 3986 Egypto
3021 3916 3289 3984 directus,
3310 3919 3546 3972 verbum
3575 3919 3828 3973 veritatis

2193 4007 2531 4078 praedicavit,
2567 4013 2622 4062 et
2666 4009 2978 4078 gloriosum
3011 4011 3426 4065 consummavit
3463 4015 3824 4082 martyrium.

2191 4101 2378 4155 Tertia
2416 4118 2548 4156 vero
2594 4102 2757 4155 sedes
2806 4103 2954 4172 apud
2989 4104 3345 4159 Antiochiam
3392 4105 3649 4176 ejusdem
3695 4107 3826 4160 bea-

2192 4194 2391 4248 tissimi
2419 4195 2566 4249 Petri
2591 4196 2828 4266 apostoli
2875 4197 3115 4250 habetur
3158 4198 3531 4265 honorabilis,
3561 4216 3630 4254 eo
3672 4199 3828 4271 quod

2191 4287 2324 4354 illic,
2360 4289 2687 4359 priusquam
2733 4291 2969 4344 Romam
2997 4289 3256 4357 venisset,
3288 4291 3579 4346 habitavit.
3620 4294 3688 4347 Et
3714 4293 3828 4349 illic

2191 4382 2441 4452 primum
2466 4399 2679 4437 nomen
2704 4383 3154 4438 Christianorum
3186 4386 3420 4439 novellae
3442 4387 3631 4455 gentis
3657 4404 3823 4442 exor-

2191 4481 2313 4529 tum
2336 4481 2435 4529 est.
2452 4477 2519 4530 Et
2537 4476 2795 4547 quamvis
2815 4497 2841 4528 «
2858 4477 3013 4531 aliud
3029 4477 3468 4533 fundamentum
3491 4481 3680 4534 nullus
3702 4497 3828 4552 pos-

459 4587 620 4624 unus.
666 4571 807 4624 Osee
840 4571 984 4624 liber
1025 4588 1191 4624 unus.
1239 4575 1406 4625 Amos
1452 4571 1595 4625 liber
1633 4587 1800 4625 unus.
1847 4571 2092 4626 Michaeaa
2114 4579 2172 4650 D
2195 4568 2265 4622 sit
2290 4585 2502 4639 ponere
2533 4575 2745 4641 printer
2769 4569 2827 4623 id
2853 4570 3006 4641 quod
3029 4572 3273 4641 positum
3299 4576 3403 4639 est,
3429 4572 3526 4643 qui
3553 4578 3637 4627 est
3661 4574 3824 4628 Chri-

455 4663 598 4717 liber
621 4680 787 4717 unus.
815 4665 933 4718 Joel
964 4664 1109 4718 liber
1143 4681 1310 4718 unus.
1344 4663 1539 4718 Abdiae
1567 4663 1709 4717 liber
1734 4680 1899 4718 unus.
1937 4665 2093 4718 J0me

454 4756 595 4810 liber
622 4775 785 4812 unus.
826 4759 1047 4812 Nahum
1092 4757 1239 4811 liber
1266 4774 1433 4812 unus.
1463 4758 1718 4811 Habacuc
1754 4757 1896 4811 liber
1921 4774 2087 4812 unus.

453 4851 749 4921 Saphoniaa
795 4851 941 4905 liber
987 4868 1154 4906 unus.
1187 4851 1381 4921 Aggesi
1424 4850 1568 4904 liber
1615 4867 1783 4905 unus.
1814 4851 2093 4905 Zachariae

453 4945 596 4999 liber
621 4962 790 5000 unus.
821 4946 1107 5000 Malachize
1149 4945 1296 4999 liber
1337 4962 1502 5000 unus.
1537 4945 1699 5010 Item,
1735 4944 1871 4998 ordo
1912 4943 2090 4999 histo-

452 5037 690 5094 riarum.
739 5039 839 5092 Job
886 5039 1030 5093 liber
1075 5055 1240 5093 unus.
1287 5037 1477 5092 Tobiae
1523 5037 1668 5090 liber
1707 5054 1872 5092 unus.
1917 5038 2093 5093 Esdra

453 5129 600 5182 liber
642 5147 806 5185 unus.
854 5133 1056 5186 Esther
1093 5131 1240 5186 liber
1281 5148 1448 5186 unus.
1494 5130 1686 5185 Judith
1734 5130 1878 5185 liber
1923 5148 2089 5187 unus.

452 5221 901 5278 Machabaaorum
929 5225 1072 5278 liber
1100 5241 1266 5280 unus.
1303 5227 1468 5292 Item,
1497 5223 1638 5277 ordo
1669 5223 2093 5294 Scripturarum

454 5313 589 5369 Novi
617 5317 674 5368 et
713 5316 913 5370 aeterni
955 5317 1321 5373 Testamenti.
1370 5316 1811 5387 Evangeliorum
1856 5319 1985 5373 libri
2016 5336 2088 5376 Iv.

453 5407 778 5466 Secundum
798 5408 1123 5464 Matthaaum
1153 5411 1294 5466 liber
1314 5427 1485 5477 unus,
1508 5411 1818 5466 secundum
1841 5413 2090 5468 Marcum

454 5503 597 5558 liber
626 5519 793 5570 unus,
825 5504 1139 5558 secundum
1171 5506 1374 5560 Lucam
1403 5505 1550 5560 liber
1574 5523 1743 5574 unus,
1773 5507 2086 5560 secundum

450 5599 731 5652 Joannem
784 5596 928 5652 liber
977 5613 1143 5653 unus.
1190 5602 1431 5653 Actuum
1486 5600 1878 5670 apostolorum
1945 5599 2092 5654 liber

454 5706 618 5744 unus.
650 5691 914 5762 Epistolze
960 5692 1121 5746 Pauli
1166 5692 1422 5762 apostoli,
1458 5708 1698 5745 numero
1725 5709 1839 5747 xw.
1868 5693 1948 5747 Ad
1981 5695 2089 5748 Ro-

457 5797 652 5835 manos
679 5783 920 5853 epistola
944 5801 1074 5839 una.
1097 5785 1180 5838 kd
1211 5783 1536 5839 Corinthios
1563 5783 1808 5852 epistolae
1832 5785 1979 5839 dua).
2011 5786 2091 5840 Ad

461 5869 728 5942 Ephesios
756 5877 994 5945 epistola
1023 5895 1154 5933 una.
1189 5877 1270 5931 Ad
1304 5875 1819 5930 Thessalonicenses
1841 5875 2092 5946 epistolae.

2193 4664 2310 4715 stus
2335 4664 2494 4716 Jesus
2521 4663 2563 4729 (1
2594 4665 2711 4719 Cor.
2745 4680 2823 4729 III,
2862 4668 2966 4731 Η),
2998 4686 3025 4712 ››
3059 4668 3250 4719 tamen
3283 4665 3356 4719 ad
3387 4666 3823 4722 mdilicationem

2194 4761 2440 4809 nostram
2464 4756 2660 4810 eadem
2690 4763 2882 4812 sancta
2901 4758 3154 4812 Romana
3177 4759 3420 4813 Ecclesia
3445 4764 3570 4830 post
3589 4761 3710 4815 illas
3734 4764 3830 4816 Ve-

2192 4849 2326 4902 teris
2364 4855 2420 4903 et
2458 4849 2596 4904 Novi
2623 4852 2964 4905 Testamenti
3010 4869 3148 4922 quas
3194 4853 3532 4924 regulariter
3577 4855 3824 4926 suscepi-

2198 4960 2342 5011 mus,
2377 4943 2547 4997 etiam
2580 4944 2788 5014 suscipi
2823 4961 2935 4998 non
2973 4945 3239 5015 prohibet
3266 4947 3601 5017 Scripturas,
3637 4948 3694 5003 id
3723 4954 3825 5016 est,

2191 5040 2448 5100 sanctam,
2474 5038 2750 5108 synodum
2792 5039 3081 5094 Nicaenam
3125 5044 3512 5095 trecentorum
3543 5041 3740 5097 decem
3772 5046 3830 5097 et

2193 5136 2315 5185 octo
2357 5132 2609 5199 Patrum,
2638 5130 2929 5185 mediante
2961 5133 3198 5188 Maximo
3237 5134 3610 5190 Constantino
3641 5139 3828 5207 Augu-

2194 5227 2300 5280 sto.
2331 5227 2588 5280 Sanctam
2619 5225 2899 5296 synodum
2926 5227 3292 5296 Ephesinam,
3317 5227 3374 5280 in
3403 5245 3516 5298 qua
3541 5230 3827 5284 Nestorius

2193 5318 2605 5373 condemnatus
2673 5321 2778 5386 est,
2840 5336 3123 5374 consensu
3171 5320 3484 5375 beatissimi
3545 5323 3824 5378 Caelestini

2191 5428 2374 5484 papae,
2406 5412 2696 5467 mediante
2725 5412 2933 5483 Cyrillo
2973 5414 3332 5469 Alexandriae
3371 5415 3520 5469 sedis
3551 5417 3824 5484 antistite,

2192 5509 2250 5560 et
2291 5505 2527 5559 Arcadio
2575 5506 2645 5560 ab
2687 5507 2843 5560 Italia
2893 5506 3192 5562 destinato.
3241 5507 3502 5563 Sanctam
3545 5511 3821 5581 synodum

2191 5599 2714 5654 Chalcedonensem
2727 5642 2740 5667 ,
2756 5600 3044 5655 mediante
3059 5601 3327 5655 Martiano
3343 5604 3598 5673 Augusto
3619 5607 3828 5658 etAna—

2191 5692 2329 5747 tolio
2345 5692 2970 5763 Constantinopolitano
2991 5695 3275 5766 episcopo,
3295 5695 3353 5748 in
3375 5712 3486 5767 qua
3499 5696 3826 5752 Nestoriana

2192 5789 2248 5838 et
2278 5784 2610 5840 Euthiciana
2635 5785 2898 5842 similiter
2920 5805 3047 5842 cum
3078 5788 3304 5843 Discoro
3331 5789 3379 5860 ej
3391 5806 3566 5860 usque
3588 5791 3822 5862 compli-

2194 5878 2352 5932 cibus
2379 5878 2660 5934 damnatae
2689 5882 2839 5945 sunt,
2859 5884 2915 5936 et
2935 5882 2978 5935 si
3001 5897 3130 5954 quas
3151 5885 3282 5937 sunt
3309 5883 3544 5938 concilia
3569 5900 3598 5937 a
3623 5884 3822 5939 sanctis
