4040 6310
209 326 313 378 985

1469 318 1941 383 DECRETALIUM
1979 322 2364 384 COLLECTIO.

3469 333 3570 390 986

207 430 473 486 Patribus
491 431 766 488 instituta.
786 433 914 489 Post
932 433 1138 490 horum
1158 435 1572 522 auctoritatem,
1591 443 1647 492 et
1665 443 1842 493 custo-
1863 450 1920 522 Α
1940 453 2034 492 ras
2083 436 2486 509 interpretatus
2513 443 2616 493 est.
2655 437 2770 494 Sed
2811 437 3086 511 quoniam
3129 438 3327 496 beatus
3367 441 3566 498 Hiero-

207 451 473 486 γεω-ωας
491 451 766 488 insutuw.
788 451 914 489 γοει
933 451 1138 490 norum
1158 451 1227 490 au
1264 451 1572 506 toritatem,
1591 451 1647 492 et
1665 451 1841 493 custo-

207 525 439 590 dienda,
456 533 511 580 et
530 527 853 598 recipienda
875 451 1383 677 mandamus.}tem
1403 532 1672 602 opuscula
1692 532 1841 586 beati

207 621 418 677 Cvrilli.
434 621 695 677 Cvnriani
721 623 1068 677 martvris.et
1087 625 1217 677 Cart
1239 625 1552 677 iacinensis
1569 625 1837 677 euisconi.

205 621 418 688 Cyrilli,
434 621 695 691 Cypriani
721 623 1068 694 martyris,et
1087 621 1552 693 Carthaginensis
1569 625 1837 696 episcopi.

206 711 407 784 244
433 715 592 781 Item,
610 717 881 786 opuscula
905 715 1054 769 beati
1082 717 1341 785 Gregorii
1371 719 1700 772 Nazianzeni
1726 719 1841 789 epi-

203 807 382 875 sc0pi.
416 809 579 872 Item,
619 809 888 878 opuscula
933 809 1078 862 beati
1119 810 1299 880 Basilii
1327 811 1691 880 Cappadociae
1717 812 1838 882 epi-

202 901 383 970 scopi.
426 901 584 965 Item,
618 903 887 971 opuscula
931 903 1084 957 beati
1133 904 1422 957 Athanasii
1473 904 1839 959 Alexandrini

201 993 476 1063 episcopi.
537 996 696 1061 Item,
736 996 1003 1065 Opuscula
1048 996 1195 1050 beati
1240 997 1433 1068 Cyrilli
1479 998 1838 1052 Alexandrini

200 1087 476 1157 episcolii.
539 1088 696 1154 Item,
755 1090 1027 1158 opuscula
1078 1091 1223 1144 beati
1271 1091 1503 1146 Joannis
1564 1095 1834 1146 Constan-

200 1179 569 1250 tin0politani
609 1181 880 1252 episcopi.
929 1184 1088 1250 Item,
1138 1184 1410 1254 opuscula
1453 1184 1602 1238 beati
1657 1186 1834 1238 Theo-

200 1273 344 1344 phili
369 1274 739 1328 Alexandrini
769 1275 1038 1345 episcopi.
1069 1278 1230 1344 Item,
1263 1279 1531 1348 opuscula
1569 1277 1718 1332 beati
1751 1279 1837 1332 Hi-

200 1366 326 1419 larii
358 1367 699 1421 Pictavensis
739 1369 1008 1440 episcopi.
1034 1371 1197 1438 Item,
1226 1372 1495 1440 opuscula
1521 1371 1670 1424 beati
1701 1378 1834 1425 Am-

199 1459 380 1513 brosii
417 1460 848 1516 Mediolanensis
885 1463 1155 1534 episcopi.
1191 1466 1353 1531 Item,
1377 1466 1646 1535 Opuscula
1685 1465 1835 1520 beati

200 1554 506 1624 Augustini
539 1555 912 1625 Hipponensis
929 1557 1194 1628 episcopi.
1217 1559 1374 1623 Item,
1391 1561 1663 1628 opuscula
1685 1559 1834 1614 beati

201 1647 536 1717 Hieronymi
565 1649 904 1720 presbyteri.
946 1652 1106 1715 Item,
1135 1653 1402 1721 opuscula
1446 1653 1701 1720 Prosperi
1733 1653 1836 1706 viri

201 1741 633 1810 religiosissimi.
663 1745 824 1808 Item,
854 1743 1088 1814 epistola
1115 1746 1316 1799 Leonis
1347 1763 1506 1816 papae
1529 1746 1600 1800 ad
1624 1747 1832 1800 Flavia-

1942 547 2146 600 nymus
2173 548 2303 586 eum
2325 532 2383 585 in
2410 531 2695 603 aliquibus
2723 532 2792 588 de
2819 533 3038 588 arbitrii
3059 533 3321 588 libertate
3341 536 3570 592 notavit.

1941 623 2039 678 Illa
2070 625 2345 678 sentimus
2371 641 2497 694 quas
2525 625 2861 696 prmdictum
2895 627 3124 680 beatum
3159 628 3572 698 Hieronymum

1941 716 2147 770 sentire
2177 718 2592 786 cognoscimus,
2628 723 2685 772 et
2714 737 2828 773 non
2870 721 3055 774 solum
3102 721 3173 774 de
3215 721 3440 788 Ruﬁno,
3474 722 3572 776 sed

1941 810 2115 863 etiam
2157 811 2225 864 de
2265 811 2499 864 diversis
2529 829 2672 882 quos
2700 814 2784 866 vir
2812 814 3014 884 saepius
3061 820 3412 868 memoratus
3453 817 3572 869 zelo

1940 903 2054 968 Dei,
2087 910 2141 957 et
2187 903 2317 958 ﬁdei
2364 905 2638 975 religione
2684 907 3072 977 reprehendit.
3118 909 3279 972 Item,
3309 909 3570 979 Origenis

1937 997 2213 1050 nonnulla
2241 999 2508 1068 opuscula
2539 1015 2667 1069 qum
2699 1000 2783 1053 vir
2807 1000 3162 1054 beatissimus
3189 1000 3566 1072 Hieronymus

1940 1106 2056 1142 non
2101 1090 2362 1160 repudiat
2403 1091 2641 1160 legenda
2689 1093 3060 1162 suscepimus.
3095 1094 3331 1165 Reliqua
3375 1101 3568 1149 autem

1937 1182 2130 1236 omnia
2182 1200 2311 1237 cum
2359 1191 2588 1238 auctore
2637 1202 2738 1240 suo
2789 1186 3026 1240 dicimus
3079 1203 3200 1240 esse
3250 1189 3564 1252 reuuenda,

1938 1275 2219 1332 Chronica
2263 1276 2488 1330 Eusebii
2521 1278 2878 1332 Caesariensis
2912 1283 2968 1333 et
3011 1281 3263 1350 ejusdem
3305 1281 3564 1335 ecclesia-

1936 1368 2088 1422 sticas
2131 1370 2392 1424 Historiae
2437 1371 2581 1424 liber
2608 1373 2866 1442 quamvis
2914 1374 2970 1426 in
3000 1374 3184 1444 primo
3223 1374 3564 1429 narrationis

1936 1480 2050 1516 sua:
2076 1463 2220 1516 libro
2247 1465 2512 1534 tepuerit.
2537 1466 2604 1518 Et
2630 1469 2825 1536 postea
2845 1467 2902 1520 in
2932 1467 3193 1522 laudibus
3214 1474 3380 1538 atque
3401 1485 3567 1522 excu-

1936 1556 2152 1610 satione
2181 1557 2438 1628 Origenis
2468 1558 2804 1612 schismatici
2849 1577 3026 1614 unum
3073 1561 3468 1630 conscripserit
3492 1562 3562 1616 li-

1933 1649 2124 1716 brum,
2157 1654 2390 1721 propter
2421 1668 2612 1705 rerum
2656 1659 2844 1706 tamen
2892 1655 3153 1707 notitiam
3185 1655 3561 1724 singularem,

1935 1759 2060 1813 quze
2101 1744 2171 1797 ad
2215 1744 2651 1798 instructionem
2687 1746 2972 1816 pertinent
3013 1764 3418 1819 usquequaque
3449 1765 3564 1802 non

200 1850 343 1886 num
364 1835 1048 1906 Constantinopolitanum
1071 1838 1393 1908 episcopum
1418 1839 1708 1893 destinata.
1729 1840 1832 1895 Cu-
1854 1821 1909 1892 Β
1933 1837 2173 1890 dicimus
2204 1839 2547 1892 reuuendos.
2580 1841 2740 1904 Item,
2766 1840 3026 1894 Orosium
3055 1842 3237 1894 virum
3262 1841 3566 1895 eruditissi-

191 1927 287 1997 jus
319 1934 534 1981 textum
566 1929 871 2000 quispiam,
901 1931 944 1983 si
976 1948 1153 2001 usque
1182 1931 1253 1985 ad
1284 1949 1458 1985 unum
1497 1934 1611 1986 Iota
1635 1933 1828 2004 dispu-

201 2020 422 2087 taverit,
437 2025 619 2076 etnon
633 2039 756 2076 eam
769 2024 825 2077 in
840 2024 1104 2078 omnibus
1116 2025 1511 2079 venerabiliter
1531 2027 1825 2096 receperit,

199 2115 504 2168 anathema
521 2116 610 2169 sit.
628 2118 785 2184 Item,
805 2118 1067 2188 opuscula
1091 2123 1258 2189 atque
1283 2123 1549 2174 tractatus
1571 2120 1830 2175 omnium

200 2208 648 2264 orthodoxorum
669 2211 899 2265 Patrum
929 2212 1026 2282 qui
1048 2211 1106 2266 in
1125 2213 1280 2266 nullo
1295 2229 1327 2265 a
1344 2219 1553 2267 sanctas
1575 2215 1828 2270 Ecclesiae

198 2301 475 2356 Romanae
507 2304 785 2358 consortio
829 2305 1148 2371 deviarunt,
1183 2323 1288 2359 nec
1331 2306 1399 2359 ab
1439 2307 1560 2377 ejus
1603 2307 1712 2362 Iide
1740 2309 1827 2363 vel

198 2396 596 2466 prmdieatione
625 2398 862 2468 sejuncti
901 2404 1049 2465 sunt,
1083 2400 1177 2454 sed
1208 2399 1384 2470 ipsius
1408 2401 1828 2456 communionis

198 2504 302 2559 per
333 2489 581 2558 gratiam
626 2490 723 2545 Dei
753 2508 933 2561 usque
975 2492 1033 2546 in
1067 2493 1334 2546 ultimum
1364 2493 1515 2547 diem
1549 2493 1674 2548 vitae
1710 2513 1826 2549 suae

196 2582 354 2636 fuere
387 2583 684 2655 participes
711 2584 984 2655 legendos
1009 2585 1386 2640 decernimus.
1435 2589 1596 2657 Item,
1633 2588 1823 2642 decre-

195 2677 334 2729 tales
361 2677 624 2747 epistolas
649 2695 788 2749 quas
807 2679 1126 2734 beatissimi
1159 2697 1321 2751 papae
1349 2680 1582 2735 diversis
1611 2688 1826 2753 tempo-

194 2769 351 2823 ribus
375 2769 446 2823 ab
475 2771 616 2824 nrbe
643 2772 905 2826 Romana
934 2789 1036 2842 pro
1062 2773 1416 2830 diversorum
1444 2778 1677 2830 Patrum
1701 2793 1828 2830 con-

196 2863 468 2917 solatione
507 2863 790 2919 dederunt
821 2866 1226 2921 venerabiliter
1258 2870 1624 2940 recipiendas.
1664 2871 1824 2936 Item,

199 2962 353 3028 gesta
399 2959 722 3012 sanctorum
763 2965 1080 3030 martyrum
1112 2961 1207 3032 qui
1257 2963 1669 3033 multiplicibus
1713 2967 1828 3016 tor-

196 3055 522 3105 mentorum
557 3051 917 3127 cruciatibus,
950 3057 1008 3108 et
1030 3054 1384 3110 mirabilibus
1404 3056 1825 3111 confessionum

195 3143 505 3215 triumphis
529 3135 986 3293 irradiantJQuis
1016 3147 1120 3202 ista
1145 3149 1555 3204 catholicorum
1583 3149 1818 3214 dubitet,

197 3239 254 3291 et
281 3238 506 3293 maiora
537 3254 630 3293 eos
652 3239 710 3293 in
737 3255 812 3293 ag
847 3239 1014 3293 nibus
1043 3242 1213 3293 fuisse
1247 3259 1562 3293 nernessos-
1585 3261 1689 3293 nec
1716 3245 1818 3293 suis

197 3239 254 3291 et
281 3238 506 3308 majora
537 3254 630 3294 eos
652 3239 710 3294 in
737 3238 1014 3311 agdnibus
1043 3242 1213 3297 fuisse
1247 3259 1562 3315 perpessos,
1585 3261 1689 3299 nec
1716 3245 1828 3299 suis

196 3331 411 3386 viribus
439 3333 536 3388 sed
568 3333 753 3404 gratia
793 3335 894 3390 Dei
936 3340 992 3390 et
1035 3335 1322 3407 adjutorio
1370 3337 1635 3392 universa
1681 3339 1826 3394 tole-

196 3426 389 3481 rasse?
438 3425 550 3482 Sed
596 3427 724 3483 ideo
771 3428 1087 3484 secundum
1132 3430 1425 3503 antiquam
1465 3431 1825 3487 consuetudi-

197 3535 329 3575 nem
367 3520 644 3592 singulari
681 3523 901 3578 cautela
945 3522 1004 3578 in
1051 3529 1244 3579 sancta
1286 3526 1545 3580 Romana
1582 3525 1830 3580 Ecclesia

197 3631 310 3668 non
325 3615 616 3686 leguntur,
638 3616 771 3688 quia
783 3620 840 3672 et
860 3634 1058 3673 eorum
1077 3618 1174 3690 qui
1190 3618 1574 3691 conscripsere
1594 3620 1830 3675 nomina

195 3709 424 3780 penitus
441 3708 798 3781 ignorantur,
819 3715 877 3766 et
891 3711 960 3766 ab
982 3712 1302 3768 inﬁdelibus
1317 3713 1508 3768 idiotis
1519 3714 1825 3785 superﬂua,

196 3809 292 3857 aut
311 3802 503 3856 minus
518 3810 649 3874 apta
671 3821 846 3876 quam
867 3805 949 3860 rei
968 3806 1106 3862 ordo
1121 3807 1294 3862 fuerit
1314 3824 1433 3862 esse
1450 3811 1741 3878 putantur,
1759 3808 1829 3862 si-

197 3903 292 3950 cut
313 3896 402 3967 cuj
413 3896 609 3951 usdem
638 3897 822 3968 Cyrici
843 3904 898 3954 et
920 3900 1128 3966 Julitte,
1152 3900 1298 3955 sicut
1316 3901 1536 3973 Georgii
1561 3901 1829 3956 aliorum-

199 4005 308 4060 que
329 3991 427 4060 huj
438 3991 657 4045 usmodi
685 3992 972 4062 passiones
991 4010 1120 4064 quae
1141 3994 1212 4048 ab
1234 3995 1514 4050 haereticis
1530 3995 1828 4066 perhiben-

200 4087 289 4138 tur
314 4084 665 4155 compositm,
698 4092 932 4157 propter
959 4089 1132 4158 quod,
1165 4093 1229 4142 ut
1253 4088 1463 4143 dictum
1497 4093 1600 4155 est,
1629 4106 1700 4144 ne
1737 4091 1826 4144 vel

197 4177 332 4232 levis
354 4179 736 4234 subsannandi
769 4181 1014 4236 oriretur
1033 4183 1250 4236 occasio
1276 4182 1335 4236 in
1361 4187 1549 4237 sancta
1570 4184 1828 4238 Romana

196 4272 442 4327 Ecclesia
472 4291 581 4328 non
613 4275 901 4346 leguntur.
931 4276 1039 4330 Nos
1065 4281 1256 4330 tamen
1286 4293 1415 4330 cum
1444 4277 1712 4346 prmdicta
1734 4279 1828 4332 Ec-

200 4366 358 4421 clesia
379 4383 578 4422 omnes
596 4375 892 4440 martyres,
912 4373 968 4424 et
987 4387 1182 4424 eorum
1209 4370 1480 4440 gloriosos
1499 4387 1711 4441 agones
1729 4371 1826 4442 qui

200 4460 279 4515 eis
296 4462 481 4532 magis
503 4479 676 4533 quam
705 4463 1035 4518 hominibus
1055 4465 1170 4518 noti
1193 4468 1326 4518 sunt
1351 4464 1505 4518 omni
1532 4464 1826 4519 devotione

1847 3190 1902 3264 C

1930 1947 2090 1983 mum
2123 1931 2528 1998 collaudamus,
2552 1932 2681 2002 quia
2704 1933 2862 1986 valde
2891 1934 3054 1988 nobis
3078 1934 3452 1988 necessariam
3475 1936 3569 1989 ad-

1929 2039 2121 2078 versus
2152 2041 2504 2095 paganorum
2533 2026 2843 2080 calumnias
2870 2027 3107 2097 dignam
3138 2029 3427 2082 ordinavit
3456 2029 3565 2083 his-

1928 2119 2152 2186 toriam,
2170 2118 2421 2189 miraque
2439 2119 2713 2174 brevitate
2729 2121 3030 2175 contexuit.
3050 2123 3208 2188 Item,
3223 2138 3566 2176 veneramur

1929 2211 2134 2266 Sedulii
2162 2212 2421 2266 Paschale
2449 2229 2609 2284 opus,
2639 2213 2792 2283 quod
2816 2213 3056 2268 heroicis
3079 2215 3375 2286 descripsit
3401 2205 3587 2270 versi;

1927 2304 2052 2370 bus,
2069 2309 2124 2358 et
2138 2305 2347 2375 insigni
2368 2305 2532 2360 laude
2549 2307 2924 2376 praeferimus.
2944 2308 3349 2374 Item,Juvenci
3364 2309 3563 2364 nihilo-

1927 2398 2475 2452 minuslaboriosum
2490 2416 2630 2470 opus
2651 2417 2762 2454 non
2787 2402 3130 2471 spernimus,
3146 2402 3239 2456 sed
3260 2402 3556 2456 miramur.

2000 2492 2218 2546 Caetera
2259 2509 2388 2562 quae
2437 2493 2508 2547 ab
2555 2493 2838 2547 haereticis
2874 2494 2988 2548 sive
3027 2495 3396 2548 schismaticis
3437 2513 3563 2550 cou-

1927 2585 2135 2655 scripta
2160 2586 2243 2638 vel
2282 2586 2586 2655 praedicata
2627 2591 2760 2640 sunt
2784 2587 3111 2642 nullatenus
3143 2588 3344 2658 recipit
3371 2588 3562 2642 catho-

1927 2678 2034 2732 lica
2065 2684 2121 2732 et
2148 2679 2454 2748 apostolica
2491 2679 2749 2733 Romana
2783 2680 3046 2748 Ecclesia,
3079 2697 3110 2735 e
3137 2681 3342 2752 quibus
3374 2698 3554 2752 pauca

1926 2788 2054 2842 quae
2085 2772 2156 2826 ad
2199 2773 2541 2826 memoriam
2573 2773 2826 2840 veniunt,
2859 2780 2913 2828 et
2940 2793 2972 2828 a
3009 2775 3296 2829 catholicis
3326 2776 3554 2830 vitanda

1927 2869 2059 2920 sunt
2078 2865 2359 2920 credimus
2382 2883 2500 2921 esse
2533 2867 2847 2922 subdenda.
2881 2869 3040 2937 Item,
3058 2868 3259 2923 notitia
3277 2869 3557 2924 librorum

1927 2959 2387 3030 apocryphorum
2434 2960 2533 3032 qui
2580 2977 2693 3014 non
2744 2961 3116 3032 recipiuntur.
3149 2966 3562 3018 Armunensem

1927 3053 2207 3124 synodum
2232 3070 2264 3107 a
2291 3054 2620 3109 Constantio
2647 3054 2867 3109 Caesare
2896 3055 3257 3110 Constantini
3289 3055 3404 3110 ﬁlio
3432 3073 3560 3112 con-

1928 3153 2245 3218 gregatam,
2263 3147 2552 3202 mediante
2565 3149 2747 3203 Tauro
2763 3149 3055 3219 praefecto,
3071 3166 3140 3204 ex
3158 3152 3293 3205 tunc
3312 3153 3368 3204 et
3388 3165 3559 3218 nunc,

1929 3245 1986 3294 et
2014 3256 2189 3310 usque
2217 3239 2275 3294 in
2303 3247 2582 3295 aeternum
2611 3242 2910 3296 conﬁtetur
2937 3259 3058 3296 esse
3085 3242 3436 3298 damnatam.
3471 3244 3560 3297 lti-

1930 3333 2222 3388 nerarium
2245 3334 2477 3389 nomine
2494 3334 2646 3389 Petri
2665 3335 2900 3406 apostoli
2920 3334 3074 3406 quod
3095 3336 3414 3406 appellatur
3435 3352 3560 3392 san-

1927 3427 2003 3480 cti
2030 3427 2339 3482 Clementis
2365 3427 2492 3482 libri
2522 3443 2763 3482 numero
2796 3428 2996 3483 decem
3023 3428 3358 3499 apocryphi.
3385 3433 3557 3485 Actus

1925 3520 2160 3575 nomine
2179 3521 2418 3576 Andreas
2433 3521 2676 3592 apostoli
2693 3537 2853 3592 apoc.
2873 3526 3043 3576 Actus
3070 3522 3306 3576 nomine
3326 3522 3559 3579 Thome

1928 3613 2167 3685 apostoli
2191 3631 2352 3686 apoc.
2381 3618 2548 3670 Actus
2575 3615 2809 3670 nomine
2840 3614 3088 3687 Philippi
3114 3631 3274 3687 apoc.
3307 3617 3561 3688 Evange-

1926 3707 2068 3762 lium
2089 3708 2324 3763 nomine
2345 3708 2588 3780 Matthiaa
2617 3725 2780 3780 apoc.
2809 3709 3183 3780 Evangelium
3201 3709 3438 3764 nomine
3459 3711 3560 3766 Pe—
3653 3697 3666 3704 ’

1927 3801 2000 3856 tri
2029 3802 2266 3872 apostoli
2305 3776 2872 3886 apoc.]Evangelium
2906 3776 3141 3858 nomine
3171 3803 3361 3858 Jacobi
3390 3820 3552 3876 apoc.

1928 3895 2294 3966 Evangelium
2320 3896 2553 3950 nomine
2585 3897 2853 3951 Barnabas
2872 3913 3032 3968 apoc.
3063 3897 3435 3968 Evangelium
3457 3914 3560 3954 no-

1926 3989 2078 4044 mine
2108 3990 2359 4059 Thomas,
2383 4007 2497 4062 quo
2529 3993 2768 4046 utuntur
2793 3990 3086 4046 Manichaai
3125 4007 3286 4063 apoc.
3310 3993 3559 4064 Evange-

1927 4083 2068 4138 lium
2098 4084 2330 4139 nomine
2359 4085 2752 4140 Bartholomaai
2797 4086 3036 4157 apostoli
3061 4103 3222 4158 apoc.
3255 4087 3559 4158 Evangelia

1928 4194 2055 4249 qua:
2085 4178 2304 4233 falsavit
2331 4179 2609 4233 Lucianus
2636 4196 2796 4250 apoc.
2821 4179 2988 4234 Liber
3011 4181 3081 4234 de
3110 4180 3352 4235 infantia
3373 4180 3560 4235 Salva-

1928 4272 2065 4324 toris
2112 4288 2270 4342 apoc.
2329 4273 2633 4342 Evangelia
2684 4289 2812 4343 quae
2877 4273 3099 4327 falsavit
3144 4273 3346 4327 Esitius
3395 4291 3554 4344 apoc.

1927 4364 2091 4418 Liber
2119 4365 2188 4418 de
2221 4364 2514 4419 nativitate
2553 4365 2857 4419 Salvatoris
2903 4369 2960 4418 et
2987 4366 3057 4420 de
3092 4366 3259 4420 Maria
3287 4370 3344 4421 et
3371 4367 3554 4422 obste-

1928 4457 2082 4511 tricae
2108 4474 2265 4528 apoc.
2294 4459 2462 4512 Liber
2482 4459 2581 4530 qui
2606 4460 2928 4529 appellatur
2950 4459 3200 4514 Pastoris
3221 4477 3382 4532 apoc.
3409 4461 3559 4516 Libri

199 4571 556 4610 veneramur.
581 4558 907 4624 ltem,vitas
932 4559 1186 4626 Patrum,
1216 4557 2126 4638 Pauli,Antonii,Hila-Domnes
2181 4568 2320 4622 quos
2368 4552 2500 4607 fecit
2555 4553 2758 4606 Lucius
2803 4552 3109 4623 discipulus
3153 4553 3357 4608 diaboli
3396 4570 3554 4624 apoc.

198 4648 392 4714 rionis,
427 4653 482 4704 et
513 4651 772 4705 omnium
805 4653 1178 4706 eremitarum
1219 4670 1310 4707 eas
1336 4656 1552 4721 tamen,
1583 4669 1720 4724 quas
1748 4653 1831 4706 vir

196 4741 555 4798 beatissimus
569 4744 865 4817 descripsit
889 4747 1266 4818 Hieronymus
1286 4763 1414 4801 cum
1437 4747 1594 4800 omni
1617 4748 1828 4802 honore

199 4837 557 4909 suscipimus.
576 4839 716 4893 Item
732 4843 888 4894 actus
907 4839 1056 4894 beati
1073 4840 1323 4895 Silvestri
1341 4839 1666 4911 apostolica:
1683 4840 1830 4896 sedis

198 4930 477 5002 praesulis.
496 4931 649 4987 Licet
669 4933 790 5003 ejus
806 4933 903 5005 qui
925 4933 1257 5006 conscripsit
1280 4950 1490 4989 nomen
1512 4933 1827 5003 ignoretur,

200 5041 232 5080 a
251 5024 451 5080 multis
478 5028 671 5080 tamen
702 5026 760 5081 in
792 5027 934 5082 urbe
962 5029 1141 5084 Roma
1169 5028 1456 5084 catholicis
1483 5028 1597 5100 legi
1623 5044 1832 5100 cogno-

197 5118 400 5186 vimus,
443 5121 502 5174 et
539 5136 642 5190 pro
684 5120 920 5193 antiquo
967 5139 1074 5178 usu
1125 5123 1309 5178 multa
1365 5123 1489 5178 haec
1535 5127 1831 5178 mutantur

199 5213 476 5268 Ecclesiae.
531 5215 694 5281 Item,
750 5215 1088 5287 scripturam
1141 5216 1212 5272 de
1265 5216 1593 5273 inventione
1651 5217 1830 5272 crucis

199 5307 526 5375 Dominicze,
552 5313 609 5363 et
635 5307 804 5363 aliam
833 5311 1167 5381 scripturam
1189 5311 1257 5366 de
1284 5310 1607 5366 inventione
1635 5311 1830 5382 capitis

195 5400 428 5457 Joannis
449 5403 716 5473 Baptista:
741 5404 975 5458 novellae
1001 5405 1263 5476 quaedam
1292 5405 1597 5461 relationes
1616 5408 1749 5458 sunt
1774 5409 1831 5460 et

198 5495 461 5550 nonnulli
479 5512 574 5550 eas
588 5497 846 5552 catholici
873 5498 1089 5568 legunt.
1117 5498 1224 5553 Sed
1253 5516 1381 5554 cum
1409 5499 1531 5554 haec
1551 5499 1618 5554 ad
1642 5498 1831 5554 catho-

193 5590 429 5645 licorum
464 5606 670 5644 manus
694 5591 1005 5664 adveniunt
1029 5591 1179 5646 beati
1215 5593 1368 5646 Pauli
1411 5593 1652 5664 apostoli
1679 5609 1827 5664 pras-

197 5683 360 5739 cedat
405 5683 958 5758 sententia.\0mnia
997 5685 1254 5758 probate,
1289 5687 1441 5758 quod
1487 5687 1704 5742 bonum
1747 5689 1833 5742 est

199 5780 411 5833 tenete.
443 5779 605 5847 Item,
639 5778 877 5834 Ruﬁnus
904 5778 990 5834 vir
1018 5779 1318 5850 religiosus
1347 5780 1624 5851 plurimos
1650 5780 1828 5835 eccle-

198 5870 402 5939 siastici
433 5871 622 5945 operis
648 5870 828 5928 edidit
853 5872 1026 5929 libros
1056 5872 1359 5928 nonnullas
1385 5873 1559 5930 etiam
1585 5873 1830 5946 scriptu-

1930 4645 2097 4699 Liber
2127 4645 2221 4715 qui
2253 4646 2573 4716 appellatur
2599 4645 3058 4700 Fundamentum
3086 4663 3245 4718 apoc.
3269 4646 3436 4701 Liber
3461 4649 3559 4719 qui

1931 4743 2249 4815 appellatur
2291 4741 2610 4795 Thesaurus
2649 4756 2808 4812 apoc.
2857 4739 3024 4794 Liber
3064 4741 3131 4795 de
3171 4740 3392 4795 filiabus
3420 4739 3558 4795 Adm

1929 4838 2208 4893 Geneseos
2233 4851 2393 4907 apoc.
2428 4835 2597 4889 Liber
2625 4835 2721 4906 qui
2758 4834 3077 4906 appellatur
3105 4837 3261 4888 actus
3295 4835 3474 4890 Tecla!
3504 4842 3562 4892 et

1928 4932 2086 4987 Pauli
2124 4929 2364 5003 apostoli
2403 4946 2560 5001 apoc.
2610 4929 2772 4983 Liber
2825 4928 2924 5000 qui
2965 4927 3288 4999 appellatur
3328 4928 3561 5000 Nepotis

1928 5043 2090 5098 apoc.
2119 5024 2284 5080 Liber
2310 5023 2746 5079 Proverbiorum
2772 5022 2869 5095 qui
2899 5022 2970 5077 ab
3003 5021 3281 5078 haereticis
3310 5022 3556 5078 conscri-

1928 5123 2060 5192 ptus
2089 5122 2149 5174 et
2186 5117 2367 5174 sancti
2409 5117 2556 5189 Syrti
2609 5115 2845 5172 nomine
2887 5121 3239 5187 praenotatus
3282 5119 3370 5171 est
3397 5132 3555 5189 apoc.

1930 5212 2220 5270 Revelatio
2250 5228 2378 5285 quae
2405 5211 2730 5284 appellatur
2755 5211 2988 5265 Thomas
3015 5209 3252 5281 apostoli
3279 5227 3438 5282 apoc.
3457 5213 3562 5268 Re-

1928 5307 2132 5362 velatio
2149 5323 2278 5378 qum
2304 5305 2627 5377 appellatur
2651 5303 2920 5375 Stephani
2946 5321 3104 5376 apoc.
3124 5304 3411 5362 Revelatio
3432 5321 3561 5377 qua

1930 5400 2247 5472 appellatur
2276 5397 2434 5453 Pauli
2467 5414 2632 5470 apoc.
2661 5397 2827 5452 Liber
2863 5398 2962 5469 qui
2996 5399 3312 5470 appellatur
3335 5397 3558 5454 Transi-

1928 5499 2038 5562 tus,
2066 5493 2123 5548 id
2149 5496 2251 5556 est,
2285 5491 2598 5562 assumptio
2627 5495 2834 5547 sancta:
2859 5492 3045 5548 Maria:
3069 5509 3232 5564 apoc.
3274 5492 3438 5546 Liber
3462 5491 3561 5563 qui

1932 5587 2250 5658 appellatur
2269 5583 2606 5641 Posnitentia
2621 5585 2755 5640 Adae
2771 5601 2932 5656 apoc.
2952 5586 3117 5640 Liber
3152 5584 3306 5656 Ogia:
3329 5583 3562 5638 nomine

1932 5680 2176 5754 gigantis
2214 5679 2312 5752 qui
2344 5695 2475 5734 cum
2513 5679 2756 5734 dracone
2801 5683 2929 5750 post
2963 5679 3235 5735 diluvium
3261 5693 3562 5748 ,pugnasse

1931 5774 2266 5847 perhibetur
2290 5789 2453 5846 apoc.
2485 5773 2650 5828 Liber
2675 5773 2772 5845 qui
2803 5773 3122 5850 appellatur
3138 5772 3562 5828 Testamentum

1931 5869 2051 5938 Job,
2085 5885 2244 5942 apoc.
2291 5866 2458 5924 Liber
2503 5868 2599 5939 qui
2648 5866 2968 5938 appellatur
3010 5864 3338 5935 poenitentia
3367 5865 3425 5923 S.
3453 5867 3557 5940 Cy-
3602 5856 3614 5870 ’
