4040 6324
440 347 541 400 987
1331 338 1614 398 APPEND.
1656 338 1746 395 AD
1784 340 1946 395 S/EC.
1989 339 2075 394 IX.
2109 368 2178 380 —
2207 335 2449 396 lSlDORl
2487 335 2908 395 MERCATORIS
3704 334 3809 386 988

440 446 648 525 priani,
670 465 831 523 apoc.
862 451 1027 507 Liber
1052 450 1150 521 qui
1179 450 1501 522 appellatur
1524 448 1854 520 paenitentia
1872 449 2072 503 Januze
2094 462 2150 535 Α
2173 452 2270 519 pta
2294 454 2443 515 sunt,
2473 464 2635 519 apoc.
2665 449 2791 501 Haec
2819 450 2873 500 et
2906 444 3099 500 omnia
3128 443 3334 498 similia
3358 442 3554 499 Simon
3582 439 3810 510 Magus,

444 549 505 600 et
521 544 806 614 Mambm,
825 560 982 615 apoc.
1006 544 1171 598 Liber
1190 542 1289 615 qui
1309 543 1626 614 appellatur
1652 541 1841 597 Sortes
1856 546 2076 613 aposto-
2098 534 2111 535 ί
2174 543 2430 597 Nicolaus
2472 542 2750 609 Cerintus,
2782 539 3049 606 Marcion,
3096 537 3379 602 Basilides,
3425 535 3624 601 Ebion,
3661 534 3812 588 Pau-

441 640 653 707 lorum,
675 654 834 709 apoc.
860 637 1027 691 Liber
1043 636 1140 707 qui
1164 638 1483 708 appellatur
1501 637 1644 690 Laus
1663 636 2072 707 apostolorum,
2174 635 2263 691 lus
2297 636 2468 690 etiam
2509 634 2988 700 Samosathaanus,
3021 631 3312 698 Photinus,
3345 635 3401 684 et
3447 628 3725 692 Bonosus,
3758 628 3820 680 et

446 749 608 805 apoc.
641 731 806 786 Liber
848 730 1221 801 Pbisiologus,
1249 729 1345 801 qui
1396 729 1468 784 ab
1503 730 1789 784 haereticis
1830 729 2074 784 conscri-
2176 729 2275 802 qui
2305 728 2471 783 simili
2492 743 2691 783 errore
2721 727 3070 782 defecerunt.
3102 726 3397 780 Montanus
3423 738 3651 794 quoque
3677 736 3815 774 cum

445 831 574 898 ptus
603 830 704 893 est,
736 830 794 879 et
821 824 969 878 beati
1004 824 1285 878 Ambrosii
1328 822 1563 878 nomine
1610 822 1888 894 signatus,
1917 838 2075 893 apoc.
2180 823 2294 878 suis
2342 821 2760 877 obscenissimis
2808 820 3162 891 sequacibus,
3202 817 3560 889 Apollinaris,
3604 815 3815 868 Valen-

446 918 686 973 l-listoria
730 917 955 971 Eusebii
1002 916 1283 988 Pamphili
1326 933 1487 988 apoc.
1541 916 1821 987 Opuscula
1858 916 2079 970 Tertul-
2178 917 2348 985 tinus,
2395 917 2649 981 Faustus,
2694 914 3013 981 Africanus,
3057 912 3355 978 Sabellius,
3404 910 3586 975 Arius,
3632 908 3817 963 Mace-

445 1011 585 1067 liani
621 1028 780 1083 apoc.
811 1010 1097 1081 Opuscula
1124 1009 1400 1065 Lactantii
1424 1026 1587 1080 apoc.
1623 1009 1907 1081 Opuscula
1932 1010 2079 1063 Afri-
2182 1010 2406 1076 donius,
2444 1008 2785 1075 Eunomius,
2818 1008 3088 1073 Novatus,
3128 1004 3450 1072 Sabbatius,
3492 1001 3812 1067 Caelestius,

449 1106 573 1159 cani
603 1121 766 1177 apoc.
800 1105 1082 1176 Opuscula
1113 1103 1445 1158 Postumani
1476 1108 1534 1158 et
1572 1103 1712 1158 Galli
1742 1119 1900 1174 apoc.
1934 1103 2083 1174 Opu-
2183 1106 2453 1171 Donatus,
2484 1102 2827 1168 Eustathius,
2854 1101 3201 1161 Jovinianus,
3240 1097 3525 1168 Pelagius,
3555 1095 3822 1151 Julianus

454 1197 1603 1267 sculaMontani,Priscillaa,etMaximillte
1625 1197 2085 1268 apoc.0puscula
2181 1197 2523 1265 Celanensis,
2570 1196 2879 1261 Caelestius,
2912 1193 3266 1259 Maximinus,
3318 1190 3702 1246 Priscillianus
3747 1188 3821 1242 ab

453 1291 646 1347 omnia
672 1291 863 1347 Fausti
886 1291 1184 1346 Manichaei
1212 1307 1374 1362 apoc.
1408 1290 1690 1361 Opuscula
1714 1289 2082 1346 Commodini
2184 1291 2470 1362 Hispania,
2503 1289 2787 1344 Nestorius
2826 1285 3509 1357 Constantinopolitanus,
3537 1282 3824 1337 Maximus

456 1401 615 1456 apoc.
646 1384 924 1456 Opuscula
953 1384 1185 1439 alterius
1205 1384 1508 1439 Clementis
1534 1382 1897 1439 Alexandrini
1921 1399 2081 1454 apoc.
2182 1384 2405 1451 unicus,
2447 1383 2786 1454 Lampetius,
2829 1382 3139 1449 Dioscorus,
3179 1378 3489 1444 Eutichius,
3523 1379 3722 1431 Petrus
3763 1379 3826 1429 et

454 1478 739 1550 Opuscula
782 1478 959 1533 Tascii
1003 1477 1271 1550 Cypriani
1314 1494 1477 1548 apoc.
1527 1477 1805 1549 Opuscula
1848 1476 2084 1531 Arnobii
2186 1478 2327 1532 alius
2379 1480 2593 1544 Petrus,
2646 1493 2676 1530 e
2732 1476 2936 1547 quibus
3003 1490 3151 1528 unus
3203 1471 3619 1537 Alexandriam,
3671 1469 3825 1523 alius

457 1588 620 1644 apoc.
677 1572 964 1643 Opuscula
1014 1571 1246 1643 Tyconii
1300 1587 1460 1643 apoc.
1515 1572 1793 1642 Opuscula
1840 1570 2087 1626 Cassiani
2186 1571 2545 1626 Antiochiam
2593 1569 2913 1635 maculavit,
2950 1568 3186 1624 Acacius
3233 1564 3824 1635 Constantinopolita-

455 1665 770 1737 presbyteri
798 1665 1103 1720 Galliarum
1134 1682 1293 1736 apoc.
1322 1666 1604 1736 Opuscula
1627 1664 1897 1719 Victorini
1936 1664 2085 1718 Pita-
2186 1681 2293 1719 nus
2335 1681 2464 1718 cum
2510 1663 2870 1718 consortibus
2915 1662 3049 1729 suis,
3083 1677 3310 1715 necnon
3354 1665 3410 1714 et
3454 1676 3655 1713 omnes
3698 1658 3825 1712 ha:-

455 1758 744 1814 bionensis
771 1775 931 1829 apoc.
958 1759 1243 1828 Opuscula
1271 1758 1461 1812 Fausti
1488 1758 1759 1829 Regensis
1779 1748 2087 1811 Galliarum
2189 1758 2331 1813 resei
2358 1757 2859 1828 haereseornmque
2887 1755 3149 1826 discipuli
3168 1753 3293 1809 ’sive
3339 1751 3685 1807 schismatici
3716 1751 3824 1805 do-

457 1864 619 1923 apoc.
663 1851 944 1922 Opuscula
990 1852 1283 1905 Frumenti
1330 1852 1445 1905 ceci
1492 1853 1712 1907 Centon
1752 1851 1821 1905 de
1866 1830 2447 1919 ChristoBcuerunt,
2472 1867 2719 1922 quorum
2767 1849 3003 1903 nomina
3046 1847 3285 1903 minime
3331 1846 3671 1912 retinentur,
3706 1860 3831 1898 non

459 1944 782 2016 Virgilianis
807 1948 1165 2015 compactum
1192 1944 1464 2013 versibus,
1494 1961 1654 2015 apoc.
1689 1944 1936 2016 Epistola
1960 1946 2090 1999 Jesu
2190 1947 2372 2000 solum
2419 1944 2735 2015 repudiata,
2776 1945 2873 1999 sed
2923 1943 2993 1997 ab
3037 1941 3192 1996 omni
3236 1942 3515 2008 Romana,
3544 1939 3833 1994 catholica

459 2038 531 2093 ad
557 2038 881 2109 Abagarum
912 2053 1105 2108 regem
1135 2053 1298 2108 apoc.
1341 2037 1592 2108 Epistola
1621 2037 1860 2109 Abagari
1893 2037 1966 2091 ad
2000 2039 2088 2092 Je-
2191 2041 2248 2094 et
2298 2039 2610 2109 apostolica
2657 2038 2896 2092 Ecclesia
2946 2036 3258 2103 eliminata,
3313 2040 3480 2105 atque
3525 2050 3654 2087 cum
3710 2032 3833 2086 suis

459 2147 587 2186 sum
616 2147 775 2203 apoc.
798 2130 986 2186 Passio
1016 2130 1197 2201 Cyrici
1227 2134 1285 2185 et
1311 2130 1499 2185 Julitaa
1530 2147 1691 2202 apoc.
1714 2131 1906 2186 Passio
1925 2131 2093 2186 Geor—
2194 2131 2538 2199 auctoribus,
2558 2135 2970 2202 auctorumque
2986 2129 3323 2201 sequacibus
3335 2128 3438 2181 sub
3458 2127 3832 2182 anathemate
3880 2180 3885 2185 _

462 2222 541 2295 gii
559 2240 720 2294 apoc.
745 2223 1040 2294 Scriptura
1055 2239 1182 2294 quae
1203 2224 1523 2295 appellatur
1541 2224 1925 2279 Contradictio
1944 2224 2099 2279 Salo-
2194 2226 2473 2280 insolubili
2498 2225 2720 2280 vinculo
2754 2226 2811 2279 in
2845 2231 3123 2279 (aeternum
3154 2222 3495 2277 conﬁtemur
3526 2237 3646 2274 esse
3668 2220 3835 2274 dam-

464 2318 650 2372 monis
679 2333 836 2388 apoc.
861 2316 1190 2371 Philacteria
1219 2317 1415 2371 omnia
1439 2333 1568 2388 quae
1594 2334 1709 2372 non
1735 2317 2092 2389 angelorum,
2198 2324 2351 2374 nata.

466 2415 532 2465 ut
546 2408 630 2465 illi
650 2410 1004 2481 conﬁngunt,
1026 2409 1125 2464 sed
1154 2409 1485 2465 dmmonum
1512 2410 1697 2483 magis
1716 2416 1837 2467 arte
1856 2410 2098 2466 conscri-

999 2794 1571 2889 INCIPIUNT
1659 2796 2186 2889 DECRETA
2268 2797 2867 2890 ANASTASII
2952 2796 3311 2889 PAPIE.

541 3161 591 3212 ί.
622 3154 785 3222 Quod
811 3171 914 3227 pro
936 3155 1161 3213 Christo
1190 3156 1466 3228 fungatur
1491 3157 1801 3229 legatione,
1830 3157 1969 3213 dum
1999 3174 2104 3230 pro
2126 3171 2181 3245 ρ
2206 3174 2311 3230 per
2334 3160 2597 3213 contexta
2636 3175 2738 3229 per
2764 3162 2946 3213 totum
2975 3156 3141 3212 malas
3188 3155 3351 3210 sortis
3375 3153 3621 3227 patiatur
3648 3153 3839 3208 incer-

474 3266 613 3322 pace
643 3253 910 3322 precatur
937 3250 1217 3306 Ecclesia».
2207 3258 2350 3321 tum,
2380 3268 2508 3323 quas
2535 3250 2652 3307 sola
2676 3251 2735 3306 in
2760 3251 3168 3306 discussionem
3194 3265 3296 3321 pro
3325 3248 3590 3303 ﬁrmitate
3617 3247 3705 3302 sui
3735 3264 3840 3301 ve-

544 3347 598 3400 2.
627 3343 795 3409 Quod
823 3361 940 3399 non
969 3344 1041 3399 sit
1064 3349 1281 3399 temere
1298 3343 1682 3415 judicandum
1710 3346 1782 3401 de
1805 3346 1893 3400 his
1917 3347 2015 3419 qui
2036 3347 2107 3401 ad

476 3439 781 3495 Dominum
807 3438 1222 3509 migraverunt.

546 3536 599 3588 3.
659 3533 730 3588 Ut
791 3534 1121 3603 specialiter
1163 3531 1224 3587 in
1284 3533 1523 3589 ecclesia
1586 3549 1797 3589 nomen
1859 3538 2112 3591 taceatur

477 3626 687 3682 Acacii.

547 3721 602 3776 4.
633 3719 791 3788 Quod
816 3735 1172 3791 magnopere
1199 3721 1493 3777 contentio
1524 3721 1596 3777 sit
1632 3723 1895 3777 cavenda.

550 3817 604 3870 5.
632 3814 703 3869 Ut
726 3812 1144 3868 Alexandrinus
1171 3814 1490 3885 imperator
1507 3816 1813 3871 admoneat
1839 3815 1912 3870 ad
1939 3815 2112 3871 ﬁdem

481 3908 786 3973 sinceram,
820 3912 876 3960 et
904 3905 977 3961 ad
1005 3923 1203 3976 pacem
1232 3908 1418 3963 redire
1448 3909 1802 3963 catholicam.

550 4003 602 4054 6.
632 3999 921 4053 Admonet
966 3999 1378 4069 imperatorem
1416 4004 1483 4054 ut
1526 4002 1843 4056 constitutis
1885 4007 2109 4073 aposto-

480 4093 605 4150 lica
636 4091 783 4145 sedis
812 4090 1188 4162 obtemperet.

554 4190 607 4240 7.
648 4183 813 4248 Quod
854 4200 947 4239 eos
991 4201 1133 4256 quos
1174 4190 1302 4258 post
1343 4184 1773 4243 damnationem
1821 4204 1984 4244 suam
2028 4191 2115 4245 vel

483 4277 784 4350 baptizavit
812 4279 899 4333 vel
935 4278 1219 4334 ordinavit
1243 4280 1499 4348 Acacius,
1528 4281 1685 4336 nulla
1714 4282 1899 4353 portio
1931 4283 2112 4338 ltesio-

484 4371 574 4429 nis
598 4372 864 4444 attingat.

2208 3346 2333 3400 nire
2379 3362 2497 3401 non
2536 3347 2743 3417 potuit,
2774 3345 3079 3400 serenitate
3114 3348 3210 3398 tua
3236 3342 3525 3415 praecipue
3568 3340 3841 3413 rempub.

2210 3441 2585 3511 gubernante.
2619 3440 2721 3497 Cui
2750 3440 2921 3494 etiam
2959 3439 3019 3493 in
3052 3438 3270 3509 privata
3299 3437 3411 3491 vita
3455 3441 3646 3490 tamen
3689 3436 3845 3489 circa

2210 3535 2446 3589 sincerae
2475 3532 2763 3605 religionis
2789 3532 3042 3587 studium
3074 3532 3203 3599 fuit,
3222 3536 3287 3586 ut
3311 3531 3456 3585 sicut
3478 3529 3628 3584 fama
3649 3529 3845 3584 certis-

2212 3629 2351 3683 sime
2400 3628 2723 3695 celebravit,
2762 3643 2932 3683 nemo
2976 3626 3157 3697 magis
3196 3626 3286 3679 vel
3329 3625 3480 3679 inter
3527 3625 3847 3695 praecipuos

2212 3722 2535 3777 sacerdotes
2579 3721 2842 3793 praeﬁxas
2882 3738 2915 3775 a
2953 3719 3156 3775 sanctis
3197 3718 3452 3774 Patribus
3495 3718 3718 3789 regulas
3744 3718 3851 3772 Ec-

2211 3816 2394 3871 clesiae
2436 3816 2748 3871 custodisse
2793 3815 3029 3870 dicatur.
3077 3813 3235 3878 Quod
3283 3816 3540 3867 sanctum
3585 3810 3843 3865 studium

2213 3926 2342 3964 cum
2373 3910 2666 3979 majestate
2691 3908 2920 3981 imperii
2950 3906 3187 3962 crevisse
3214 3906 3573 3963 conﬁdimus.

2285 4004 2416 4057 CAP.
2450 4004 2489 4058 1.
2523 4003 2828 4073 Legatione
2872 4003 3064 4073 itaque
3106 4001 3411 4073 fungimur
3452 4016 3555 4071 pro
3594 3998 3845 4066 Christo,

2215 4112 2318 4150 nec
2344 4112 2439 4150 eos
2478 4100 2714 4167 propter
2749 4096 3123 4151 offensionem
3151 4095 3238 4150 vel
3278 4094 3605 4149 scandalum
3656 4093 3846 4164 patia-

2216 4189 2359 4245 mini
2404 4189 2626 4261 publice
2670 4190 2978 4259 nominari,
3012 4206 3260 4261 quorum
3304 4188 3507 4244 merita
3550 4188 3640 4242 vel
3685 4193 3848 4241 actus

2215 4285 2377 4339 illum
2395 4284 2642 4355 judicem
2671 4285 2850 4340 latere
2878 4301 2991 4338 non
3018 4290 3270 4355 possunt,
3288 4284 3348 4337 in
3375 4283 3537 4353 cujus
3555 4282 3681 4353 jam
3713 4284 3851 4336 sunt

2211 4378 2431 4450 judicio
2463 4379 2775 4434 constituti.
2808 4380 2919 4433 Nec
2948 4378 3062 4433 illic
3092 4396 3151 4433 se
3182 4383 3385 4450 praeest
3422 4376 3762 4431 interserere
3788 4375 3852 4430 in

555 4469 607 4523 8.
636 4466 797 4532 Quod
825 4466 959 4521 mali
983 4466 1132 4521 bona
1159 4466 1536 4524 ministrando
1566 4469 1673 4524 sibi
1704 4473 2115 4527 tantummodo
2218 4489 2453 4544 corpore
2502 4474 2733 4528 mortali
2775 4473 2965 4528 adhuc
3006 4472 3315 4527 temeraria
3359 4469 3746 4543 praesumptio,
3790 4470 3851 4525 in

486 4565 747 4631 noceant,
775 4576 881 4617 nec
910 4561 1170 4615 Ecclesiae
1197 4567 1557 4619 sacramenta
1581 4566 2024 4621 commaculent.

890 4655 983 4712 Ad
1009 4658 1362 4712 Anastasium
1390 4661 1714 4726 Augustum.

561 4748 976 4806 Gloriosissimo
1002 4754 1060 4804 et
1078 4750 1522 4806 clementissimo
1551 4752 1666 4806 ﬁlio
1691 4754 1998 4809 ANASTASIO
2018 4756 2124 4809 Au-

490 4850 675 4918 gusto,
701 4847 1038 4900 Anasnsws
1070 4843 1389 4916 episcopus.

565 4937 872 4993 Exordium
902 4938 1258 5008 pontiﬁcatus
1281 4938 1395 4993 mei
1416 4939 1687 5010 primitus
1701 4940 1888 4996 oblata
1900 4940 2124 5013 populis

491 5046 629 5105 pace
646 5031 1335 5103 pronuntio,conﬁdenter
1345 5048 1448 5103 pro
1461 5033 1571 5088 ﬁde
1583 5033 1877 5089 catholica:
1892 5035 2125 5089 humilis

494 5124 690 5198 pietati
708 5130 909 5180 vestrae
935 5129 1195 5196 peccator
1221 5143 1478 5196 occurro,
1501 5126 1559 5181 in
1575 5143 1687 5199 quo
1708 5127 1955 5198 primum
1982 5129 2125 5183 mihi

499 5217 759 5273 divinum
790 5218 1045 5272 favorem
1084 5220 1493 5292 propinquasse
1520 5221 1763 5289 conﬁdo,
1795 5222 1947 5292 quod
1973 5239 2125 5277 nunc

496 5310 869 5367 consonantia
888 5311 947 5365 in
969 5328 1062 5366 me
1087 5313 1475 5384 augustissimi
1506 5314 1757 5370 nominis
1780 5316 1860 5370 tui
1891 5333 2004 5371 non
2026 5316 2125 5371 du-

493 5405 652 5461 bium
668 5408 893 5476 prastat
907 5405 1272 5475 auxilium,ut
1282 5408 1396 5464 sicu
1408 5415 1426 5462 ι
1440 5410 1774 5480 praecelsum
1789 5411 2125 5466 vocabulum

494 5498 718 5573 pietatis
734 5502 848 5555 tuas
868 5516 971 5571 per
988 5500 1272 5556 universas
1289 5510 1490 5574 gentes
1519 5506 1631 5559 toto
1652 5504 1788 5559 orbe
1806 5505 2124 5578 praefulget,

495 5593 577 5649 ita
592 5609 691 5665 per
704 5593 1088 5649 ministerium
1103 5595 1613 5666 bumilitatismeai,
1629 5598 1901 5653 sicutsem
1909 5615 2010 5670 per
2020 5602 2123 5668 est,

497 5687 657 5743 sedes
670 5687 981 5755 beatissimi
1000 5688 1145 5744 Petri
1165 5689 1223 5743 in
1244 5689 1503 5745 universa
1526 5692 1767 5746 Ecclesia
1781 5692 2129 5764 assignatum

499 5780 605 5835 sibi
633 5799 666 5835 a
690 5782 928 5837 Domino
956 5784 1068 5838 Deo
1093 5788 1281 5838 teneat
1314 5784 1715 5855 principatum.
1759 5786 1868 5840 Nec
1896 5791 2131 5858 propter

499 5888 682 5931 unum
706 5882 1001 5934 mortuum
1042 5877 1257 5933 diutius
1288 5877 1481 5932 tunica
1505 5877 1599 5932 illa
1623 5879 1928 5935 Salvatoris
1956 5879 2127 5937 desu-

2135 4547 2195 4619 Ι)
2218 4584 2332 4639 quo
2360 4584 2478 4623 non
2505 4569 2689 4623 solum
2716 4568 2995 4623 confessio
3025 4567 3157 4622 facit
3187 4571 3385 4638 aperta
3412 4566 3618 4632 merita
3657 4564 3853 4635 singu-

2222 4662 2429 4731 lorum,
2462 4663 2556 4717 sed
2602 4662 2773 4717 etiam
2818 4662 3026 4716 silentii
3072 4661 3249 4733 ipsius
3293 4676 3409 4715 non
3453 4662 3642 4731 potest
3671 4659 3850 4713 latere

2221 4760 2528 4810 secretum.
2588 4757 2847 4828 Namque
2900 4760 2958 4810 et
3014 4755 3395 4827 praedecessor
3444 4758 3638 4808 noster
3698 4768 3853 4824 papa

2223 4849 2375 4904 Felix
2417 4856 2475 4904 et
2509 4851 2682 4905 etiam
2717 4850 2947 4904 Aeacius
2976 4850 3089 4904 illic
3128 4849 3327 4921 procul
3373 4847 3547 4902 dubio
3590 4850 3726 4901 sunt
3756 4846 3855 4902 ubi

2222 4944 2609 5016 unusquisque
2635 4945 2737 4999 sub
2764 4943 3131 5014 tantojudice
3156 4959 3274 4998 non
3296 4946 3480 5013 potest
3498 4940 3739 5013 perdere
3767 4939 3854 4996 sui

2223 5038 2407 5093 meriti
2437 5039 2788 5109 qualitatem.

2296 5133 2360 5187 ll.
2382 5133 2575 5203 Itaque
2601 5137 2872 5188 monente
2903 5148 3003 5186 nos
3022 5130 3351 5186 beatissimo
3369 5128 3655 5201 Apostolo,
3675 5145 3859 5200 neque

2226 5224 2297 5280 sit
2322 5225 2380 5279 in
2405 5225 2512 5280 hoc
2534 5225 2940 5280 oﬂ‘endiculum
2967 5225 3027 5280 in
3052 5225 3317 5291 Ecclesia,
3344 5223 3477 5277 dum
3500 5221 3654 5294 quod
3674 5222 3857 5277 facere.

2227 5336 2340 5373 non
2371 5335 2672 5390 possumus
2702 5319 2772 5374 de
2801 5319 2887 5373 his
2930 5319 3029 5391 qui
3066 5318 3188 5389 jam
3225 5317 3572 5373 transierunt
3590 5315 3855 5387 judicare

2226 5429 2518 5480 conemur,
2564 5412 2985 5468 observandum
3029 5428 3151 5467 esse
3195 5409 3572 5483 tranquillitas
3616 5413 3714 5463 tua
3758 5426 3854 5464 co-

2228 5507 2587 5579 gnoscat.Ait
2601 5508 2753 5561 enim
2772 5506 2842 5562 de
2863 5507 2951 5561 his
2975 5506 3072 5579 qui
3095 5506 3164 5561 de
3186 5505 3354 5561 rebus
3373 5504 3444 5559 ad
3468 5506 3644 5559 Deum
3669 5504 3855 5559 solum

2228 5600 2646 5672 pertinentibus
2682 5601 2946 5671 judicare
2991 5605 3353 5672 praesumunt
3386 5615 3399 5654 :
3432 5620 3460 5649 «
3491 5598 3667 5653 Nemo
3703 5598 3854 5652 enim

2229 5699 2485 5749 nostrum
2531 5693 2633 5747 sibi
2663 5694 2817 5761 vivit,
2848 5699 2904 5749 et
2933 5712 3102 5749 nemo
3146 5697 3403 5748 nostrum
3446 5689 3551 5746 sibi
3593 5692 3853 5747 moritur.

2229 5787 2354 5844 Sive
2386 5788 2541 5841 enim
2573 5788 2815 5843 vivimus
2846 5789 2961 5844 sive
2989 5788 3291 5855 morimur,
3312 5785 3531 5841 Domini
3559 5800 3777 5853 sumus,
3800 5784 3857 5839 in

2228 5880 2335 5937 hoc
2360 5880 2515 5936 enim
2555 5882 2811 5939 Christus
2842 5882 3154 5938 resurrexit
3182 5898 3214 5937 a
3244 5880 3508 5949 mortuis,
3537 5882 3601 5933 ut
3628 5883 3686 5935 et
3715 5878 3859 5937 vivo-
