  <div class='ocr_page' id='page_1' title='image "/cluster/home/n/w/nwhite01/storage/ocr_20150623/130/umn.319510024774230/570.png"; bbox 0 0 4040 6312; ppageno 0'>
   <div class='ocr_carea' id='block_1_1' title="bbox 187 327 288 380">
    <p class='ocr_par' dir='ltr' id='par_1_1' title="bbox 187 327 288 380">
     <span class='ocr_line' id='line_1_1' title="bbox 187 327 288 380; baseline 0.02 -2"><span class='ocrx_word' id='word_1_1' title='bbox 187 327 288 380; x_wconf 80' lang='lat'><strong>989</strong></span> 
     </span>
    </p>
   </div>
   <div class='ocr_carea' id='block_1_2' title="bbox 1421 322 2320 382">
    <p class='ocr_par' dir='ltr' id='par_1_2' title="bbox 1421 322 2320 382">
     <span class='ocr_line' id='line_1_2' title="bbox 1421 322 2320 382; baseline -0.002 -2"><span class='ocrx_word' id='word_1_2' title='bbox 1421 322 1896 382; x_wconf 80' lang='lat' dir='ltr'><strong>DECRETALIUM</strong></span> <span class='ocrx_word' id='word_1_3' title='bbox 1934 325 2320 382; x_wconf 82' lang='lat' dir='ltr'><strong>COLLECTIO.</strong></span> 
     </span>
    </p>
   </div>
   <div class='ocr_carea' id='block_1_3' title="bbox 3441 329 3544 386">
    <p class='ocr_par' dir='ltr' id='par_1_3' title="bbox 3441 329 3544 386">
     <span class='ocr_line' id='line_1_3' title="bbox 3441 329 3544 386; baseline -0.019 -2"><span class='ocrx_word' id='word_1_4' title='bbox 3441 329 3544 386; x_wconf 81' lang='lat'><strong>990</strong></span> 
     </span>
    </p>
   </div>
   <div class='ocr_carea' id='block_1_4' title="bbox 185 432 3544 522">
    <p class='ocr_par' dir='ltr' id='par_1_4' title="bbox 185 432 3544 522">
     <span class='ocr_line' id='line_1_4' title="bbox 185 432 3544 522; baseline 0.001 -35"><span class='ocrx_word' id='word_1_5' title='bbox 185 449 316 487; x_wconf 88' lang='lat' dir='ltr'><strong>rum</strong></span> <span class='ocrx_word' id='word_1_6' title='bbox 335 432 1229 489; x_wconf 87' lang='lat' dir='ltr'><strong>etmortuorumdominetur.Tu</strong></span> <span class='ocrx_word' id='word_1_7' title='bbox 1243 437 1438 490; x_wconf 88' lang='lat' dir='ltr'><strong>autem</strong></span> <span class='ocrx_word' id='word_1_8' title='bbox 1454 434 1819 507; x_wconf 89' lang='lat' dir='ltr'><strong>quidjudicas</strong></span> <span class='ocrx_word' id='word_1_9' title='bbox 1841 441 2027 522; x_wconf 72' lang='lat' dir='ltr'><strong>Attis,</strong></span> <span class='ocrx_word' id='word_1_10' title='bbox 2076 437 2122 490; x_wconf 92' lang='lat' dir='ltr'><strong>si</strong></span> <span class='ocrx_word' id='word_1_11' title='bbox 2156 451 2268 506; x_wconf 88' lang='lat' dir='ltr'><strong>qua</strong></span> <span class='ocrx_word' id='word_1_12' title='bbox 2301 435 2516 490; x_wconf 80' lang='lat' dir='ltr'><strong>viscera</strong></span> <span class='ocrx_word' id='word_1_13' title='bbox 2561 435 2946 490; x_wconf 77' lang='lat' dir='ltr'><strong>miserationis</strong></span> <span class='ocrx_word' id='word_1_14' title='bbox 2985 433 3220 506; x_wconf 78' lang='lat' dir='ltr'><strong>implete</strong></span> <span class='ocrx_word' id='word_1_15' title='bbox 3271 433 3544 506; x_wconf 78' lang='lat' dir='ltr'><strong>gaudium</strong></span> 
     </span>
    </p>
   </div>
   <div class='ocr_carea' id='block_1_5' title="bbox 183 526 1820 600">
    <p class='ocr_par' dir='ltr' id='par_1_5' title="bbox 183 526 1820 600">
     <span class='ocr_line' id='line_1_5' title="bbox 183 526 1820 600; baseline 0.002 -20"><span class='ocrx_word' id='word_1_16' title='bbox 183 526 420 580; x_wconf 77' lang='lat' dir='ltr'><strong>fratrem</strong></span> <span class='ocrx_word' id='word_1_17' title='bbox 435 529 494 581; x_wconf 89' lang='lat' dir='ltr'><strong>tu</strong></span> <span class='ocrx_word' id='word_1_18' title='bbox 503 533 725 594; x_wconf 90' lang='lat' dir='ltr'><strong>um,aut</strong></span> <span class='ocrx_word' id='word_1_19' title='bbox 735 544 908 600; x_wconf 91' lang='lat' dir='ltr'><strong>quare</strong></span> <span class='ocrx_word' id='word_1_20' title='bbox 923 529 1144 600; x_wconf 89' lang='lat' dir='ltr'><strong>spernis</strong></span> <span class='ocrx_word' id='word_1_21' title='bbox 1155 529 1391 584; x_wconf 81' lang='lat' dir='ltr'><strong>fratrem</strong></span> <span class='ocrx_word' id='word_1_22' title='bbox 1405 531 1601 584; x_wconf 79' lang='lat' dir='ltr'><strong>tuum?</strong></span> <span class='ocrx_word' id='word_1_23' title='bbox 1613 529 1820 584; x_wconf 89' lang='lat' dir='ltr'><strong>Omnes</strong></span> 
     </span>
    </p>
   </div>
   <div class='ocr_carea' id='block_1_6' title="bbox 188 619 1821 695">
    <p class='ocr_par' dir='ltr' id='par_1_6' title="bbox 188 619 1821 695">
     <span class='ocr_line' id='line_1_6' title="bbox 188 619 1821 695; baseline -0.001 -18"><span class='ocrx_word' id='word_1_24' title='bbox 188 619 383 693; x_wconf 79' lang='grc'><strong>245</strong></span> <span class='ocrx_word' id='word_1_25' title='bbox 415 620 696 676; x_wconf 81' lang='lat' dir='ltr'><strong>stabimus</strong></span> <span class='ocrx_word' id='word_1_26' title='bbox 725 627 857 676; x_wconf 85' lang='lat' dir='ltr'><strong>ante</strong></span> <span class='ocrx_word' id='word_1_27' title='bbox 889 621 1138 677; x_wconf 85' lang='lat' dir='ltr'><strong>tribunal</strong></span> <span class='ocrx_word' id='word_1_28' title='bbox 1163 622 1385 680; x_wconf 85' lang='lat' dir='ltr'><strong>Christi.</strong></span> <span class='ocrx_word' id='word_1_29' title='bbox 1420 623 1706 695; x_wconf 85' lang='lat' dir='ltr'><strong>Scriptum</strong></span> <span class='ocrx_word' id='word_1_30' title='bbox 1737 626 1821 677; x_wconf 89' lang='lat' dir='ltr'><strong>est</strong></span> 
     </span>
    </p>
   </div>
   <div class='ocr_carea' id='block_1_7' title="bbox 187 715 1822 787">
    <p class='ocr_par' dir='ltr' id='par_1_7' title="bbox 187 715 1822 787">
     <span class='ocr_line' id='line_1_7' title="bbox 187 715 1822 787; baseline 0.002 -19"><span class='ocrx_word' id='word_1_31' title='bbox 187 715 343 769; x_wconf 90' lang='lat' dir='ltr'><strong>enim</strong></span> <span class='ocrx_word' id='word_1_32' title='bbox 398 730 412 768; x_wconf 89' lang='lat'><strong>:</strong></span> <span class='ocrx_word' id='word_1_33' title='bbox 463 733 490 766; x_wconf 78' lang='grc' dir='ltr'><strong>α</strong></span> <span class='ocrx_word' id='word_1_34' title='bbox 533 715 668 770; x_wconf 86' lang='lat' dir='ltr'><strong>Vivo</strong></span> <span class='ocrx_word' id='word_1_35' title='bbox 716 731 822 786; x_wconf 91' lang='lat' dir='ltr'><strong>ego</strong></span> <span class='ocrx_word' id='word_1_36' title='bbox 861 715 997 771; x_wconf 89' lang='lat' dir='ltr'><strong>dicit</strong></span> <span class='ocrx_word' id='word_1_37' title='bbox 1039 716 1336 782; x_wconf 86' lang='lat' dir='ltr'><strong>Dominus,</strong></span> <span class='ocrx_word' id='word_1_38' title='bbox 1377 717 1645 787; x_wconf 89' lang='lat' dir='ltr'><strong>quoniam</strong></span> <span class='ocrx_word' id='word_1_39' title='bbox 1679 717 1822 771; x_wconf 89' lang='lat' dir='ltr'><strong>mihi</strong></span> 
     </span>
    </p>
   </div>
   <div class='ocr_carea' id='block_1_8' title="bbox 185 806 1824 880">
    <p class='ocr_par' dir='ltr' id='par_1_8' title="bbox 185 806 1824 880">
     <span class='ocr_line' id='line_1_8' title="bbox 185 806 1824 880; baseline 0.002 -19"><span class='ocrx_word' id='word_1_40' title='bbox 185 806 456 862; x_wconf 84' lang='lat' dir='ltr'><strong>ﬂectetur</strong></span> <span class='ocrx_word' id='word_1_41' title='bbox 502 825 677 864; x_wconf 89' lang='lat' dir='ltr'><strong>omne</strong></span> <span class='ocrx_word' id='word_1_42' title='bbox 718 826 870 880; x_wconf 88' lang='lat' dir='ltr'><strong>genu</strong></span> <span class='ocrx_word' id='word_1_43' title='bbox 909 812 968 863; x_wconf 90' lang='lat' dir='ltr'><strong>et</strong></span> <span class='ocrx_word' id='word_1_44' title='bbox 1001 809 1186 864; x_wconf 91' lang='lat' dir='ltr'><strong>omnis</strong></span> <span class='ocrx_word' id='word_1_45' title='bbox 1232 810 1426 880; x_wconf 87' lang='lat' dir='ltr'><strong>lingua</strong></span> <span class='ocrx_word' id='word_1_46' title='bbox 1464 810 1824 866; x_wconf 82' lang='lat' dir='ltr'><strong>conﬁtebitur</strong></span> 
     </span>
    </p>
   </div>
   <div class='ocr_carea' id='block_1_9' title="bbox 190 900 1818 974">
    <p class='ocr_par' dir='ltr' id='par_1_9' title="bbox 190 900 1818 974">
     <span class='ocr_line' id='line_1_9' title="bbox 190 900 1818 974; baseline 0.002 -19"><span class='ocrx_word' id='word_1_47' title='bbox 190 900 324 956; x_wconf 91' lang='lat' dir='ltr'><strong>Deo.</strong></span> <span class='ocrx_word' id='word_1_48' title='bbox 353 903 552 972; x_wconf 86' lang='lat' dir='ltr'><strong>Itaque</strong></span> <span class='ocrx_word' id='word_1_49' title='bbox 582 901 972 974; x_wconf 85' lang='lat' dir='ltr'><strong>unusquisque</strong></span> <span class='ocrx_word' id='word_1_50' title='bbox 997 919 1098 974; x_wconf 92' lang='lat' dir='ltr'><strong>pro</strong></span> <span class='ocrx_word' id='word_1_51' title='bbox 1122 919 1182 957; x_wconf 92' lang='lat' dir='ltr'><strong>se</strong></span> <span class='ocrx_word' id='word_1_52' title='bbox 1213 904 1430 958; x_wconf 88' lang='lat' dir='ltr'><strong>ratione</strong></span> <span class='ocrx_word' id='word_1_53' title='bbox 1458 903 1659 959; x_wconf 89' lang='lat' dir='ltr'><strong>reddet</strong></span> <span class='ocrx_word' id='word_1_54' title='bbox 1688 904 1818 958; x_wconf 91' lang='lat' dir='ltr'><strong>Deo.</strong></span> 
     </span>
    </p>
   </div>
   <div class='ocr_carea' id='block_1_10' title="bbox 187 994 1823 1067">
    <p class='ocr_par' dir='ltr' id='par_1_10' title="bbox 187 994 1823 1067">
     <span class='ocr_line' id='line_1_10' title="bbox 187 994 1823 1067; baseline 0.002 -19"><span class='ocrx_word' id='word_1_55' title='bbox 187 994 310 1048; x_wconf 79' lang='lat' dir='ltr'><strong>Non</strong></span> <span class='ocrx_word' id='word_1_56' title='bbox 373 1011 515 1066; x_wconf 89' lang='lat' dir='ltr'><strong>ergo</strong></span> <span class='ocrx_word' id='word_1_57' title='bbox 571 995 816 1067; x_wconf 84' lang='lat' dir='ltr'><strong>amplius</strong></span> <span class='ocrx_word' id='word_1_58' title='bbox 875 997 1119 1052; x_wconf 87' lang='lat' dir='ltr'><strong>invicem</strong></span> <span class='ocrx_word' id='word_1_59' title='bbox 1166 997 1509 1067; x_wconf 90' lang='lat' dir='ltr'><strong>judicemus,</strong></span> <span class='ocrx_word' id='word_1_60' title='bbox 1565 997 1663 1052; x_wconf 91' lang='lat' dir='ltr'><strong>sed</strong></span> <span class='ocrx_word' id='word_1_61' title='bbox 1715 997 1823 1052; x_wconf 92' lang='lat' dir='ltr'><strong>hoc</strong></span> 
     </span>
    </p>
   </div>
   <div class='ocr_carea' id='block_1_11' title="bbox 179 1086 1823 1162">
    <p class='ocr_par' dir='ltr' id='par_1_11' title="bbox 179 1086 1823 1162">
     <span class='ocr_line' id='line_1_11' title="bbox 179 1086 1823 1162; baseline 0.001 -21"><span class='ocrx_word' id='word_1_62' title='bbox 179 1086 441 1156; x_wconf 85' lang='lat' dir='ltr'><strong>judicate</strong></span> <span class='ocrx_word' id='word_1_63' title='bbox 481 1089 665 1160; x_wconf 89' lang='lat' dir='ltr'><strong>magis</strong></span> <span class='ocrx_word' id='word_1_64' title='bbox 707 1107 781 1144; x_wconf 91' lang='lat' dir='ltr'><strong>ne</strong></span> <span class='ocrx_word' id='word_1_65' title='bbox 823 1090 1044 1162; x_wconf 91' lang='lat' dir='ltr'><strong>ponatis</strong></span> <span class='ocrx_word' id='word_1_66' title='bbox 1093 1089 1501 1145; x_wconf 79' lang='lat' dir='ltr'><strong>oﬂ‘endiculum</strong></span> <span class='ocrx_word' id='word_1_67' title='bbox 1541 1091 1706 1145; x_wconf 88' lang='lat' dir='ltr'><strong>fratri</strong></span> <span class='ocrx_word' id='word_1_68' title='bbox 1734 1090 1823 1144; x_wconf 92' lang='lat' dir='ltr'><strong>vel</strong></span> 
     </span>
    </p>
   </div>
   <div class='ocr_carea' id='block_1_12' title="bbox 188 1181 1824 1256">
    <p class='ocr_par' dir='ltr' id='par_1_12' title="bbox 188 1181 1824 1256">
     <span class='ocr_line' id='line_1_12' title="bbox 188 1181 1824 1256; baseline 0.002 -21"><span class='ocrx_word' id='word_1_69' title='bbox 188 1181 525 1236; x_wconf 88' lang='lat' dir='ltr'><strong>scandalum</strong></span> <span class='ocrx_word' id='word_1_70' title='bbox 569 1183 736 1252; x_wconf 84' lang='lat' dir='ltr'><strong>(Rom.</strong></span> <span class='ocrx_word' id='word_1_71' title='bbox 774 1199 884 1251; x_wconf 80' lang='lat' dir='ltr'><strong>xiv,</strong></span> <span class='ocrx_word' id='word_1_72' title='bbox 929 1185 1106 1254; x_wconf 79' lang='grc'><strong>7-14).</strong></span> <span class='ocrx_word' id='word_1_73' title='bbox 1136 1205 1163 1233; x_wconf 88' lang='grc'><strong>››</strong></span> <span class='ocrx_word' id='word_1_74' title='bbox 1203 1184 1390 1238; x_wconf 83' lang='lat' dir='ltr'><strong>Monet</strong></span> <span class='ocrx_word' id='word_1_75' title='bbox 1429 1183 1604 1256; x_wconf 82' lang='lat' dir='ltr'><strong>igitur</strong></span> <span class='ocrx_word' id='word_1_76' title='bbox 1627 1184 1824 1239; x_wconf 90' lang='lat' dir='ltr'><strong>beatus</strong></span> 
     </span>
    </p>
   </div>
   <div class='ocr_carea' id='block_1_13' title="bbox 188 1275 1823 1348">
    <p class='ocr_par' dir='ltr' id='par_1_13' title="bbox 188 1275 1823 1348">
     <span class='ocr_line' id='line_1_13' title="bbox 188 1275 1823 1348; baseline 0 -17"><span class='ocrx_word' id='word_1_77' title='bbox 188 1275 488 1346; x_wconf 77' lang='lat' dir='ltr'><strong>Apostolus</strong></span> <span class='ocrx_word' id='word_1_78' title='bbox 517 1293 586 1331; x_wconf 92' lang='lat' dir='ltr'><strong>ne</strong></span> <span class='ocrx_word' id='word_1_79' title='bbox 616 1276 686 1330; x_wconf 93' lang='lat' dir='ltr'><strong>de</strong></span> <span class='ocrx_word' id='word_1_80' title='bbox 712 1277 801 1331; x_wconf 91' lang='lat' dir='ltr'><strong>his</strong></span> <span class='ocrx_word' id='word_1_81' title='bbox 825 1277 987 1332; x_wconf 92' lang='lat' dir='ltr'><strong>nobis</strong></span> <span class='ocrx_word' id='word_1_82' title='bbox 1008 1293 1424 1348; x_wconf 89' lang='lat' dir='ltr'><strong>prasumamus</strong></span> <span class='ocrx_word' id='word_1_83' title='bbox 1446 1277 1728 1348; x_wconf 87' lang='lat' dir='ltr'><strong>judicium</strong></span> <span class='ocrx_word' id='word_1_84' title='bbox 1754 1279 1823 1332; x_wconf 93' lang='lat' dir='ltr'><strong>de</strong></span> 
     </span>
    </p>
   </div>
   <div class='ocr_carea' id='block_1_14' title="bbox 193 1369 1824 1442">
    <p class='ocr_par' dir='ltr' id='par_1_14' title="bbox 193 1369 1824 1442">
     <span class='ocr_line' id='line_1_14' title="bbox 193 1369 1824 1442; baseline 0.002 -21"><span class='ocrx_word' id='word_1_85' title='bbox 193 1369 402 1440; x_wconf 87' lang='lat' dir='ltr'><strong>quibus</strong></span> <span class='ocrx_word' id='word_1_86' title='bbox 427 1385 599 1424; x_wconf 92' lang='lat' dir='ltr'><strong>nemo</strong></span> <span class='ocrx_word' id='word_1_87' title='bbox 628 1373 812 1440; x_wconf 90' lang='lat' dir='ltr'><strong>potest</strong></span> <span class='ocrx_word' id='word_1_88' title='bbox 829 1371 1033 1424; x_wconf 91' lang='lat' dir='ltr'><strong>melius</strong></span> <span class='ocrx_word' id='word_1_89' title='bbox 1055 1371 1142 1426; x_wconf 87' lang='lat' dir='ltr'><strong>vel</strong></span> <span class='ocrx_word' id='word_1_90' title='bbox 1165 1371 1352 1425; x_wconf 88' lang='lat' dir='ltr'><strong>verius</strong></span> <span class='ocrx_word' id='word_1_91' title='bbox 1370 1370 1625 1442; x_wconf 87' lang='lat' dir='ltr'><strong>judicare</strong></span> <span class='ocrx_word' id='word_1_92' title='bbox 1647 1387 1824 1442; x_wconf 90' lang='lat' dir='ltr'><strong>quam</strong></span> 
     </span>
    </p>
   </div>
   <div class='ocr_carea' id='block_1_15' title="bbox 193 1461 1823 1535">
    <p class='ocr_par' dir='ltr' id='par_1_15' title="bbox 193 1461 1823 1535">
     <span class='ocr_line' id='line_1_15' title="bbox 193 1461 1823 1535; baseline 0.002 -20"><span class='ocrx_word' id='word_1_93' title='bbox 193 1462 358 1530; x_wconf 90' lang='lat' dir='ltr'><strong>Deus,</strong></span> <span class='ocrx_word' id='word_1_94' title='bbox 402 1461 513 1516; x_wconf 87' lang='lat' dir='ltr'><strong>sibi</strong></span> <span class='ocrx_word' id='word_1_95' title='bbox 551 1463 610 1516; x_wconf 91' lang='lat' dir='ltr'><strong>in</strong></span> <span class='ocrx_word' id='word_1_96' title='bbox 649 1463 753 1518; x_wconf 92' lang='lat' dir='ltr'><strong>hoc</strong></span> <span class='ocrx_word' id='word_1_97' title='bbox 783 1463 1064 1535; x_wconf 87' lang='lat' dir='ltr'><strong>quispiam</strong></span> <span class='ocrx_word' id='word_1_98' title='bbox 1096 1465 1432 1519; x_wconf 86' lang='lat' dir='ltr'><strong>temerarios</strong></span> <span class='ocrx_word' id='word_1_99' title='bbox 1461 1481 1629 1518; x_wconf 91' lang='lat' dir='ltr'><strong>ausus</strong></span> <span class='ocrx_word' id='word_1_100' title='bbox 1659 1481 1823 1518; x_wconf 89' lang='lat' dir='ltr'><strong>usur-</strong></span> 
     </span>
    </p>
   </div>
   <div class='ocr_carea' id='block_1_16' title="bbox 193 1557 1823 1629">
    <p class='ocr_par' dir='ltr' id='par_1_16' title="bbox 193 1557 1823 1629">
     <span class='ocr_line' id='line_1_16' title="bbox 193 1557 1823 1629; baseline 0.001 -20"><span class='ocrx_word' id='word_1_101' title='bbox 193 1559 307 1627; x_wconf 86' lang='lat' dir='ltr'><strong>pet,</strong></span> <span class='ocrx_word' id='word_1_102' title='bbox 338 1561 397 1610; x_wconf 91' lang='lat' dir='ltr'><strong>et</strong></span> <span class='ocrx_word' id='word_1_103' title='bbox 425 1562 659 1628; x_wconf 89' lang='lat' dir='ltr'><strong>propter</strong></span> <span class='ocrx_word' id='word_1_104' title='bbox 685 1557 790 1612; x_wconf 93' lang='lat' dir='ltr'><strong>hoc</strong></span> <span class='ocrx_word' id='word_1_105' title='bbox 829 1575 938 1628; x_wconf 87' lang='lat' dir='ltr'><strong>pax</strong></span> <span class='ocrx_word' id='word_1_106' title='bbox 968 1563 1136 1629; x_wconf 86' lang='lat' dir='ltr'><strong>atque</strong></span> <span class='ocrx_word' id='word_1_107' title='bbox 1164 1558 1350 1613; x_wconf 89' lang='lat' dir='ltr'><strong>unitas</strong></span> <span class='ocrx_word' id='word_1_108' title='bbox 1377 1558 1636 1613; x_wconf 85' lang='lat' dir='ltr'><strong>Ecclesia</strong></span> <span class='ocrx_word' id='word_1_109' title='bbox 1663 1557 1823 1613; x_wconf 88' lang='lat' dir='ltr'><strong>dissi-</strong></span> 
     </span>
    </p>
   </div>
   <div class='ocr_carea' id='block_1_17' title="bbox 192 1651 1827 1722">
    <p class='ocr_par' dir='ltr' id='par_1_17' title="bbox 192 1651 1827 1722">
     <span class='ocr_line' id='line_1_17' title="bbox 192 1651 1827 1722; baseline 0.002 -18"><span class='ocrx_word' id='word_1_110' title='bbox 192 1654 381 1721; x_wconf 88' lang='lat' dir='ltr'><strong>petur.</strong></span> <span class='ocrx_word' id='word_1_111' title='bbox 422 1651 562 1704; x_wconf 86' lang='lat' dir='ltr'><strong>Nam</strong></span> <span class='ocrx_word' id='word_1_112' title='bbox 605 1653 664 1705; x_wconf 91' lang='lat' dir='ltr'><strong>et</strong></span> <span class='ocrx_word' id='word_1_113' title='bbox 702 1651 761 1706; x_wconf 93' lang='lat' dir='ltr'><strong>in</strong></span> <span class='ocrx_word' id='word_1_114' title='bbox 801 1652 1130 1722; x_wconf 84' lang='lat' dir='ltr'><strong>Regnorum</strong></span> <span class='ocrx_word' id='word_1_115' title='bbox 1177 1652 1322 1706; x_wconf 92' lang='lat' dir='ltr'><strong>libro</strong></span> <span class='ocrx_word' id='word_1_116' title='bbox 1365 1653 1614 1706; x_wconf 88' lang='lat' dir='ltr'><strong>dicitur:</strong></span> <span class='ocrx_word' id='word_1_117' title='bbox 1646 1671 1673 1704; x_wconf 83' lang='lat'>«</span> <span class='ocrx_word' id='word_1_118' title='bbox 1705 1653 1827 1707; x_wconf 82' lang='lat' dir='ltr'><strong>Non</strong></span> 
     </span>
    </p>
   </div>
   <div class='ocr_carea' id='block_1_18' title="bbox 193 1743 1828 1818">
    <p class='ocr_par' dir='ltr' id='par_1_18' title="bbox 193 1743 1828 1818">
     <span class='ocr_line' id='line_1_18' title="bbox 193 1743 1828 1818; baseline 0.002 -21"><span class='ocrx_word' id='word_1_119' title='bbox 193 1744 489 1815; x_wconf 89' lang='lat' dir='ltr'><strong>quomodo</strong></span> <span class='ocrx_word' id='word_1_120' title='bbox 510 1743 664 1799; x_wconf 89' lang='lat' dir='ltr'><strong>videt</strong></span> <span class='ocrx_word' id='word_1_121' title='bbox 684 1745 877 1812; x_wconf 90' lang='lat' dir='ltr'><strong>homo,</strong></span> <span class='ocrx_word' id='word_1_122' title='bbox 896 1745 1050 1800; x_wconf 89' lang='lat' dir='ltr'><strong>videt</strong></span> <span class='ocrx_word' id='word_1_123' title='bbox 1068 1752 1124 1800; x_wconf 92' lang='lat' dir='ltr'><strong>et</strong></span> <span class='ocrx_word' id='word_1_124' title='bbox 1142 1746 1308 1813; x_wconf 88' lang='lat' dir='ltr'><strong>Deus,</strong></span> <span class='ocrx_word' id='word_1_125' title='bbox 1333 1747 1464 1818; x_wconf 87' lang='lat' dir='ltr'><strong>quia</strong></span> <span class='ocrx_word' id='word_1_126' title='bbox 1485 1747 1655 1801; x_wconf 91' lang='lat' dir='ltr'><strong>homo</strong></span> <span class='ocrx_word' id='word_1_127' title='bbox 1676 1745 1828 1800; x_wconf 87' lang='lat' dir='ltr'><strong>videt</strong></span> 
     </span>
    </p>
   </div>
   <div class='ocr_carea' id='block_1_19' title="bbox 193 1819 1904 1910">
    <p class='ocr_par' dir='ltr' id='par_1_19' title="bbox 193 1819 1904 1910">
     <span class='ocr_line' id='line_1_19' title="bbox 193 1819 1904 1910; baseline 0.001 -19"><span class='ocrx_word' id='word_1_128' title='bbox 193 1837 251 1891; x_wconf 92' lang='lat' dir='ltr'><strong>in</strong></span> <span class='ocrx_word' id='word_1_129' title='bbox 285 1837 456 1906; x_wconf 87' lang='lat' dir='ltr'><strong>facie,</strong></span> <span class='ocrx_word' id='word_1_130' title='bbox 487 1839 632 1893; x_wconf 90' lang='lat' dir='ltr'><strong>Deus</strong></span> <span class='ocrx_word' id='word_1_131' title='bbox 654 1844 844 1894; x_wconf 90' lang='lat' dir='ltr'><strong>autem</strong></span> <span class='ocrx_word' id='word_1_132' title='bbox 873 1839 1026 1894; x_wconf 88' lang='lat' dir='ltr'><strong>videt</strong></span> <span class='ocrx_word' id='word_1_133' title='bbox 1052 1839 1111 1893; x_wconf 91' lang='lat' dir='ltr'><strong>in</strong></span> <span class='ocrx_word' id='word_1_134' title='bbox 1140 1840 1306 1894; x_wconf 91' lang='lat' dir='ltr'><strong>corde</strong></span> <span class='ocrx_word' id='word_1_135' title='bbox 1329 1842 1371 1910; x_wconf 90' lang='grc'><strong>(1</strong></span> <span class='ocrx_word' id='word_1_136' title='bbox 1393 1843 1520 1910; x_wconf 90' lang='lat' dir='ltr'><strong>Reg.</strong></span> <span class='ocrx_word' id='word_1_137' title='bbox 1555 1857 1663 1909; x_wconf 74' lang='lat' dir='ltr'><strong>xvr,</strong></span> <span class='ocrx_word' id='word_1_138' title='bbox 1695 1842 1767 1910; x_wconf 89' lang='lat'><strong>7).</strong></span> <span class='ocrx_word' id='word_1_139' title='bbox 1794 1861 1822 1890; x_wconf 88' lang='grc'>››</span> <span class='ocrx_word' id='word_1_140' title='bbox 1846 1819 1904 1892; x_wconf 85' lang='grc' dir='ltr'>Β</span> 
     </span>
    </p>
   </div>
   <div class='ocr_carea' id='block_1_20' title="bbox 199 1931 1828 2005">
    <p class='ocr_par' dir='ltr' id='par_1_20' title="bbox 199 1931 1828 2005">
     <span class='ocr_line' id='line_1_20' title="bbox 199 1931 1828 2005; baseline 0.002 -21"><span class='ocrx_word' id='word_1_141' title='bbox 199 1931 342 1985; x_wconf 85' lang='lat' dir='ltr'><strong>Item</strong></span> <span class='ocrx_word' id='word_1_142' title='bbox 389 1932 449 1985; x_wconf 90' lang='lat' dir='ltr'><strong>in</strong></span> <span class='ocrx_word' id='word_1_143' title='bbox 479 1932 952 2004; x_wconf 89' lang='lat' dir='ltr'><strong>Paralipomenon</strong></span> <span class='ocrx_word' id='word_1_144' title='bbox 1000 1933 1144 1988; x_wconf 91' lang='lat' dir='ltr'><strong>libro</strong></span> <span class='ocrx_word' id='word_1_145' title='bbox 1177 1935 1364 2005; x_wconf 92' lang='lat' dir='ltr'><strong>primo</strong></span> <span class='ocrx_word' id='word_1_146' title='bbox 1394 1951 1406 1987; x_wconf 92' lang='lat'>:</span> <span class='ocrx_word' id='word_1_147' title='bbox 1440 1955 1467 1983; x_wconf 84' lang='grc'><em>‹‹</em></span> <span class='ocrx_word' id='word_1_148' title='bbox 1496 1935 1563 1988; x_wconf 89' lang='lat' dir='ltr'><strong>Et</strong></span> <span class='ocrx_word' id='word_1_149' title='bbox 1593 1950 1764 2000; x_wconf 89' lang='lat' dir='ltr'><strong>nunc,</strong></span> <span class='ocrx_word' id='word_1_150' title='bbox 1795 1950 1828 1988; x_wconf 90' lang='grc' dir='ltr'>ο</span> 
     </span>
    </p>
   </div>
   <div class='ocr_carea' id='block_1_21' title="bbox 195 2025 1829 2094">
    <p class='ocr_par' dir='ltr' id='par_1_21' title="bbox 195 2025 1829 2094">
     <span class='ocr_line' id='line_1_21' title="bbox 195 2025 1829 2094; baseline 0.001 -14"><span class='ocrx_word' id='word_1_151' title='bbox 195 2025 462 2080; x_wconf 89' lang='lat' dir='ltr'><strong>Salomon</strong></span> <span class='ocrx_word' id='word_1_152' title='bbox 489 2025 628 2080; x_wconf 90' lang='lat' dir='ltr'><strong>scito</strong></span> <span class='ocrx_word' id='word_1_153' title='bbox 650 2027 833 2082; x_wconf 93' lang='lat' dir='ltr'><strong>Deum</strong></span> <span class='ocrx_word' id='word_1_154' title='bbox 861 2029 1092 2082; x_wconf 82' lang='lat' dir='ltr'><strong>Patrum</strong></span> <span class='ocrx_word' id='word_1_155' title='bbox 1124 2030 1376 2094; x_wconf 91' lang='lat' dir='ltr'><strong>tuorum,</strong></span> <span class='ocrx_word' id='word_1_156' title='bbox 1408 2032 1464 2082; x_wconf 90' lang='lat' dir='ltr'><strong>et</strong></span> <span class='ocrx_word' id='word_1_157' title='bbox 1491 2027 1633 2082; x_wconf 87' lang='lat' dir='ltr'><strong>servi</strong></span> <span class='ocrx_word' id='word_1_158' title='bbox 1661 2027 1742 2082; x_wconf 90' lang='lat' dir='ltr'><strong>illi</strong></span> <span class='ocrx_word' id='word_1_159' title='bbox 1771 2027 1829 2081; x_wconf 90' lang='lat' dir='ltr'><strong>in</strong></span> 
     </span>
    </p>
   </div>
   <div class='ocr_carea' id='block_1_22' title="bbox 195 2119 1827 2192">
    <p class='ocr_par' dir='ltr' id='par_1_22' title="bbox 195 2119 1827 2192">
     <span class='ocr_line' id='line_1_22' title="bbox 195 2119 1827 2192; baseline 0.001 -19"><span class='ocrx_word' id='word_1_160' title='bbox 195 2119 366 2174; x_wconf 91' lang='lat' dir='ltr'><strong>corde</strong></span> <span class='ocrx_word' id='word_1_161' title='bbox 392 2119 639 2191; x_wconf 83' lang='lat' dir='ltr'><strong>perfecto</strong></span> <span class='ocrx_word' id='word_1_162' title='bbox 662 2127 718 2174; x_wconf 93' lang='lat' dir='ltr'><strong>et</strong></span> <span class='ocrx_word' id='word_1_163' title='bbox 743 2121 800 2174; x_wconf 91' lang='lat' dir='ltr'><strong>in</strong></span> <span class='ocrx_word' id='word_1_164' title='bbox 827 2121 1016 2176; x_wconf 91' lang='lat' dir='ltr'><strong>animo</strong></span> <span class='ocrx_word' id='word_1_165' title='bbox 1048 2121 1320 2192; x_wconf 84' lang='lat' dir='ltr'><strong>perfecto,</strong></span> <span class='ocrx_word' id='word_1_166' title='bbox 1345 2127 1402 2176; x_wconf 91' lang='lat' dir='ltr'><strong>et</strong></span> <span class='ocrx_word' id='word_1_167' title='bbox 1427 2121 1484 2175; x_wconf 90' lang='lat' dir='ltr'><strong>in</strong></span> <span class='ocrx_word' id='word_1_168' title='bbox 1513 2121 1704 2176; x_wconf 90' lang='lat' dir='ltr'><strong>animo</strong></span> <span class='ocrx_word' id='word_1_169' title='bbox 1731 2138 1827 2174; x_wconf 86' lang='lat' dir='ltr'><strong>vo-</strong></span> 
     </span>
    </p>
   </div>
   <div class='ocr_carea' id='block_1_23' title="bbox 194 2211 1827 2284">
    <p class='ocr_par' dir='ltr' id='par_1_23' title="bbox 194 2211 1827 2284">
     <span class='ocr_line' id='line_1_23' title="bbox 194 2211 1827 2284; baseline 0.002 -19"><span class='ocrx_word' id='word_1_170' title='bbox 194 2211 369 2278; x_wconf 81' lang='lat' dir='ltr'><strong>lente,</strong></span> <span class='ocrx_word' id='word_1_171' title='bbox 415 2213 685 2284; x_wconf 89' lang='lat' dir='ltr'><strong>quoniam</strong></span> <span class='ocrx_word' id='word_1_172' title='bbox 711 2213 901 2268; x_wconf 85' lang='lat' dir='ltr'><strong>omnia</strong></span> <span class='ocrx_word' id='word_1_173' title='bbox 930 2214 1103 2268; x_wconf 89' lang='lat' dir='ltr'><strong>corda</strong></span> <span class='ocrx_word' id='word_1_174' title='bbox 1128 2218 1416 2269; x_wconf 86' lang='lat' dir='ltr'><strong>scrutatur</strong></span> <span class='ocrx_word' id='word_1_175' title='bbox 1443 2216 1589 2268; x_wconf 86' lang='lat' dir='ltr'><strong>Deus</strong></span> <span class='ocrx_word' id='word_1_176' title='bbox 1619 2221 1674 2270; x_wconf 91' lang='lat' dir='ltr'><strong>et</strong></span> <span class='ocrx_word' id='word_1_177' title='bbox 1704 2231 1827 2269; x_wconf 88' lang='lat' dir='ltr'><strong>om-</strong></span> 
     </span>
    </p>
   </div>
   <div class='ocr_carea' id='block_1_24' title="bbox 196 2306 1829 2378">
    <p class='ocr_par' dir='ltr' id='par_1_24' title="bbox 196 2306 1829 2378">
     <span class='ocr_line' id='line_1_24' title="bbox 196 2306 1829 2378; baseline 0.001 -18"><span class='ocrx_word' id='word_1_178' title='bbox 196 2322 333 2360; x_wconf 91' lang='lat' dir='ltr'><strong>nem</strong></span> <span class='ocrx_word' id='word_1_179' title='bbox 363 2306 771 2378; x_wconf 78' lang='lat' dir='ltr'><strong>cogitationem</strong></span> <span class='ocrx_word' id='word_1_180' title='bbox 800 2308 956 2362; x_wconf 90' lang='lat' dir='ltr'><strong>novit</strong></span> <span class='ocrx_word' id='word_1_181' title='bbox 983 2310 1030 2377; x_wconf 96' lang='grc' dir='ltr'><strong>(Ι</strong></span> <span class='ocrx_word' id='word_1_182' title='bbox 1054 2310 1184 2363; x_wconf 84' lang='lat' dir='ltr'><strong>Par.</strong></span> <span class='ocrx_word' id='word_1_183' title='bbox 1215 2325 1404 2377; x_wconf 87' lang='lat' dir='ltr'><strong>xxvm,</strong></span> <span class='ocrx_word' id='word_1_184' title='bbox 1436 2311 1509 2378; x_wconf 90' lang='lat'><strong>9).</strong></span> <span class='ocrx_word' id='word_1_185' title='bbox 1541 2331 1568 2358; x_wconf 85' lang='lat'><strong>»</strong></span> <span class='ocrx_word' id='word_1_186' title='bbox 1607 2310 1744 2364; x_wconf 87' lang='lat' dir='ltr'><strong>Item</strong></span> <span class='ocrx_word' id='word_1_187' title='bbox 1770 2308 1829 2362; x_wconf 92' lang='lat' dir='ltr'><strong>in</strong></span> 
     </span>
    </p>
   </div>
   <div class='ocr_carea' id='block_1_25' title="bbox 200 2399 1828 2468">
    <p class='ocr_par' dir='ltr' id='par_1_25' title="bbox 200 2399 1828 2468">
     <span class='ocr_line' id='line_1_25' title="bbox 200 2399 1828 2468; baseline 0.001 -15"><span class='ocrx_word' id='word_1_188' title='bbox 200 2399 494 2454; x_wconf 80' lang='lat' dir='ltr'><strong>Ezechiele</strong></span> <span class='ocrx_word' id='word_1_189' title='bbox 535 2400 657 2454; x_wconf 86' lang='lat' dir='ltr'><strong>hac</strong></span> <span class='ocrx_word' id='word_1_190' title='bbox 701 2401 837 2455; x_wconf 92' lang='lat' dir='ltr'><strong>dicit</strong></span> <span class='ocrx_word' id='word_1_191' title='bbox 876 2400 1146 2456; x_wconf 88' lang='lat' dir='ltr'><strong>Dominus</strong></span> <span class='ocrx_word' id='word_1_192' title='bbox 1193 2402 1336 2456; x_wconf 89' lang='lat' dir='ltr'><strong>Deus</strong></span> <span class='ocrx_word' id='word_1_193' title='bbox 1376 2419 1388 2456; x_wconf 92' lang='lat'>:</span> <span class='ocrx_word' id='word_1_194' title='bbox 1436 2424 1463 2451; x_wconf 82' lang='lat'>«</span> <span class='ocrx_word' id='word_1_195' title='bbox 1507 2401 1561 2458; x_wconf 93' lang='lat' dir='ltr'><strong>Si</strong></span> <span class='ocrx_word' id='word_1_196' title='bbox 1589 2401 1828 2468; x_wconf 83' lang='lat' dir='ltr'><strong>dixistis,</strong></span> 
     </span>
    </p>
   </div>
   <div class='ocr_carea' id='block_1_26' title="bbox 201 2493 1831 2567">
    <p class='ocr_par' dir='ltr' id='par_1_26' title="bbox 201 2493 1831 2567">
     <span class='ocr_line' id='line_1_26' title="bbox 201 2493 1831 2567; baseline 0.001 -21"><span class='ocrx_word' id='word_1_197' title='bbox 201 2493 404 2547; x_wconf 88' lang='lat' dir='ltr'><strong>domus</strong></span> <span class='ocrx_word' id='word_1_198' title='bbox 429 2493 622 2560; x_wconf 81' lang='lat' dir='ltr'><strong>lsraél,</strong></span> <span class='ocrx_word' id='word_1_199' title='bbox 646 2496 702 2548; x_wconf 88' lang='lat' dir='ltr'><strong>et</strong></span> <span class='ocrx_word' id='word_1_200' title='bbox 725 2494 1094 2565; x_wconf 86' lang='lat' dir='ltr'><strong>cogitationes</strong></span> <span class='ocrx_word' id='word_1_201' title='bbox 1116 2493 1346 2566; x_wconf 91' lang='lat' dir='ltr'><strong>spiritus</strong></span> <span class='ocrx_word' id='word_1_202' title='bbox 1366 2494 1557 2562; x_wconf 89' lang='lat' dir='ltr'><strong>vestri,</strong></span> <span class='ocrx_word' id='word_1_203' title='bbox 1580 2512 1686 2567; x_wconf 89' lang='lat' dir='ltr'><strong>ego</strong></span> <span class='ocrx_word' id='word_1_204' title='bbox 1704 2495 1831 2549; x_wconf 90' lang='lat' dir='ltr'><strong>novi</strong></span> 
     </span>
    </p>
   </div>
   <div class='ocr_carea' id='block_1_27' title="bbox 202 2586 1834 2659">
    <p class='ocr_par' dir='ltr' id='par_1_27' title="bbox 202 2586 1834 2659">
     <span class='ocr_line' id='line_1_27' title="bbox 202 2586 1834 2659; baseline 0.001 -17"><span class='ocrx_word' id='word_1_205' title='bbox 202 2586 418 2655; x_wconf 82' lang='lat' dir='ltr'><strong>(Ezech.</strong></span> <span class='ocrx_word' id='word_1_206' title='bbox 463 2604 538 2656; x_wconf 84' lang='lat' dir='ltr'><strong>x1,</strong></span> <span class='ocrx_word' id='word_1_207' title='bbox 583 2586 656 2650; x_wconf 76' lang='lat'><strong>5}.</strong></span> <span class='ocrx_word' id='word_1_208' title='bbox 691 2607 719 2639; x_wconf 82' lang='lat'><strong><em>»</em></strong></span> <span class='ocrx_word' id='word_1_209' title='bbox 749 2588 908 2642; x_wconf 91' lang='lat' dir='ltr'><strong>Unde</strong></span> <span class='ocrx_word' id='word_1_210' title='bbox 948 2594 1005 2643; x_wconf 91' lang='lat' dir='ltr'><strong>et</strong></span> <span class='ocrx_word' id='word_1_211' title='bbox 1044 2587 1114 2642; x_wconf 90' lang='lat' dir='ltr'><strong>de</strong></span> <span class='ocrx_word' id='word_1_212' title='bbox 1143 2589 1381 2644; x_wconf 84' lang='lat' dir='ltr'><strong>Domino</strong></span> <span class='ocrx_word' id='word_1_213' title='bbox 1401 2588 1596 2659; x_wconf 90' lang='lat' dir='ltr'><strong>judice</strong></span> <span class='ocrx_word' id='word_1_214' title='bbox 1629 2589 1834 2644; x_wconf 92' lang='lat' dir='ltr'><strong>dicitur</strong></span> 
     </span>
    </p>
   </div>
   <div class='ocr_carea' id='block_1_28' title="bbox 199 2681 1834 2755">
    <p class='ocr_par' dir='ltr' id='par_1_28' title="bbox 199 2681 1834 2755">
     <span class='ocr_line' id='line_1_28' title="bbox 199 2681 1834 2755; baseline 0.001 -20"><span class='ocrx_word' id='word_1_215' title='bbox 199 2681 262 2735; x_wconf 90' lang='lat' dir='ltr'><strong>in</strong></span> <span class='ocrx_word' id='word_1_216' title='bbox 316 2681 622 2752; x_wconf 88' lang='lat' dir='ltr'><strong>Evangelio</strong></span> <span class='ocrx_word' id='word_1_217' title='bbox 665 2699 676 2736; x_wconf 94' lang='lat'><strong>:</strong></span> <span class='ocrx_word' id='word_1_218' title='bbox 719 2704 746 2732; x_wconf 89' lang='grc'><strong>‹‹</strong></span> <span class='ocrx_word' id='word_1_219' title='bbox 789 2682 984 2738; x_wconf 89' lang='lat' dir='ltr'><strong>Sciens</strong></span> <span class='ocrx_word' id='word_1_220' title='bbox 1027 2688 1221 2738; x_wconf 90' lang='lat' dir='ltr'><strong>autem</strong></span> <span class='ocrx_word' id='word_1_221' title='bbox 1265 2685 1426 2738; x_wconf 82' lang='lat' dir='ltr'><strong>Jesus</strong></span> <span class='ocrx_word' id='word_1_222' title='bbox 1465 2683 1834 2755; x_wconf 89' lang='lat' dir='ltr'><strong>cogitationes</strong></span> 
     </span>
    </p>
   </div>
   <div class='ocr_carea' id='block_1_29' title="bbox 202 2775 1834 2848">
    <p class='ocr_par' dir='ltr' id='par_1_29' title="bbox 202 2775 1834 2848">
     <span class='ocr_line' id='line_1_29' title="bbox 202 2775 1834 2848; baseline 0.001 -19"><span class='ocrx_word' id='word_1_223' title='bbox 202 2790 405 2830; x_wconf 90' lang='lat' dir='ltr'><strong>eorum</strong></span> <span class='ocrx_word' id='word_1_224' title='bbox 435 2775 581 2829; x_wconf 82' lang='lat' dir='ltr'><strong>dixit</strong></span> <span class='ocrx_word' id='word_1_225' title='bbox 607 2791 620 2830; x_wconf 94' lang='lat'>:</span> <span class='ocrx_word' id='word_1_226' title='bbox 644 2776 788 2840; x_wconf 85' lang='lat' dir='ltr'><strong>Quid</strong></span> <span class='ocrx_word' id='word_1_227' title='bbox 806 2776 1068 2848; x_wconf 86' lang='lat' dir='ltr'><strong>cogitatis</strong></span> <span class='ocrx_word' id='word_1_228' title='bbox 1095 2778 1245 2832; x_wconf 88' lang='lat' dir='ltr'><strong>mala</strong></span> <span class='ocrx_word' id='word_1_229' title='bbox 1277 2776 1336 2831; x_wconf 88' lang='lat' dir='ltr'><strong>in</strong></span> <span class='ocrx_word' id='word_1_230' title='bbox 1355 2777 1620 2832; x_wconf 89' lang='lat' dir='ltr'><strong>cordibus</strong></span> <span class='ocrx_word' id='word_1_231' title='bbox 1640 2777 1834 2832; x_wconf 82' lang='lat' dir='ltr'><strong>vestris</strong></span> 
     </span>
    </p>
   </div>
   <div class='ocr_carea' id='block_1_30' title="bbox 205 2869 696 2937">
    <p class='ocr_par' dir='ltr' id='par_1_30' title="bbox 205 2869 696 2937">
     <span class='ocr_line' id='line_1_30' title="bbox 205 2869 696 2937; baseline -0.012 -13"><span class='ocrx_word' id='word_1_232' title='bbox 205 2869 424 2936; x_wconf 73' lang='lat' dir='ltr'><strong>(Matth.</strong></span> <span class='ocrx_word' id='word_1_233' title='bbox 457 2886 532 2937; x_wconf 85' lang='lat' dir='ltr'><strong>1x,</strong></span> <span class='ocrx_word' id='word_1_234' title='bbox 561 2869 638 2937; x_wconf 83' lang='grc'><strong>4).</strong></span> <span class='ocrx_word' id='word_1_235' title='bbox 668 2891 696 2920; x_wconf 79' lang='lat'><strong>»</strong></span> 
     </span>
    </p>
   </div>
   <div class='ocr_carea' id='block_1_31' title="bbox 275 2963 1831 3036">
    <p class='ocr_par' dir='ltr' id='par_1_31' title="bbox 275 2963 1831 3036">
     <span class='ocr_line' id='line_1_31' title="bbox 275 2963 1831 3036; baseline 0.001 -18"><span class='ocrx_word' id='word_1_236' title='bbox 275 2963 364 3019; x_wconf 86' lang='lat' dir='ltr'><strong>lli.</strong></span> <span class='ocrx_word' id='word_1_237' title='bbox 396 2964 702 3019; x_wconf 88' lang='lat' dir='ltr'><strong>Precamur</strong></span> <span class='ocrx_word' id='word_1_238' title='bbox 722 2963 909 3036; x_wconf 87' lang='lat' dir='ltr'><strong>itaque</strong></span> <span class='ocrx_word' id='word_1_239' title='bbox 934 2964 1299 3020; x_wconf 89' lang='lat' dir='ltr'><strong>dilectionem</strong></span> <span class='ocrx_word' id='word_1_240' title='bbox 1329 2970 1595 3032; x_wconf 87' lang='lat' dir='ltr'><strong>vestram,</strong></span> <span class='ocrx_word' id='word_1_241' title='bbox 1621 2968 1683 3020; x_wconf 92' lang='lat' dir='ltr'><strong>ut</strong></span> <span class='ocrx_word' id='word_1_242' title='bbox 1705 2982 1831 3035; x_wconf 83' lang='lat' dir='ltr'><strong>spe-</strong></span> 
     </span>
    </p>
   </div>
   <div class='ocr_carea' id='block_1_32' title="bbox 203 3061 1836 3134">
    <p class='ocr_par' dir='ltr' id='par_1_32' title="bbox 203 3061 1836 3134">
     <span class='ocr_line' id='line_1_32' title="bbox 203 3061 1836 3134; baseline 0 -18"><span class='ocrx_word' id='word_1_243' title='bbox 203 3061 428 3116; x_wconf 87' lang='lat' dir='ltr'><strong>cialiter</strong></span> <span class='ocrx_word' id='word_1_244' title='bbox 468 3078 678 3116; x_wconf 90' lang='lat' dir='ltr'><strong>nomen</strong></span> <span class='ocrx_word' id='word_1_245' title='bbox 720 3066 980 3117; x_wconf 89' lang='lat' dir='ltr'><strong>taceatur</strong></span> <span class='ocrx_word' id='word_1_246' title='bbox 1016 3063 1218 3131; x_wconf 89' lang='lat' dir='ltr'><strong>Acacii,</strong></span> <span class='ocrx_word' id='word_1_247' title='bbox 1261 3067 1325 3117; x_wconf 91' lang='lat' dir='ltr'><strong>ut</strong></span> <span class='ocrx_word' id='word_1_248' title='bbox 1355 3064 1506 3134; x_wconf 89' lang='lat' dir='ltr'><strong>quod</strong></span> <span class='ocrx_word' id='word_1_249' title='bbox 1545 3063 1738 3118; x_wconf 92' lang='lat' dir='ltr'><strong>multis</strong></span> <span class='ocrx_word' id='word_1_250' title='bbox 1770 3079 1836 3116; x_wconf 85' lang='lat' dir='ltr'><strong>ex</strong></span> 
     </span>
    </p>
   </div>
   <div class='ocr_carea' id='block_1_33' title="bbox 207 3155 1910 3264">
    <p class='ocr_par' dir='ltr' id='par_1_33' title="bbox 207 3155 1910 3264">
     <span class='ocr_line' id='line_1_33' title="bbox 207 3155 1910 3264; baseline 0 -53"><span class='ocrx_word' id='word_1_251' title='bbox 207 3155 390 3211; x_wconf 88' lang='lat' dir='ltr'><strong>causis</strong></span> <span class='ocrx_word' id='word_1_252' title='bbox 426 3156 757 3211; x_wconf 81' lang='lat' dir='ltr'><strong>scandalum</strong></span> <span class='ocrx_word' id='word_1_253' title='bbox 787 3158 872 3210; x_wconf 90' lang='lat' dir='ltr'><strong>vel</strong></span> <span class='ocrx_word' id='word_1_254' title='bbox 903 3156 1302 3212; x_wconf 76' lang='lat' dir='ltr'><strong>oﬂ‘endiculum</strong></span> <span class='ocrx_word' id='word_1_255' title='bbox 1322 3156 1578 3212; x_wconf 90' lang='lat' dir='ltr'><strong>Ecclesia</strong></span> <span class='ocrx_word' id='word_1_256' title='bbox 1593 3157 1837 3212; x_wconf 85' lang='lat' dir='ltr'><strong>com-ita-</strong></span> <span class='ocrx_word' id='word_1_257' title='bbox 1856 3190 1910 3264; x_wconf 69' lang='grc' dir='ltr'>Ο</span> 
     </span>
    </p>
   </div>
   <div class='ocr_carea' id='block_1_34' title="bbox 207 3250 1832 3321">
    <p class='ocr_par' dir='ltr' id='par_1_34' title="bbox 207 3250 1832 3321">
     <span class='ocr_line' id='line_1_34' title="bbox 207 3250 1832 3321; baseline 0.001 -18"><span class='ocrx_word' id='word_1_258' title='bbox 207 3250 306 3318; x_wconf 86' lang='lat' dir='ltr'><strong>vit,</strong></span> <span class='ocrx_word' id='word_1_259' title='bbox 333 3251 560 3321; x_wconf 89' lang='lat' dir='ltr'><strong>speciali</strong></span> <span class='ocrx_word' id='word_1_260' title='bbox 591 3250 975 3321; x_wconf 89' lang='lat' dir='ltr'><strong>appellatione</strong></span> <span class='ocrx_word' id='word_1_261' title='bbox 1005 3255 1278 3318; x_wconf 89' lang='lat' dir='ltr'><strong>taceatur,</strong></span> <span class='ocrx_word' id='word_1_262' title='bbox 1319 3267 1472 3319; x_wconf 91' lang='lat' dir='ltr'><strong>cum,</strong></span> <span class='ocrx_word' id='word_1_263' title='bbox 1516 3251 1662 3305; x_wconf 91' lang='lat' dir='ltr'><strong>sicut</strong></span> <span class='ocrx_word' id='word_1_264' title='bbox 1691 3250 1832 3305; x_wconf 85' lang='lat' dir='ltr'><strong>dixi-</strong></span> 
     </span>
    </p>
   </div>
   <div class='ocr_carea' id='block_1_35' title="bbox 209 3345 1836 3416">
    <p class='ocr_par' dir='ltr' id='par_1_35' title="bbox 209 3345 1836 3416">
     <span class='ocr_line' id='line_1_35' title="bbox 209 3345 1836 3416; baseline 0.001 -17"><span class='ocrx_word' id='word_1_265' title='bbox 209 3361 354 3411; x_wconf 87' lang='lat' dir='ltr'><strong>mus,</strong></span> <span class='ocrx_word' id='word_1_266' title='bbox 383 3345 439 3399; x_wconf 90' lang='lat' dir='ltr'><strong>in</strong></span> <span class='ocrx_word' id='word_1_267' title='bbox 468 3345 837 3416; x_wconf 85' lang='lat' dir='ltr'><strong>generalitate</strong></span> <span class='ocrx_word' id='word_1_268' title='bbox 866 3345 1223 3400; x_wconf 86' lang='lat' dir='ltr'><strong>sacerdotum</strong></span> <span class='ocrx_word' id='word_1_269' title='bbox 1249 3345 1686 3416; x_wconf 83' lang='lat' dir='ltr'><strong>uniuscujusque</strong></span> <span class='ocrx_word' id='word_1_270' title='bbox 1713 3361 1836 3400; x_wconf 89' lang='lat' dir='ltr'><strong>me-</strong></span> 
     </span>
    </p>
   </div>
   <div class='ocr_carea' id='block_1_36' title="bbox 207 3433 1838 3505">
    <p class='ocr_par' dir='ltr' id='par_1_36' title="bbox 207 3433 1838 3505">
     <span class='ocr_line' id='line_1_36' title="bbox 207 3433 1838 3505; baseline 0 -17"><span class='ocrx_word' id='word_1_271' title='bbox 207 3434 386 3488; x_wconf 89' lang='lat' dir='ltr'><strong>ritum</strong></span> <span class='ocrx_word' id='word_1_272' title='bbox 411 3434 573 3488; x_wconf 90' lang='lat' dir='ltr'><strong>illum</strong></span> <span class='ocrx_word' id='word_1_273' title='bbox 601 3435 772 3488; x_wconf 87' lang='lat' dir='ltr'><strong>latere</strong></span> <span class='ocrx_word' id='word_1_274' title='bbox 801 3451 916 3488; x_wconf 88' lang='lat' dir='ltr'><strong>non</strong></span> <span class='ocrx_word' id='word_1_275' title='bbox 945 3434 1141 3505; x_wconf 90' lang='lat' dir='ltr'><strong>possit,</strong></span> <span class='ocrx_word' id='word_1_276' title='bbox 1163 3433 1263 3505; x_wconf 88' lang='lat' dir='ltr'><strong>qui</strong></span> <span class='ocrx_word' id='word_1_277' title='bbox 1294 3433 1449 3488; x_wconf 90' lang='lat' dir='ltr'><strong>novit</strong></span> <span class='ocrx_word' id='word_1_278' title='bbox 1479 3433 1614 3505; x_wconf 83' lang='lat' dir='ltr'><strong>quid</strong></span> <span class='ocrx_word' id='word_1_279' title='bbox 1637 3433 1838 3504; x_wconf 88' lang='lat' dir='ltr'><strong>cuique</strong></span> 
     </span>
    </p>
   </div>
   <div class='ocr_carea' id='block_1_37' title="bbox 211 3527 1837 3599">
    <p class='ocr_par' dir='ltr' id='par_1_37' title="bbox 211 3527 1837 3599">
     <span class='ocr_line' id='line_1_37' title="bbox 211 3527 1837 3599; baseline -0.001 -17"><span class='ocrx_word' id='word_1_280' title='bbox 211 3528 582 3582; x_wconf 89' lang='lat' dir='ltr'><strong>tribuendum</strong></span> <span class='ocrx_word' id='word_1_281' title='bbox 609 3527 700 3597; x_wconf 90' lang='lat' dir='ltr'><strong>sit,</strong></span> <span class='ocrx_word' id='word_1_282' title='bbox 724 3545 828 3599; x_wconf 92' lang='lat' dir='ltr'><strong>pro</strong></span> <span class='ocrx_word' id='word_1_283' title='bbox 851 3528 1127 3582; x_wconf 87' lang='lat' dir='ltr'><strong>astimata</strong></span> <span class='ocrx_word' id='word_1_284' title='bbox 1154 3527 1579 3599; x_wconf 89' lang='lat' dir='ltr'><strong>dispensatione</strong></span> <span class='ocrx_word' id='word_1_285' title='bbox 1605 3528 1837 3582; x_wconf 88' lang='lat' dir='ltr'><strong>merito-</strong></span> 
     </span>
    </p>
   </div>
   <div class='ocr_carea' id='block_1_38' title="bbox 213 3621 1836 3693">
    <p class='ocr_par' dir='ltr' id='par_1_38' title="bbox 213 3621 1836 3693">
     <span class='ocr_line' id='line_1_38' title="bbox 213 3621 1836 3693; baseline -0.001 -17"><span class='ocrx_word' id='word_1_286' title='bbox 213 3638 368 3688; x_wconf 89' lang='lat' dir='ltr'><strong>rum,</strong></span> <span class='ocrx_word' id='word_1_287' title='bbox 406 3621 494 3676; x_wconf 90' lang='lat' dir='ltr'><strong>cui</strong></span> <span class='ocrx_word' id='word_1_288' title='bbox 541 3621 643 3676; x_wconf 90' lang='lat' dir='ltr'><strong>soli</strong></span> <span class='ocrx_word' id='word_1_289' title='bbox 673 3622 1050 3693; x_wconf 85' lang='lat' dir='ltr'><strong>cogitationes</strong></span> <span class='ocrx_word' id='word_1_290' title='bbox 1083 3638 1308 3693; x_wconf 88' lang='lat' dir='ltr'><strong>quoque</strong></span> <span class='ocrx_word' id='word_1_291' title='bbox 1340 3621 1654 3675; x_wconf 85' lang='lat' dir='ltr'><strong>manifesta</strong></span> <span class='ocrx_word' id='word_1_292' title='bbox 1686 3624 1836 3674; x_wconf 90' lang='lat' dir='ltr'><strong>sunt.</strong></span> 
     </span>
    </p>
   </div>
   <div class='ocr_carea' id='block_1_39' title="bbox 211 3714 1841 3787">
    <p class='ocr_par' dir='ltr' id='par_1_39' title="bbox 211 3714 1841 3787">
     <span class='ocr_line' id='line_1_39' title="bbox 211 3714 1841 3787; baseline -0.001 -17"><span class='ocrx_word' id='word_1_293' title='bbox 211 3717 458 3780; x_wconf 89' lang='lat' dir='ltr'><strong>Quantos</strong></span> <span class='ocrx_word' id='word_1_294' title='bbox 485 3733 619 3776; x_wconf 80' lang='lat' dir='ltr'><strong>vero</strong></span> <span class='ocrx_word' id='word_1_295' title='bbox 647 3733 906 3770; x_wconf 80' lang='lat' dir='ltr'><strong>excessus</strong></span> <span class='ocrx_word' id='word_1_296' title='bbox 933 3719 1104 3787; x_wconf 85' lang='lat' dir='ltr'><strong>atque</strong></span> <span class='ocrx_word' id='word_1_297' title='bbox 1124 3715 1608 3787; x_wconf 86' lang='lat' dir='ltr'><strong>peasumptiones</strong></span> <span class='ocrx_word' id='word_1_298' title='bbox 1628 3714 1841 3769; x_wconf 87' lang='lat' dir='ltr'><strong>habue-</strong></span> 
     </span>
    </p>
   </div>
   <div class='ocr_carea' id='block_1_40' title="bbox 213 3808 1844 3880">
    <p class='ocr_par' dir='ltr' id='par_1_40' title="bbox 213 3808 1844 3880">
     <span class='ocr_line' id='line_1_40' title="bbox 213 3808 1844 3880; baseline -0.002 -16"><span class='ocrx_word' id='word_1_299' title='bbox 213 3809 289 3864; x_wconf 89' lang='lat' dir='ltr'><strong>rit</strong></span> <span class='ocrx_word' id='word_1_300' title='bbox 305 3809 541 3866; x_wconf 89' lang='lat' dir='ltr'><strong>Acacius</strong></span> <span class='ocrx_word' id='word_1_301' title='bbox 571 3827 644 3864; x_wconf 91' lang='lat' dir='ltr'><strong>ne</strong></span> <span class='ocrx_word' id='word_1_302' title='bbox 669 3811 988 3864; x_wconf 84' lang='lat' dir='ltr'><strong>clementia</strong></span> <span class='ocrx_word' id='word_1_303' title='bbox 1021 3814 1132 3864; x_wconf 86' lang='lat' dir='ltr'><strong>tua</strong></span> <span class='ocrx_word' id='word_1_304' title='bbox 1160 3825 1468 3880; x_wconf 85' lang='lat' dir='ltr'><strong>suggerere</strong></span> <span class='ocrx_word' id='word_1_305' title='bbox 1497 3825 1599 3880; x_wconf 92' lang='lat' dir='ltr'><strong>per</strong></span> <span class='ocrx_word' id='word_1_306' title='bbox 1623 3808 1844 3880; x_wconf 88' lang='lat' dir='ltr'><strong>singula</strong></span> 
     </span>
    </p>
   </div>
   <div class='ocr_carea' id='block_1_41' title="bbox 213 3901 1843 3968">
    <p class='ocr_par' dir='ltr' id='par_1_41' title="bbox 213 3901 1843 3968">
     <span class='ocr_line' id='line_1_41' title="bbox 213 3901 1843 3968; baseline -0.001 -10"><span class='ocrx_word' id='word_1_307' title='bbox 213 3904 455 3960; x_wconf 85' lang='lat' dir='ltr'><strong>fortasse</strong></span> <span class='ocrx_word' id='word_1_308' title='bbox 504 3903 764 3958; x_wconf 89' lang='lat' dir='ltr'><strong>videatur</strong></span> <span class='ocrx_word' id='word_1_309' title='bbox 821 3920 1154 3968; x_wconf 90' lang='lat' dir='ltr'><strong>onerosum,</strong></span> <span class='ocrx_word' id='word_1_310' title='bbox 1197 3903 1493 3957; x_wconf 86' lang='lat' dir='ltr'><strong>Cresconio</strong></span> <span class='ocrx_word' id='word_1_311' title='bbox 1532 3903 1617 3956; x_wconf 90' lang='lat' dir='ltr'><strong>vel</strong></span> <span class='ocrx_word' id='word_1_312' title='bbox 1669 3901 1843 3956; x_wconf 88' lang='lat' dir='ltr'><strong>etiam</strong></span> 
     </span>
    </p>
   </div>
   <div class='ocr_carea' id='block_1_42' title="bbox 215 3995 1841 4068">
    <p class='ocr_par' dir='ltr' id='par_1_42' title="bbox 215 3995 1841 4068">
     <span class='ocr_line' id='line_1_42' title="bbox 215 3995 1841 4068; baseline -0.002 -16"><span class='ocrx_word' id='word_1_313' title='bbox 215 3998 499 4053; x_wconf 82' lang='lat' dir='ltr'><strong>Germano</strong></span> <span class='ocrx_word' id='word_1_314' title='bbox 532 3997 797 4052; x_wconf 73' lang='lat' dir='ltr'><strong>fratribus</strong></span> <span class='ocrx_word' id='word_1_315' title='bbox 839 4003 895 4052; x_wconf 88' lang='lat' dir='ltr'><strong>et</strong></span> <span class='ocrx_word' id='word_1_316' title='bbox 932 3997 1282 4068; x_wconf 87' lang='lat' dir='ltr'><strong>coepiscopis</strong></span> <span class='ocrx_word' id='word_1_317' title='bbox 1310 3997 1474 4064; x_wconf 85' lang='lat' dir='ltr'><strong>meis,</strong></span> <span class='ocrx_word' id='word_1_318' title='bbox 1511 4013 1655 4067; x_wconf 90' lang='lat' dir='ltr'><strong>quos</strong></span> <span class='ocrx_word' id='word_1_319' title='bbox 1684 3995 1841 4049; x_wconf 88' lang='lat' dir='ltr'><strong>misi-</strong></span> 
     </span>
    </p>
   </div>
   <div class='ocr_carea' id='block_1_43' title="bbox 219 4089 1847 4162">
    <p class='ocr_par' dir='ltr' id='par_1_43' title="bbox 219 4089 1847 4162">
     <span class='ocr_line' id='line_1_43' title="bbox 219 4089 1847 4162; baseline -0.002 -16"><span class='ocrx_word' id='word_1_320' title='bbox 219 4109 347 4147; x_wconf 89' lang='lat' dir='ltr'><strong>mus</strong></span> <span class='ocrx_word' id='word_1_321' title='bbox 389 4093 462 4146; x_wconf 90' lang='lat' dir='ltr'><strong>ad</strong></span> <span class='ocrx_word' id='word_1_322' title='bbox 494 4094 864 4148; x_wconf 87' lang='lat' dir='ltr'><strong>serenitatem</strong></span> <span class='ocrx_word' id='word_1_323' title='bbox 902 4099 1057 4146; x_wconf 89' lang='lat' dir='ltr'><strong>tuam</strong></span> <span class='ocrx_word' id='word_1_324' title='bbox 1086 4091 1156 4146; x_wconf 92' lang='lat' dir='ltr'><strong>de</strong></span> <span class='ocrx_word' id='word_1_325' title='bbox 1185 4091 1366 4146; x_wconf 89' lang='lat' dir='ltr'><strong>causis</strong></span> <span class='ocrx_word' id='word_1_326' title='bbox 1397 4091 1637 4162; x_wconf 88' lang='lat' dir='ltr'><strong>singulis</strong></span> <span class='ocrx_word' id='word_1_327' title='bbox 1666 4089 1847 4146; x_wconf 88' lang='lat' dir='ltr'><strong>Acacii</strong></span> 
     </span>
    </p>
   </div>
   <div class='ocr_carea' id='block_1_44' title="bbox 217 4184 1847 4258">
    <p class='ocr_par' dir='ltr' id='par_1_44' title="bbox 217 4184 1847 4258">
     <span class='ocr_line' id='line_1_44' title="bbox 217 4184 1847 4258; baseline -0.002 -17"><span class='ocrx_word' id='word_1_328' title='bbox 217 4185 403 4258; x_wconf 88' lang='lat' dir='ltr'><strong>qualis</strong></span> <span class='ocrx_word' id='word_1_329' title='bbox 449 4186 618 4242; x_wconf 88' lang='lat' dir='ltr'><strong>fuerit</strong></span> <span class='ocrx_word' id='word_1_330' title='bbox 661 4187 1095 4242; x_wconf 89' lang='lat' dir='ltr'><strong>instructionem</strong></span> <span class='ocrx_word' id='word_1_331' title='bbox 1150 4185 1536 4257; x_wconf 91' lang='lat' dir='ltr'><strong>plenissimam</strong></span> <span class='ocrx_word' id='word_1_332' title='bbox 1586 4184 1847 4238; x_wconf 88' lang='lat' dir='ltr'><strong>dedimus</strong></span> 
     </span>
    </p>
   </div>
   <div class='ocr_carea' id='block_1_45' title="bbox 217 4277 1848 4352">
    <p class='ocr_par' dir='ltr' id='par_1_45' title="bbox 217 4277 1848 4352">
     <span class='ocr_line' id='line_1_45' title="bbox 217 4277 1848 4352; baseline -0.004 -16"><span class='ocrx_word' id='word_1_333' title='bbox 217 4281 542 4336; x_wconf 89' lang='lat' dir='ltr'><strong>clementia</strong></span> <span class='ocrx_word' id='word_1_334' title='bbox 585 4285 804 4349; x_wconf 84' lang='lat' dir='ltr'><strong>vestra,</strong></span> <span class='ocrx_word' id='word_1_335' title='bbox 839 4281 1138 4352; x_wconf 91' lang='lat' dir='ltr'><strong>specialius</strong></span> <span class='ocrx_word' id='word_1_336' title='bbox 1172 4277 1603 4344; x_wconf 89' lang='lat' dir='ltr'><strong>recensendam,</strong></span> <span class='ocrx_word' id='word_1_337' title='bbox 1652 4277 1696 4331; x_wconf 92' lang='lat' dir='ltr'><strong>si</strong></span> <span class='ocrx_word' id='word_1_338' title='bbox 1739 4277 1848 4331; x_wconf 87' lang='lat' dir='ltr'><strong>hoc</strong></span> 
     </span>
    </p>
   </div>
   <div class='ocr_carea' id='block_1_46' title="bbox 219 4370 1847 4447">
    <p class='ocr_par' dir='ltr' id='par_1_46' title="bbox 219 4370 1847 4447">
     <span class='ocr_line' id='line_1_46' title="bbox 219 4370 1847 4447; baseline -0.004 -18"><span class='ocrx_word' id='word_1_339' title='bbox 219 4375 417 4446; x_wconf 89' lang='lat' dir='ltr'><strong>pietati</strong></span> <span class='ocrx_word' id='word_1_340' title='bbox 438 4381 552 4430; x_wconf 86' lang='lat' dir='ltr'><strong>tua</strong></span> <span class='ocrx_word' id='word_1_341' title='bbox 572 4375 850 4447; x_wconf 90' lang='lat' dir='ltr'><strong>placuerit</strong></span> <span class='ocrx_word' id='word_1_342' title='bbox 875 4374 1151 4430; x_wconf 90' lang='lat' dir='ltr'><strong>curiosius</strong></span> <span class='ocrx_word' id='word_1_343' title='bbox 1169 4373 1462 4445; x_wconf 86' lang='lat' dir='ltr'><strong>indagare,</strong></span> <span class='ocrx_word' id='word_1_344' title='bbox 1486 4388 1555 4425; x_wconf 91' lang='lat' dir='ltr'><strong>ne</strong></span> <span class='ocrx_word' id='word_1_345' title='bbox 1574 4371 1634 4424; x_wconf 91' lang='lat' dir='ltr'><strong>in</strong></span> <span class='ocrx_word' id='word_1_346' title='bbox 1655 4370 1847 4442; x_wconf 89' lang='lat' dir='ltr'><strong>aliquo</strong></span> 
     </span>
    </p>
   </div>
   <div class='ocr_carea' id='block_1_47' title="bbox 223 4465 1850 4541">
    <p class='ocr_par' dir='ltr' id='par_1_47' title="bbox 223 4465 1850 4541">
     <span class='ocr_line' id='line_1_47' title="bbox 223 4465 1850 4541; baseline -0.004 -18"><span class='ocrx_word' id='word_1_347' title='bbox 223 4470 606 4541; x_wconf 89' lang='lat' dir='ltr'><strong>suggestionis</strong></span> <span class='ocrx_word' id='word_1_348' title='bbox 621 4474 827 4524; x_wconf 86' lang='lat' dir='ltr'><strong>nostra</strong></span> <span class='ocrx_word' id='word_1_349' title='bbox 849 4469 1075 4538; x_wconf 85' lang='lat' dir='ltr'><strong>veritas,</strong></span> <span class='ocrx_word' id='word_1_350' title='bbox 1100 4468 1343 4523; x_wconf 82' lang='lat' dir='ltr'><strong>defuisse</strong></span> <span class='ocrx_word' id='word_1_351' title='bbox 1366 4465 1640 4532; x_wconf 90' lang='lat' dir='ltr'><strong>videatur,</strong></span> <span class='ocrx_word' id='word_1_352' title='bbox 1663 4467 1726 4518; x_wconf 92' lang='lat' dir='ltr'><strong>ut</strong></span> <span class='ocrx_word' id='word_1_353' title='bbox 1745 4481 1850 4536; x_wconf 92' lang='lat' dir='ltr'><strong>pro</strong></span> 
     </span>
    </p>
   </div>
   <div class='ocr_carea' id='block_1_48' title="bbox 1919 527 3547 600">
    <p class='ocr_par' dir='ltr' id='par_1_48' title="bbox 1919 527 3547 600">
     <span class='ocr_line' id='line_1_48' title="bbox 1919 527 3547 600; baseline -0.001 -16"><span class='ocrx_word' id='word_1_354' title='bbox 1919 545 2136 594; x_wconf 89' lang='lat' dir='ltr'><strong>meum,</strong></span> <span class='ocrx_word' id='word_1_355' title='bbox 2160 534 2222 584; x_wconf 90' lang='lat' dir='ltr'><strong>ut</strong></span> <span class='ocrx_word' id='word_1_356' title='bbox 2239 527 2315 584; x_wconf 93' lang='lat' dir='ltr'><strong>idi</strong></span> <span class='ocrx_word' id='word_1_357' title='bbox 2323 545 2487 600; x_wconf 88' lang='lat' dir='ltr'><strong>psum</strong></span> <span class='ocrx_word' id='word_1_358' title='bbox 2503 528 2702 584; x_wconf 88' lang='lat' dir='ltr'><strong>dicatis</strong></span> <span class='ocrx_word' id='word_1_359' title='bbox 2717 544 2916 584; x_wconf 89' lang='lat' dir='ltr'><strong>omnes</strong></span> <span class='ocrx_word' id='word_1_360' title='bbox 2936 527 3196 583; x_wconf 89' lang='lat' dir='ltr'><strong>eamdem</strong></span> <span class='ocrx_word' id='word_1_361' title='bbox 3212 527 3547 583; x_wconf 87' lang='lat' dir='ltr'><strong>charitatem</strong></span> 
     </span>
    </p>
   </div>
   <div class='ocr_carea' id='block_1_49' title="bbox 1921 621 3552 694">
    <p class='ocr_par' dir='ltr' id='par_1_49' title="bbox 1921 621 3552 694">
     <span class='ocr_line' id='line_1_49' title="bbox 1921 621 3552 694; baseline -0.001 -16"><span class='ocrx_word' id='word_1_362' title='bbox 1921 621 2199 678; x_wconf 88' lang='lat' dir='ltr'><strong>habentes</strong></span> <span class='ocrx_word' id='word_1_363' title='bbox 2226 623 2369 676; x_wconf 89' lang='lat' dir='ltr'><strong>nihil</strong></span> <span class='ocrx_word' id='word_1_364' title='bbox 2397 639 2502 694; x_wconf 91' lang='lat' dir='ltr'><strong>per</strong></span> <span class='ocrx_word' id='word_1_365' title='bbox 2527 622 2952 678; x_wconf 88' lang='lat' dir='ltr'><strong>contentionem</strong></span> <span class='ocrx_word' id='word_1_366' title='bbox 2981 638 3164 693; x_wconf 90' lang='lat' dir='ltr'><strong>neque</strong></span> <span class='ocrx_word' id='word_1_367' title='bbox 3194 638 3296 692; x_wconf 90' lang='lat' dir='ltr'><strong>per</strong></span> <span class='ocrx_word' id='word_1_368' title='bbox 3319 623 3552 677; x_wconf 90' lang='lat' dir='ltr'><strong>inanem</strong></span> 
     </span>
    </p>
   </div>
   <div class='ocr_carea' id='block_1_50' title="bbox 1925 706 3546 788">
    <p class='ocr_par' dir='ltr' id='par_1_50' title="bbox 1925 706 3546 788">
     <span class='ocr_line' id='line_1_50' title="bbox 1925 706 3546 788; baseline 0 -18"><span class='ocrx_word' id='word_1_369' title='bbox 1925 715 2184 788; x_wconf 89' lang='lat' dir='ltr'><strong>gloriam,</strong></span> <span class='ocrx_word' id='word_1_370' title='bbox 2211 715 2311 771; x_wconf 89' lang='lat' dir='ltr'><strong>sed</strong></span> <span class='ocrx_word' id='word_1_371' title='bbox 2333 716 2392 770; x_wconf 93' lang='lat' dir='ltr'><strong>in</strong></span> <span class='ocrx_word' id='word_1_372' title='bbox 2415 706 2732 771; x_wconf 74' lang='lat' dir='ltr'><strong>humilitate</strong></span> <span class='ocrx_word' id='word_1_373' title='bbox 2759 715 2968 772; x_wconf 89' lang='lat' dir='ltr'><strong>mentis</strong></span> <span class='ocrx_word' id='word_1_374' title='bbox 2986 715 3232 770; x_wconf 89' lang='lat' dir='ltr'><strong>invicem</strong></span> <span class='ocrx_word' id='word_1_375' title='bbox 3254 715 3546 770; x_wconf 63' lang='lat' dir='ltr'><strong>aestiman-</strong></span> 
     </span>
    </p>
   </div>
   <div class='ocr_carea' id='block_1_51' title="bbox 1922 807 3551 881">
    <p class='ocr_par' dir='ltr' id='par_1_51' title="bbox 1922 807 3551 881">
     <span class='ocr_line' id='line_1_51' title="bbox 1922 807 3551 881; baseline -0.002 -16"><span class='ocrx_word' id='word_1_376' title='bbox 1922 817 2006 865; x_wconf 89' lang='lat' dir='ltr'><strong>tes</strong></span> <span class='ocrx_word' id='word_1_377' title='bbox 2033 810 2350 881; x_wconf 90' lang='lat' dir='ltr'><strong>semetipsis</strong></span> <span class='ocrx_word' id='word_1_378' title='bbox 2379 810 2697 881; x_wconf 90' lang='lat' dir='ltr'><strong>superiores</strong></span> <span class='ocrx_word' id='word_1_379' title='bbox 2729 827 2846 865; x_wconf 89' lang='lat' dir='ltr'><strong>non</strong></span> <span class='ocrx_word' id='word_1_380' title='bbox 2877 827 2977 864; x_wconf 90' lang='lat' dir='ltr'><strong>sua</strong></span> <span class='ocrx_word' id='word_1_381' title='bbox 3005 807 3218 880; x_wconf 90' lang='lat' dir='ltr'><strong>singuli</strong></span> <span class='ocrx_word' id='word_1_382' title='bbox 3247 809 3551 879; x_wconf 89' lang='lat' dir='ltr'><strong>respicien-</strong></span> 
     </span>
    </p>
   </div>
   <div class='ocr_carea' id='block_1_52' title="bbox 1922 903 2941 972">
    <p class='ocr_par' dir='ltr' id='par_1_52' title="bbox 1922 903 2941 972">
     <span class='ocr_line' id='line_1_52' title="bbox 1922 903 2941 972; baseline -0.003 -13"><span class='ocrx_word' id='word_1_383' title='bbox 1922 908 2028 972; x_wconf 90' lang='lat' dir='ltr'><strong>tes,</strong></span> <span class='ocrx_word' id='word_1_384' title='bbox 2058 903 2154 958; x_wconf 90' lang='lat' dir='ltr'><strong>sed</strong></span> <span class='ocrx_word' id='word_1_385' title='bbox 2187 903 2428 957; x_wconf 89' lang='lat' dir='ltr'><strong>aliorum</strong></span> <span class='ocrx_word' id='word_1_386' title='bbox 2462 904 2620 972; x_wconf 80' lang='lat' dir='ltr'><strong>(Phil.</strong></span> <span class='ocrx_word' id='word_1_387' title='bbox 2651 920 2710 972; x_wconf 80' lang='grc' dir='ltr'><strong>ιι,</strong></span> <span class='ocrx_word' id='word_1_388' title='bbox 2750 906 2882 972; x_wconf 79' lang='grc'><strong>1-5).</strong></span> <span class='ocrx_word' id='word_1_389' title='bbox 2913 924 2941 952; x_wconf 83' lang='grc'><strong>››</strong></span> 
     </span>
    </p>
   </div>
   <div class='ocr_carea' id='block_1_53' title="bbox 1993 995 3548 1067">
    <p class='ocr_par' dir='ltr' id='par_1_53' title="bbox 1993 995 3548 1067">
     <span class='ocr_line' id='line_1_53' title="bbox 1993 995 3548 1067; baseline 0.001 -18"><span class='ocrx_word' id='word_1_390' title='bbox 1993 998 2056 1051; x_wconf 81' lang='grc' dir='ltr'><strong>ν.</strong></span> <span class='ocrx_word' id='word_1_391' title='bbox 2110 998 2222 1050; x_wconf 81' lang='lat' dir='ltr'><strong>Hoc</strong></span> <span class='ocrx_word' id='word_1_392' title='bbox 2267 1000 2458 1051; x_wconf 83' lang='lat' dir='ltr'><strong>tamen</strong></span> <span class='ocrx_word' id='word_1_393' title='bbox 2505 997 2792 1067; x_wconf 88' lang='lat' dir='ltr'><strong>pracipue</strong></span> <span class='ocrx_word' id='word_1_394' title='bbox 2838 996 3067 1050; x_wconf 89' lang='lat' dir='ltr'><strong>insinuo</strong></span> <span class='ocrx_word' id='word_1_395' title='bbox 3107 995 3398 1050; x_wconf 89' lang='lat' dir='ltr'><strong>serenitati</strong></span> <span class='ocrx_word' id='word_1_396' title='bbox 3436 998 3548 1050; x_wconf 85' lang='lat' dir='ltr'><strong>tua</strong></span> 
     </span>
    </p>
   </div>
   <div class='ocr_carea' id='block_1_54' title="bbox 1926 1089 3548 1161">
    <p class='ocr_par' dir='ltr' id='par_1_54' title="bbox 1926 1089 3548 1161">
     <span class='ocr_line' id='line_1_54' title="bbox 1926 1089 3548 1161; baseline 0.001 -18"><span class='ocrx_word' id='word_1_397' title='bbox 1926 1089 2365 1161; x_wconf 82' lang='lat' dir='ltr'><strong>gloriosissima,</strong></span> <span class='ocrx_word' id='word_1_398' title='bbox 2384 1093 2442 1144; x_wconf 88' lang='lat' dir='ltr'><strong>et</strong></span> <span class='ocrx_word' id='word_1_399' title='bbox 2457 1089 2933 1159; x_wconf 85' lang='lat' dir='ltr'><strong>clementissima,</strong></span> <span class='ocrx_word' id='word_1_400' title='bbox 2951 1089 3028 1143; x_wconf 85' lang='lat' dir='ltr'><strong>ﬁli</strong></span> <span class='ocrx_word' id='word_1_401' title='bbox 3044 1093 3315 1160; x_wconf 86' lang='lat' dir='ltr'><strong>Auguste,</strong></span> <span class='ocrx_word' id='word_1_402' title='bbox 3339 1092 3403 1144; x_wconf 89' lang='lat' dir='ltr'><strong>ut</strong></span> <span class='ocrx_word' id='word_1_403' title='bbox 3418 1106 3548 1145; x_wconf 89' lang='lat' dir='ltr'><strong>cum</strong></span> 
     </span>
    </p>
   </div>
   <div class='ocr_carea' id='block_1_55' title="bbox 1924 1182 3548 1254">
    <p class='ocr_par' dir='ltr' id='par_1_55' title="bbox 1924 1182 3548 1254">
     <span class='ocr_line' id='line_1_55' title="bbox 1924 1182 3548 1254; baseline 0 -16"><span class='ocrx_word' id='word_1_404' title='bbox 1924 1200 2108 1239; x_wconf 85' lang='lat' dir='ltr'><strong>causa</strong></span> <span class='ocrx_word' id='word_1_405' title='bbox 2144 1183 2658 1239; x_wconf 84' lang='lat' dir='ltr'><strong>Alexandrinorum</strong></span> <span class='ocrx_word' id='word_1_406' title='bbox 2692 1183 2982 1254; x_wconf 89' lang='lat' dir='ltr'><strong>patueriut</strong></span> <span class='ocrx_word' id='word_1_407' title='bbox 3016 1182 3287 1254; x_wconf 91' lang='lat' dir='ltr'><strong>piissimis</strong></span> <span class='ocrx_word' id='word_1_408' title='bbox 3316 1183 3548 1238; x_wconf 88' lang='lat' dir='ltr'><strong>auribus</strong></span> 
     </span>
    </p>
   </div>
   <div class='ocr_carea' id='block_1_56' title="bbox 1924 1276 3546 1345">
    <p class='ocr_par' dir='ltr' id='par_1_56' title="bbox 1924 1276 3546 1345">
     <span class='ocr_line' id='line_1_56' title="bbox 1924 1276 3546 1345; baseline 0 -15"><span class='ocrx_word' id='word_1_409' title='bbox 1924 1277 2144 1345; x_wconf 87' lang='lat' dir='ltr'><strong>vestris,</strong></span> <span class='ocrx_word' id='word_1_410' title='bbox 2172 1277 2242 1331; x_wconf 92' lang='lat' dir='ltr'><strong>ad</strong></span> <span class='ocrx_word' id='word_1_411' title='bbox 2267 1276 2605 1331; x_wconf 90' lang='lat' dir='ltr'><strong>catholicam</strong></span> <span class='ocrx_word' id='word_1_412' title='bbox 2639 1280 2697 1330; x_wconf 89' lang='lat' dir='ltr'><strong>et</strong></span> <span class='ocrx_word' id='word_1_413' title='bbox 2721 1277 3000 1331; x_wconf 88' lang='lat' dir='ltr'><strong>sinceram</strong></span> <span class='ocrx_word' id='word_1_414' title='bbox 3029 1276 3200 1330; x_wconf 85' lang='lat' dir='ltr'><strong>ﬁdem</strong></span> <span class='ocrx_word' id='word_1_415' title='bbox 3230 1292 3323 1330; x_wconf 89' lang='lat' dir='ltr'><strong>eos</strong></span> <span class='ocrx_word' id='word_1_416' title='bbox 3349 1281 3546 1332; x_wconf 88' lang='lat' dir='ltr'><strong>aucto-</strong></span> 
     </span>
    </p>
   </div>
   <div class='ocr_carea' id='block_1_57' title="bbox 1924 1368 3551 1440">
    <p class='ocr_par' dir='ltr' id='par_1_57' title="bbox 1924 1368 3551 1440">
     <span class='ocr_line' id='line_1_57' title="bbox 1924 1368 3551 1440; baseline -0.001 -14"><span class='ocrx_word' id='word_1_417' title='bbox 1924 1370 2109 1438; x_wconf 89' lang='lat' dir='ltr'><strong>ritate,</strong></span> <span class='ocrx_word' id='word_1_418' title='bbox 2133 1369 2428 1440; x_wconf 86' lang='lat' dir='ltr'><strong>sapientia,</strong></span> <span class='ocrx_word' id='word_1_419' title='bbox 2452 1369 2769 1440; x_wconf 90' lang='lat' dir='ltr'><strong>divinisque</strong></span> <span class='ocrx_word' id='word_1_420' title='bbox 2791 1369 2987 1424; x_wconf 87' lang='lat' dir='ltr'><strong>vestris</strong></span> <span class='ocrx_word' id='word_1_421' title='bbox 3009 1368 3244 1424; x_wconf 87' lang='lat' dir='ltr'><strong>monitis</strong></span> <span class='ocrx_word' id='word_1_422' title='bbox 3265 1369 3452 1424; x_wconf 87' lang='lat' dir='ltr'><strong>redire</strong></span> <span class='ocrx_word' id='word_1_423' title='bbox 3474 1371 3551 1424; x_wconf 88' lang='lat' dir='ltr'><strong>fa-</strong></span> 
     </span>
    </p>
   </div>
   <div class='ocr_carea' id='block_1_58' title="bbox 1927 1463 3549 1535">
    <p class='ocr_par' dir='ltr' id='par_1_58' title="bbox 1927 1463 3549 1535">
     <span class='ocr_line' id='line_1_58' title="bbox 1927 1463 3549 1535; baseline -0.001 -16"><span class='ocrx_word' id='word_1_424' title='bbox 1927 1465 2087 1520; x_wconf 90' lang='lat' dir='ltr'><strong>ciatis</strong></span> <span class='ocrx_word' id='word_1_425' title='bbox 2111 1481 2123 1519; x_wconf 91' lang='lat'><strong>:</strong></span> <span class='ocrx_word' id='word_1_426' title='bbox 2147 1481 2280 1518; x_wconf 90' lang='lat' dir='ltr'><strong>nam</strong></span> <span class='ocrx_word' id='word_1_427' title='bbox 2302 1464 2436 1535; x_wconf 88' lang='lat' dir='ltr'><strong>quid</strong></span> <span class='ocrx_word' id='word_1_428' title='bbox 2460 1464 2776 1518; x_wconf 89' lang='lat' dir='ltr'><strong>tenendum</strong></span> <span class='ocrx_word' id='word_1_429' title='bbox 2802 1464 2947 1518; x_wconf 90' lang='lat' dir='ltr'><strong>sitin</strong></span> <span class='ocrx_word' id='word_1_430' title='bbox 2969 1463 3243 1534; x_wconf 88' lang='lat' dir='ltr'><strong>religione</strong></span> <span class='ocrx_word' id='word_1_431' title='bbox 3268 1463 3549 1518; x_wconf 89' lang='lat' dir='ltr'><strong>catholica</strong></span> 
     </span>
    </p>
   </div>
   <div class='ocr_carea' id='block_1_59' title="bbox 1926 1556 3550 1629">
    <p class='ocr_par' dir='ltr' id='par_1_59' title="bbox 1926 1556 3550 1629">
     <span class='ocr_line' id='line_1_59' title="bbox 1926 1556 3550 1629; baseline -0.001 -17"><span class='ocrx_word' id='word_1_432' title='bbox 1926 1559 2242 1614; x_wconf 89' lang='lat' dir='ltr'><strong>secundum</strong></span> <span class='ocrx_word' id='word_1_433' title='bbox 2256 1557 2484 1613; x_wconf 80' lang='lat' dir='ltr'><strong>deﬁnita</strong></span> <span class='ocrx_word' id='word_1_434' title='bbox 2499 1559 2732 1612; x_wconf 85' lang='lat' dir='ltr'><strong>Patrum</strong></span> <span class='ocrx_word' id='word_1_435' title='bbox 2745 1556 3271 1629; x_wconf 85' lang='lat' dir='ltr'><strong>etpradicatiouem</strong></span> <span class='ocrx_word' id='word_1_436' title='bbox 3288 1557 3550 1612; x_wconf 90' lang='lat' dir='ltr'><strong>omnium</strong></span> 
     </span>
    </p>
   </div>
   <div class='ocr_carea' id='block_1_60' title="bbox 1926 1649 3550 1723">
    <p class='ocr_par' dir='ltr' id='par_1_60' title="bbox 1926 1649 3550 1723">
     <span class='ocr_line' id='line_1_60' title="bbox 1926 1649 3550 1723; baseline -0.002 -15"><span class='ocrx_word' id='word_1_437' title='bbox 1926 1653 2279 1708; x_wconf 89' lang='lat' dir='ltr'><strong>sacerdotum</strong></span> <span class='ocrx_word' id='word_1_438' title='bbox 2305 1651 2401 1723; x_wconf 92' lang='lat' dir='ltr'><strong>qui</strong></span> <span class='ocrx_word' id='word_1_439' title='bbox 2424 1651 2482 1706; x_wconf 90' lang='lat' dir='ltr'><strong>in</strong></span> <span class='ocrx_word' id='word_1_440' title='bbox 2507 1651 2752 1706; x_wconf 88' lang='lat' dir='ltr'><strong>Ecclesia</strong></span> <span class='ocrx_word' id='word_1_441' title='bbox 2773 1649 3105 1717; x_wconf 86' lang='lat' dir='ltr'><strong>ﬂoruerunt,</strong></span> <span class='ocrx_word' id='word_1_442' title='bbox 3131 1649 3175 1704; x_wconf 90' lang='lat' dir='ltr'><strong>si</strong></span> <span class='ocrx_word' id='word_1_443' title='bbox 3198 1651 3302 1704; x_wconf 90' lang='lat' dir='ltr'><strong>hoc</strong></span> <span class='ocrx_word' id='word_1_444' title='bbox 3321 1666 3550 1721; x_wconf 88' lang='lat' dir='ltr'><strong>quoque</strong></span> 
     </span>
    </p>
   </div>
   <div class='ocr_carea' id='block_1_61' title="bbox 1927 1744 3553 1819">
    <p class='ocr_par' dir='ltr' id='par_1_61' title="bbox 1927 1744 3553 1819">
     <span class='ocr_line' id='line_1_61' title="bbox 1927 1744 3553 1819; baseline -0.003 -17"><span class='ocrx_word' id='word_1_445' title='bbox 1927 1747 2310 1819; x_wconf 88' lang='lat' dir='ltr'><strong>praceperitis</strong></span> <span class='ocrx_word' id='word_1_446' title='bbox 2339 1744 2647 1800; x_wconf 88' lang='lat' dir='ltr'><strong>scientibus</strong></span> <span class='ocrx_word' id='word_1_447' title='bbox 2673 1745 2731 1799; x_wconf 89' lang='lat' dir='ltr'><strong>in</strong></span> <span class='ocrx_word' id='word_1_448' title='bbox 2761 1745 3098 1799; x_wconf 88' lang='lat' dir='ltr'><strong>memoriam</strong></span> <span class='ocrx_word' id='word_1_449' title='bbox 3118 1744 3553 1798; x_wconf 85' lang='lat' dir='ltr'><strong>transmittendo</strong></span> 
     </span>
    </p>
   </div>
   <div class='ocr_carea' id='block_1_62' title="bbox 1928 1836 3554 1910">
    <p class='ocr_par' dir='ltr' id='par_1_62' title="bbox 1928 1836 3554 1910">
     <span class='ocr_line' id='line_1_62' title="bbox 1928 1836 3554 1910; baseline -0.004 -14"><span class='ocrx_word' id='word_1_450' title='bbox 1928 1839 2329 1896; x_wconf 89' lang='lat' dir='ltr'><strong>renovabimus</strong></span> <span class='ocrx_word' id='word_1_451' title='bbox 2359 1838 2756 1910; x_wconf 86' lang='lat' dir='ltr'><strong>ignorantibus</strong></span> <span class='ocrx_word' id='word_1_452' title='bbox 2785 1838 2852 1892; x_wconf 91' lang='lat' dir='ltr'><strong>ad</strong></span> <span class='ocrx_word' id='word_1_453' title='bbox 2882 1837 3210 1892; x_wconf 90' lang='lat' dir='ltr'><strong>discendum</strong></span> <span class='ocrx_word' id='word_1_454' title='bbox 3234 1851 3336 1907; x_wconf 92' lang='lat' dir='ltr'><strong>pro</strong></span> <span class='ocrx_word' id='word_1_455' title='bbox 3365 1836 3554 1891; x_wconf 81' lang='lat' dir='ltr'><strong>ofﬁcio</strong></span> 
     </span>
    </p>
   </div>
   <div class='ocr_carea' id='block_1_63' title="bbox 1930 1929 3557 2000">
    <p class='ocr_par' dir='ltr' id='par_1_63' title="bbox 1930 1929 3557 2000">
     <span class='ocr_line' id='line_1_63' title="bbox 1930 1929 3557 2000; baseline -0.003 -11"><span class='ocrx_word' id='word_1_456' title='bbox 1930 1939 2138 1989; x_wconf 86' lang='lat' dir='ltr'><strong>nostra</strong></span> <span class='ocrx_word' id='word_1_457' title='bbox 2181 1932 2568 1988; x_wconf 87' lang='lat' dir='ltr'><strong>instructionis</strong></span> <span class='ocrx_word' id='word_1_458' title='bbox 2611 1931 2937 2000; x_wconf 79' lang='lat' dir='ltr'><strong>oﬂ‘eremus,</strong></span> <span class='ocrx_word' id='word_1_459' title='bbox 2985 1935 3047 1984; x_wconf 91' lang='lat' dir='ltr'><strong>ut</strong></span> <span class='ocrx_word' id='word_1_460' title='bbox 3071 1931 3228 1985; x_wconf 91' lang='lat' dir='ltr'><strong>nulla</strong></span> <span class='ocrx_word' id='word_1_461' title='bbox 3253 1933 3409 1986; x_wconf 87' lang='lat' dir='ltr'><strong>extra</strong></span> <span class='ocrx_word' id='word_1_462' title='bbox 3435 1929 3557 1984; x_wconf 85' lang='lat' dir='ltr'><strong>hac</strong></span> 
     </span>
    </p>
   </div>
   <div class='ocr_carea' id='block_1_64' title="bbox 1927 2023 3278 2100">
    <p class='ocr_par' dir='ltr' id='par_1_64' title="bbox 1927 2023 3278 2100">
     <span class='ocr_line' id='line_1_64' title="bbox 1927 2023 3278 2100; baseline -0.006 -16"><span class='ocrx_word' id='word_1_463' title='bbox 1927 2027 2288 2100; x_wconf 90' lang='lat' dir='ltr'><strong>ingeniorum</strong></span> <span class='ocrx_word' id='word_1_464' title='bbox 2307 2025 2580 2097; x_wconf 86' lang='lat' dir='ltr'><strong>jactantia</strong></span> <span class='ocrx_word' id='word_1_465' title='bbox 2608 2025 2697 2078; x_wconf 93' lang='lat' dir='ltr'><strong>vel</strong></span> <span class='ocrx_word' id='word_1_466' title='bbox 2727 2024 2975 2095; x_wconf 90' lang='lat' dir='ltr'><strong>pravitas</strong></span> <span class='ocrx_word' id='word_1_467' title='bbox 2995 2023 3278 2078; x_wconf 91' lang='lat' dir='ltr'><strong>audiatur.</strong></span> 
     </span>
    </p>
   </div>
   <div class='ocr_carea' id='block_1_65' title="bbox 1999 2117 3557 2190">
    <p class='ocr_par' dir='ltr' id='par_1_65' title="bbox 1999 2117 3557 2190">
     <span class='ocr_line' id='line_1_65' title="bbox 1999 2117 3557 2190; baseline -0.001 -14"><span class='ocrx_word' id='word_1_468' title='bbox 1999 2123 2086 2176; x_wconf 88' lang='lat' dir='ltr'><strong>Vl.</strong></span> <span class='ocrx_word' id='word_1_469' title='bbox 2108 2121 2244 2176; x_wconf 90' lang='lat' dir='ltr'><strong>Illud</strong></span> <span class='ocrx_word' id='word_1_470' title='bbox 2269 2136 2400 2174; x_wconf 88' lang='lat' dir='ltr'><strong>vero</strong></span> <span class='ocrx_word' id='word_1_471' title='bbox 2421 2118 2802 2190; x_wconf 86' lang='lat' dir='ltr'><strong>peculiaribus</strong></span> <span class='ocrx_word' id='word_1_472' title='bbox 2817 2134 2920 2188; x_wconf 91' lang='lat' dir='ltr'><strong>pro</strong></span> <span class='ocrx_word' id='word_1_473' title='bbox 2939 2133 3130 2171; x_wconf 88' lang='lat' dir='ltr'><strong>amore</strong></span> <span class='ocrx_word' id='word_1_474' title='bbox 3147 2117 3377 2188; x_wconf 90' lang='lat' dir='ltr'><strong>imperii</strong></span> <span class='ocrx_word' id='word_1_475' title='bbox 3388 2117 3557 2174; x_wconf 89' lang='lat' dir='ltr'><strong>vestri</strong></span> 
     </span>
    </p>
   </div>
   <div class='ocr_carea' id='block_1_66' title="bbox 1929 2210 3558 2284">
    <p class='ocr_par' dir='ltr' id='par_1_66' title="bbox 1929 2210 3558 2284">
     <span class='ocr_line' id='line_1_66' title="bbox 1929 2210 3558 2284; baseline -0.004 -13"><span class='ocrx_word' id='word_1_476' title='bbox 1929 2220 1985 2271; x_wconf 91' lang='lat' dir='ltr'><strong>et</strong></span> <span class='ocrx_word' id='word_1_477' title='bbox 2028 2215 2380 2270; x_wconf 91' lang='lat' dir='ltr'><strong>beatitudine</strong></span> <span class='ocrx_word' id='word_1_478' title='bbox 2425 2230 2552 2284; x_wconf 82' lang='lat' dir='ltr'><strong>qua</strong></span> <span class='ocrx_word' id='word_1_479' title='bbox 2598 2212 2865 2284; x_wconf 89' lang='lat' dir='ltr'><strong>consequi</strong></span> <span class='ocrx_word' id='word_1_480' title='bbox 2894 2211 3141 2282; x_wconf 89' lang='lat' dir='ltr'><strong>potuerit</strong></span> <span class='ocrx_word' id='word_1_481' title='bbox 3169 2210 3426 2282; x_wconf 88' lang='lat' dir='ltr'><strong>regimen</strong></span> <span class='ocrx_word' id='word_1_482' title='bbox 3454 2228 3558 2283; x_wconf 90' lang='lat' dir='ltr'><strong>pro</strong></span> 
     </span>
    </p>
   </div>
   <div class='ocr_carea' id='block_1_67' title="bbox 1929 2304 3558 2381">
    <p class='ocr_par' dir='ltr' id='par_1_67' title="bbox 1929 2304 3558 2381">
     <span class='ocr_line' id='line_1_67' title="bbox 1929 2304 3558 2381; baseline -0.002 -16"><span class='ocrx_word' id='word_1_483' title='bbox 1929 2309 2235 2381; x_wconf 90' lang='lat' dir='ltr'><strong>apostolico</strong></span> <span class='ocrx_word' id='word_1_484' title='bbox 2266 2307 2542 2362; x_wconf 82' lang='lat' dir='ltr'><strong>beneﬁcio</strong></span> <span class='ocrx_word' id='word_1_485' title='bbox 2571 2305 2968 2378; x_wconf 87' lang='lat' dir='ltr'><strong>pradicamus,</strong></span> <span class='ocrx_word' id='word_1_486' title='bbox 3015 2305 3260 2358; x_wconf 81' lang='lat' dir='ltr'><strong>utsicut</strong></span> <span class='ocrx_word' id='word_1_487' title='bbox 3299 2304 3462 2360; x_wconf 90' lang='lat' dir='ltr'><strong>decet</strong></span> <span class='ocrx_word' id='word_1_488' title='bbox 3500 2309 3558 2360; x_wconf 90' lang='lat' dir='ltr'><strong>et</strong></span> 
     </span>
    </p>
   </div>
   <div class='ocr_carea' id='block_1_68' title="bbox 1931 2399 3558 2476">
    <p class='ocr_par' dir='ltr' id='par_1_68' title="bbox 1931 2399 3558 2476">
     <span class='ocr_line' id='line_1_68' title="bbox 1931 2399 3558 2476; baseline -0.002 -17"><span class='ocrx_word' id='word_1_489' title='bbox 1931 2404 2174 2476; x_wconf 87' lang='lat' dir='ltr'><strong>Spiritus</strong></span> <span class='ocrx_word' id='word_1_490' title='bbox 2189 2408 2416 2457; x_wconf 91' lang='lat' dir='ltr'><strong>sanctus</strong></span> <span class='ocrx_word' id='word_1_491' title='bbox 2434 2401 2606 2456; x_wconf 86' lang='lat' dir='ltr'><strong>dictat</strong></span> <span class='ocrx_word' id='word_1_492' title='bbox 2619 2400 2848 2455; x_wconf 90' lang='lat' dir='ltr'><strong>monitis</strong></span> <span class='ocrx_word' id='word_1_493' title='bbox 2861 2399 3066 2454; x_wconf 77' lang='lat' dir='ltr'><strong>nostris</strong></span> <span class='ocrx_word' id='word_1_494' title='bbox 3082 2399 3402 2454; x_wconf 90' lang='lat' dir='ltr'><strong>obedientia</strong></span> <span class='ocrx_word' id='word_1_495' title='bbox 3420 2416 3558 2471; x_wconf 85' lang='lat' dir='ltr'><strong>pra-</strong></span> 
     </span>
    </p>
   </div>
   <div class='ocr_carea' id='block_1_69' title="bbox 1930 2493 3558 2564">
    <p class='ocr_par' dir='ltr' id='par_1_69' title="bbox 1930 2493 3558 2564">
     <span class='ocr_line' id='line_1_69' title="bbox 1930 2493 3558 2564; baseline -0.002 -12"><span class='ocrx_word' id='word_1_496' title='bbox 1930 2498 2150 2564; x_wconf 90' lang='lat' dir='ltr'><strong>beatur,</strong></span> <span class='ocrx_word' id='word_1_497' title='bbox 2185 2500 2244 2550; x_wconf 93' lang='lat' dir='ltr'><strong>ut</strong></span> <span class='ocrx_word' id='word_1_498' title='bbox 2267 2495 2418 2550; x_wconf 91' lang='lat' dir='ltr'><strong>bona</strong></span> <span class='ocrx_word' id='word_1_499' title='bbox 2445 2494 2637 2549; x_wconf 89' lang='lat' dir='ltr'><strong>omnia</strong></span> <span class='ocrx_word' id='word_1_500' title='bbox 2661 2499 2905 2548; x_wconf 89' lang='lat' dir='ltr'><strong>vestram</strong></span> <span class='ocrx_word' id='word_1_501' title='bbox 2930 2493 3342 2563; x_wconf 88' lang='lat' dir='ltr'><strong>rempublicam</strong></span> <span class='ocrx_word' id='word_1_502' title='bbox 3364 2510 3558 2548; x_wconf 91' lang='lat' dir='ltr'><strong>conse-</strong></span> 
     </span>
    </p>
   </div>
   <div class='ocr_carea' id='block_1_70' title="bbox 1931 2586 3559 2663">
    <p class='ocr_par' dir='ltr' id='par_1_70' title="bbox 1931 2586 3559 2663">
     <span class='ocr_line' id='line_1_70' title="bbox 1931 2586 3559 2663; baseline -0.002 -18"><span class='ocrx_word' id='word_1_503' title='bbox 1931 2595 2202 2663; x_wconf 90' lang='lat' dir='ltr'><strong>quantur,</strong></span> <span class='ocrx_word' id='word_1_504' title='bbox 2254 2590 2395 2643; x_wconf 93' lang='lat' dir='ltr'><strong>sicut</strong></span> <span class='ocrx_word' id='word_1_505' title='bbox 2430 2589 2490 2642; x_wconf 90' lang='lat' dir='ltr'><strong>in</strong></span> <span class='ocrx_word' id='word_1_506' title='bbox 2522 2588 2714 2642; x_wconf 81' lang='lat' dir='ltr'><strong>Exodo</strong></span> <span class='ocrx_word' id='word_1_507' title='bbox 2750 2586 3102 2658; x_wconf 87' lang='lat' dir='ltr'><strong>promittitur</strong></span> <span class='ocrx_word' id='word_1_508' title='bbox 3129 2603 3142 2640; x_wconf 87' lang='lat'><strong>:</strong></span> <span class='ocrx_word' id='word_1_509' title='bbox 3176 2608 3203 2635; x_wconf 91' lang='lat'><strong>«</strong></span> <span class='ocrx_word' id='word_1_510' title='bbox 3231 2587 3284 2642; x_wconf 91' lang='lat' dir='ltr'><strong>Si</strong></span> <span class='ocrx_word' id='word_1_511' title='bbox 3315 2587 3559 2642; x_wconf 89' lang='lat' dir='ltr'><strong>audieris</strong></span> 
     </span>
    </p>
   </div>
   <div class='ocr_carea' id='block_1_71' title="bbox 1929 2679 3555 2752">
    <p class='ocr_par' dir='ltr' id='par_1_71' title="bbox 1929 2679 3555 2752">
     <span class='ocr_line' id='line_1_71' title="bbox 1929 2679 3555 2752; baseline -0.001 -14"><span class='ocrx_word' id='word_1_512' title='bbox 1929 2701 2122 2740; x_wconf 89' lang='lat' dir='ltr'><strong>vocem</strong></span> <span class='ocrx_word' id='word_1_513' title='bbox 2150 2683 2373 2738; x_wconf 90' lang='lat' dir='ltr'><strong>Domini</strong></span> <span class='ocrx_word' id='word_1_514' title='bbox 2401 2682 2500 2737; x_wconf 91' lang='lat' dir='ltr'><strong>Dei</strong></span> <span class='ocrx_word' id='word_1_515' title='bbox 2527 2681 2628 2748; x_wconf 89' lang='lat' dir='ltr'><strong>tui,</strong></span> <span class='ocrx_word' id='word_1_516' title='bbox 2659 2687 2714 2736; x_wconf 91' lang='lat' dir='ltr'><strong>et</strong></span> <span class='ocrx_word' id='word_1_517' title='bbox 2741 2697 2871 2752; x_wconf 85' lang='lat' dir='ltr'><strong>qua</strong></span> <span class='ocrx_word' id='word_1_518' title='bbox 2900 2681 3123 2752; x_wconf 89' lang='lat' dir='ltr'><strong>placent</strong></span> <span class='ocrx_word' id='word_1_519' title='bbox 3146 2679 3196 2734; x_wconf 90' lang='lat' dir='ltr'><strong>ei</strong></span> <span class='ocrx_word' id='word_1_520' title='bbox 3237 2680 3436 2735; x_wconf 89' lang='lat' dir='ltr'><strong>feceris</strong></span> <span class='ocrx_word' id='word_1_521' title='bbox 3461 2697 3555 2736; x_wconf 93' lang='lat' dir='ltr'><strong>co-</strong></span> 
     </span>
    </p>
   </div>
   <div class='ocr_carea' id='block_1_72' title="bbox 1931 2773 3558 2849">
    <p class='ocr_par' dir='ltr' id='par_1_72' title="bbox 1931 2773 3558 2849">
     <span class='ocr_line' id='line_1_72' title="bbox 1931 2773 3558 2849; baseline -0.002 -16"><span class='ocrx_word' id='word_1_522' title='bbox 1931 2796 2054 2834; x_wconf 89' lang='lat' dir='ltr'><strong>ram</strong></span> <span class='ocrx_word' id='word_1_523' title='bbox 2078 2777 2220 2849; x_wconf 90' lang='lat' dir='ltr'><strong>ipso,</strong></span> <span class='ocrx_word' id='word_1_524' title='bbox 2251 2783 2307 2832; x_wconf 92' lang='lat' dir='ltr'><strong>et</strong></span> <span class='ocrx_word' id='word_1_525' title='bbox 2333 2776 2613 2831; x_wconf 90' lang='lat' dir='ltr'><strong>obedieris</strong></span> <span class='ocrx_word' id='word_1_526' title='bbox 2639 2774 2936 2846; x_wconf 87' lang='lat' dir='ltr'><strong>praceptis</strong></span> <span class='ocrx_word' id='word_1_527' title='bbox 2978 2774 3104 2844; x_wconf 89' lang='lat' dir='ltr'><strong>ejus</strong></span> <span class='ocrx_word' id='word_1_528' title='bbox 3142 2776 3198 2828; x_wconf 93' lang='lat' dir='ltr'><strong>et</strong></span> <span class='ocrx_word' id='word_1_529' title='bbox 3225 2773 3558 2830; x_wconf 89' lang='lat' dir='ltr'><strong>custodieris</strong></span> 
     </span>
    </p>
   </div>
   <div class='ocr_carea' id='block_1_73' title="bbox 1933 2867 3556 2943">
    <p class='ocr_par' dir='ltr' id='par_1_73' title="bbox 1933 2867 3556 2943">
     <span class='ocr_line' id='line_1_73' title="bbox 1933 2867 3556 2943; baseline -0.002 -16"><span class='ocrx_word' id='word_1_530' title='bbox 1933 2889 2163 2927; x_wconf 91' lang='lat' dir='ltr'><strong>omnem</strong></span> <span class='ocrx_word' id='word_1_531' title='bbox 2185 2870 2463 2943; x_wconf 91' lang='lat' dir='ltr'><strong>justitiam</strong></span> <span class='ocrx_word' id='word_1_532' title='bbox 2509 2870 2653 2941; x_wconf 90' lang='lat' dir='ltr'><strong>ejus,</strong></span> <span class='ocrx_word' id='word_1_533' title='bbox 2691 2884 2920 2923; x_wconf 90' lang='lat' dir='ltr'><strong>omnem</strong></span> <span class='ocrx_word' id='word_1_534' title='bbox 2955 2867 3352 2922; x_wconf 81' lang='lat' dir='ltr'><strong>infirmitatem</strong></span> <span class='ocrx_word' id='word_1_535' title='bbox 3384 2885 3556 2940; x_wconf 89' lang='lat' dir='ltr'><strong>quam</strong></span> 
     </span>
    </p>
   </div>
   <div class='ocr_carea' id='block_1_74' title="bbox 1933 2961 3560 3038">
    <p class='ocr_par' dir='ltr' id='par_1_74' title="bbox 1933 2961 3560 3038">
     <span class='ocr_line' id='line_1_74' title="bbox 1933 2961 3560 3038; baseline -0.003 -16"><span class='ocrx_word' id='word_1_536' title='bbox 1933 2964 2237 3038; x_wconf 86' lang='lat' dir='ltr'><strong>importavi</strong></span> <span class='ocrx_word' id='word_1_537' title='bbox 2271 2963 2544 3036; x_wconf 70' lang='lat' dir='ltr'><strong>Egyptiis</strong></span> <span class='ocrx_word' id='word_1_538' title='bbox 2572 2980 2686 3018; x_wconf 90' lang='lat' dir='ltr'><strong>non</strong></span> <span class='ocrx_word' id='word_1_539' title='bbox 2710 2961 3036 3033; x_wconf 88' lang='lat' dir='ltr'><strong>importabo</strong></span> <span class='ocrx_word' id='word_1_540' title='bbox 3063 2963 3121 3014; x_wconf 90' lang='lat' dir='ltr'><strong>in</strong></span> <span class='ocrx_word' id='word_1_541' title='bbox 3153 2964 3230 3016; x_wconf 92' lang='lat' dir='ltr'><strong>te.</strong></span> <span class='ocrx_word' id='word_1_542' title='bbox 3262 2962 3382 3033; x_wconf 90' lang='lat' dir='ltr'><strong>Ego</strong></span> <span class='ocrx_word' id='word_1_543' title='bbox 3404 2962 3560 3017; x_wconf 91' lang='lat' dir='ltr'><strong>enim</strong></span> 
     </span>
    </p>
   </div>
   <div class='ocr_carea' id='block_1_75' title="bbox 1934 3055 3558 3129">
    <p class='ocr_par' dir='ltr' id='par_1_75' title="bbox 1934 3055 3558 3129">
     <span class='ocr_line' id='line_1_75' title="bbox 1934 3055 3558 3129; baseline -0.006 -13"><span class='ocrx_word' id='word_1_544' title='bbox 1934 3061 2209 3116; x_wconf 88' lang='lat' dir='ltr'><strong>Dominus</strong></span> <span class='ocrx_word' id='word_1_545' title='bbox 2237 3075 2383 3127; x_wconf 90' lang='lat' dir='ltr'><strong>sum,</strong></span> <span class='ocrx_word' id='word_1_546' title='bbox 2415 3058 2513 3129; x_wconf 91' lang='lat' dir='ltr'><strong>qui</strong></span> <span class='ocrx_word' id='word_1_547' title='bbox 2535 3057 2754 3111; x_wconf 90' lang='lat' dir='ltr'><strong>salvum</strong></span> <span class='ocrx_word' id='word_1_548' title='bbox 2779 3055 2923 3111; x_wconf 88' lang='lat' dir='ltr'><strong>facio</strong></span> <span class='ocrx_word' id='word_1_549' title='bbox 2950 3059 3006 3110; x_wconf 90' lang='lat' dir='ltr'><strong>te</strong></span> <span class='ocrx_word' id='word_1_550' title='bbox 3037 3055 3231 3126; x_wconf 65' lang='lat' dir='ltr'><strong>(Exod.</strong></span> <span class='ocrx_word' id='word_1_551' title='bbox 3279 3072 3368 3123; x_wconf 85' lang='lat' dir='ltr'><strong>xv,</strong></span> <span class='ocrx_word' id='word_1_552' title='bbox 3398 3059 3506 3126; x_wconf 85' lang='lat'><strong>27).</strong></span> <span class='ocrx_word' id='word_1_553' title='bbox 3531 3080 3558 3107; x_wconf 73' lang='grc' dir='ltr'><em>η</em></span> 
     </span>
    </p>
   </div>
   <div class='ocr_carea' id='block_1_76' title="bbox 1937 3149 3560 3222">
    <p class='ocr_par' dir='ltr' id='par_1_76' title="bbox 1937 3149 3560 3222">
     <span class='ocr_line' id='line_1_76' title="bbox 1937 3149 3560 3222; baseline -0.002 -13"><span class='ocrx_word' id='word_1_554' title='bbox 1937 3155 2004 3209; x_wconf 87' lang='lat' dir='ltr'><strong>Et</strong></span> <span class='ocrx_word' id='word_1_555' title='bbox 2040 3154 2151 3210; x_wconf 91' lang='lat' dir='ltr'><strong>illic</strong></span> <span class='ocrx_word' id='word_1_556' title='bbox 2195 3155 2403 3207; x_wconf 90' lang='lat' dir='ltr'><strong>iterum</strong></span> <span class='ocrx_word' id='word_1_557' title='bbox 2458 3152 2594 3205; x_wconf 90' lang='lat' dir='ltr'><strong>tuba</strong></span> <span class='ocrx_word' id='word_1_558' title='bbox 2641 3150 3033 3222; x_wconf 89' lang='lat' dir='ltr'><strong>potentissima</strong></span> <span class='ocrx_word' id='word_1_559' title='bbox 3059 3149 3296 3204; x_wconf 89' lang='lat' dir='ltr'><strong>canitur.</strong></span> <span class='ocrx_word' id='word_1_560' title='bbox 3329 3150 3560 3219; x_wconf 86' lang='lat' dir='ltr'><strong>«Nunc,</strong></span> 
     </span>
    </p>
   </div>
   <div class='ocr_carea' id='block_1_77' title="bbox 1937 3244 3559 3318">
    <p class='ocr_par' dir='ltr' id='par_1_77' title="bbox 1937 3244 3559 3318">
     <span class='ocr_line' id='line_1_77' title="bbox 1937 3244 3559 3318; baseline -0.002 -15"><span class='ocrx_word' id='word_1_561' title='bbox 1937 3249 2124 3316; x_wconf 87' lang='lat' dir='ltr'><strong>Israel,</strong></span> <span class='ocrx_word' id='word_1_562' title='bbox 2157 3247 2293 3318; x_wconf 91' lang='lat' dir='ltr'><strong>quid</strong></span> <span class='ocrx_word' id='word_1_563' title='bbox 2323 3246 2597 3301; x_wconf 90' lang='lat' dir='ltr'><strong>Dominus</strong></span> <span class='ocrx_word' id='word_1_564' title='bbox 2628 3247 2772 3299; x_wconf 91' lang='lat' dir='ltr'><strong>Deus</strong></span> <span class='ocrx_word' id='word_1_565' title='bbox 2799 3248 2928 3297; x_wconf 90' lang='lat' dir='ltr'><strong>tuus</strong></span> <span class='ocrx_word' id='word_1_566' title='bbox 2953 3244 3259 3314; x_wconf 87' lang='lat' dir='ltr'><strong>postulata</strong></span> <span class='ocrx_word' id='word_1_567' title='bbox 3292 3249 3347 3298; x_wconf 90' lang='lat' dir='ltr'><strong>te</strong></span> <span class='ocrx_word' id='word_1_568' title='bbox 3386 3245 3559 3313; x_wconf 92' lang='lat' dir='ltr'><strong>aliud,</strong></span> 
     </span>
    </p>
   </div>
   <div class='ocr_carea' id='block_1_78' title="bbox 1937 3335 3557 3414">
    <p class='ocr_par' dir='ltr' id='par_1_78' title="bbox 1937 3335 3557 3414">
     <span class='ocr_line' id='line_1_78' title="bbox 1937 3335 3557 3414; baseline -0.002 -19"><span class='ocrx_word' id='word_1_569' title='bbox 1937 3357 2109 3414; x_wconf 92' lang='lat' dir='ltr'><strong>quam</strong></span> <span class='ocrx_word' id='word_1_570' title='bbox 2140 3345 2201 3393; x_wconf 91' lang='lat' dir='ltr'><strong>ut</strong></span> <span class='ocrx_word' id='word_1_571' title='bbox 2223 3340 2423 3394; x_wconf 90' lang='lat' dir='ltr'><strong>timeas</strong></span> <span class='ocrx_word' id='word_1_572' title='bbox 2450 3338 2752 3392; x_wconf 89' lang='lat' dir='ltr'><strong>Dominum</strong></span> <span class='ocrx_word' id='word_1_573' title='bbox 2781 3342 2964 3403; x_wconf 89' lang='lat' dir='ltr'><strong>tuum,</strong></span> <span class='ocrx_word' id='word_1_574' title='bbox 2988 3343 3045 3390; x_wconf 93' lang='lat' dir='ltr'><strong>et</strong></span> <span class='ocrx_word' id='word_1_575' title='bbox 3073 3335 3330 3390; x_wconf 91' lang='lat' dir='ltr'><strong>ambules</strong></span> <span class='ocrx_word' id='word_1_576' title='bbox 3354 3337 3411 3391; x_wconf 90' lang='lat' dir='ltr'><strong>in</strong></span> <span class='ocrx_word' id='word_1_577' title='bbox 3438 3355 3557 3393; x_wconf 90' lang='lat' dir='ltr'><strong>om-</strong></span> 
     </span>
    </p>
   </div>
   <div class='ocr_carea' id='block_1_79' title="bbox 1937 3429 3562 3503">
    <p class='ocr_par' dir='ltr' id='par_1_79' title="bbox 1937 3429 3562 3503">
     <span class='ocr_line' id='line_1_79' title="bbox 1937 3429 3562 3503; baseline -0.002 -14"><span class='ocrx_word' id='word_1_578' title='bbox 1937 3435 2104 3489; x_wconf 89' lang='lat' dir='ltr'><strong>nibus</strong></span> <span class='ocrx_word' id='word_1_579' title='bbox 2148 3433 2251 3487; x_wconf 89' lang='lat' dir='ltr'><strong>viis</strong></span> <span class='ocrx_word' id='word_1_580' title='bbox 2278 3434 2421 3503; x_wconf 91' lang='lat' dir='ltr'><strong>ejus,</strong></span> <span class='ocrx_word' id='word_1_581' title='bbox 2460 3435 2517 3486; x_wconf 87' lang='lat' dir='ltr'><strong>et</strong></span> <span class='ocrx_word' id='word_1_582' title='bbox 2550 3431 2755 3501; x_wconf 88' lang='lat' dir='ltr'><strong>diligas</strong></span> <span class='ocrx_word' id='word_1_583' title='bbox 2793 3447 2945 3498; x_wconf 92' lang='lat' dir='ltr'><strong>eum,</strong></span> <span class='ocrx_word' id='word_1_584' title='bbox 2993 3432 3050 3483; x_wconf 87' lang='lat' dir='ltr'><strong>et</strong></span> <span class='ocrx_word' id='word_1_585' title='bbox 3088 3429 3298 3484; x_wconf 88' lang='lat' dir='ltr'><strong>servias</strong></span> <span class='ocrx_word' id='word_1_586' title='bbox 3327 3431 3562 3486; x_wconf 89' lang='lat' dir='ltr'><strong>Domino</strong></span> 
     </span>
    </p>
   </div>
   <div class='ocr_carea' id='block_1_80' title="bbox 1940 3518 3561 3578">
    <p class='ocr_par' dir='ltr' id='par_1_80' title="bbox 1940 3518 3561 3578">
     <span class='ocr_line' id='line_1_80' title="bbox 1940 3518 3561 3578; baseline -0.004 0"><span class='ocrx_word' id='word_1_587' title='bbox 1940 3525 2052 3578; x_wconf 88' lang='lat' dir='ltr'><strong>Deo</strong></span> <span class='ocrx_word' id='word_1_588' title='bbox 2082 3529 2180 3577; x_wconf 92' lang='lat' dir='ltr'><strong>tuo</strong></span> <span class='ocrx_word' id='word_1_589' title='bbox 2208 3539 2277 3576; x_wconf 87' lang='lat' dir='ltr'><strong>ex</strong></span> <span class='ocrx_word' id='word_1_590' title='bbox 2306 3525 2425 3576; x_wconf 89' lang='lat' dir='ltr'><strong>toto</strong></span> <span class='ocrx_word' id='word_1_591' title='bbox 2447 3519 2618 3576; x_wconf 88' lang='lat' dir='ltr'><strong>corde</strong></span> <span class='ocrx_word' id='word_1_592' title='bbox 2645 3525 2700 3574; x_wconf 89' lang='lat' dir='ltr'><strong>et</strong></span> <span class='ocrx_word' id='word_1_593' title='bbox 2721 3535 2784 3572; x_wconf 83' lang='lat' dir='ltr'><strong>ex</strong></span> <span class='ocrx_word' id='word_1_594' title='bbox 2807 3521 2925 3573; x_wconf 89' lang='lat' dir='ltr'><strong>tota</strong></span> <span class='ocrx_word' id='word_1_595' title='bbox 2949 3518 3143 3572; x_wconf 89' lang='lat' dir='ltr'><strong>anima</strong></span> <span class='ocrx_word' id='word_1_596' title='bbox 3164 3524 3257 3572; x_wconf 90' lang='lat' dir='ltr'><strong>tua</strong></span> <span class='ocrx_word' id='word_1_597' title='bbox 3279 3519 3561 3574; x_wconf 85' lang='lat' dir='ltr'><strong>custodire</strong></span> 
     </span>
    </p>
   </div>
   <div class='ocr_carea' id='block_1_81' title="bbox 1939 3611 3562 3689">
    <p class='ocr_par' dir='ltr' id='par_1_81' title="bbox 1939 3611 3562 3689">
     <span class='ocr_line' id='line_1_81' title="bbox 1939 3611 3562 3689; baseline -0.002 -18"><span class='ocrx_word' id='word_1_598' title='bbox 1939 3621 2222 3689; x_wconf 85' lang='lat' dir='ltr'><strong>pracepta</strong></span> <span class='ocrx_word' id='word_1_599' title='bbox 2276 3613 2504 3669; x_wconf 89' lang='lat' dir='ltr'><strong>Domini</strong></span> <span class='ocrx_word' id='word_1_600' title='bbox 2556 3613 2659 3667; x_wconf 93' lang='lat' dir='ltr'><strong>Dei</strong></span> <span class='ocrx_word' id='word_1_601' title='bbox 2713 3612 2794 3666; x_wconf 91' lang='lat' dir='ltr'><strong>tui</strong></span> <span class='ocrx_word' id='word_1_602' title='bbox 2847 3615 2904 3665; x_wconf 94' lang='lat' dir='ltr'><strong>et</strong></span> <span class='ocrx_word' id='word_1_603' title='bbox 2944 3611 3213 3682; x_wconf 86' lang='lat' dir='ltr'><strong>justitias,</strong></span> <span class='ocrx_word' id='word_1_604' title='bbox 3264 3629 3404 3683; x_wconf 90' lang='lat' dir='ltr'><strong>quas</strong></span> <span class='ocrx_word' id='word_1_605' title='bbox 3454 3631 3562 3685; x_wconf 90' lang='lat' dir='ltr'><strong>ego</strong></span> 
     </span>
    </p>
   </div>
   <div class='ocr_carea' id='block_1_82' title="bbox 1942 3706 3560 3777">
    <p class='ocr_par' dir='ltr' id='par_1_82' title="bbox 1942 3706 3560 3777">
     <span class='ocr_line' id='line_1_82' title="bbox 1942 3706 3560 3777; baseline -0.002 -11"><span class='ocrx_word' id='word_1_606' title='bbox 1942 3711 2155 3766; x_wconf 91' lang='lat' dir='ltr'><strong>mando</strong></span> <span class='ocrx_word' id='word_1_607' title='bbox 2178 3709 2282 3764; x_wconf 90' lang='lat' dir='ltr'><strong>tibi</strong></span> <span class='ocrx_word' id='word_1_608' title='bbox 2305 3712 2477 3777; x_wconf 87' lang='lat' dir='ltr'><strong>(Deut.</strong></span> <span class='ocrx_word' id='word_1_609' title='bbox 2500 3724 2553 3774; x_wconf 89' lang='lat' dir='ltr'><strong>x,</strong></span> <span class='ocrx_word' id='word_1_610' title='bbox 2582 3709 2664 3773; x_wconf 81' lang='lat' dir='ltr'><strong>l2,</strong></span> <span class='ocrx_word' id='word_1_611' title='bbox 2695 3706 2798 3777; x_wconf 82' lang='lat' dir='ltr'><strong>t3).</strong></span> <span class='ocrx_word' id='word_1_612' title='bbox 2833 3726 2859 3754; x_wconf 84' lang='grc'><strong>››</strong></span> <span class='ocrx_word' id='word_1_613' title='bbox 2883 3706 3008 3759; x_wconf 84' lang='lat' dir='ltr'><strong>Hac</strong></span> <span class='ocrx_word' id='word_1_614' title='bbox 3029 3709 3432 3776; x_wconf 87' lang='lat' dir='ltr'><strong>suggerentem</strong></span> <span class='ocrx_word' id='word_1_615' title='bbox 3450 3708 3560 3762; x_wconf 87' lang='lat' dir='ltr'><strong>fre—</strong></span> 
     </span>
    </p>
   </div>
   <div class='ocr_carea' id='block_1_83' title="bbox 1943 3800 3566 3876">
    <p class='ocr_par' dir='ltr' id='par_1_83' title="bbox 1943 3800 3566 3876">
     <span class='ocr_line' id='line_1_83' title="bbox 1943 3800 3566 3876; baseline -0.003 -17"><span class='ocrx_word' id='word_1_616' title='bbox 1943 3804 2210 3876; x_wconf 88' lang='lat' dir='ltr'><strong>quentius</strong></span> <span class='ocrx_word' id='word_1_617' title='bbox 2243 3820 2360 3858; x_wconf 90' lang='lat' dir='ltr'><strong>non</strong></span> <span class='ocrx_word' id='word_1_618' title='bbox 2400 3803 2628 3872; x_wconf 89' lang='lat' dir='ltr'><strong>spernat</strong></span> <span class='ocrx_word' id='word_1_619' title='bbox 2677 3800 2856 3871; x_wconf 86' lang='lat' dir='ltr'><strong>pietas</strong></span> <span class='ocrx_word' id='word_1_620' title='bbox 2898 3802 3013 3853; x_wconf 91' lang='lat' dir='ltr'><strong>tua.</strong></span> <span class='ocrx_word' id='word_1_621' title='bbox 3048 3802 3192 3853; x_wconf 88' lang='lat' dir='ltr'><strong>Ante</strong></span> <span class='ocrx_word' id='word_1_622' title='bbox 3219 3801 3410 3854; x_wconf 92' lang='lat' dir='ltr'><strong>oculos</strong></span> <span class='ocrx_word' id='word_1_623' title='bbox 3440 3805 3566 3856; x_wconf 88' lang='lat' dir='ltr'><strong>tuos</strong></span> 
     </span>
    </p>
   </div>
   <div class='ocr_carea' id='block_1_84' title="bbox 1945 3893 3570 3965">
    <p class='ocr_par' dir='ltr' id='par_1_84' title="bbox 1945 3893 3570 3965">
     <span class='ocr_line' id='line_1_84' title="bbox 1945 3893 3570 3965; baseline -0.002 -12"><span class='ocrx_word' id='word_1_624' title='bbox 1945 3899 2160 3953; x_wconf 89' lang='lat' dir='ltr'><strong>habens</strong></span> <span class='ocrx_word' id='word_1_625' title='bbox 2191 3895 2412 3953; x_wconf 91' lang='lat' dir='ltr'><strong>Domini</strong></span> <span class='ocrx_word' id='word_1_626' title='bbox 2454 3896 2512 3949; x_wconf 91' lang='lat' dir='ltr'><strong>in</strong></span> <span class='ocrx_word' id='word_1_627' title='bbox 2541 3893 2844 3965; x_wconf 88' lang='lat' dir='ltr'><strong>Evangelio</strong></span> <span class='ocrx_word' id='word_1_628' title='bbox 2873 3893 3110 3947; x_wconf 91' lang='lat' dir='ltr'><strong>verbum</strong></span> <span class='ocrx_word' id='word_1_629' title='bbox 3139 3910 3152 3948; x_wconf 89' lang='lat'><strong>:</strong></span> <span class='ocrx_word' id='word_1_630' title='bbox 3190 3913 3218 3944; x_wconf 75' lang='grc' dir='ltr'>α</span> <span class='ocrx_word' id='word_1_631' title='bbox 3259 3893 3364 3958; x_wconf 85' lang='lat' dir='ltr'><strong>Qui</strong></span> <span class='ocrx_word' id='word_1_632' title='bbox 3409 3894 3570 3950; x_wconf 87' lang='lat' dir='ltr'><strong>audit</strong></span> 
     </span>
    </p>
   </div>
   <div class='ocr_carea' id='block_1_85' title="bbox 1943 3986 3571 4061">
    <p class='ocr_par' dir='ltr' id='par_1_85' title="bbox 1943 3986 3571 4061">
     <span class='ocr_line' id='line_1_85' title="bbox 1943 3986 3571 4061; baseline -0.001 -15"><span class='ocrx_word' id='word_1_633' title='bbox 1943 4009 2060 4059; x_wconf 89' lang='lat' dir='ltr'><strong>vos,</strong></span> <span class='ocrx_word' id='word_1_634' title='bbox 2085 4009 2176 4046; x_wconf 91' lang='lat' dir='ltr'><strong>me</strong></span> <span class='ocrx_word' id='word_1_635' title='bbox 2203 3990 2380 4045; x_wconf 90' lang='lat' dir='ltr'><strong>audit.</strong></span> <span class='ocrx_word' id='word_1_636' title='bbox 2411 3990 2476 4043; x_wconf 90' lang='lat' dir='ltr'><strong>Et</strong></span> <span class='ocrx_word' id='word_1_637' title='bbox 2495 3990 2594 4061; x_wconf 89' lang='lat' dir='ltr'><strong>qui</strong></span> <span class='ocrx_word' id='word_1_638' title='bbox 2619 4005 2715 4042; x_wconf 90' lang='lat' dir='ltr'><strong>vos</strong></span> <span class='ocrx_word' id='word_1_639' title='bbox 2741 3986 2975 4059; x_wconf 86' lang='lat' dir='ltr'><strong>spernit,</strong></span> <span class='ocrx_word' id='word_1_640' title='bbox 3000 4004 3091 4042; x_wconf 90' lang='lat' dir='ltr'><strong>me</strong></span> <span class='ocrx_word' id='word_1_641' title='bbox 3113 3987 3362 4058; x_wconf 89' lang='lat' dir='ltr'><strong>spernit;</strong></span> <span class='ocrx_word' id='word_1_642' title='bbox 3394 3993 3450 4043; x_wconf 92' lang='lat' dir='ltr'><strong>et</strong></span> <span class='ocrx_word' id='word_1_643' title='bbox 3470 3987 3571 4061; x_wconf 87' lang='lat' dir='ltr'><strong>qui</strong></span> 
     </span>
    </p>
   </div>
   <div class='ocr_carea' id='block_1_86' title="bbox 1947 4080 3569 4156">
    <p class='ocr_par' dir='ltr' id='par_1_86' title="bbox 1947 4080 3569 4156">
     <span class='ocr_line' id='line_1_86' title="bbox 1947 4080 3569 4156; baseline -0.002 -17"><span class='ocrx_word' id='word_1_644' title='bbox 1947 4102 2038 4139; x_wconf 91' lang='lat' dir='ltr'><strong>me</strong></span> <span class='ocrx_word' id='word_1_645' title='bbox 2066 4085 2301 4156; x_wconf 90' lang='lat' dir='ltr'><strong>spernit,</strong></span> <span class='ocrx_word' id='word_1_646' title='bbox 2331 4084 2548 4155; x_wconf 89' lang='lat' dir='ltr'><strong>spernit</strong></span> <span class='ocrx_word' id='word_1_647' title='bbox 2572 4099 2700 4138; x_wconf 91' lang='lat' dir='ltr'><strong>eum</strong></span> <span class='ocrx_word' id='word_1_648' title='bbox 2727 4081 2823 4152; x_wconf 89' lang='lat' dir='ltr'><strong>qui</strong></span> <span class='ocrx_word' id='word_1_649' title='bbox 2852 4098 2944 4136; x_wconf 90' lang='lat' dir='ltr'><strong>me</strong></span> <span class='ocrx_word' id='word_1_650' title='bbox 2966 4080 3118 4135; x_wconf 89' lang='lat' dir='ltr'><strong>misit</strong></span> <span class='ocrx_word' id='word_1_651' title='bbox 3145 4081 3296 4152; x_wconf 87' lang='lat' dir='ltr'><strong>(Luc.</strong></span> <span class='ocrx_word' id='word_1_652' title='bbox 3320 4099 3377 4150; x_wconf 86' lang='lat' dir='ltr'><strong>x,</strong></span> <span class='ocrx_word' id='word_1_653' title='bbox 3410 4083 3516 4154; x_wconf 76' lang='lat'><strong>16).</strong></span> <span class='ocrx_word' id='word_1_654' title='bbox 3541 4102 3569 4135; x_wconf 82' lang='lat'><strong>»</strong></span> 
     </span>
    </p>
   </div>
   <div class='ocr_carea' id='block_1_87' title="bbox 1947 4176 3574 4249">
    <p class='ocr_par' dir='ltr' id='par_1_87' title="bbox 1947 4176 3574 4249">
     <span class='ocr_line' id='line_1_87' title="bbox 1947 4176 3574 4249; baseline -0.002 -16"><span class='ocrx_word' id='word_1_655' title='bbox 1947 4180 2086 4234; x_wconf 89' lang='lat' dir='ltr'><strong>Nam</strong></span> <span class='ocrx_word' id='word_1_656' title='bbox 2111 4182 2169 4233; x_wconf 91' lang='lat' dir='ltr'><strong>et</strong></span> <span class='ocrx_word' id='word_1_657' title='bbox 2187 4177 2488 4249; x_wconf 88' lang='lat' dir='ltr'><strong>Apostolus</strong></span> <span class='ocrx_word' id='word_1_658' title='bbox 2515 4177 2822 4232; x_wconf 88' lang='lat' dir='ltr'><strong>concinens</strong></span> <span class='ocrx_word' id='word_1_659' title='bbox 2857 4176 3129 4229; x_wconf 90' lang='lat' dir='ltr'><strong>Salvatori</strong></span> <span class='ocrx_word' id='word_1_660' title='bbox 3164 4182 3356 4230; x_wconf 88' lang='lat' dir='ltr'><strong>nostro</strong></span> <span class='ocrx_word' id='word_1_661' title='bbox 3381 4176 3457 4231; x_wconf 90' lang='lat' dir='ltr'><strong>ita</strong></span> <span class='ocrx_word' id='word_1_662' title='bbox 3496 4177 3574 4230; x_wconf 82' lang='lat' dir='ltr'><strong>lo-</strong></span> 
     </span>
    </p>
   </div>
   <div class='ocr_carea' id='block_1_88' title="bbox 1949 4269 3573 4344">
    <p class='ocr_par' dir='ltr' id='par_1_88' title="bbox 1949 4269 3573 4344">
     <span class='ocr_line' id='line_1_88' title="bbox 1949 4269 3573 4344; baseline 0 -19"><span class='ocrx_word' id='word_1_663' title='bbox 1949 4272 2144 4344; x_wconf 90' lang='lat' dir='ltr'><strong>quitur</strong></span> <span class='ocrx_word' id='word_1_664' title='bbox 2168 4288 2180 4327; x_wconf 91' lang='lat'>:</span> <span class='ocrx_word' id='word_1_665' title='bbox 2209 4291 2234 4323; x_wconf 85' lang='lat'>«</span> <span class='ocrx_word' id='word_1_666' title='bbox 2257 4273 2612 4342; x_wconf 87' lang='lat' dir='ltr'><strong>Quapropter</strong></span> <span class='ocrx_word' id='word_1_667' title='bbox 2632 4269 2728 4340; x_wconf 90' lang='lat' dir='ltr'><strong>qui</strong></span> <span class='ocrx_word' id='word_1_668' title='bbox 2749 4270 2870 4322; x_wconf 79' lang='lat' dir='ltr'><strong>haec</strong></span> <span class='ocrx_word' id='word_1_669' title='bbox 2887 4269 3120 4339; x_wconf 88' lang='lat' dir='ltr'><strong>spernit,</strong></span> <span class='ocrx_word' id='word_1_670' title='bbox 3145 4285 3260 4323; x_wconf 88' lang='lat' dir='ltr'><strong>non</strong></span> <span class='ocrx_word' id='word_1_671' title='bbox 3280 4269 3573 4326; x_wconf 86' lang='lat' dir='ltr'><strong>hominem</strong></span> 
     </span>
    </p>
   </div>
   <div class='ocr_carea' id='block_1_89' title="bbox 1947 4361 3576 4437">
    <p class='ocr_par' dir='ltr' id='par_1_89' title="bbox 1947 4361 3576 4437">
     <span class='ocr_line' id='line_1_89' title="bbox 1947 4361 3576 4437; baseline -0.001 -17"><span class='ocrx_word' id='word_1_672' title='bbox 1947 4366 2183 4437; x_wconf 90' lang='lat' dir='ltr'><strong>spernit,</strong></span> <span class='ocrx_word' id='word_1_673' title='bbox 2235 4363 2332 4418; x_wconf 89' lang='lat' dir='ltr'><strong>sed</strong></span> <span class='ocrx_word' id='word_1_674' title='bbox 2372 4363 2673 4418; x_wconf 90' lang='lat' dir='ltr'><strong>Dominum</strong></span> <span class='ocrx_word' id='word_1_675' title='bbox 2705 4361 2801 4433; x_wconf 88' lang='lat' dir='ltr'><strong>qui</strong></span> <span class='ocrx_word' id='word_1_676' title='bbox 2833 4361 2988 4415; x_wconf 89' lang='lat' dir='ltr'><strong>dedit</strong></span> <span class='ocrx_word' id='word_1_677' title='bbox 3015 4361 3286 4430; x_wconf 88' lang='lat' dir='ltr'><strong>Spiritum</strong></span> <span class='ocrx_word' id='word_1_678' title='bbox 3313 4367 3576 4418; x_wconf 90' lang='lat' dir='ltr'><strong>sanctum</strong></span> 
     </span>
    </p>
   </div>
   <div class='ocr_carea' id='block_1_90' title="bbox 1948 4454 3578 4525">
    <p class='ocr_par' dir='ltr' id='par_1_90' title="bbox 1948 4454 3578 4525">
     <span class='ocr_line' id='line_1_90' title="bbox 1948 4454 3578 4525; baseline -0.001 -11"><span class='ocrx_word' id='word_1_679' title='bbox 1948 4475 2116 4514; x_wconf 90' lang='lat' dir='ltr'><strong>suum</strong></span> <span class='ocrx_word' id='word_1_680' title='bbox 2142 4459 2202 4513; x_wconf 92' lang='lat' dir='ltr'><strong>in</strong></span> <span class='ocrx_word' id='word_1_681' title='bbox 2231 4457 2389 4513; x_wconf 91' lang='lat' dir='ltr'><strong>vobis</strong></span> <span class='ocrx_word' id='word_1_682' title='bbox 2433 4458 2478 4525; x_wconf 85' lang='lat'><strong>(1</strong></span> <span class='ocrx_word' id='word_1_683' title='bbox 2509 4458 2687 4512; x_wconf 85' lang='lat' dir='ltr'><strong>Thess.</strong></span> <span class='ocrx_word' id='word_1_684' title='bbox 2731 4471 2803 4523; x_wconf 82' lang='grc' dir='ltr'><strong>ιν,</strong></span> <span class='ocrx_word' id='word_1_685' title='bbox 2833 4454 2907 4525; x_wconf 89' lang='grc'><strong>8).</strong></span> <span class='ocrx_word' id='word_1_686' title='bbox 2942 4476 2968 4503; x_wconf 84' lang='grc'><strong>››</strong></span> <span class='ocrx_word' id='word_1_687' title='bbox 3018 4456 3214 4510; x_wconf 91' lang='lat' dir='ltr'><strong>Pectus</strong></span> <span class='ocrx_word' id='word_1_688' title='bbox 3256 4455 3578 4512; x_wconf 82' lang='lat' dir='ltr'><strong>clementia</strong></span> 
     </span>
    </p>
   </div>
   <div class='ocr_carea' id='block_1_91' title="bbox 221 4548 3580 4639">
    <p class='ocr_par' dir='ltr' id='par_1_91' title="bbox 221 4548 3580 4639">
     <span class='ocr_line' id='line_1_91' title="bbox 221 4548 3580 4639; baseline -0.003 -21"><span class='ocrx_word' id='word_1_689' title='bbox 221 4563 410 4618; x_wconf 88' lang='lat' dir='ltr'><strong>divina</strong></span> <span class='ocrx_word' id='word_1_690' title='bbox 441 4562 718 4634; x_wconf 88' lang='lat' dir='ltr'><strong>sapientia</strong></span> <span class='ocrx_word' id='word_1_691' title='bbox 735 4569 918 4618; x_wconf 90' lang='lat' dir='ltr'><strong>vestra</strong></span> <span class='ocrx_word' id='word_1_692' title='bbox 947 4562 1238 4635; x_wconf 85' lang='lat' dir='ltr'><strong>perspicue</strong></span> <span class='ocrx_word' id='word_1_693' title='bbox 1265 4562 1457 4617; x_wconf 91' lang='lat' dir='ltr'><strong>videre</strong></span> <span class='ocrx_word' id='word_1_694' title='bbox 1479 4557 1704 4632; x_wconf 90' lang='lat' dir='ltr'><strong>possitis</strong></span> <span class='ocrx_word' id='word_1_695' title='bbox 1731 4575 1846 4613; x_wconf 90' lang='lat' dir='ltr'><strong>non</strong></span> <span class='ocrx_word' id='word_1_696' title='bbox 1869 4566 1928 4639; x_wconf 84' lang='lat' dir='ltr'><strong>D</strong></span> <span class='ocrx_word' id='word_1_697' title='bbox 1950 4559 2145 4608; x_wconf 89' lang='lat' dir='ltr'><strong>vestra</strong></span> <span class='ocrx_word' id='word_1_698' title='bbox 2163 4551 2470 4606; x_wconf 85' lang='lat' dir='ltr'><strong>sacrarium</strong></span> <span class='ocrx_word' id='word_1_699' title='bbox 2486 4554 2570 4604; x_wconf 87' lang='lat' dir='ltr'><strong>est</strong></span> <span class='ocrx_word' id='word_1_700' title='bbox 2590 4549 2825 4620; x_wconf 86' lang='lat' dir='ltr'><strong>publica</strong></span> <span class='ocrx_word' id='word_1_701' title='bbox 2847 4548 3150 4616; x_wconf 84' lang='lat' dir='ltr'><strong>felicitatis,</strong></span> <span class='ocrx_word' id='word_1_702' title='bbox 3174 4553 3235 4603; x_wconf 94' lang='lat' dir='ltr'><strong>ut</strong></span> <span class='ocrx_word' id='word_1_703' title='bbox 3254 4551 3580 4620; x_wconf 65' lang='lat' dir='ltr'><strong>praestantia</strong></span> 
     </span>
    </p>
   </div>
   <div class='ocr_carea' id='block_1_92' title="bbox 221 4653 1853 4730">
    <p class='ocr_par' dir='ltr' id='par_1_92' title="bbox 221 4653 1853 4730">
     <span class='ocr_line' id='line_1_92' title="bbox 221 4653 1853 4730; baseline -0.003 -18"><span class='ocrx_word' id='word_1_704' title='bbox 221 4657 492 4730; x_wconf 88' lang='lat' dir='ltr'><strong>superbia</strong></span> <span class='ocrx_word' id='word_1_705' title='bbox 543 4657 628 4712; x_wconf 94' lang='lat' dir='ltr'><strong>vel</strong></span> <span class='ocrx_word' id='word_1_706' title='bbox 677 4658 918 4713; x_wconf 90' lang='lat' dir='ltr'><strong>elatione</strong></span> <span class='ocrx_word' id='word_1_707' title='bbox 963 4657 1115 4712; x_wconf 91' lang='lat' dir='ltr'><strong>sedis</strong></span> <span class='ocrx_word' id='word_1_708' title='bbox 1141 4656 1466 4728; x_wconf 85' lang='lat' dir='ltr'><strong>apostolica</strong></span> <span class='ocrx_word' id='word_1_709' title='bbox 1503 4654 1560 4709; x_wconf 91' lang='lat' dir='ltr'><strong>in</strong></span> <span class='ocrx_word' id='word_1_710' title='bbox 1591 4653 1853 4709; x_wconf 87' lang='lat' dir='ltr'><strong>Acacium</strong></span> 
     </span>
    </p>
   </div>
   <div class='ocr_carea' id='block_1_93' title="bbox 222 4747 1856 4823">
    <p class='ocr_par' dir='ltr' id='par_1_93' title="bbox 222 4747 1856 4823">
     <span class='ocr_line' id='line_1_93' title="bbox 222 4747 1856 4823; baseline -0.004 -16"><span class='ocrx_word' id='word_1_711' title='bbox 222 4752 400 4807; x_wconf 88' lang='lat' dir='ltr'><strong>talem</strong></span> <span class='ocrx_word' id='word_1_712' title='bbox 429 4751 764 4823; x_wconf 86' lang='lat' dir='ltr'><strong>processisse</strong></span> <span class='ocrx_word' id='word_1_713' title='bbox 794 4752 1160 4818; x_wconf 87' lang='lat' dir='ltr'><strong>sententiam,</strong></span> <span class='ocrx_word' id='word_1_714' title='bbox 1201 4750 1300 4805; x_wconf 91' lang='lat' dir='ltr'><strong>sed</strong></span> <span class='ocrx_word' id='word_1_715' title='bbox 1331 4748 1672 4804; x_wconf 88' lang='lat' dir='ltr'><strong>facinoribus</strong></span> <span class='ocrx_word' id='word_1_716' title='bbox 1691 4747 1856 4803; x_wconf 87' lang='lat' dir='ltr'><strong>certis</strong></span> 
     </span>
    </p>
   </div>
   <div class='ocr_carea' id='block_1_94' title="bbox 223 4843 1856 4917">
    <p class='ocr_par' dir='ltr' id='par_1_94' title="bbox 223 4843 1856 4917">
     <span class='ocr_line' id='line_1_94' title="bbox 223 4843 1856 4917; baseline -0.002 -17"><span class='ocrx_word' id='word_1_717' title='bbox 223 4851 502 4917; x_wconf 88' lang='lat' dir='ltr'><strong>quantum</strong></span> <span class='ocrx_word' id='word_1_718' title='bbox 546 4863 646 4901; x_wconf 89' lang='lat' dir='ltr'><strong>nos</strong></span> <span class='ocrx_word' id='word_1_719' title='bbox 683 4847 818 4901; x_wconf 91' lang='lat' dir='ltr'><strong>illud</strong></span> <span class='ocrx_word' id='word_1_720' title='bbox 849 4846 1135 4917; x_wconf 88' lang='lat' dir='ltr'><strong>judicium</strong></span> <span class='ocrx_word' id='word_1_721' title='bbox 1185 4844 1339 4916; x_wconf 91' lang='lat' dir='ltr'><strong>quod</strong></span> <span class='ocrx_word' id='word_1_722' title='bbox 1365 4845 1553 4898; x_wconf 92' lang='lat' dir='ltr'><strong>solum</strong></span> <span class='ocrx_word' id='word_1_723' title='bbox 1593 4843 1713 4898; x_wconf 84' lang='lat' dir='ltr'><strong>falli</strong></span> <span class='ocrx_word' id='word_1_724' title='bbox 1741 4858 1856 4897; x_wconf 89' lang='lat' dir='ltr'><strong>non</strong></span> 
     </span>
    </p>
   </div>
   <div class='ocr_carea' id='block_1_95' title="bbox 227 4937 1855 5012">
    <p class='ocr_par' dir='ltr' id='par_1_95' title="bbox 227 4937 1855 5012">
     <span class='ocr_line' id='line_1_95' title="bbox 227 4937 1855 5012; baseline -0.002 -17"><span class='ocrx_word' id='word_1_725' title='bbox 227 4943 412 5012; x_wconf 90' lang='lat' dir='ltr'><strong>potest</strong></span> <span class='ocrx_word' id='word_1_726' title='bbox 448 4940 801 4995; x_wconf 82' lang='lat' dir='ltr'><strong>astimamus</strong></span> <span class='ocrx_word' id='word_1_727' title='bbox 839 4940 960 4995; x_wconf 90' lang='lat' dir='ltr'><strong>zelo</strong></span> <span class='ocrx_word' id='word_1_728' title='bbox 1007 4939 1188 5011; x_wconf 87' lang='lat' dir='ltr'><strong>magis</strong></span> <span class='ocrx_word' id='word_1_729' title='bbox 1214 4937 1524 4994; x_wconf 87' lang='lat' dir='ltr'><strong>divinitatis</strong></span> <span class='ocrx_word' id='word_1_730' title='bbox 1555 4941 1855 4992; x_wconf 86' lang='lat' dir='ltr'><strong>extortam.</strong></span> 
     </span>
    </p>
   </div>
   <div class='ocr_carea' id='block_1_96' title="bbox 298 5031 1855 5106">
    <p class='ocr_par' dir='ltr' id='par_1_96' title="bbox 298 5031 1855 5106">
     <span class='ocr_line' id='line_1_96' title="bbox 298 5031 1855 5106; baseline -0.005 -14"><span class='ocrx_word' id='word_1_731' title='bbox 298 5036 384 5092; x_wconf 82' lang='grc' dir='ltr'><strong>ιν.</strong></span> <span class='ocrx_word' id='word_1_732' title='bbox 415 5037 526 5091; x_wconf 88' lang='lat' dir='ltr'><strong>Nos</strong></span> <span class='ocrx_word' id='word_1_733' title='bbox 546 5051 680 5089; x_wconf 87' lang='lat' dir='ltr'><strong>vero</strong></span> <span class='ocrx_word' id='word_1_734' title='bbox 699 5034 991 5090; x_wconf 86' lang='lat' dir='ltr'><strong>humiliter</strong></span> <span class='ocrx_word' id='word_1_735' title='bbox 1011 5032 1391 5106; x_wconf 90' lang='lat' dir='ltr'><strong>supplicantes</strong></span> <span class='ocrx_word' id='word_1_736' title='bbox 1411 5031 1855 5086; x_wconf 88' lang='lat' dir='ltr'><strong>controversiam</strong></span> 
     </span>
    </p>
   </div>
   <div class='ocr_carea' id='block_1_97' title="bbox 230 5123 1860 5196">
    <p class='ocr_par' dir='ltr' id='par_1_97' title="bbox 230 5123 1860 5196">
     <span class='ocr_line' id='line_1_97' title="bbox 230 5123 1860 5196; baseline -0.004 -12"><span class='ocrx_word' id='word_1_737' title='bbox 230 5129 288 5184; x_wconf 90' lang='lat' dir='ltr'><strong>in</strong></span> <span class='ocrx_word' id='word_1_738' title='bbox 317 5129 562 5185; x_wconf 87' lang='lat' dir='ltr'><strong>Ecclesia</strong></span> <span class='ocrx_word' id='word_1_739' title='bbox 590 5145 887 5184; x_wconf 90' lang='lat' dir='ltr'><strong>remanere</strong></span> <span class='ocrx_word' id='word_1_740' title='bbox 925 5129 1212 5194; x_wconf 88' lang='lat' dir='ltr'><strong>nolumus,</strong></span> <span class='ocrx_word' id='word_1_741' title='bbox 1255 5142 1384 5182; x_wconf 92' lang='lat' dir='ltr'><strong>cum</strong></span> <span class='ocrx_word' id='word_1_742' title='bbox 1423 5125 1603 5196; x_wconf 89' lang='lat' dir='ltr'><strong>magis</strong></span> <span class='ocrx_word' id='word_1_743' title='bbox 1633 5123 1860 5178; x_wconf 89' lang='lat' dir='ltr'><strong>vitanda</strong></span> 
     </span>
    </p>
   </div>
   <div class='ocr_carea' id='block_1_98' title="bbox 232 5219 1859 5292">
    <p class='ocr_par' dir='ltr' id='par_1_98' title="bbox 232 5219 1859 5292">
     <span class='ocr_line' id='line_1_98' title="bbox 232 5219 1859 5292; baseline -0.003 -14"><span class='ocrx_word' id='word_1_744' title='bbox 232 5224 519 5279; x_wconf 88' lang='lat' dir='ltr'><strong>contentio</strong></span> <span class='ocrx_word' id='word_1_745' title='bbox 563 5223 634 5278; x_wconf 87' lang='lat' dir='ltr'><strong>sit</strong></span> <span class='ocrx_word' id='word_1_746' title='bbox 677 5223 820 5278; x_wconf 88' lang='lat' dir='ltr'><strong>sicut</strong></span> <span class='ocrx_word' id='word_1_747' title='bbox 859 5221 1064 5278; x_wconf 90' lang='lat' dir='ltr'><strong>dicitur</strong></span> <span class='ocrx_word' id='word_1_748' title='bbox 1112 5223 1169 5276; x_wconf 89' lang='lat' dir='ltr'><strong>in</strong></span> <span class='ocrx_word' id='word_1_749' title='bbox 1205 5219 1557 5292; x_wconf 88' lang='lat' dir='ltr'><strong>proverbiis:</strong></span> <span class='ocrx_word' id='word_1_750' title='bbox 1591 5240 1618 5267; x_wconf 83' lang='lat'><strong>«</strong></span> <span class='ocrx_word' id='word_1_751' title='bbox 1653 5219 1859 5272; x_wconf 90' lang='lat' dir='ltr'><strong>Odium</strong></span> 
     </span>
    </p>
   </div>
   <div class='ocr_carea' id='block_1_99' title="bbox 234 5312 1860 5388">
    <p class='ocr_par' dir='ltr' id='par_1_99' title="bbox 234 5312 1860 5388">
     <span class='ocr_line' id='line_1_99' title="bbox 234 5312 1860 5388; baseline -0.004 -16"><span class='ocrx_word' id='word_1_752' title='bbox 234 5318 471 5373; x_wconf 89' lang='lat' dir='ltr'><strong>suscitat</strong></span> <span class='ocrx_word' id='word_1_753' title='bbox 497 5317 789 5372; x_wconf 89' lang='lat' dir='ltr'><strong>contentio</strong></span> <span class='ocrx_word' id='word_1_754' title='bbox 818 5317 993 5388; x_wconf 77' lang='lat' dir='ltr'><strong>(Prov.</strong></span> <span class='ocrx_word' id='word_1_755' title='bbox 1025 5333 1078 5386; x_wconf 81' lang='lat' dir='ltr'><strong>x,</strong></span> <span class='ocrx_word' id='word_1_756' title='bbox 1111 5320 1216 5382; x_wconf 76' lang='grc'><strong>12).</strong></span> <span class='ocrx_word' id='word_1_757' title='bbox 1251 5336 1278 5364; x_wconf 85' lang='grc'><strong>››</strong></span> <span class='ocrx_word' id='word_1_758' title='bbox 1310 5315 1514 5370; x_wconf 88' lang='lat' dir='ltr'><strong>Omnes</strong></span> <span class='ocrx_word' id='word_1_759' title='bbox 1541 5315 1734 5367; x_wconf 88' lang='lat' dir='ltr'><strong>autem</strong></span> <span class='ocrx_word' id='word_1_760' title='bbox 1765 5312 1860 5382; x_wconf 84' lang='lat' dir='ltr'><strong>qui</strong></span> 
     </span>
    </p>
   </div>
   <div class='ocr_carea' id='block_1_100' title="bbox 233 5405 1862 5482">
    <p class='ocr_par' dir='ltr' id='par_1_100' title="bbox 233 5405 1862 5482">
     <span class='ocr_line' id='line_1_100' title="bbox 233 5405 1862 5482; baseline -0.004 -16"><span class='ocrx_word' id='word_1_761' title='bbox 233 5428 349 5467; x_wconf 90' lang='lat' dir='ltr'><strong>non</strong></span> <span class='ocrx_word' id='word_1_762' title='bbox 371 5405 758 5480; x_wconf 85' lang='lat' dir='ltr'><strong>contendunt,</strong></span> <span class='ocrx_word' id='word_1_763' title='bbox 786 5411 1036 5482; x_wconf 88' lang='lat' dir='ltr'><strong>protegit</strong></span> <span class='ocrx_word' id='word_1_764' title='bbox 1060 5409 1252 5464; x_wconf 87' lang='lat' dir='ltr'><strong>anima</strong></span> <span class='ocrx_word' id='word_1_765' title='bbox 1275 5425 1404 5464; x_wconf 90' lang='lat' dir='ltr'><strong>mea</strong></span> <span class='ocrx_word' id='word_1_766' title='bbox 1426 5405 1696 5462; x_wconf 79' lang='lat' dir='ltr'><strong>amicitia.</strong></span> <span class='ocrx_word' id='word_1_767' title='bbox 1726 5406 1862 5460; x_wconf 81' lang='lat' dir='ltr'><strong>Nam</strong></span> 
     </span>
    </p>
   </div>
   <div class='ocr_carea' id='block_1_101' title="bbox 235 5499 1866 5577">
    <p class='ocr_par' dir='ltr' id='par_1_101' title="bbox 235 5499 1866 5577">
     <span class='ocr_line' id='line_1_101' title="bbox 235 5499 1866 5577; baseline -0.005 -17"><span class='ocrx_word' id='word_1_768' title='bbox 235 5511 291 5561; x_wconf 88' lang='lat' dir='ltr'><strong>et</strong></span> <span class='ocrx_word' id='word_1_769' title='bbox 317 5506 621 5577; x_wconf 83' lang='lat' dir='ltr'><strong>Apostolus</strong></span> <span class='ocrx_word' id='word_1_770' title='bbox 658 5505 731 5559; x_wconf 90' lang='lat' dir='ltr'><strong>ad</strong></span> <span class='ocrx_word' id='word_1_771' title='bbox 755 5504 1074 5560; x_wconf 87' lang='lat' dir='ltr'><strong>Corinthios</strong></span> <span class='ocrx_word' id='word_1_772' title='bbox 1108 5521 1121 5557; x_wconf 91' lang='lat'><strong>:</strong></span> <span class='ocrx_word' id='word_1_773' title='bbox 1156 5525 1183 5552; x_wconf 84' lang='lat'><strong>«</strong></span> <span class='ocrx_word' id='word_1_774' title='bbox 1214 5505 1356 5560; x_wconf 87' lang='lat' dir='ltr'><strong>Cum</strong></span> <span class='ocrx_word' id='word_1_775' title='bbox 1387 5502 1540 5557; x_wconf 91' lang='lat' dir='ltr'><strong>enim</strong></span> <span class='ocrx_word' id='word_1_776' title='bbox 1568 5501 1680 5554; x_wconf 90' lang='lat' dir='ltr'><strong>sint</strong></span> <span class='ocrx_word' id='word_1_777' title='bbox 1717 5499 1866 5553; x_wconf 90' lang='lat' dir='ltr'><strong>inter</strong></span> 
     </span>
    </p>
   </div>
   <div class='ocr_carea' id='block_1_102' title="bbox 236 5593 1865 5664">
    <p class='ocr_par' dir='ltr' id='par_1_102' title="bbox 236 5593 1865 5664">
     <span class='ocr_line' id='line_1_102' title="bbox 236 5593 1865 5664; baseline -0.004 -12"><span class='ocrx_word' id='word_1_778' title='bbox 236 5616 332 5655; x_wconf 85' lang='lat' dir='ltr'><strong>vos</strong></span> <span class='ocrx_word' id='word_1_779' title='bbox 345 5598 742 5654; x_wconf 87' lang='lat' dir='ltr'><strong>amulationes</strong></span> <span class='ocrx_word' id='word_1_780' title='bbox 756 5601 812 5653; x_wconf 91' lang='lat' dir='ltr'><strong>et</strong></span> <span class='ocrx_word' id='word_1_781' title='bbox 829 5597 1242 5664; x_wconf 82' lang='lat' dir='ltr'><strong>contentiones,</strong></span> <span class='ocrx_word' id='word_1_782' title='bbox 1261 5613 1445 5652; x_wconf 90' lang='lat' dir='ltr'><strong>nonne</strong></span> <span class='ocrx_word' id='word_1_783' title='bbox 1467 5594 1724 5650; x_wconf 89' lang='lat' dir='ltr'><strong>carnales</strong></span> <span class='ocrx_word' id='word_1_784' title='bbox 1737 5593 1865 5646; x_wconf 91' lang='lat' dir='ltr'><strong>estis</strong></span> 
     </span>
    </p>
   </div>
   <div class='ocr_carea' id='block_1_103' title="bbox 239 5689 1862 5760">
    <p class='ocr_par' dir='ltr' id='par_1_103' title="bbox 239 5689 1862 5760">
     <span class='ocr_line' id='line_1_103' title="bbox 239 5689 1862 5760; baseline -0.004 -14"><span class='ocrx_word' id='word_1_785' title='bbox 239 5700 295 5747; x_wconf 92' lang='lat' dir='ltr'><strong>et</strong></span> <span class='ocrx_word' id='word_1_786' title='bbox 323 5694 640 5747; x_wconf 89' lang='lat' dir='ltr'><strong>secundum</strong></span> <span class='ocrx_word' id='word_1_787' title='bbox 673 5693 965 5747; x_wconf 89' lang='lat' dir='ltr'><strong>hominem</strong></span> <span class='ocrx_word' id='word_1_788' title='bbox 994 5691 1302 5746; x_wconf 87' lang='lat' dir='ltr'><strong>ambulatis</strong></span> <span class='ocrx_word' id='word_1_789' title='bbox 1327 5691 1402 5760; x_wconf 88' lang='lat' dir='ltr'><strong>(II</strong></span> <span class='ocrx_word' id='word_1_790' title='bbox 1424 5693 1542 5748; x_wconf 82' lang='lat' dir='ltr'><strong>Cor.</strong></span> <span class='ocrx_word' id='word_1_791' title='bbox 1573 5705 1667 5754; x_wconf 81' lang='lat' dir='ltr'><strong>xu,</strong></span> <span class='ocrx_word' id='word_1_792' title='bbox 1694 5689 1804 5752; x_wconf 78' lang='lat'><strong>20).</strong></span> <span class='ocrx_word' id='word_1_793' title='bbox 1836 5707 1862 5734; x_wconf 70' lang='grc' dir='ltr'><strong>η</strong></span> 
     </span>
    </p>
   </div>
   <div class='ocr_carea' id='block_1_104' title="bbox 241 5780 1869 5858">
    <p class='ocr_par' dir='ltr' id='par_1_104' title="bbox 241 5780 1869 5858">
     <span class='ocr_line' id='line_1_104' title="bbox 241 5780 1869 5858; baseline -0.004 -18"><span class='ocrx_word' id='word_1_794' title='bbox 241 5787 376 5842; x_wconf 88' lang='lat' dir='ltr'><strong>ltem</strong></span> <span class='ocrx_word' id='word_1_795' title='bbox 394 5787 465 5841; x_wconf 91' lang='lat' dir='ltr'><strong>ad</strong></span> <span class='ocrx_word' id='word_1_796' title='bbox 483 5787 872 5858; x_wconf 81' lang='lat' dir='ltr'><strong>Philippenses</strong></span> <span class='ocrx_word' id='word_1_797' title='bbox 887 5803 900 5840; x_wconf 89' lang='lat'><strong>:</strong></span> <span class='ocrx_word' id='word_1_798' title='bbox 918 5805 944 5838; x_wconf 76' lang='grc' dir='ltr'><strong>(ι</strong></span> <span class='ocrx_word' id='word_1_799' title='bbox 963 5785 1016 5841; x_wconf 91' lang='lat' dir='ltr'><strong>Si</strong></span> <span class='ocrx_word' id='word_1_800' title='bbox 1032 5802 1144 5857; x_wconf 89' lang='lat' dir='ltr'><strong>qua</strong></span> <span class='ocrx_word' id='word_1_801' title='bbox 1162 5801 1298 5857; x_wconf 88' lang='lat' dir='ltr'><strong>ergo</strong></span> <span class='ocrx_word' id='word_1_802' title='bbox 1318 5783 1626 5839; x_wconf 89' lang='lat' dir='ltr'><strong>consolatio</strong></span> <span class='ocrx_word' id='word_1_803' title='bbox 1640 5781 1698 5835; x_wconf 90' lang='lat' dir='ltr'><strong>in</strong></span> <span class='ocrx_word' id='word_1_804' title='bbox 1714 5780 1869 5837; x_wconf 82' lang='lat' dir='ltr'><strong>Chri-</strong></span> 
     </span>
    </p>
   </div>
   <div class='ocr_carea' id='block_1_105' title="bbox 245 5873 1865 5954">
    <p class='ocr_par' dir='ltr' id='par_1_105' title="bbox 245 5873 1865 5954">
     <span class='ocr_line' id='line_1_105' title="bbox 245 5873 1865 5954; baseline -0.005 -18"><span class='ocrx_word' id='word_1_805' title='bbox 245 5885 347 5950; x_wconf 86' lang='lat' dir='ltr'><strong>sto,</strong></span> <span class='ocrx_word' id='word_1_806' title='bbox 376 5879 425 5936; x_wconf 89' lang='lat' dir='ltr'><strong>si</strong></span> <span class='ocrx_word' id='word_1_807' title='bbox 450 5897 563 5954; x_wconf 88' lang='lat' dir='ltr'><strong>qua</strong></span> <span class='ocrx_word' id='word_1_808' title='bbox 581 5881 846 5936; x_wconf 86' lang='lat' dir='ltr'><strong>allocutio</strong></span> <span class='ocrx_word' id='word_1_809' title='bbox 869 5879 1176 5936; x_wconf 89' lang='lat' dir='ltr'><strong>charitatis.</strong></span> <span class='ocrx_word' id='word_1_810' title='bbox 1211 5879 1268 5936; x_wconf 93' lang='lat' dir='ltr'><strong>Si</strong></span> <span class='ocrx_word' id='word_1_811' title='bbox 1296 5895 1411 5952; x_wconf 89' lang='lat' dir='ltr'><strong>qua</strong></span> <span class='ocrx_word' id='word_1_812' title='bbox 1440 5878 1679 5934; x_wconf 78' lang='lat' dir='ltr'><strong>societas</strong></span> <span class='ocrx_word' id='word_1_813' title='bbox 1703 5873 1865 5946; x_wconf 90' lang='lat' dir='ltr'><strong>spiri-</strong></span> 
     </span>
    </p>
   </div>
   <div class='ocr_carea' id='block_1_106' title="bbox 1953 4641 3577 4718">
    <p class='ocr_par' dir='ltr' id='par_1_106' title="bbox 1953 4641 3577 4718">
     <span class='ocr_line' id='line_1_106' title="bbox 1953 4641 3577 4718; baseline 0 -17"><span class='ocrx_word' id='word_1_814' title='bbox 1953 4653 2155 4715; x_wconf 88' lang='lat' dir='ltr'><strong>vestra,</strong></span> <span class='ocrx_word' id='word_1_815' title='bbox 2186 4663 2297 4718; x_wconf 90' lang='lat' dir='ltr'><strong>qua</strong></span> <span class='ocrx_word' id='word_1_816' title='bbox 2321 4646 2474 4700; x_wconf 88' lang='lat' dir='ltr'><strong>velut</strong></span> <span class='ocrx_word' id='word_1_817' title='bbox 2498 4642 2766 4699; x_wconf 92' lang='lat' dir='ltr'><strong>vicarium</strong></span> <span class='ocrx_word' id='word_1_818' title='bbox 2794 4641 3100 4714; x_wconf 87' lang='lat' dir='ltr'><strong>prasidere</strong></span> <span class='ocrx_word' id='word_1_819' title='bbox 3119 4643 3290 4713; x_wconf 90' lang='lat' dir='ltr'><strong>jussit</strong></span> <span class='ocrx_word' id='word_1_820' title='bbox 3315 4643 3375 4698; x_wconf 87' lang='lat' dir='ltr'><strong>in</strong></span> <span class='ocrx_word' id='word_1_821' title='bbox 3395 4645 3577 4714; x_wconf 90' lang='lat' dir='ltr'><strong>terris,</strong></span> 
     </span>
    </p>
   </div>
   <div class='ocr_carea' id='block_1_107' title="bbox 1955 4736 3578 4812">
    <p class='ocr_par' dir='ltr' id='par_1_107' title="bbox 1955 4736 3578 4812">
     <span class='ocr_line' id='line_1_107' title="bbox 1955 4736 3578 4812; baseline -0.002 -14"><span class='ocrx_word' id='word_1_822' title='bbox 1955 4740 2264 4811; x_wconf 80' lang='lat' dir='ltr'><strong>evangeliis</strong></span> <span class='ocrx_word' id='word_1_823' title='bbox 2297 4737 2730 4810; x_wconf 84' lang='lat' dir='ltr'><strong>apostolicisque</strong></span> <span class='ocrx_word' id='word_1_824' title='bbox 2751 4736 3050 4808; x_wconf 90' lang='lat' dir='ltr'><strong>praceptis</strong></span> <span class='ocrx_word' id='word_1_825' title='bbox 3076 4753 3190 4791; x_wconf 91' lang='lat' dir='ltr'><strong>non</strong></span> <span class='ocrx_word' id='word_1_826' title='bbox 3213 4736 3355 4792; x_wconf 89' lang='lat' dir='ltr'><strong>dura</strong></span> <span class='ocrx_word' id='word_1_827' title='bbox 3379 4755 3578 4812; x_wconf 89' lang='lat' dir='ltr'><strong>super-</strong></span> 
     </span>
    </p>
   </div>
   <div class='ocr_carea' id='block_1_108' title="bbox 1955 4830 3578 4903">
    <p class='ocr_par' dir='ltr' id='par_1_108' title="bbox 1955 4830 3578 4903">
     <span class='ocr_line' id='line_1_108' title="bbox 1955 4830 3578 4903; baseline -0.002 -12"><span class='ocrx_word' id='word_1_828' title='bbox 1955 4835 2045 4891; x_wconf 90' lang='lat' dir='ltr'><strong>bia</strong></span> <span class='ocrx_word' id='word_1_829' title='bbox 2085 4835 2323 4900; x_wconf 87' lang='lat' dir='ltr'><strong>resistat,</strong></span> <span class='ocrx_word' id='word_1_830' title='bbox 2356 4833 2451 4887; x_wconf 90' lang='lat' dir='ltr'><strong>sed</strong></span> <span class='ocrx_word' id='word_1_831' title='bbox 2493 4849 2595 4903; x_wconf 84' lang='lat' dir='ltr'><strong>per</strong></span> <span class='ocrx_word' id='word_1_832' title='bbox 2632 4830 3021 4886; x_wconf 88' lang='lat' dir='ltr'><strong>obedientiam</strong></span> <span class='ocrx_word' id='word_1_833' title='bbox 3052 4847 3180 4903; x_wconf 88' lang='lat' dir='ltr'><strong>qua</strong></span> <span class='ocrx_word' id='word_1_834' title='bbox 3222 4837 3356 4888; x_wconf 89' lang='lat' dir='ltr'><strong>sunt</strong></span> <span class='ocrx_word' id='word_1_835' title='bbox 3382 4834 3578 4889; x_wconf 87' lang='lat' dir='ltr'><strong>saluti-</strong></span> 
     </span>
    </p>
   </div>
   <div class='ocr_carea' id='block_1_109' title="bbox 1957 4927 2546 5000">
    <p class='ocr_par' dir='ltr' id='par_1_109' title="bbox 1957 4927 2546 5000">
     <span class='ocr_line' id='line_1_109' title="bbox 1957 4927 2546 5000; baseline -0.01 -14"><span class='ocrx_word' id='word_1_836' title='bbox 1957 4931 2097 4999; x_wconf 89' lang='lat' dir='ltr'><strong>fera,</strong></span> <span class='ocrx_word' id='word_1_837' title='bbox 2130 4927 2546 5000; x_wconf 87' lang='lat' dir='ltr'><strong>compleantur.</strong></span> 
     </span>
    </p>
   </div>
   <div class='ocr_carea' id='block_1_110' title="bbox 2031 5020 3580 5080">
    <p class='ocr_par' dir='ltr' id='par_1_110' title="bbox 2031 5020 3580 5080">
     <span class='ocr_line' id='line_1_110' title="bbox 2031 5020 3580 5080; baseline 0.001 -2"><span class='ocrx_word' id='word_1_838' title='bbox 2031 5026 2139 5080; x_wconf 90' lang='lat' dir='ltr'><strong>Vll.</strong></span> <span class='ocrx_word' id='word_1_839' title='bbox 2167 5024 2290 5078; x_wconf 84' lang='lat' dir='ltr'><strong>Jam</strong></span> <span class='ocrx_word' id='word_1_840' title='bbox 2319 5021 2634 5077; x_wconf 89' lang='lat' dir='ltr'><strong>secundum</strong></span> <span class='ocrx_word' id='word_1_841' title='bbox 2671 5021 2931 5076; x_wconf 87' lang='lat' dir='ltr'><strong>Ecclesia</strong></span> <span class='ocrx_word' id='word_1_842' title='bbox 2969 5020 3260 5076; x_wconf 86' lang='lat' dir='ltr'><strong>catholica</strong></span> <span class='ocrx_word' id='word_1_843' title='bbox 3286 5028 3580 5079; x_wconf 86' lang='lat' dir='ltr'><strong>consuetu-</strong></span> 
     </span>
    </p>
   </div>
   <div class='ocr_carea' id='block_1_111' title="bbox 1959 5114 3584 5191">
    <p class='ocr_par' dir='ltr' id='par_1_111' title="bbox 1959 5114 3584 5191">
     <span class='ocr_line' id='line_1_111' title="bbox 1959 5114 3584 5191; baseline -0.001 -16"><span class='ocrx_word' id='word_1_844' title='bbox 1959 5119 2151 5175; x_wconf 89' lang='lat' dir='ltr'><strong>dinem</strong></span> <span class='ocrx_word' id='word_1_845' title='bbox 2196 5115 2641 5172; x_wconf 86' lang='lat' dir='ltr'><strong>sacratissimum</strong></span> <span class='ocrx_word' id='word_1_846' title='bbox 2685 5114 3006 5170; x_wconf 88' lang='lat' dir='ltr'><strong>serenitatis</strong></span> <span class='ocrx_word' id='word_1_847' title='bbox 3047 5121 3160 5171; x_wconf 87' lang='lat' dir='ltr'><strong>tua</strong></span> <span class='ocrx_word' id='word_1_848' title='bbox 3188 5120 3381 5187; x_wconf 89' lang='lat' dir='ltr'><strong>pectus</strong></span> <span class='ocrx_word' id='word_1_849' title='bbox 3405 5134 3584 5191; x_wconf 88' lang='lat' dir='ltr'><strong>agno-</strong></span> 
     </span>
    </p>
   </div>
   <div class='ocr_carea' id='block_1_112' title="bbox 1961 5209 3586 5284">
    <p class='ocr_par' dir='ltr' id='par_1_112' title="bbox 1961 5209 3586 5284">
     <span class='ocr_line' id='line_1_112' title="bbox 1961 5209 3586 5284; baseline 0 -16"><span class='ocrx_word' id='word_1_850' title='bbox 1961 5218 2098 5282; x_wconf 92' lang='lat' dir='ltr'><strong>scat,</strong></span> <span class='ocrx_word' id='word_1_851' title='bbox 2123 5210 2278 5284; x_wconf 91' lang='lat' dir='ltr'><strong>quod</strong></span> <span class='ocrx_word' id='word_1_852' title='bbox 2300 5211 2521 5266; x_wconf 92' lang='lat' dir='ltr'><strong>nullum</strong></span> <span class='ocrx_word' id='word_1_853' title='bbox 2546 5209 2614 5264; x_wconf 92' lang='lat' dir='ltr'><strong>de</strong></span> <span class='ocrx_word' id='word_1_854' title='bbox 2637 5209 2724 5263; x_wconf 90' lang='lat' dir='ltr'><strong>his</strong></span> <span class='ocrx_word' id='word_1_855' title='bbox 2741 5209 2825 5263; x_wconf 92' lang='lat' dir='ltr'><strong>vel</strong></span> <span class='ocrx_word' id='word_1_856' title='bbox 2847 5225 2990 5280; x_wconf 90' lang='lat' dir='ltr'><strong>quos</strong></span> <span class='ocrx_word' id='word_1_857' title='bbox 3010 5209 3318 5280; x_wconf 88' lang='lat' dir='ltr'><strong>baptizavit</strong></span> <span class='ocrx_word' id='word_1_858' title='bbox 3337 5213 3586 5281; x_wconf 82' lang='lat' dir='ltr'><strong>Aeacius,</strong></span> 
     </span>
    </p>
   </div>
   <div class='ocr_carea' id='block_1_113' title="bbox 1960 5303 3590 5379">
    <p class='ocr_par' dir='ltr' id='par_1_113' title="bbox 1960 5303 3590 5379">
     <span class='ocr_line' id='line_1_113' title="bbox 1960 5303 3590 5379; baseline 0.001 -17"><span class='ocrx_word' id='word_1_859' title='bbox 1960 5308 2050 5362; x_wconf 91' lang='lat' dir='ltr'><strong>vel</strong></span> <span class='ocrx_word' id='word_1_860' title='bbox 2098 5323 2239 5379; x_wconf 90' lang='lat' dir='ltr'><strong>quos</strong></span> <span class='ocrx_word' id='word_1_861' title='bbox 2282 5303 2563 5372; x_wconf 89' lang='lat' dir='ltr'><strong>sacerdos,</strong></span> <span class='ocrx_word' id='word_1_862' title='bbox 2611 5319 2712 5358; x_wconf 92' lang='lat' dir='ltr'><strong>seu</strong></span> <span class='ocrx_word' id='word_1_863' title='bbox 2759 5303 2951 5358; x_wconf 86' lang='lat' dir='ltr'><strong>levitas</strong></span> <span class='ocrx_word' id='word_1_864' title='bbox 2989 5304 3302 5360; x_wconf 91' lang='lat' dir='ltr'><strong>secundum</strong></span> <span class='ocrx_word' id='word_1_865' title='bbox 3346 5323 3590 5363; x_wconf 87' lang='lat' dir='ltr'><strong>canones</strong></span> 
     </span>
    </p>
   </div>
   <div class='ocr_carea' id='block_1_114' title="bbox 1963 5397 3592 5469">
    <p class='ocr_par' dir='ltr' id='par_1_114' title="bbox 1963 5397 3592 5469">
     <span class='ocr_line' id='line_1_114' title="bbox 1963 5397 3592 5469; baseline -0.001 -12"><span class='ocrx_word' id='word_1_866' title='bbox 1963 5401 2244 5457; x_wconf 86' lang='lat' dir='ltr'><strong>ordinavit</strong></span> <span class='ocrx_word' id='word_1_867' title='bbox 2282 5399 2396 5454; x_wconf 91' lang='lat' dir='ltr'><strong>ulla</strong></span> <span class='ocrx_word' id='word_1_868' title='bbox 2433 5415 2528 5454; x_wconf 93' lang='lat' dir='ltr'><strong>eos</strong></span> <span class='ocrx_word' id='word_1_869' title='bbox 2565 5413 2629 5452; x_wconf 90' lang='lat' dir='ltr'><strong>ex</strong></span> <span class='ocrx_word' id='word_1_870' title='bbox 2664 5397 2896 5451; x_wconf 92' lang='lat' dir='ltr'><strong>nomine</strong></span> <span class='ocrx_word' id='word_1_871' title='bbox 2921 5397 3105 5452; x_wconf 92' lang='lat' dir='ltr'><strong>Acacii</strong></span> <span class='ocrx_word' id='word_1_872' title='bbox 3133 5399 3316 5469; x_wconf 89' lang='lat' dir='ltr'><strong>portio</strong></span> <span class='ocrx_word' id='word_1_873' title='bbox 3344 5400 3592 5457; x_wconf 84' lang='lat' dir='ltr'><strong>Iasionis</strong></span> 
     </span>
    </p>
   </div>
   <div class='ocr_carea' id='block_1_115' title="bbox 1965 5491 3593 5566">
    <p class='ocr_par' dir='ltr' id='par_1_115' title="bbox 1965 5491 3593 5566">
     <span class='ocr_line' id='line_1_115' title="bbox 1965 5491 3593 5566; baseline -0.001 -15"><span class='ocrx_word' id='word_1_874' title='bbox 1965 5495 2234 5566; x_wconf 89' lang='lat' dir='ltr'><strong>attingat,</strong></span> <span class='ocrx_word' id='word_1_875' title='bbox 2267 5511 2379 5566; x_wconf 92' lang='lat' dir='ltr'><strong>quo</strong></span> <span class='ocrx_word' id='word_1_876' title='bbox 2399 5491 2634 5548; x_wconf 85' lang='lat' dir='ltr'><strong>forsitan</strong></span> <span class='ocrx_word' id='word_1_877' title='bbox 2655 5491 3038 5563; x_wconf 86' lang='lat' dir='ltr'><strong>periniquum</strong></span> <span class='ocrx_word' id='word_1_878' title='bbox 3060 5493 3260 5547; x_wconf 85' lang='lat' dir='ltr'><strong>tradita</strong></span> <span class='ocrx_word' id='word_1_879' title='bbox 3279 5510 3593 5550; x_wconf 82' lang='lat' dir='ltr'><strong>sacramen-</strong></span> 
     </span>
    </p>
   </div>
   <div class='ocr_carea' id='block_1_116' title="bbox 1966 5584 3593 5660">
    <p class='ocr_par' dir='ltr' id='par_1_116' title="bbox 1966 5584 3593 5660">
     <span class='ocr_line' id='line_1_116' title="bbox 1966 5584 3593 5660; baseline 0.001 -18"><span class='ocrx_word' id='word_1_880' title='bbox 1966 5589 2007 5643; x_wconf 91' lang='lat' dir='ltr'><strong>ti</strong></span> <span class='ocrx_word' id='word_1_881' title='bbox 2039 5588 2224 5660; x_wconf 85' lang='lat' dir='ltr'><strong>gratia</strong></span> <span class='ocrx_word' id='word_1_882' title='bbox 2262 5587 2451 5642; x_wconf 89' lang='lat' dir='ltr'><strong>minus</strong></span> <span class='ocrx_word' id='word_1_883' title='bbox 2491 5586 2659 5641; x_wconf 85' lang='lat' dir='ltr'><strong>firma</strong></span> <span class='ocrx_word' id='word_1_884' title='bbox 2684 5584 2962 5640; x_wconf 88' lang='lat' dir='ltr'><strong>videatur.</strong></span> <span class='ocrx_word' id='word_1_885' title='bbox 2996 5586 3132 5641; x_wconf 74' lang='lat' dir='ltr'><strong>Nam</strong></span> <span class='ocrx_word' id='word_1_886' title='bbox 3163 5589 3220 5640; x_wconf 92' lang='lat' dir='ltr'><strong>et</strong></span> <span class='ocrx_word' id='word_1_887' title='bbox 3247 5587 3593 5657; x_wconf 85' lang='lat' dir='ltr'><strong>baptismum</strong></span> 
     </span>
    </p>
   </div>
   <div class='ocr_carea' id='block_1_117' title="bbox 1966 5679 3596 5753">
    <p class='ocr_par' dir='ltr' id='par_1_117' title="bbox 1966 5679 3596 5753">
     <span class='ocr_line' id='line_1_117' title="bbox 1966 5679 3596 5753; baseline 0.001 -17"><span class='ocrx_word' id='word_1_888' title='bbox 1966 5682 2118 5753; x_wconf 91' lang='lat' dir='ltr'><strong>quod</strong></span> <span class='ocrx_word' id='word_1_889' title='bbox 2157 5682 2353 5752; x_wconf 92' lang='lat' dir='ltr'><strong>procul</strong></span> <span class='ocrx_word' id='word_1_890' title='bbox 2385 5682 2446 5736; x_wconf 82' lang='lat' dir='ltr'><strong>fit</strong></span> <span class='ocrx_word' id='word_1_891' title='bbox 2489 5681 2560 5735; x_wconf 90' lang='lat' dir='ltr'><strong>ab</strong></span> <span class='ocrx_word' id='word_1_892' title='bbox 2609 5679 2856 5734; x_wconf 89' lang='lat' dir='ltr'><strong>Ecclesia</strong></span> <span class='ocrx_word' id='word_1_893' title='bbox 2897 5679 3011 5733; x_wconf 87' lang='lat' dir='ltr'><strong>sivo</strong></span> <span class='ocrx_word' id='word_1_894' title='bbox 3055 5679 3124 5732; x_wconf 89' lang='lat' dir='ltr'><strong>ab</strong></span> <span class='ocrx_word' id='word_1_895' title='bbox 3152 5679 3410 5735; x_wconf 88' lang='lat' dir='ltr'><strong>adultero</strong></span> <span class='ocrx_word' id='word_1_896' title='bbox 3451 5683 3596 5737; x_wconf 90' lang='lat' dir='ltr'><strong>vela</strong></span> 
     </span>
    </p>
   </div>
   <div class='ocr_carea' id='block_1_118' title="bbox 1967 5772 3599 5846">
    <p class='ocr_par' dir='ltr' id='par_1_118' title="bbox 1967 5772 3599 5846">
     <span class='ocr_line' id='line_1_118' title="bbox 1967 5772 3599 5846; baseline 0.001 -16"><span class='ocrx_word' id='word_1_897' title='bbox 1967 5776 2093 5831; x_wconf 83' lang='lat' dir='ltr'><strong>fure</strong></span> <span class='ocrx_word' id='word_1_898' title='bbox 2126 5775 2295 5829; x_wconf 82' lang='lat' dir='ltr'><strong>fuerit</strong></span> <span class='ocrx_word' id='word_1_899' title='bbox 2323 5775 2520 5829; x_wconf 89' lang='lat' dir='ltr'><strong>datum</strong></span> <span class='ocrx_word' id='word_1_900' title='bbox 2559 5773 2629 5829; x_wconf 90' lang='lat' dir='ltr'><strong>ad</strong></span> <span class='ocrx_word' id='word_1_901' title='bbox 2662 5772 3066 5845; x_wconf 88' lang='lat' dir='ltr'><strong>percipientem</strong></span> <span class='ocrx_word' id='word_1_902' title='bbox 3098 5788 3306 5826; x_wconf 89' lang='lat' dir='ltr'><strong>munus</strong></span> <span class='ocrx_word' id='word_1_903' title='bbox 3337 5776 3599 5846; x_wconf 84' lang='lat' dir='ltr'><strong>pervenit</strong></span> 
     </span>
    </p>
   </div>
   <div class='ocr_carea' id='block_1_119' title="bbox 1971 5865 3596 5942">
    <p class='ocr_par' dir='ltr' id='par_1_119' title="bbox 1971 5865 3596 5942">
     <span class='ocr_line' id='line_1_119' title="bbox 1971 5865 3596 5942; baseline -0.001 -17"><span class='ocrx_word' id='word_1_904' title='bbox 1971 5870 2272 5934; x_wconf 89' lang='lat' dir='ltr'><strong>illibatum,</strong></span> <span class='ocrx_word' id='word_1_905' title='bbox 2305 5868 2440 5937; x_wconf 85' lang='lat' dir='ltr'><strong>quia</strong></span> <span class='ocrx_word' id='word_1_906' title='bbox 2470 5884 2579 5922; x_wconf 88' lang='lat' dir='ltr'><strong>vox</strong></span> <span class='ocrx_word' id='word_1_907' title='bbox 2610 5867 2706 5922; x_wconf 88' lang='lat' dir='ltr'><strong>illa</strong></span> <span class='ocrx_word' id='word_1_908' title='bbox 2735 5882 2860 5938; x_wconf 79' lang='lat' dir='ltr'><strong>qua</strong></span> <span class='ocrx_word' id='word_1_909' title='bbox 2903 5881 3007 5937; x_wconf 88' lang='lat' dir='ltr'><strong>per</strong></span> <span class='ocrx_word' id='word_1_910' title='bbox 3034 5865 3361 5926; x_wconf 87' lang='lat' dir='ltr'><strong>columbam</strong></span> <span class='ocrx_word' id='word_1_911' title='bbox 3384 5870 3596 5942; x_wconf 79' lang='lat' dir='ltr'><strong>sonuit,</strong></span> 
     </span>
    </p>
   </div>
  </div>
