4040 6312
481 320 575 372 991

1367 310 1648 369 ΑΡΡΕΝΙ).
1689 313 1776 367 AD
1814 313 1973 368 SEC.
2015 310 2100 366 1X.
2132 340 2201 352 —-
2239 304 2489 367 ISIDORI
2524 307 2948 367 MERCATORIS

3733 308 3837 361 992

472 439 709 480 omnem
754 422 1033 479 maculam
1062 421 1328 477 humanas
1353 420 1679 492 pollutionis
1707 420 1966 485 exclusit,
1997 436 2108 489 qua
2127 429 2188 503 Α
2207 419 2359 491 pavit
2377 421 2582 491 egisse,
2613 435 2677 473 ac
2704 415 2945 490 proinde
2971 431 3070 471 eos
3094 417 3351 471 metuere
3378 413 3477 486 qui
3506 413 3592 469 vel
3620 413 3679 468 in
3708 430 3841 468 con-

474 517 793 573 declaratur
829 533 893 571 ac
930 516 1133 571 dicitur
1162 533 1174 569 :
1210 536 1237 564 ‹‹
1268 515 1360 569 Hic
1389 521 1471 569 est
1496 514 1595 586 qui
1621 514 1870 584 baptizat
1896 515 1955 568 in
1983 514 2104 587 Spi-

471 612 586 668 ritu
638 615 695 666 et
744 611 876 681 igne
917 614 1089 679 (Joan.
1125 627 1163 676 ι,
1198 612 1306 676 33).
1341 630 1369 657 »
1418 610 1559 663 Nam
1598 608 1643 662 si
1691 608 1924 662 visibilis
1973 607 2107 662 solis

470 705 632 760 istius
659 703 801 758 radii
826 720 953 757 cum
981 720 1083 773 per
1112 704 1233 757 loca
1256 702 1607 757 fastidissima
1634 707 1928 756 transeunt
1951 701 2108 754 nulla

473 803 761 852 contactus
790 796 1185 868 inquinatione
1212 796 1590 863 maculantur,
1623 795 1805 849 multo
1830 794 2010 864 magis
2037 793 2105 847 il-

470 891 579 945 lius
620 890 716 961 qui
758 890 930 944 istum
972 890 1247 944 visibilem
1285 890 1418 944 fecit
1445 889 1621 944 virtus
1661 888 1815 942 nulla
1859 886 2108 941 ministri

473 983 815 1055 indignitate
856 983 1285 1054 constringitur.
1331 984 1472 1036 Nam
1501 988 1556 1036 et
1579 984 1603 1036 ,Ι
1613 982 1747 1036 udas
1772 998 1903 1036 cum
1936 980 2109 1035 fuerit

474 1078 783 1148 sacrilegus
812 1082 983 1148 atque
1018 1077 1130 1145 fur,
1165 1076 1445 1148 quidquid
1483 1076 1601 1146 egit
1634 1074 1785 1128 inter
1824 1075 2107 1146 apostolos

471 1187 576 1243 pro
603 1170 876 1241 dignitate
895 1170 1196 1225 commissa
1224 1168 1503 1224 beneficia
1526 1185 1630 1239 per
1652 1167 1952 1238 indignum
1976 1167 2107 1221 data

472 1264 627 1319 nulla
668 1280 733 1317 ex
776 1263 882 1318 hoc
909 1264 1253 1318 detrimenta
1283 1265 1604 1328 senserunt,
1634 1261 1958 1315 declarante
1997 1261 2106 1315 hoc

472 1357 661 1429 ipsum
682 1356 920 1411 Domino
938 1357 1399 1411 manifestissima
1414 1371 1549 1410 voce
1567 1372 1580 1409 :
1606 1375 1632 1406 (ι
1652 1355 1883 1423 Scribaa,
1898 1353 2102 1425 inquit,

472 1457 528 1506 et
556 1449 807 1506 Pharisei
846 1465 1019 1520 super
1055 1449 1385 1504 cathedram
1413 1447 1588 1519 Moysi
1605 1447 1835 1514 sedent;
1866 1464 1995 1518 quas
2022 1447 2102 1500 di-

473 1551 611 1599 cunt
640 1544 830 1611 facite,
869 1559 998 1615 quae
1022 1550 1210 1597 autem
1240 1543 1453 1596 faciunt
1478 1542 1653 1596 nolite
1677 1542 1880 1608 facere,
1911 1540 2106 1594 dicunt

474 1638 631 1693 enim
671 1641 729 1692 et
771 1653 883 1691 non
921 1636 1138 1691 faciunt
1175 1637 1390 1703 (Matth.
1430 1652 1582 1701 xxui,
1625 1636 1697 1705 3).
1741 1656 1769 1684 »
1818 1633 2105 1703 Quidquid

475 1747 614 1802 ergo
641 1730 710 1785 ad
741 1730 1037 1785 hominem
1064 1731 1380 1800 perfectum
1408 1729 1645 1799 quilibet
1668 1728 1726 1781 in
1750 1727 1983 1782 ecclesia
2006 1726 2108 1779 mi-

2207 514 2614 568 secrationibus
2677 512 2764 565 vel
2810 511 2865 565 in
2919 510 3264 581 baptismate
3312 509 3583 579 mysteria
3630 509 3840 562 tradita

2205 610 2597 678 susceperunt,
2654 622 2727 659 ne
2776 604 2936 659 irrita
2987 604 3264 658 beneﬁcia
3288 603 3478 657 divina
3516 603 3836 656 videantur.

2205 701 2566 757 Meminerint
2614 701 2672 753 in
2711 700 2814 753 hac
2855 715 3082 769 quoque
3127 702 3283 766 parte
3330 695 3593 750 similiter
3642 700 3843 749 tracta-

2206 800 2328 849 tum
2362 795 2665 865 prawalere
2688 792 3061 863 superiorem,
3086 791 3220 861 quia
3239 807 3354 845 non
3378 791 3496 844 sine
3526 789 3844 860 usurpatio-

2206 904 2280 942 ne
2314 888 2558 943 nominis
2591 886 2889 941 sacerdotii
2931 885 3285 955 adjudicatus
3325 883 3431 937 hoc
3461 884 3599 953 egit,
3633 885 3688 936 in
3724 899 3841 953 quo

2205 982 2475 1035 virtutem
2522 998 2680 1034 suam
2724 979 3113 1033 obtinentibus
3144 978 3444 1048 mysteriis.
3481 979 3539 1030 In
3569 978 3672 1030 hoc
3705 994 3845 1047 quo-

2207 1092 2317 1146 que
2372 1092 2467 1128 rea
2518 1074 2622 1127 sibi
2669 1090 2913 1144 persona
2968 1090 3083 1126 non
3126 1072 3342 1126 nocuit.
3388 1072 3524 1125 Nam
3571 1070 3643 1123 ad
3678 1072 3845 1124 illum

2205 1168 2499 1239 pertinuit,
2532 1167 2683 1238 quod
2717 1168 2849 1221 tuba
2888 1156 3154 1220 Davidica
3193 1166 3456 1219 canitur:
3491 1187 3517 1214 ‹‹
3553 1160 3845 1217 Verumta-

2207 1278 2339 1315 men
2370 1263 2517 1315 Deus
2546 1260 2940 1330 conquassabit
2973 1260 3155 1330 capita
3182 1258 3551 1312 inimicorum
3582 1275 3839 1323 suorum,

2205 1355 2476 1409 verticem
2493 1355 2677 1424 capilli
2694 1354 3208 1424 perambulantium
3228 1353 3284 1405 in
3306 1352 3521 1405 delictis
3536 1351 3653 1405 suis
3666 1351 3841 1421 (Psal.

2205 1465 2365 1515 vau,
2422 1448 2530 1517 24).
2586 1467 2613 1498 »
2666 1448 2806 1501 Nam
2853 1447 3120 1516 superbia
3166 1462 3395 1515 semper
3434 1445 3540 1498 sibi
3572 1462 3687 1498 non
3717 1446 3844 1498 aliis

2206 1542 2339 1595 facit
2368 1542 2616 1607 ruinam,
2638 1542 2785 1611 quod
2804 1542 3072 1594 universa
3089 1540 3507 1609 Scripturarum
3529 1540 3847 1592 emlestiunl

2206 1638 2442 1689 testatur
2479 1635 2803 1701 auctoritas,
2849 1634 2993 1687 sicut
3040 1634 3210 1687 etiam
3250 1650 3351 1703 per
3392 1632 3667 1702 Spiritum
3716 1649 3845 1685 san-

2207 1735 2359 1782 ctum
2424 1728 2635 1781 dicitur
2691 1729 2748 1781 in
2798 1728 3178 1799 prophetico:
3218 1745 3244 1777 (ι
3275 1728 3398 1780 Non
3453 1726 3731 1779 habitabit
3780 1726 3844 1779 in

472 1825 654 1880 nister
682 1823 867 1878 officio
892 1840 993 1877 suo
1032 1823 1256 1876 videtur
1292 1822 1537 1893 operari,
1580 1822 1687 1876 hoc
1716 1824 1899 1875 totum
1924 1819 2100 1874 couti-
2124 1811 2181 1883 B
2207 1822 2395 1875 medio
2422 1822 2626 1875 domus
2658 1839 2799 1874 mea}
2826 1821 2923 1891 qui
2957 1821 3091 1875 facit
3122 1820 3446 1891 superbiam
3482 1822 3645 1877 (Paul.
3682 1836 3732 1873 c.
3765 1825 3840 1889 7‘).

473 1917 599 1972 neri
628 1917 918 1989 implendo
944 1916 1251 1970 divinitatis
1283 1915 1567 1970 affectum.
1600 1918 1679 1970 lta
1702 1915 1794 1968 ille
1817 1931 1917 1985 per
1934 1931 2107 1984 quem

472 2010 727 2066 Christus
753 2010 1008 2081 loquitur
1036 2010 1239 2063 Paulus
1258 2009 1547 2063 affirmat:
1602 2030 1629 2059 «
1673 2010 1787 2079 Ego
1841 2008 2105 2078 plantavi,

474 2104 672 2175 Apollo
702 2103 925 2175 rigavit,
952 2102 1051 2157 sed
1080 2103 1228 2156 Deus
1256 2102 1673 2157 incrementum
1702 2101 1883 2169 dedit,
1917 2101 2108 2171 itaque

474 2214 662 2269 neque
705 2197 803 2267 qui
840 2196 1061 2268 plantat
1087 2200 1171 2250 est
1198 2195 1434 2266 aliquid,
1471 2212 1653 2267 neque
1683 2194 1980 2269 qui‘rigat,
2009 2192 2109 2247 sed

475 2260 1014 2364 quiincrementum
1040 2290 1156 2355 dat,
1184 2260 1331 2344 Deu—s
1350 2290 1397 2357 (Ι
1416 2260 1536 2346 Cor.
1560 2260 1619 2355 li,
1648 2260 1722 2355 7):
1750 2260 1856 2376 »μ
1870 2260 1991 2341 Deo
2013 2303 2110 2341 au-

474 2388 594 2440 tem
634 2400 751 2440 non
800 2383 1094 2455 quaeritur,
1137 2383 1263 2454 quis
1307 2384 1390 2437 vel
1439 2382 1631 2454 qualia
1686 2381 1977 2452 pradicet,
2009 2380 2108 2434 sed

474 2494 646 2550 quem
680 2476 955 2548 praedicet
998 2481 1055 2531 et
1094 2482 1155 2530 ut
1194 2475 1416 2530 invidos
1447 2492 1567 2530 esse
1607 2475 1755 2528 bene
1795 2474 2107 2545 praedicare

476 2572 762 2626 Christum
797 2569 1096 2624 confirmet
1114 2586 1224 2640 quo
1249 2570 1401 2625 malo
1427 2569 1684 2625 diabolus
1710 2568 1826 2639 ipse
1857 2568 2109 2641 dejectus

474 2669 532 2720 et
560 2665 665 2719 hoc
689 2663 811 2735 ipso
839 2663 1146 2736 praedicare
1173 2679 1290 2717 non
1319 2662 1545 2717 desinit.

545 2759 676 2813 Vill.
707 2759 836 2812 ldeo
861 2773 999 2828 ergo
1030 2763 1086 2812 et
1109 2757 1201 2811 hic
1242 2757 1403 2827 cujus
1449 2772 1663 2810 nomen
1702 2755 1950 2809 dicimus
1980 2753 2110 2808 reti-

475 2850 729 2907 nendum
748 2851 896 2905 male
909 2851 1060 2905 bona
1076 2849 1456 2905 ministrando
1477 2849 1584 2903 sibi
1601 2850 1879 2920 quantum
1897 2847 2106 2902 nocuit.

477 2946 621 3000 Nam
642 2944 964 2999 inviolabile
985 2946 1408 2998 sacramentum
1429 2944 1582 3014 quod
1611 2959 1710 3012 per
1731 2942 1890 2997 illum
1912 2942 2110 2995 datum

478 3041 565 3093 est
587 3037 709 3092 aliis
728 3036 1133 3109 perfectionem
1155 3052 1272 3090 sua:
1286 3035 1507 3089 virtutis
1520 3035 1787 3091 obtinuit.
1802 3035 1962 3099 Quod
1980 3051 2111 3089 cum

473 3131 555 3186 ita
578 3130 652 3185 sit
671 3130 993 3202 aliquorum
1007 3129 1068 3185 in
1086 3132 1312 3184 tantum
1331 3146 1392 3184 se
1416 3129 1677 3185 extendit
1693 3128 1914 3184 curiosa
1935 3128 2110 3198 suspi-

2206 1916 2363 1969 Unde
2416 1932 2542 1968 cum
2577 1915 2681 1968 sibi
2707 1915 3013 1969 sacerdotis
3044 1931 3257 1968 nomen
3288 1914 3652 1967 vindicaverit
3681 1914 3849 1967 dam-

2208 2015 2372 2062 natus
2416 2009 2475 2062 in
2516 2008 2691 2078 ipsius
2734 2010 3003 2062 verticem
3049 2009 3329 2079 superbire
3369 2016 3559 2061 tumor
3587 2008 3846 2062 inflictus

2207 2105 2310 2169 est,
2359 2102 2494 2173 quia
2538 2119 2650 2156 non
2676 2103 2922 2173 p0pulus
2950 2102 3047 2172 qui
3074 2100 3132 2155 in
3161 2101 3489 2156 ministeriis
3516 2102 3720 2155 domus
3761 2102 3849 2172 ip-

2206 2195 2322 2249 sius
2369 2195 2593 2249 sitiebat
2635 2198 2894 2250 exclusus
2939 2202 3041 2264 est,
3091 2196 3185 2249 sed
3225 2196 3413 2249 anima
3441 2196 3558 2250 sola
3590 2196 3682 2249 illa
3711 2212 3847 2266 quae

2206 2292 2557 2360 peccaverat,
2581 2289 2738 2359 justo
2761 2289 2977 2360 judicio
3022 2290 3268 2360 propriae
3298 2290 3480 2360 culpae
3514 2293 3638 2343 erat
3664 2289 3847 2344 obno-

2206 2382 2316 2437 xia.
2368 2382 2514 2446 Quid
2553 2383 2764 2453 ubique
2807 2399 3105 2436 numerosa
3135 2383 3559 2453 Scripturarum
3594 2387 3847 2437 testatur

2207 2476 2525 2545 instructio,
2564 2476 2716 2530 unde
2753 2477 2987 2530 remotis
3013 2476 3305 2530 hominem
3340 2477 3537 2530 studiis
3564 2477 3681 2530 sive
3720 2493 3847 2530 ver-

2205 2569 2399 2638 sutiis,
2448 2570 2505 2623 in
2549 2570 2654 2624 hac
2700 2570 2885 2624 adhuc
2939 2570 3208 2640 praesenti
3268 2570 3578 2641 fragilitate
3635 2572 3848 2641 posito-

2205 2679 2337 2718 rum
2366 2662 2684 2717 secundum
2710 2680 2900 2734 preces
2931 2668 3147 2718 nostras
3179 2664 3383 2718 annisu
3414 2670 3468 2717 et
3498 2666 3844 2719 auctoritate

2206 2756 2490 2828 imperiali
2533 2756 2730 2811 offerte
2776 2758 2889 2811 Deo
2939 2761 3132 2812 nostro
3178 2774 3348 2811 unam
3376 2758 3715 2812 catholicam
3749 2761 3847 2813 Ec-

2207 2850 2433 2904 clesiam
2461 2853 2517 2904 et
2546 2851 2937 2921 apostolicam,
2984 2852 3119 2922 quia
3163 2852 3268 2906 hoc
3313 2853 3496 2906 solum
3526 2860 3607 2906 est
3637 2852 3696 2906 in
3726 2870 3846 2923 quo

2209 2959 2325 2997 non
2353 2944 2538 2998 solum
2573 2944 2631 2997 in
2665 2944 2848 3013 terris,
2881 2945 2981 2999 sed
3019 2945 3188 3000 etiam
3220 2946 3277 2999 in
3318 2946 3459 3000 ca-lo
3485 2946 3850 3017 triumphare

2210 3038 2331 3092 sine
2386 3038 2499 3092 fine
2564 3039 2808 3109 possitis.
2865 3038 3210 3110 Subscripto,
3270 3040 3634 3111 omnipotens
3694 3041 3850 3095 Deus

2209 3146 2453 3201 regnum
2521 3137 2578 3187 et
2636 3133 2874 3187 salutem
2947 3136 3105 3187 tuam
3159 3140 3434 3205 perpetua
3484 3135 3849 3205 proiectione

477 3181 554 3186 ⁵⁷*-
579 3181 648 3185 "'
675 3181 1068 3202 ““1—""""“
1093 3181 1384 3184 '"—'"‘_"
1424 3181 1674 3185 "_""""
1700 3181 1911 3184 '""""
1945 3181 1982 3182 7’
2012 3181 2076 3198 ⁷1⁷
2209 3181 2453 3201 ’““0-’”“’”
2526 3181 2577 3187 ⁷⁷
2637 3181 2874 3187 “’““““⁷”““““
2953 3181 3105 3187 ““’“”-’“
3159 3181 3434 3205 ι’*··ι”“·’“
3485 3181 3848 3205 I'""'"""""

477 3224 583 3294 cio,
642 3227 704 3278 ut
750 3224 1095 3296 imaginetur
1146 3224 1368 3294 prolato
1426 3240 1460 3278 a
1488 3239 1641 3294 papa
1684 3222 1866 3278 Felice
1890 3222 2109 3293 judicio
2130 3181 2184 3255 Ο
2208 3224 2507 3295 custodiat,
2563 3226 2967 3298 gloriosissime
3014 3230 3073 3281 et
3106 3227 3561 3297 clementissime,
3612 3245 3851 3301 semper

481 3321 678 3391 postea
706 3317 1073 3373 inefficaciter
1088 3317 1149 3372 in
1179 3316 1544 3372 sacramentis
1560 3333 1690 3389 quas
1704 3316 1934 3373 Aeacius
1956 3332 2110 3371 usur-

2208 3320 2483 3391 Auguste.

1035 3699 1607 3795 INCIPIUNT
1674 3702 2198 3795 DECRETA
2267 3703 2849 3797 SYMMACHI
2920 3707 3280 3801 PAPIE.

1790 3920 2482 3935 ..ι-...η-Ἥ-.-.π-..α

550 4076 600 4127 l.
629 4071 700 4127 Ut
718 4088 810 4126 res
834 4067 1082 4127 ecclesias
1108 4087 1225 4126 non
1252 4067 1596 4134 alienentur,
1636 4068 1735 4123 sed
1778 4068 1994 4123 clericis
2019 4071 2106 4123 vel

477 4164 774 4222 monachis
807 4171 905 4221 aut
928 4165 1249 4238 peregrinis
1274 4164 1333 4217 in
1364 4178 1529 4217 usum
1560 4163 1959 4217 tantummodo
1990 4163 2104 4217 lar-

479 4260 729 4332 giantur.

545 4356 600 4408 2.
636 4355 701 4408 Ut
736 4354 929 4408 nullus
957 4353 1235 4406 honorem
1258 4346 1509 4420 praemiis
1532 4348 1785 4421 accipiat.

548 4448 599 4501 3.
628 4446 700 4501 Ut
735 4449 991 4517 raptores
1021 4444 1323 4498 viduarum
1348 4442 1435 4496 vel
1456 4441 1745 4514 virginum
1762 4443 1832 4498 ab
1855 4443 2105 4499 ecclesia!

475 4540 882 4596 communione
921 4537 1223 4608 pellantur.

546 4636 599 4690 4.
628 4634 700 4688 Ut
721 4632 907 4687 viduas
948 4630 1035 4684 vel
1078 4630 1325 4699 virgines
1365 4630 1628 4701 professas
1672 4632 2102 4701 continentiam,

478 4729 623 4784 ultra
655 4742 770 4781 non
802 4724 1040 4779 nubant.

547 4824 597 4875 5.
623 4821 693 4875 Ut
718 4819 906 4873 nullus
925 4834 1026 4889 per
1043 4816 1322 4873 ambitum
1341 4818 1414 4873 ad
1436 4818 1820 4892 episcopatum
1850 4821 2101 4877 accedat.

544 4911 917 4970 Dilectissimo
940 4910 1102 4966 fratri
1130 4914 1381 4970 Cassam
1409 4912 1760 4971 Sruucuus.

550 5007 817 5061 Hortatur
838 5022 941 5061 nos
969 5004 1206 5078 aequitas
1236 5007 1636 5078 postulationis
1678 5006 1959 5062 desiderio
1990 5012 2104 5063 tuae

473 5098 845 5159 fraternitatis
895 5103 1183 5172 gratanter
1233 5117 1508 5168 annuere,
1563 5100 1699 5172 quia
1749 5099 1819 5155 de
1863 5099 2103 5174 singulis

473 5210 605 5269 qua
634 5194 705 5250 ab
728 5194 1031 5266 apostolica
1074 5194 1209 5249 sede
1241 5193 1549 5250 concedere
1580 5193 1869 5265 supplicas
1891 5196 2042 5266 quod
2069 5215 2101 5251 a

471 5291 703 5346 Patrum
756 5287 972 5343 cautela
1019 5291 1076 5344 et
1123 5288 1451 5359 provisione
1517 5303 1633 5341 non
1684 5285 1984 5360 discrepat.
2034 5292 2102 5346 Et

469 5380 724 5457 quamvis
750 5382 1137 5437 ecclesiastica-
1178 5396 1360 5451 poena:
1386 5379 1600 5450 regule
1632 5381 1831 5437 omnia
1862 5399 2102 5456 conpre-

470 5476 742 5545 hendant,
780 5478 973 5531 tamen
1021 5473 1378 5545 superﬂuum
1431 5489 1553 5528 esse
1606 5490 1725 5530 non
1778 5476 2095 5549 credimus,

467 5587 621 5627 nunc
647 5586 776 5641 quas
802 5574 936 5624 sunt
960 5566 1168 5638 saepius
1198 5565 1504 5622 interdicta
1531 5572 1813 5639 repetere.

541 5666 674 5721 CAP.
706 5666 748 5719 Ι.
778 5659 1165 5718 Possessionee
1196 5659 1392 5731 igitur,
1421 5677 1560 5733 quas
1589 5663 1982 5736 unusquisque
2014 5680 2099 5720 ec-

472 5758 724 5813 ecclesias
751 5755 995 5828 proprias
1023 5753 1184 5809 dedit
1207 5757 1305 5809 aut
1320 5754 1550 5827 reliquit
1572 5757 1829 5827 arbitrio,
1851 5758 2097 5815 alienare

472 5848 819 5922 quibuslibet
835 5846 1012 5903 titulis
1039 5850 1208 5920 atque
1234 5847 1695 5905 distractionibus
1717 5851 1807 5905 vel
1834 5851 1936 5907 sub
1961 5868 2097 5923 quo-

2203 4086 2429 4141 cunque
2459 4076 2801 4141 argumento
2851 4089 2966 4128 non
2997 4074 3271 4145 patimur,
3314 4072 3424 4128 nisi
3470 4072 3709 4128 forsitan
3738 4081 3842 4128 aut

2203 4163 2417 4219 clericis
2448 4165 2731 4220 honorum
2759 4167 2996 4237 meritis,
3030 4172 3128 4222 aut
3157 4167 3519 4223 monasteriis
3542 4166 3841 4238 religionis

2205 4257 2433 4326 intuitu,
2485 4263 2585 4313 aut
2634 4264 2785 4315 certe
2843 4262 3165 4333 peregrinis
3216 4263 3260 4316 si
3307 4262 3608 4317 necessitas
3639 4260 3841 4332 largiri

2202 4352 2459 4421 suaserit,
2500 4354 2579 4409 sic
2614 4362 2809 4409 tamen
2850 4360 2912 4410 ut
2954 4356 3076 4410 haec
3126 4356 3247 4428 ipsa
3289 4373 3408 4411 non
3432 4362 3707 4427 perpetuo
3735 4356 3840 4411 sed

2204 4448 2596 4517 temporaliter
2627 4450 3016 4519 perfruantur.

2279 4541 2341 4595 ll.
2370 4541 2507 4595 Illud
2537 4558 2881 4613 magnopere
2912 4559 3286 4597 commonens
3307 4548 3369 4596 ut
3389 4542 3448 4596 hi
3475 4542 3572 4613 qui
3598 4558 3715 4597 non
3736 4544 3840 4597 Dei

2208 4634 2404 4705 gratia,
2437 4637 2532 4689 sed
2561 4637 2930 4706 promissione
2958 4654 3153 4691 rerum
3172 4638 3669 4692 ecclesiasticarum
3695 4653 3841 4707 pras-

2204 4727 2375 4782 missa
2400 4728 2472 4782 ad
2499 4729 2877 4784 sacerdotium
2912 4736 3189 4786 conantur
3226 4730 3496 4785 accedere
3525 4731 3836 4786 desiderio-

2204 4837 2332 4876 rum
2360 4821 2560 4877 talium
2587 4825 2974 4895 reprimuntur
3004 4825 3256 4880 effectus.
3283 4825 3391 4889 Qui
3411 4830 3601 4879 autem
3633 4824 3706 4878 ab
3732 4824 3839 4879 hu-

2195 4915 2452 4986 jusmodi
2467 4933 2524 4971 se
2539 4916 2850 4973 intentione
2869 4935 2981 4973 non
2997 4919 3263 4974 cohibent
3281 4919 3537 4974 vindictis
3548 4935 3838 4973 canonum

2203 5008 2382 5063 sciant
2406 5026 2464 5065 se
2495 5010 2615 5066 sine
2646 5013 3001 5068 dubitatione
3033 5013 3433 5084 subjiciendos,
3470 5030 3539 5068 ne
3568 5013 3732 5067 facile
3761 5013 3839 5068 ad

2203 5103 2580 5159 sacerdotium
2601 5106 3006 5176 permittantur
3022 5107 3310 5172 accedere,
3325 5107 3528 5178 quibus
3546 5111 3605 5161 et
3624 5106 3839 5178 gradus

2202 5201 2261 5252 et
2289 5203 2545 5269 tempora
2568 5200 2878 5255 constituta
2904 5204 3054 5267 sunt,
3084 5219 3189 5274 per
3217 5218 3344 5273 qua:
3373 5200 3446 5256 ad
3476 5201 3623 5255 hanc
3652 5200 3840 5272 digni-

2202 5295 2372 5346 tatem
2401 5292 2648 5348 debeant
2670 5294 2940 5366 aspirare,
2969 5296 3100 5368 quia
3129 5296 3451 5367 quicunque
3481 5295 3601 5349 sine
3622 5298 3835 5350 statuto

2199 5394 2573 5457 promovetur
2597 5405 2717 5443 non
2745 5388 2908 5444 facile
2933 5396 3086 5445 caret
3111 5389 3349 5456 offensa,
3380 5394 3438 5444 et
3461 5389 3583 5444 sine
3613 5389 3837 5461 experi-

2198 5484 2396 5535 mento
2411 5497 2523 5534 non
2548 5488 2732 5552 posset
2746 5483 2874 5553 quis
2886 5483 3177 5538 electionis
3189 5482 3447 5538 obtinere
3466 5481 3832 5538 sententiam.

2273 5574 2357 5628 lli.
2392 5575 2667 5645 Raptores
2699 5574 2876 5646 igitur
2903 5578 2987 5632 vel
3010 5577 3304 5632 viduarum
3334 5577 3421 5632 vel
3445 5577 3732 5647 virginum
3762 5576 3836 5632 ob

2198 5666 2617 5722 immanitatem
2647 5670 2789 5725 tanti
2820 5670 3085 5726 facinoris
3110 5671 3475 5739 detestamur,
3504 5672 3632 5726 illos
3661 5671 3833 5726 vehe-

2196 5762 2447 5817 mentius
2465 5765 2859 5834 persequendo
2875 5764 2972 5837 qui
2991 5782 3174 5820 sacras
3193 5766 3439 5837 virgines
3460 5766 3549 5835 vel
3575 5765 3834 5821 volentes

2194 5855 2281 5909 vel
2328 5855 2531 5911 invitas
2567 5858 2939 5914 matrimonio
2982 5859 3192 5915 sociare
3239 5863 3621 5916 tentaverunt.
3682 5858 3835 5926 Quos
