4040 6312
552 379 656 431 993i

1451 378 1732 434 APPEND.
1775 377 1863 432 AD
1902 377 2061 432 S/EC.
2107 376 2189 430 IX.
2224 404 2294 416 —-
2333 377 2576 432 lSlDORl
2618 377 3043 433 MERCATORIS

3827 383 3943 434 996

557 489 814 540 secretur
857 487 1070 540 electus
1109 485 1426 556 episcopus.
1473 486 1526 541 Si
1573 487 1747 555 enim,
1783 491 1846 540 ut
1872 485 1994 539 fieri
2022 486 2185 552 solet,
2211 487 2536 570 ASerenus
2576 485 2843 554 Nolanus,
2872 483 3162 555 Ancilpius
3200 483 3568 553 Puteolanus,
3597 484 3944 540 Timotheus

555 579 738 634 studia
774 580 1048 651 coeperint
1085 596 1205 634 esse
1237 580 1457 634 diversa
1489 596 1686 634 eorum
1717 580 1786 634 de
1813 579 2020 650 quibus
2059 596 2185 633 cer-

553 678 748 727 tamen
776 673 1094 740 emerserit,
1127 673 1315 728 vincat
1342 674 1628 728 sententia
1657 673 2060 744 plurimorum.
2085 673 2186 744 Sy-

558 767 741 820 nodus
773 766 929 833 dixit,
957 767 1194 837 placeat,
1224 767 1438 821 dictum
1469 774 1554 822 est
1589 767 1792 822 decies.

627 861 686 913 V.
735 861 976 931 Propter
1026 860 1274 914 occultas
1317 867 1509 916 autem
1553 861 1782 916 fraudes
1829 878 1967 932 quas
2019 861 2188 932 hujus

554 953 836 1008 sententia
864 953 1234 1008 districtionis
1261 956 1642 1026 consequitur.
1672 954 1726 1009 Si
1753 955 1880 1025 quis
1904 955 1972 1009 ad
2006 955 2184 1009 eccle-

553 1046 831 1100 siasticam
889 1048 1189 1117 pertulerit
1245 1048 1510 1102 notitiam
1555 1048 1792 1102 consilia
1849 1065 2046 1102 eorum
2091 1048 2186 1119 qui

551 1143 751 1194 contra
766 1141 914 1194 hanc
929 1141 1214 1211 synodum
1234 1142 1302 1196 de
1317 1143 1684 1212 pontiﬁcatus
1700 1142 1924 1212 egerint
1942 1142 2182 1208 ambitu,

551 1239 606 1288 et
630 1234 957 1288 rationabili
983 1235 1325 1305 probatione
1368 1235 1672 1290 convicerit
1700 1235 1985 1306 particeps
2011 1235 2183 1290 actio-

549 1327 640 1381 nis
666 1328 1015 1398 hujusmodi,
1045 1345 1158 1382 non
1199 1330 1385 1384 solum
1416 1335 1692 1401 purgatus
1719 1330 1790 1383 ab
1829 1330 1986 1384 omni
2021 1331 2186 1400 culpa

551 1422 643 1490 sit,
677 1423 771 1476 sed
804 1423 977 1476 etiam
1009 1424 1469 1478 remuneratione
1512 1440 1639 1495 qua
1673 1440 1787 1477 non
1819 1423 2054 1494 indigna
2091 1423 2182 1489 sit,

553 1515 899 1582 sublevetur,
930 1516 1196 1570 universa
1222 1518 1471 1587 synodus
1503 1517 1682 1571 dixit:
1717 1517 1946 1570 Placent
1972 1516 2180 1571 omnia.

554 1610 621 1662 Et
646 1609 851 1678 adjecit
880 1628 892 1663 :
930 1610 1162 1678 Exaudi,
1196 1610 1435 1677 Christe,
1467 1611 1804 1681 Symmacho
1826 1610 1940 1664 vita
1967 1610 2181 1665 dictum

552 1711 636 1756 est
663 1702 968 1770 tredecies;
998 1705 1063 1756 ut
1090 1703 1193 1756 ista
1218 1709 1515 1758 serventur
1539 1720 1827 1774 rogamus,
1855 1704 2072 1758 dictum
2102 1710 2185 1760 est

554 1795 759 1850 decies.
810 1795 1190 1866 Symmachus
1239 1797 1535 1868 episcopus
1581 1797 1877 1851 catholica
1922 1797 2183 1852 Ecclesia

2290 578 2646 645 Abellinaris,
2682 579 2946 633 Rosarius
2995 578 3382 644 Surrentinus,
3412 578 3732 648 Stephanus
3784 581 3942 634 Nea-

2291 672 2599 743 politanus,
2634 672 2896 727 Rosarius
2941 671 3236 742 episcopus
3277 687 3380 742 pro
3411 671 3585 725 fratre
3633 689 3764 727 meo
3790 675 3943 728 Urse

2291 766 2557 836 episcopo
2605 765 2910 837 subscripsi
2957 766 3202 820 Bellator
3251 765 3540 832 Ostiensis,
3579 767 3944 821 Gaudentius

2290 859 2657 930 Vulcinensis,
2711 859 2914 914 Marius
2968 859 3320 914 Tisernitius.
3382 861 3521 914 Item
3583 860 3944 914 Gaudentius

2289 952 2580 1023 episcopus
2610 952 2977 1020 Dulcinensis,
3016 953 3354 1023 Lampadius
3385 969 3485 1022 pro
3514 953 3774 1023 Projecto
3805 954 3940 1023 epi-

2288 1062 2454 1116 scopo
2503 1047 2896 1115 Forononano,
2927 1046 3253 1101 Adeodatus
3297 1047 3641 1112 Formcnsis,
3683 1047 3944 1111 Quintus

2287 1139 2654 1206 Theanensis,
2687 1141 2856 1194 Ursus
2894 1140 3194 1194 Stabianus
3223 1139 3574 1194 Gaudentius
3613 1140 3938 1194 Salernita-

2289 1250 2414 1298 nus,
2443 1234 2781 1288 Saturninus
2823 1235 3258 1288 Rerdonitanus.
3293 1233 3761 1304 Subscripserunt
3806 1235 3937 1305 epi-

2287 1327 2438 1397 scopi
2478 1344 2720 1382 numero
2766 1329 3129 1399 septuaginta
3173 1330 3307 1394 tres,
3349 1327 3555 1396 Celius,
3590 1328 3939 1383 Laurentius

2284 1421 2742 1492 archipresbyter
2765 1421 2916 1476 tituli
2963 1421 3193 1490 Lixida,
3227 1421 3319 1476 hic
3349 1421 3653 1493 subscripsi
3692 1427 3748 1476 et
3789 1440 3934 1477 con-

2286 1515 2433 1568 sensi
2465 1515 2830 1585 synodalibus
2874 1515 3212 1583 constitutis,
3245 1520 3415 1586 atque
3459 1516 3514 1569 in
3540 1516 3643 1569 hac
3670 1533 3764 1569 me
3800 1534 3936 1588 pro-

2285 1608 2450 1663 ﬁteor
2478 1624 2708 1663 manere
2734 1609 3039 1664 sententia.
3062 1609 3361 1664 Januarius
3386 1609 3685 1680 presbyter
3711 1610 3803 1664 tit.
3829 1611 3934 1663 Ve.-

2285 1703 2469 1768 stina,
2519 1703 2888 1758 Sebastianus
2930 1719 3018 1774 pr.
3073 1705 3158 1756 tit.
3211 1702 3444 1774 Equitii,
3477 1702 3784 1757 Martianus
3836 1720 3927 1774 pr.

2285 1795 2369 1850 tit.
2399 1801 2606 1851 sancta
2639 1797 2882 1864 Cecilia,
2911 1796 3242 1851 Valentinus
3271 1813 3359 1867 pr.
3389 1795 3475 1851 tit.
3509 1795 3758 1865 Eusebii,
3791 1799 3931 1852 Gor-

551 1889 709 1942 urbis
741 1890 940 1943 Roma
971 1889 1128 1956 dixit,
1160 1890 1597 1945 acclamationes
1627 1896 1838 1945 vestras
1867 1892 2183 1963 synodique
2207 1879 2261 1951 B
2286 1890 2485 1944 dianus
2532 1908 2619 1962 pr.
2657 1891 2741 1944 tit.
2783 1891 3131 1957 Pammachi,
3162 1889 3484 1944 Anastasius
3528 1907 3618 1961 pr.
3650 1891 3738 1944 tit.
3775 1896 3929 1945 Ana-

551 1981 826 2036 indicium
856 1983 1163 2054 prasentia
1191 1989 1350 2055 gesta
1380 1985 1706 2055 suscipient.
1739 1986 1807 2040 Et
1833 1986 2038 2056 adjecit
2068 2002 2080 2038 :
2109 1987 2186 2039 Ea

548 2093 676 2148 qua
704 2076 776 2130 ad
803 2077 1110 2148 sopiendos
1136 2084 1449 2132 veternosa
1479 2079 1945 2150 prasumptionis
1967 2095 2184 2134 errores

545 2169 632 2223 vel
659 2170 894 2225 infensa
929 2171 1100 2225 rebus
1143 2171 1531 2226 ecclesiasticis
1568 2172 1927 2242 aegritudinis
1954 2173 2184 2227 morbos

543 2263 748 2334 quibus
775 2264 1112 2319 universalis
1143 2265 1503 2320 inﬁciebatur
1541 2267 1808 2334 Ecclesia,
1846 2265 2182 2321 deliberatio

544 2356 808 2428 religioni
835 2374 1090 2429 congrua
1126 2358 1366 2430 pacique
1410 2359 1660 2414 restituit
1684 2359 2017 2415 firmitatem
2049 2377 2178 2432 per-

545 2451 722 2522 petim
748 2451 1081 2520 sortiantur,
1114 2457 1176 2507 ut
1207 2455 1512 2523 prastante
1541 2454 1653 2509 Deo
1684 2470 1856 2525 quem
1886 2455 2180 2510 custodem

543 2561 739 2598 rerum
784 2549 1003 2599 constat
1057 2563 1177 2601 esse
1229 2547 1511 2601 bonarum
1559 2547 1844 2618 synodalis
1896 2547 2180 2603 ordinatio

544 2638 750 2709 vigeat,
769 2642 942 2710 atque
972 2640 1159 2694 omnis
1179 2640 1278 2711 qui
1297 2640 1415 2695 sine
1442 2657 1702 2712 persona
1725 2642 1958 2712 alicujus
1987 2642 2180 2696 distin-

542 2732 733 2787 ctione
761 2734 957 2788 venire
987 2735 1432 2805 prasumpserit,
1469 2735 1678 2790 indicta
1714 2737 1976 2807 superius
1999 2736 2180 2790 distri-

541 2826 729 2881 ctione
759 2827 1055 2897 plectetur.
1103 2830 1169 2882 Et
1209 2828 1661 2898 subscripserunt
1693 2830 1876 2884 Celius
1921 2832 2178 2900 Symma-

544 2919 703 2986 chus,
730 2920 1030 2992 episc0pus
1057 2921 1315 2976 Ecclesia
1343 2922 1641 2977 catholica
1670 2922 1827 2977 urbis
1854 2924 2068 2991 Roma,
2091 2923 2179 2978 his

542 3013 910 3084 synodalibus
940 3014 1260 3069 constitutis
1287 3031 1319 3068 a
1345 3031 1436 3069 me
1464 3015 1716 3086 probatis
1741 3019 1914 3087 atque
1939 3017 2178 3071 firmatis

543 3107 902 3163 consentiens
932 3108 1257 3178 subscripsi.
1288 3108 1472 3164 Celius
1500 3110 1742 3164 rusticus
1771 3111 2068 3182 episcopus
2095 3112 2174 3166 ci-

540 3200 728 3255 vitatis
758 3201 1161 3255 Minturnensis
1187 3201 1490 3273 subscripsi
1517 3207 1573 3257 et
1602 3203 1858 3258 consensi
1887 3205 2172 3276 synodali-

538 3295 645 3349 bus
675 3294 1014 3362 constitutis,
1047 3299 1216 3366 atque
1257 3295 1318 3349 in
1359 3296 1464 3350 hac
1502 3296 1774 3367 proﬁteor
1812 3314 1906 3352 me
1936 3314 2170 3353 manere

538 3387 842 3443 sententia.
876 3388 1064 3443 Celius
1092 3389 1412 3443 Bonifacius
1441 3390 1739 3460 episcopus
1771 3390 2031 3446 Ecclesia
2066 3393 2170 3445 Be-

535 3481 861 3536 liternensis
891 3481 1198 3553 subscripsi
1236 3485 1293 3537 et
1331 3483 1594 3537 consensi
1637 3484 2000 3556 synodalibus
2033 3502 2171 3540 con-

533 3576 765 3645 stitutis,
788 3581 957 3648 atque
988 3576 1047 3630 in
1069 3577 1177 3632 hac
1203 3593 1297 3632 me
1322 3577 1596 3648 proﬁteor
1618 3595 1854 3633 manere
1873 3580 2170 3634 sententia.

533 3670 809 3738 Mesenus,
844 3671 1156 3741 Humanus,
1190 3671 1423 3726 Rufinus
1467 3671 1809 3742 Camisinus,
1839 3672 2173 3727 Cresconius

534 3763 896 3834 Tudertinus,
955 3766 1152 3820 Clarus
1230 3765 1500 3833 Allifanis,
1548 3765 1784 3820 Basilius
1850 3767 2170 3837 Toletanus,

535 3856 733 3911 Vitalis
778 3857 1109 3925 Fundanus,
1159 3858 1357 3912 Decius
1400 3859 1839 3928 Trincabernus,
1893 3861 2168 3914 Innocen-

534 3948 648 4003 tius
715 3950 1045 4019 Nubanatis,
1103 3951 1414 4005 Vitalianus
1492 3953 1844 4019 Rosellanus,
1903 3953 2171 4008 Maximus

536 4043 832 4109 Bresanus,
866 4043 1230 4098 Constantius
1273 4047 1596 4114 Capuanus,
1631 4045 1917 4116 Benignus
1963 4047 2168 4118 Aquic-

536 4135 806 4202 ninensis,
837 4137 1178 4191 Fortunatus
1213 4137 1516 4204 Suesanus,
1547 4138 1831 4193 Palladius
1858 4140 2166 4196 Sulmonti-

535 4247 665 4298 nus,
712 4229 1042 4284 Vindemius
1092 4230 1443 4299 Anteatinus,
1486 4233 1848 4288 Constantius
1895 4235 2169 4290 Utricula-

532 4341 662 4393 nus,
708 4326 955 4379 Joannes
1000 4325 1392 4393 Ariminensis,
1439 4327 1752 4383 Germanus
1799 4329 2167 4398 Pisaurensis,

531 4418 802 4474 Martinus
837 4418 1272 4487 Terracinensis,
1304 4421 1593 4476 Candidus
1640 4421 1985 4492 Tiburtinus,
2020 4425 2165 4479 Lau-

534 4512 753 4566 rentius
789 4511 1092 4579 Tribensis,
1120 4513 1432 4569 Titalianus
1475 4516 1835 4585 Narmiensis,
1868 4518 2168 4573 Pachasius

2195 3248 2250 3323 C

2285 1984 2489 2053 stasia,
2523 1986 2740 2053 Petrus,
2783 2001 2868 2055 pr.
2908 1985 2996 2052 tit,
3049 1984 3224 2038 sancti
3271 1984 3597 2050 Clementis,
3645 1985 3931 2039 Genasius

2284 2094 2371 2148 pr.
2402 2078 2486 2132 tit.
2519 2078 2902 2146 Nichomedis,
2937 2077 3192 2144 Urbicus,
3215 2093 3304 2149 pr.
3332 2077 3419 2131 tit.
3447 2076 3620 2131 sancti
3658 2077 3925 2133 Clemen-

2287 2171 2375 2237 tis,
2415 2171 2696 2225 Dionisius
2740 2187 2826 2242 pr.
2857 2171 2946 2225 tit.
2999 2171 3321 2237 Emiliana,
3366 2169 3640 2224 Paulirius
3690 2188 3783 2241 pr.
3832 2171 3925 2226 tit.

2283 2265 2465 2320 sancti
2489 2265 2635 2331 Julii,
2669 2265 3018 2337 Epiphanius
3044 2281 3130 2336 pr.
3163 2264 3250 2318 tit.
3280 2264 3692 2336 apostolorum,
3712 2265 3928 2319 Valens

2284 2375 2368 2429 pr.
2416 2358 2501 2413 tit.
2549 2361 2757 2412 sancta
2797 2358 3043 2422 Sabina,
3087 2357 3346 2412 Aceritus
3393 2373 3479 2428 pr.
3526 2358 3613 2412 tit.
3656 2357 3924 2425 Faciola,

2281 2452 2556 2523 Agapitus
2573 2469 2659 2523 pr.
2674 2453 2762 2506 tit.
2781 2451 3188 2524 apostolorum,
3205 2450 3526 2505 Adeodatus
3545 2467 3632 2522 pr.
3649 2452 3738 2505 tit.
3755 2453 3930 2524 Equi-

2281 2546 2364 2615 tii,
2413 2548 2610 2601 Petrus
2655 2563 2742 2616 pr.
2789 2547 2875 2600 tit.
2920 2545 3259 2616 Grisogonii,
3309 2544 3639 2600 Benedictus
3685 2562 3774 2616 pr.
3831 2545 3922 2600 tit.

2283 2639 2420 2706 Gaii,
2467 2640 2716 2711 Sopanus
2763 2657 2848 2711 pr.
2897 2640 2982 2694 tit.
3014 2640 3278 2705 Vestina,
3327 2637 3653 2693 Dominicus
3700 2656 3790 2710 pr.
3827 2640 3922 2694 tit.

2279 2733 2500 2803 Prisca,
2532 2734 2762 2789 lsterius
2791 2750 2877 2805 pr.
2910 2734 2996 2788 tit.
3026 2733 3313 2800 Pudentis,
3338 2732 3690 2803 Redemptus
3711 2749 3800 2804 pr.
3827 2732 3919 2787 tit.

2279 2827 2544 2898 Trigida,
2574 2827 2723 2882 Felix
2755 2844 2840 2899 pr.
2873 2827 2959 2881 tit.
2998 2827 3230 2898 Equitii,
3265 2827 3504 2882 Severus
3531 2843 3619 2897 pr.
3649 2827 3736 2880 tit.
3769 2827 3919 2893 Gaii,

2278 2921 2629 2992 Redemptus
2683 2939 2770 2992 pr.
2818 2922 2905 2975 tit.
2953 2921 3270 2991 Grisogoni,
3326 2921 3645 2992 Stephanus
3694 2937 3782 2991 pr.
3827 2922 3922 2974 tit.

2277 3015 2534 3085 Marcelli,
2580 3015 2950 3069 Prorecticius
2991 3031 3077 3086 pr.
3122 3015 3208 3069 tit.
3246 3015 3528 3081 Damasci,
3557 3015 3924 3068 Crescentius

2277 3125 2365 3182 pr.
2398 3109 2484 3163 tit.
2527 3110 2937 3180 apostolorum,
2966 3109 3197 3163 Jovinus
3225 3125 3311 3179 pr.
3346 3109 3432 3162 tit.
3463 3107 3782 3162 Emiliana,.
3815 3111 3919 3163 Ju-

2273 3201 2456 3258 lianus
2501 3220 2587 3274 pr.
2637 3203 2725 3258 tit.
2770 3202 3098 3271 Anastasia,
3146 3203 3333 3256 Bonus
3374 3219 3460 3272 pr.
3506 3202 3590 3256 tit.
3638 3202 3921 3257 Crescen-

2277 3297 2461 3364 tiana,
2512 3298 2800 3368 Septimus
2853 3314 2939 3368 pr.
2985 3296 3073 3351 tit.
3121 3296 3272 3364 Julii,
3319 3296 3649 3350 Paschasius
3692 3313 3782 3367 pr.
3825 3297 3915 3352 tit.

2273 3391 2521 3462 Eusebii,
2557 3391 2853 3463 Ciprianus
2896 3408 2984 3462 pr.
3035 3391 3122 3446 tit.
3171 3389 3356 3458 Marci,
3399 3391 3648 3445 Joannes
3698 3407 3786 3461 pr.
3825 3391 3914 3445 tit.

2273 3485 2643 3552 Pammachii,
2682 3485 3031 3557 Epiphanius
3077 3503 3166 3558 pr.
3215 3485 3301 3540 tit.
3336 3484 3593 3550 Faciola,
3628 3484 3915 3539 Sebastia-

2272 3596 2378 3634 nus
2407 3597 2490 3650 pr.
2522 3580 2607 3634 tit.
2638 3580 3015 3648 Nichomedis,
3051 3579 3385 3634 Bonefacius
3419 3594 3506 3650 pr.
3541 3577 3629 3632 tit.
3659 3578 3913 3646 Cecilia,

2272 3675 2543 3728 Martinus
2586 3691 2673 3745 pr.
2718 3674 2805 3728 tit.
2841 3673 3064 3743 Ciriaci,
3108 3676 3303 3728 Petrus
3351 3689 3440 3744 pr.
3489 3671 3572 3726 tit.
3616 3672 3912 3739 Praxedis,

2271 3768 2522 3823 Andreas
2559 3785 2647 3839 pr.
2677 3768 2765 3823 tit.
2795 3767 2972 3822 sancti
3001 3767 3308 3834 Timothei,
3341 3767 3671 3822 Timotheus
3699 3783 3786 3837 pr.
3825 3766 3910 3821 tit.

2271 3861 2531 3930 Marcelli,
2567 3861 2914 3933 Epiphanius
2944 3878 3030 3934 pr.
3067 3861 3154 3916 tit.
3189 3860 3405 3928 Ciriaei,
3435 3860 3674 3914 Hilarius
3698 3877 3788 3931 pr.
3819 3861 3910 3914 tit.

2271 3955 2516 4026 Lucina,
2547 3956 2840 4011 Servusdei
2884 3973 2972 4027 pr.
3003 3955 3093 4010 tit.
3136 3955 3312 4010 sancti
3361 3953 3687 4021 Clementis,
3720 3955 3906 4009 Victo-

2270 4049 2388 4103 rius
2412 4066 2500 4120 pr.
2531 4049 2620 4104 tit.
2643 4049 2884 4119 Sabina,
2915 4049 3100 4120 Opilio
3129 4065 3218 4120 pr.
3250 4047 3336 4102 tit.
3369 4048 3630 4120 Vestina,
3661 4048 3909 4102 Lauren-

2269 4144 2384 4198 tius
2414 4161 2501 4215 pr.
2529 4143 2616 4199 tit.
2649 4144 2830 4199 sancti
2868 4143 3174 4199 Laurentii.
3229 4145 3428 4198 Petrus
3469 4159 3555 4213 pr.
3593 4142 3681 4195 tit.
3712 4142 3906 4197 Griso-

2273 4238 2426 4310 goni,
2457 4238 2677 4292 Eutices
2719 4255 2806 4310 pr.
2851 4239 2937 4292 tit.
2985 4237 3301 4303 Emiliana,
3347 4237 3635 4291 Romanus
3681 4251 3771 4306 pr.
3816 4237 3904 4290 tit.

2269 4332 2573 4404 Trigildia,
2615 4333 2872 4387 Julianus
2920 4349 3006 4404 pr.
3051 4331 3140 4386 tit.
3173 4330 3503 4397 Anastasia,
3548 4329 3909 4384 Marcellinus

2270 4443 2354 4498 pr.
2385 4426 2472 4481 tit.
2503 4427 2656 4481 Julii.
2696 4427 2912 4481 Marcus
2938 4443 3024 4497 pr.
3059 4425 3145 4480 tit.
3177 4425 3426 4491 Lucina,
3454 4422 3783 4478 Dominicus
3815 4441 3902 4494 pr.

2269 4521 2355 4574 tit.
2412 4521 2844 4588 Crescentiana,
2900 4519 3216 4574 Vicemalus
3279 4536 3367 4591 pr.
3426 4519 3512 4572 tit.
3574 4518 3904 4583 Crescentii,

537 4606 939 4675 Vultinuensis,
974 4607 1315 4663 Fortunatus
1360 4609 1657 4682 episcopus
1707 4612 1966 4666 Ecclesia
2009 4614 2660 4695 Ana-[)Abundantius
2715 4631 2802 4685 pr.
2853 4614 2940 4669 tit.
3000 4613 3244 4682 Sabina,
3300 4611 3598 4668 Abundius
3660 4627 3748 4682 pr.
3809 4612 3898 4667 tit.

535 4700 726 4771 gnina
748 4717 852 4772 pro
880 4702 1137 4756 sanctulo
1167 4703 1434 4774 episcopo
1467 4704 1703 4759 civitatis
1733 4705 2003 4776 Signina,
2035 4706 2169 4776 quia

533 4794 887 4850 subscribere
917 4812 1032 4850 non
1061 4796 1249 4867 potuit
1276 4813 1379 4868 pro
1406 4798 1608 4854 eodem
1639 4799 1978 4871 subscripsi;
2011 4799 2169 4854 Vale-

532 4889 651 4943 rius
692 4891 1091 4960 Calenotanus,
1125 4891 1503 4947 Felicissimus
1547 4893 2164 4964 Forosumpromensis,

534 4985 866 5039 Valentinus
895 4983 1320 5040 Amiterninuas
1357 5003 1460 5056 pro
1490 4987 1746 5041 Romano
1774 4987 2038 5058 episcopo
2065 4989 2163 5042 Ec-

531 5078 714 5133 clesia
736 5078 1062 5134 Pitanitium
1094 5079 1431 5151 subscripsi;
1459 5079 1723 5136 Colonius
1751 5081 2163 5150 Foroliviensis,

532 5172 880 5243 Epiphanius
912 5173 1362 5241 Beneventanus,
1390 5175 1636 5228 Joannes
1664 5174 2006 5244 Spoletinus,
2029 5176 2167 5232 Con~

530 5266 772 5320 stantius
817 5268 1182 5334 Benefranus,
1213 5268 1590 5322 Maximianus
1637 5268 1961 5340 Perusinus,
2003 5270 2162 5327 Salu-

529 5360 672 5415 stius
731 5363 1033 5430 Camenus,
1089 5362 1370 5416 Lucianus
1440 5362 1857 5433 Tarquinensis,
1906 5365 2166 5422 Molensis

529 5456 1056 5523 Centumcellensis,
1087 5454 1408 5510 Florentius
1448 5455 1754 5526 Plestanus,
1787 5459 2163 5517 Maximianus

525 5549 1016 5620 Subaugustanus,
1068 5549 1412 5604 Fortunatus
1461 5551 1872 5623 Fulgentanus,
1916 5556 2162 5611 Joannes

527 5641 881 5711 Linonensis,
928 5642 1278 5698 Gaudentius
1323 5644 1628 5714 Tadinatis,
1673 5648 1980 5704 Mercurius
2025 5651 2158 5706 Sur-

531 5736 703 5802 tinus,
753 5737 1000 5791 Serenus
1051 5736 1477 5807 Murnentanus,
1523 5741 1711 5796 Justus
1761 5744 2158 5813 Acerontinus,

529 5829 849 5883 Adeodatus
882 5831 1166 5899 Ceronsis,
1188 5832 1502 5903 Stephanus
1531 5835 1868 5906 Mirsinensi,
1890 5838 2162 5894 Dulcitius

530 5925 868 5993 Sabinensis,
905 5927 1239 5984 Fortunatus
1263 5932 1620 6003 Anagninus,
1644 5934 1796 5988 Felix
1825 5936 2155 6005 Nepesinus,

2266 4709 2452 4778 Marci,
2486 4709 2778 4764 Marcellus
2805 4725 2892 4780 pr.
2922 4708 3010 4763 tit.
3041 4707 3300 4762 Romalii.
3339 4706 3647 4761 Venantius
3684 4722 3773 4776 pr.
3809 4706 3896 4761 tit.

2266 4802 2529 4870 Marcelli,
2561 4803 2780 4857 Asellus
2810 4819 2898 4874 pr.
2930 4803 3018 4856 tit.
3052 4801 3307 4869 Vitantii,
3335 4800 3657 4871 Stephanus
3686 4817 3775 4871 pr.
3810 4800 3896 4854 tit.

2268 4896 2511 4966 Eusebii,
2543 4898 2760 4968 Agatho
2802 4913 2889 4968 pr.
2933 4895 3020 4950 tit.
3053 4896 3321 4950 Vizantis.
3373 4894 3641 4949 Paulinus
3683 4910 3771 4965 pr.
3810 4895 3894 4948 tit.

2267 4991 2444 5045 sancti
2526 4991 2829 5046 Laurentii.
2897 4989 3363 5062 Subscripserunt
3426 4987 3670 5060 episcopi
3733 4985 3893 5060 [forte

2268 5085 2602 5157 presbyteri}
2629 5101 2872 5140 numero
2900 5085 3197 5156 sexaginta
3227 5088 3356 5140 tres.

2337 5180 2648 5251 Cyprianus
2677 5180 2952 5235 diaconus
2981 5182 3191 5234 sancta
3215 5177 3476 5234 Ecclesia
3505 5179 3774 5233 Romana
3801 5195 3887 5232 re-

2266 5275 2448 5347 gionis
2479 5274 2740 5346 septima
2779 5274 2866 5328 his
2895 5273 3201 5344 subscripsi
3231 5276 3288 5328 et
3313 5272 3575 5328 consensi
3605 5273 3887 5343 synodali-

2263 5371 2368 5425 bus
2399 5369 2734 5437 constitutis,
2765 5373 2937 5440 atque
2977 5369 3036 5422 in
3080 5369 3185 5423 hac
3224 5384 3316 5422 me
3359 5368 3631 5438 proﬁteor
3658 5383 3889 5422 manere

2262 5463 2566 5520 sententia.
2599 5464 2926 5519 Anastasius
2951 5463 3228 5519 diaconus
3253 5461 3506 5534 regionis
3534 5461 3733 5533 prima
3759 5462 3888 5517 sub-

2261 5559 2481 5632 scripsi,
2523 5559 2816 5614 Citonatus
2867 5558 3135 5613 diaconus
3183 5557 3396 5630 quinta
3461 5555 3711 5627 regionis
3761 5557 3885 5611 sub-

2261 5653 2477 5724 scripsi,
2505 5655 2754 5708 Joannes
2784 5653 3058 5708 diaconus
3086 5651 3339 5722 regionis
3370 5650 3637 5706 secunda
3659 5650 3888 5705 subscri-

2260 5749 2367 5820 psi,
2382 5749 2642 5803 Tarensis
2653 5749 2928 5803 diaconus
2938 5745 3190 5819 regionis
3207 5746 3404 5818 prima
3423 5745 3753 5818 subscripsi.
3768 5746 3887 5801 Ter-

2258 5844 2431 5897 tullus
2463 5843 2734 5898 diaconus
2760 5842 3008 5914 regionis
3034 5843 3252 5913 quarta
3279 5839 3603 5913 subscripsi.
