  <div class='ocr_page' id='page_1' title='image "/cluster/home/n/w/nwhite01/storage/ocr_20150623/130/umn.319510024774230/574.png"; bbox 0 0 4040 6338; ppageno 0'>
   <div class='ocr_carea' id='block_1_1' title="bbox 170 409 271 458">
    <p class='ocr_par' dir='ltr' id='par_1_1' title="bbox 170 409 271 458">
     <span class='ocr_line' id='line_1_1' title="bbox 170 409 271 458; baseline -0.01 0"><span class='ocrx_word' id='word_1_1' title='bbox 170 409 271 458; x_wconf 74' lang='lat'><strong>997</strong></span> 
     </span>
    </p>
   </div>
   <div class='ocr_carea' id='block_1_2' title="bbox 1400 403 2298 460">
    <p class='ocr_par' dir='ltr' id='par_1_2' title="bbox 1400 403 2298 460">
     <span class='ocr_line' id='line_1_2' title="bbox 1400 403 2298 460; baseline -0.002 -2"><span class='ocrx_word' id='word_1_2' title='bbox 1400 403 1872 459; x_wconf 86' lang='lat' dir='ltr'><strong>DECRETALIUM</strong></span> <span class='ocrx_word' id='word_1_3' title='bbox 1913 404 2298 460; x_wconf 86' lang='lat' dir='ltr'><strong>COLLECTIO.</strong></span> 
     </span>
    </p>
   </div>
   <div class='ocr_carea' id='block_1_3' title="bbox 3429 409 3533 461">
    <p class='ocr_par' dir='ltr' id='par_1_3' title="bbox 3429 409 3533 461">
     <span class='ocr_line' id='line_1_3' title="bbox 3429 409 3533 461; baseline 0 0"><span class='ocrx_word' id='word_1_4' title='bbox 3429 409 3533 461; x_wconf 85' lang='lat'><strong>998</strong></span> 
     </span>
    </p>
   </div>
   <div class='ocr_carea' id='block_1_4' title="bbox 169 510 3536 598">
    <p class='ocr_par' dir='ltr' id='par_1_4' title="bbox 169 510 3536 598">
     <span class='ocr_line' id='line_1_4' title="bbox 169 510 3536 598; baseline 0.001 -33"><span class='ocrx_word' id='word_1_5' title='bbox 169 510 360 584; x_wconf 78' lang='grc'><strong>247</strong></span> <span class='ocrx_word' id='word_1_6' title='bbox 400 512 698 598; x_wconf 64' lang='lat' dir='ltr'><strong>Exemplar</strong></span> <span class='ocrx_word' id='word_1_7' title='bbox 713 513 991 598; x_wconf 49' lang='lat' dir='ltr'><strong>constituti</strong></span> <span class='ocrx_word' id='word_1_8' title='bbox 1012 513 1154 596; x_wconf 64' lang='lat' dir='ltr'><strong>facti</strong></span> <span class='ocrx_word' id='word_1_9' title='bbox 1179 527 1214 565; x_wconf 81' lang='grc' dir='ltr'><em>α</em></span> <span class='ocrx_word' id='word_1_10' title='bbox 1239 513 1475 598; x_wconf 38' lang='lat' dir='ltr'><strong>Domino,</strong></span> <span class='ocrx_word' id='word_1_11' title='bbox 1487 512 1802 596; x_wconf 74' lang='lat' dir='ltr'><strong>Symmacho</strong></span> <span class='ocrx_word' id='word_1_12' title='bbox 1824 523 1882 598; x_wconf 72' lang='grc' dir='ltr'><strong>Α</strong></span> <span class='ocrx_word' id='word_1_13' title='bbox 1901 512 2169 583; x_wconf 84' lang='lat' dir='ltr'><strong>pratorio</strong></span> <span class='ocrx_word' id='word_1_14' title='bbox 2201 515 2374 584; x_wconf 90' lang='lat' dir='ltr'><strong>atque</strong></span> <span class='ocrx_word' id='word_1_15' title='bbox 2398 510 2669 583; x_wconf 88' lang='lat' dir='ltr'><strong>patricius</strong></span> <span class='ocrx_word' id='word_1_16' title='bbox 2699 526 2878 582; x_wconf 81' lang='lat' dir='ltr'><strong>agens</strong></span> <span class='ocrx_word' id='word_1_17' title='bbox 2922 511 3100 566; x_wconf 91' lang='lat' dir='ltr'><strong>etiam</strong></span> <span class='ocrx_word' id='word_1_18' title='bbox 3128 511 3278 567; x_wconf 84' lang='lat' dir='ltr'><strong>vices</strong></span> <span class='ocrx_word' id='word_1_19' title='bbox 3303 513 3536 584; x_wconf 85' lang='lat' dir='ltr'><strong>praeel-</strong></span> 
     </span>
    </p>
   </div>
   <div class='ocr_carea' id='block_1_5' title="bbox 434 583 1544 654">
    <p class='ocr_par' dir='ltr' id='par_1_5' title="bbox 434 583 1544 654">
     <span class='ocr_line' id='line_1_5' title="bbox 434 583 1544 654; baseline 0.001 -17"><span class='ocrx_word' id='word_1_20' title='bbox 434 599 589 654; x_wconf 84' lang='lat' dir='ltr'><strong>papa</strong></span> <span class='ocrx_word' id='word_1_21' title='bbox 615 583 680 637; x_wconf 86' lang='lat' dir='ltr'><strong>de</strong></span> <span class='ocrx_word' id='word_1_22' title='bbox 699 583 858 638; x_wconf 83' lang='lat' dir='ltr'><em>rebus</em></span> <span class='ocrx_word' id='word_1_23' title='bbox 887 584 1116 639; x_wconf 78' lang='lat' dir='ltr'><strong>ecclesia</strong></span> <span class='ocrx_word' id='word_1_24' title='bbox 1145 584 1544 639; x_wconf 74' lang='lat' dir='ltr'><strong>conservandis.</strong></span> 
     </span>
    </p>
   </div>
   <div class='ocr_carea' id='block_1_6' title="bbox 237 698 1802 770">
    <p class='ocr_par' dir='ltr' id='par_1_6' title="bbox 237 698 1802 770">
     <span class='ocr_line' id='line_1_6' title="bbox 237 698 1802 770; baseline 0.001 -17"><span class='ocrx_word' id='word_1_25' title='bbox 237 698 453 768; x_wconf 85' lang='lat' dir='ltr'><strong>Flavio,</strong></span> <span class='ocrx_word' id='word_1_26' title='bbox 496 699 618 754; x_wconf 91' lang='lat' dir='ltr'><strong>viro</strong></span> <span class='ocrx_word' id='word_1_27' title='bbox 661 699 978 754; x_wconf 92' lang='lat' dir='ltr'><strong>clarissimo</strong></span> <span class='ocrx_word' id='word_1_28' title='bbox 1002 699 1234 770; x_wconf 91' lang='lat' dir='ltr'><strong>juniore</strong></span> <span class='ocrx_word' id='word_1_29' title='bbox 1267 699 1519 770; x_wconf 87' lang='lat' dir='ltr'><strong>consule,</strong></span> <span class='ocrx_word' id='word_1_30' title='bbox 1560 699 1664 754; x_wconf 87' lang='lat' dir='ltr'><strong>sub</strong></span> <span class='ocrx_word' id='word_1_31' title='bbox 1711 700 1802 755; x_wconf 92' lang='lat' dir='ltr'><strong>die</strong></span> 
     </span>
    </p>
   </div>
   <div class='ocr_carea' id='block_1_7' title="bbox 165 792 1802 849">
    <p class='ocr_par' dir='ltr' id='par_1_7' title="bbox 165 792 1802 849">
     <span class='ocr_line' id='line_1_7' title="bbox 165 792 1802 849; baseline 0.001 -2"><span class='ocrx_word' id='word_1_32' title='bbox 165 799 367 847; x_wconf 87' lang='lat' dir='ltr'><strong>octavo</strong></span> <span class='ocrx_word' id='word_1_33' title='bbox 417 792 622 847; x_wconf 90' lang='lat' dir='ltr'><strong>Iduum</strong></span> <span class='ocrx_word' id='word_1_34' title='bbox 665 793 1072 848; x_wconf 85' lang='lat' dir='ltr'><strong>Novembrium</strong></span> <span class='ocrx_word' id='word_1_35' title='bbox 1117 793 1177 847; x_wconf 93' lang='lat' dir='ltr'><strong>in</strong></span> <span class='ocrx_word' id='word_1_36' title='bbox 1205 793 1439 848; x_wconf 90' lang='lat' dir='ltr'><strong>basilica</strong></span> <span class='ocrx_word' id='word_1_37' title='bbox 1467 792 1616 849; x_wconf 89' lang='lat' dir='ltr'><strong>beati</strong></span> <span class='ocrx_word' id='word_1_38' title='bbox 1653 794 1802 848; x_wconf 88' lang='lat' dir='ltr'><strong>Petri</strong></span> 
     </span>
    </p>
   </div>
   <div class='ocr_carea' id='block_1_8' title="bbox 165 887 1800 959">
    <p class='ocr_par' dir='ltr' id='par_1_8' title="bbox 165 887 1800 959">
     <span class='ocr_line' id='line_1_8' title="bbox 165 887 1800 959; baseline 0.001 -18"><span class='ocrx_word' id='word_1_39' title='bbox 165 887 430 957; x_wconf 85' lang='lat' dir='ltr'><strong>apostoli,</strong></span> <span class='ocrx_word' id='word_1_40' title='bbox 463 887 748 942; x_wconf 87' lang='lat' dir='ltr'><strong>residente</strong></span> <span class='ocrx_word' id='word_1_41' title='bbox 775 887 1086 942; x_wconf 82' lang='lat' dir='ltr'><strong>venerabili</strong></span> <span class='ocrx_word' id='word_1_42' title='bbox 1110 887 1230 942; x_wconf 90' lang='lat' dir='ltr'><strong>viro</strong></span> <span class='ocrx_word' id='word_1_43' title='bbox 1258 905 1410 959; x_wconf 86' lang='lat' dir='ltr'><strong>papa</strong></span> <span class='ocrx_word' id='word_1_44' title='bbox 1439 888 1800 958; x_wconf 83' lang='lat' dir='ltr'><strong>Symmacho,</strong></span> 
     </span>
    </p>
   </div>
   <div class='ocr_carea' id='block_1_9' title="bbox 168 980 1802 1051">
    <p class='ocr_par' dir='ltr' id='par_1_9' title="bbox 168 980 1802 1051">
     <span class='ocr_line' id='line_1_9' title="bbox 168 980 1802 1051; baseline 0.001 -17"><span class='ocrx_word' id='word_1_45' title='bbox 168 997 280 1034; x_wconf 89' lang='lat' dir='ltr'><strong>una</strong></span> <span class='ocrx_word' id='word_1_46' title='bbox 309 997 444 1035; x_wconf 92' lang='lat' dir='ltr'><strong>cum</strong></span> <span class='ocrx_word' id='word_1_47' title='bbox 484 980 900 1036; x_wconf 87' lang='lat' dir='ltr'><strong>venerabilibus</strong></span> <span class='ocrx_word' id='word_1_48' title='bbox 927 981 1060 1036; x_wconf 91' lang='lat' dir='ltr'><strong>viris</strong></span> <span class='ocrx_word' id='word_1_49' title='bbox 1091 981 1413 1051; x_wconf 89' lang='lat' dir='ltr'><strong>Laurentio,</strong></span> <span class='ocrx_word' id='word_1_50' title='bbox 1444 981 1679 1036; x_wconf 87' lang='lat' dir='ltr'><strong>Maximo</strong></span> <span class='ocrx_word' id='word_1_51' title='bbox 1709 998 1802 1036; x_wconf 90' lang='lat' dir='ltr'><strong>re-</strong></span> 
     </span>
    </p>
   </div>
   <div class='ocr_carea' id='block_1_10' title="bbox 165 1075 1801 1147">
    <p class='ocr_par' dir='ltr' id='par_1_10' title="bbox 165 1075 1801 1147">
     <span class='ocr_line' id='line_1_10' title="bbox 165 1075 1801 1147; baseline 0.001 -19"><span class='ocrx_word' id='word_1_52' title='bbox 165 1075 486 1130; x_wconf 83' lang='lat' dir='ltr'><strong>sidentibus</strong></span> <span class='ocrx_word' id='word_1_53' title='bbox 534 1075 830 1147; x_wconf 87' lang='lat' dir='ltr'><strong>episcopis,</strong></span> <span class='ocrx_word' id='word_1_54' title='bbox 874 1075 1046 1130; x_wconf 91' lang='lat' dir='ltr'><strong>etiam</strong></span> <span class='ocrx_word' id='word_1_55' title='bbox 1080 1078 1266 1144; x_wconf 87' lang='lat' dir='ltr'><strong>Petro,</strong></span> <span class='ocrx_word' id='word_1_56' title='bbox 1299 1077 1617 1142; x_wconf 92' lang='lat' dir='ltr'><strong>Laurentio,</strong></span> <span class='ocrx_word' id='word_1_57' title='bbox 1646 1076 1801 1130; x_wconf 89' lang='lat' dir='ltr'><strong>Emi-</strong></span> 
     </span>
    </p>
   </div>
   <div class='ocr_carea' id='block_1_11' title="bbox 1899 604 3538 678">
    <p class='ocr_par' dir='ltr' id='par_1_11' title="bbox 1899 604 3538 678">
     <span class='ocr_line' id='line_1_11' title="bbox 1899 604 3538 678; baseline 0.001 -17"><span class='ocrx_word' id='word_1_58' title='bbox 1899 606 2198 662; x_wconf 87' lang='lat' dir='ltr'><strong>lentissimi</strong></span> <span class='ocrx_word' id='word_1_59' title='bbox 2225 606 2377 677; x_wconf 88' lang='lat' dir='ltr'><strong>regis</strong></span> <span class='ocrx_word' id='word_1_60' title='bbox 2404 605 2674 660; x_wconf 86' lang='lat' dir='ltr'><strong>Odoacris</strong></span> <span class='ocrx_word' id='word_1_61' title='bbox 2706 605 2943 660; x_wconf 89' lang='lat' dir='ltr'><strong>Basilius</strong></span> <span class='ocrx_word' id='word_1_62' title='bbox 2974 604 3114 660; x_wconf 85' lang='lat' dir='ltr'><strong>dixit</strong></span> <span class='ocrx_word' id='word_1_63' title='bbox 3142 622 3155 660; x_wconf 90' lang='lat'><strong>:</strong></span> <span class='ocrx_word' id='word_1_64' title='bbox 3190 605 3538 678; x_wconf 84' lang='lat' dir='ltr'><strong>Quanquam</strong></span> 
     </span>
    </p>
   </div>
   <div class='ocr_carea' id='block_1_12' title="bbox 1901 697 3539 772">
    <p class='ocr_par' dir='ltr' id='par_1_12' title="bbox 1901 697 3539 772">
     <span class='ocr_line' id='line_1_12' title="bbox 1901 697 3539 772; baseline 0 -18"><span class='ocrx_word' id='word_1_65' title='bbox 1901 700 2070 755; x_wconf 90' lang='lat' dir='ltr'><strong>studii</strong></span> <span class='ocrx_word' id='word_1_66' title='bbox 2101 699 2281 756; x_wconf 81' lang='lat' dir='ltr'><strong>nostri</strong></span> <span class='ocrx_word' id='word_1_67' title='bbox 2314 705 2371 755; x_wconf 90' lang='lat' dir='ltr'><strong>et</strong></span> <span class='ocrx_word' id='word_1_68' title='bbox 2396 698 2696 772; x_wconf 86' lang='lat' dir='ltr'><strong>religionis</strong></span> <span class='ocrx_word' id='word_1_69' title='bbox 2725 697 2970 767; x_wconf 87' lang='lat' dir='ltr'><strong>intersit,</strong></span> <span class='ocrx_word' id='word_1_70' title='bbox 2998 701 3065 753; x_wconf 91' lang='lat' dir='ltr'><strong>ut</strong></span> <span class='ocrx_word' id='word_1_71' title='bbox 3085 698 3144 753; x_wconf 90' lang='lat' dir='ltr'><strong>in</strong></span> <span class='ocrx_word' id='word_1_72' title='bbox 3174 699 3539 771; x_wconf 86' lang='lat' dir='ltr'><strong>episcopatus</strong></span> 
     </span>
    </p>
   </div>
   <div class='ocr_carea' id='block_1_13' title="bbox 1904 793 3535 866">
    <p class='ocr_par' dir='ltr' id='par_1_13' title="bbox 1904 793 3535 866">
     <span class='ocr_line' id='line_1_13' title="bbox 1904 793 3535 866; baseline 0 -18"><span class='ocrx_word' id='word_1_73' title='bbox 1904 794 2181 849; x_wconf 87' lang='lat' dir='ltr'><strong>electione</strong></span> <span class='ocrx_word' id='word_1_74' title='bbox 2213 794 2512 848; x_wconf 88' lang='lat' dir='ltr'><strong>concordia</strong></span> <span class='ocrx_word' id='word_1_75' title='bbox 2547 793 2936 866; x_wconf 84' lang='lat' dir='ltr'><strong>principaliter</strong></span> <span class='ocrx_word' id='word_1_76' title='bbox 2965 795 3219 848; x_wconf 85' lang='lat' dir='ltr'><strong>servetur</strong></span> <span class='ocrx_word' id='word_1_77' title='bbox 3249 793 3535 860; x_wconf 86' lang='lat' dir='ltr'><strong>Ecclesia,</strong></span> 
     </span>
    </p>
   </div>
   <div class='ocr_carea' id='block_1_14' title="bbox 1905 886 3537 959">
    <p class='ocr_par' dir='ltr' id='par_1_14' title="bbox 1905 886 3537 959">
     <span class='ocr_line' id='line_1_14' title="bbox 1905 886 3537 959; baseline 0.001 -18"><span class='ocrx_word' id='word_1_78' title='bbox 1905 904 2009 942; x_wconf 91' lang='lat' dir='ltr'><strong>nec</strong></span> <span class='ocrx_word' id='word_1_79' title='bbox 2039 904 2144 959; x_wconf 91' lang='lat' dir='ltr'><strong>per</strong></span> <span class='ocrx_word' id='word_1_80' title='bbox 2163 888 2515 943; x_wconf 84' lang='lat' dir='ltr'><strong>occasionem</strong></span> <span class='ocrx_word' id='word_1_81' title='bbox 2541 887 2838 942; x_wconf 88' lang='lat' dir='ltr'><strong>seditionis</strong></span> <span class='ocrx_word' id='word_1_82' title='bbox 2864 890 3039 942; x_wconf 90' lang='lat' dir='ltr'><strong>status</strong></span> <span class='ocrx_word' id='word_1_83' title='bbox 3069 886 3350 941; x_wconf 85' lang='lat' dir='ltr'><strong>civilitatis</strong></span> <span class='ocrx_word' id='word_1_84' title='bbox 3375 904 3537 942; x_wconf 92' lang='lat' dir='ltr'><strong>voce-</strong></span> 
     </span>
    </p>
   </div>
   <div class='ocr_carea' id='block_1_15' title="bbox 1904 980 3537 1050">
    <p class='ocr_par' dir='ltr' id='par_1_15' title="bbox 1904 980 3537 1050">
     <span class='ocr_line' id='line_1_15' title="bbox 1904 980 3537 1050; baseline 0 -15"><span class='ocrx_word' id='word_1_85' title='bbox 1904 985 2000 1035; x_wconf 87' lang='lat' dir='ltr'><strong>tur</strong></span> <span class='ocrx_word' id='word_1_86' title='bbox 2040 983 2098 1036; x_wconf 91' lang='lat' dir='ltr'><strong>in</strong></span> <span class='ocrx_word' id='word_1_87' title='bbox 2145 981 2405 1050; x_wconf 87' lang='lat' dir='ltr'><strong>dubium,</strong></span> <span class='ocrx_word' id='word_1_88' title='bbox 2451 987 2642 1036; x_wconf 91' lang='lat' dir='ltr'><strong>tamen</strong></span> <span class='ocrx_word' id='word_1_89' title='bbox 2671 980 3068 1036; x_wconf 84' lang='lat' dir='ltr'><strong>admonitione</strong></span> <span class='ocrx_word' id='word_1_90' title='bbox 3097 981 3405 1036; x_wconf 82' lang='lat' dir='ltr'><strong>beatissimi</strong></span> <span class='ocrx_word' id='word_1_91' title='bbox 3433 981 3537 1035; x_wconf 91' lang='lat' dir='ltr'><strong>viri</strong></span> 
     </span>
    </p>
   </div>
   <div class='ocr_carea' id='block_1_16' title="bbox 1903 1075 3537 1147">
    <p class='ocr_par' dir='ltr' id='par_1_16' title="bbox 1903 1075 3537 1147">
     <span class='ocr_line' id='line_1_16' title="bbox 1903 1075 3537 1147; baseline 0.001 -18"><span class='ocrx_word' id='word_1_92' title='bbox 1903 1092 2068 1146; x_wconf 87' lang='lat' dir='ltr'><strong>papae</strong></span> <span class='ocrx_word' id='word_1_93' title='bbox 2117 1076 2295 1131; x_wconf 90' lang='lat' dir='ltr'><strong>nostri</strong></span> <span class='ocrx_word' id='word_1_94' title='bbox 2340 1075 2612 1147; x_wconf 88' lang='lat' dir='ltr'><strong>Simplicii</strong></span> <span class='ocrx_word' id='word_1_95' title='bbox 2658 1092 2828 1147; x_wconf 91' lang='lat' dir='ltr'><strong>quem</strong></span> <span class='ocrx_word' id='word_1_96' title='bbox 2877 1078 3009 1129; x_wconf 87' lang='lat' dir='ltr'><strong>ante</strong></span> <span class='ocrx_word' id='word_1_97' title='bbox 3055 1075 3248 1129; x_wconf 91' lang='lat' dir='ltr'><strong>oculos</strong></span> <span class='ocrx_word' id='word_1_98' title='bbox 3304 1091 3537 1147; x_wconf 86' lang='lat' dir='ltr'><strong>semper</strong></span> 
     </span>
    </p>
   </div>
   <div class='ocr_carea' id='block_1_17' title="bbox 163 1169 3540 1244">
    <p class='ocr_par' dir='ltr' id='par_1_17' title="bbox 163 1169 3540 1244">
     <span class='ocr_line' id='line_1_17' title="bbox 163 1169 3540 1244; baseline 0 -22"><span class='ocrx_word' id='word_1_99' title='bbox 163 1169 338 1238; x_wconf 87' lang='lat' dir='ltr'><strong>liano,</strong></span> <span class='ocrx_word' id='word_1_100' title='bbox 366 1169 638 1240; x_wconf 86' lang='lat' dir='ltr'><strong>Trigidio,</strong></span> <span class='ocrx_word' id='word_1_101' title='bbox 670 1169 854 1224; x_wconf 88' lang='lat' dir='ltr'><strong>Felice</strong></span> <span class='ocrx_word' id='word_1_102' title='bbox 876 1169 1165 1240; x_wconf 89' lang='lat' dir='ltr'><strong>Bassiano,</strong></span> <span class='ocrx_word' id='word_1_103' title='bbox 1195 1169 1520 1239; x_wconf 86' lang='lat' dir='ltr'><strong>Cresconio,</strong></span> <span class='ocrx_word' id='word_1_104' title='bbox 1551 1170 1800 1224; x_wconf 89' lang='lat' dir='ltr'><strong>Pacatia-</strong></span> <span class='ocrx_word' id='word_1_105' title='bbox 1874 1169 2112 1244; x_wconf 55' lang='lat' dir='ltr'><strong>~ghabere</strong></span> <span class='ocrx_word' id='word_1_106' title='bbox 2138 1170 2435 1237; x_wconf 90' lang='lat' dir='ltr'><strong>debemus,</strong></span> <span class='ocrx_word' id='word_1_107' title='bbox 2468 1170 2576 1224; x_wconf 88' lang='lat' dir='ltr'><strong>hoc</strong></span> <span class='ocrx_word' id='word_1_108' title='bbox 2603 1169 2770 1224; x_wconf 91' lang='lat' dir='ltr'><strong>nobis</strong></span> <span class='ocrx_word' id='word_1_109' title='bbox 2800 1169 3144 1224; x_wconf 88' lang='lat' dir='ltr'><strong>meministis</strong></span> <span class='ocrx_word' id='word_1_110' title='bbox 3164 1169 3266 1223; x_wconf 90' lang='lat' dir='ltr'><strong>sub</strong></span> <span class='ocrx_word' id='word_1_111' title='bbox 3297 1169 3540 1224; x_wconf 89' lang='lat' dir='ltr'><strong>obtesta-</strong></span> 
     </span>
    </p>
   </div>
   <div class='ocr_carea' id='block_1_18' title="bbox 165 1263 1805 1332">
    <p class='ocr_par' dir='ltr' id='par_1_18' title="bbox 165 1263 1805 1332">
     <span class='ocr_line' id='line_1_18' title="bbox 165 1263 1805 1332; baseline 0 -15"><span class='ocrx_word' id='word_1_112' title='bbox 165 1280 259 1329; x_wconf 89' lang='lat' dir='ltr'><strong>no,</strong></span> <span class='ocrx_word' id='word_1_113' title='bbox 316 1263 596 1332; x_wconf 84' lang='lat' dir='ltr'><strong>Benigno,</strong></span> <span class='ocrx_word' id='word_1_114' title='bbox 637 1263 926 1330; x_wconf 84' lang='lat' dir='ltr'><strong>Rusentio,</strong></span> <span class='ocrx_word' id='word_1_115' title='bbox 968 1264 1319 1332; x_wconf 90' lang='lat' dir='ltr'><strong>Innocentio,</strong></span> <span class='ocrx_word' id='word_1_116' title='bbox 1361 1265 1605 1332; x_wconf 87' lang='lat' dir='ltr'><strong>Joanne,</strong></span> <span class='ocrx_word' id='word_1_117' title='bbox 1640 1263 1805 1318; x_wconf 88' lang='lat' dir='ltr'><strong>Maxi-</strong></span> 
     </span>
    </p>
   </div>
   <div class='ocr_carea' id='block_1_19' title="bbox 167 1356 1802 1428">
    <p class='ocr_par' dir='ltr' id='par_1_19' title="bbox 167 1356 1802 1428">
     <span class='ocr_line' id='line_1_19' title="bbox 167 1356 1802 1428; baseline 0.001 -18"><span class='ocrx_word' id='word_1_118' title='bbox 167 1373 282 1426; x_wconf 91' lang='lat' dir='ltr'><strong>mo,</strong></span> <span class='ocrx_word' id='word_1_119' title='bbox 317 1357 633 1428; x_wconf 86' lang='lat' dir='ltr'><strong>Stephano,</strong></span> <span class='ocrx_word' id='word_1_120' title='bbox 665 1359 905 1426; x_wconf 86' lang='lat' dir='ltr'><strong>Joanne,</strong></span> <span class='ocrx_word' id='word_1_121' title='bbox 934 1357 1170 1425; x_wconf 88' lang='lat' dir='ltr'><strong>Sereno,</strong></span> <span class='ocrx_word' id='word_1_122' title='bbox 1203 1358 1439 1427; x_wconf 89' lang='lat' dir='ltr'><strong>Eulalio,</strong></span> <span class='ocrx_word' id='word_1_123' title='bbox 1486 1356 1802 1423; x_wconf 92' lang='lat' dir='ltr'><strong>Proculeio,</strong></span> 
     </span>
    </p>
   </div>
   <div class='ocr_carea' id='block_1_20' title="bbox 172 1452 1808 1523">
    <p class='ocr_par' dir='ltr' id='par_1_20' title="bbox 172 1452 1808 1523">
     <span class='ocr_line' id='line_1_20' title="bbox 172 1452 1808 1523; baseline 0.001 -17"><span class='ocrx_word' id='word_1_124' title='bbox 172 1453 508 1521; x_wconf 88' lang='lat' dir='ltr'><strong>Fortunato,</strong></span> <span class='ocrx_word' id='word_1_125' title='bbox 554 1452 872 1520; x_wconf 88' lang='lat' dir='ltr'><strong>Laurentio,</strong></span> <span class='ocrx_word' id='word_1_126' title='bbox 915 1453 1236 1520; x_wconf 88' lang='lat' dir='ltr'><strong>Eustachio,</strong></span> <span class='ocrx_word' id='word_1_127' title='bbox 1287 1453 1579 1523; x_wconf 84' lang='lat' dir='ltr'><strong>Martiano,</strong></span> <span class='ocrx_word' id='word_1_128' title='bbox 1607 1454 1808 1508; x_wconf 91' lang='lat' dir='ltr'><strong>Jocun-</strong></span> 
     </span>
    </p>
   </div>
   <div class='ocr_carea' id='block_1_21' title="bbox 171 1542 1803 1618">
    <p class='ocr_par' dir='ltr' id='par_1_21' title="bbox 171 1542 1803 1618">
     <span class='ocr_line' id='line_1_21' title="bbox 171 1542 1803 1618; baseline 0.001 -18"><span class='ocrx_word' id='word_1_129' title='bbox 171 1546 265 1613; x_wconf 90' lang='lat' dir='ltr'><strong>do,</strong></span> <span class='ocrx_word' id='word_1_130' title='bbox 309 1546 594 1613; x_wconf 89' lang='lat' dir='ltr'><strong>Candido,</strong></span> <span class='ocrx_word' id='word_1_131' title='bbox 643 1542 971 1613; x_wconf 81' lang='lat' dir='ltr'><strong>Fortunato,</strong></span> <span class='ocrx_word' id='word_1_132' title='bbox 1016 1546 1220 1616; x_wconf 87' lang='lat' dir='ltr'><strong>Felice,</strong></span> <span class='ocrx_word' id='word_1_133' title='bbox 1254 1546 1493 1615; x_wconf 90' lang='lat' dir='ltr'><strong>Euticio,</strong></span> <span class='ocrx_word' id='word_1_134' title='bbox 1527 1546 1803 1618; x_wconf 88' lang='lat' dir='ltr'><strong>Helpidio,</strong></span> 
     </span>
    </p>
   </div>
   <div class='ocr_carea' id='block_1_22' title="bbox 168 1640 1804 1712">
    <p class='ocr_par' dir='ltr' id='par_1_22' title="bbox 168 1640 1804 1712">
     <span class='ocr_line' id='line_1_22' title="bbox 168 1640 1804 1712; baseline 0.001 -19"><span class='ocrx_word' id='word_1_135' title='bbox 168 1641 382 1712; x_wconf 86' lang='lat' dir='ltr'><strong>Aprile,</strong></span> <span class='ocrx_word' id='word_1_136' title='bbox 434 1640 784 1708; x_wconf 88' lang='lat' dir='ltr'><strong>Innocentio,</strong></span> <span class='ocrx_word' id='word_1_137' title='bbox 842 1640 1138 1707; x_wconf 86' lang='lat' dir='ltr'><strong>Mercurio,</strong></span> <span class='ocrx_word' id='word_1_138' title='bbox 1187 1640 1417 1707; x_wconf 84' lang='lat' dir='ltr'><strong>Hilario,</strong></span> <span class='ocrx_word' id='word_1_139' title='bbox 1476 1641 1804 1708; x_wconf 87' lang='lat' dir='ltr'><strong>Fortunato,</strong></span> 
     </span>
    </p>
   </div>
   <div class='ocr_carea' id='block_1_23' title="bbox 169 1733 1802 1804">
    <p class='ocr_par' dir='ltr' id='par_1_23' title="bbox 169 1733 1802 1804">
     <span class='ocr_line' id='line_1_23' title="bbox 169 1733 1802 1804; baseline -0.001 -16"><span class='ocrx_word' id='word_1_140' title='bbox 169 1733 508 1799; x_wconf 86' lang='lat' dir='ltr'><strong>Concordio,</strong></span> <span class='ocrx_word' id='word_1_141' title='bbox 542 1733 747 1801; x_wconf 84' lang='lat' dir='ltr'><strong>Asello,</strong></span> <span class='ocrx_word' id='word_1_142' title='bbox 782 1734 1132 1802; x_wconf 90' lang='lat' dir='ltr'><strong>Innocentio,</strong></span> <span class='ocrx_word' id='word_1_143' title='bbox 1166 1734 1476 1804; x_wconf 82' lang='lat' dir='ltr'><strong>Stephano,</strong></span> <span class='ocrx_word' id='word_1_144' title='bbox 1511 1733 1802 1799; x_wconf 88' lang='lat' dir='ltr'><strong>Gerontio,</strong></span> 
     </span>
    </p>
   </div>
   <div class='ocr_carea' id='block_1_24' title="bbox 169 1827 1803 1897">
    <p class='ocr_par' dir='ltr' id='par_1_24' title="bbox 169 1827 1803 1897">
     <span class='ocr_line' id='line_1_24' title="bbox 169 1827 1803 1897; baseline -0.001 -16"><span class='ocrx_word' id='word_1_145' title='bbox 169 1827 492 1896; x_wconf 86' lang='lat' dir='ltr'><strong>Paschasio,</strong></span> <span class='ocrx_word' id='word_1_146' title='bbox 523 1827 722 1897; x_wconf 87' lang='lat' dir='ltr'><strong>Vitale,</strong></span> <span class='ocrx_word' id='word_1_147' title='bbox 749 1827 1019 1894; x_wconf 86' lang='lat' dir='ltr'><strong>Memore,</strong></span> <span class='ocrx_word' id='word_1_148' title='bbox 1050 1827 1333 1895; x_wconf 89' lang='lat' dir='ltr'><strong>Severino,</strong></span> <span class='ocrx_word' id='word_1_149' title='bbox 1365 1827 1594 1895; x_wconf 80' lang='lat' dir='ltr'><strong>Hilario,</strong></span> <span class='ocrx_word' id='word_1_150' title='bbox 1618 1829 1803 1882; x_wconf 91' lang='lat' dir='ltr'><strong>Vene-</strong></span> 
     </span>
    </p>
   </div>
   <div class='ocr_carea' id='block_1_25' title="bbox 1901 1262 3539 1334">
    <p class='ocr_par' dir='ltr' id='par_1_25' title="bbox 1901 1262 3539 1334">
     <span class='ocr_line' id='line_1_25' title="bbox 1901 1262 3539 1334; baseline 0 -16"><span class='ocrx_word' id='word_1_151' title='bbox 1901 1263 2058 1318; x_wconf 89' lang='lat' dir='ltr'><strong>tione</strong></span> <span class='ocrx_word' id='word_1_152' title='bbox 2075 1264 2248 1318; x_wconf 87' lang='lat' dir='ltr'><strong>fuisse</strong></span> <span class='ocrx_word' id='word_1_153' title='bbox 2267 1264 2627 1332; x_wconf 89' lang='lat' dir='ltr'><strong>mandatum,</strong></span> <span class='ocrx_word' id='word_1_154' title='bbox 2650 1268 2715 1317; x_wconf 92' lang='lat' dir='ltr'><strong>ut</strong></span> <span class='ocrx_word' id='word_1_155' title='bbox 2737 1269 2940 1334; x_wconf 83' lang='lat' dir='ltr'><strong>praeter</strong></span> <span class='ocrx_word' id='word_1_156' title='bbox 2958 1264 3139 1318; x_wconf 92' lang='lat' dir='ltr'><strong>ullum</strong></span> <span class='ocrx_word' id='word_1_157' title='bbox 3158 1262 3459 1334; x_wconf 87' lang='lat' dir='ltr'><strong>strepitum</strong></span> <span class='ocrx_word' id='word_1_158' title='bbox 3481 1266 3539 1318; x_wconf 89' lang='lat' dir='ltr'><strong>et</strong></span> 
     </span>
    </p>
   </div>
   <div class='ocr_carea' id='block_1_26' title="bbox 1905 1357 3538 1423">
    <p class='ocr_par' dir='ltr' id='par_1_26' title="bbox 1905 1357 3538 1423">
     <span class='ocr_line' id='line_1_26' title="bbox 1905 1357 3538 1423; baseline 0 -12"><span class='ocrx_word' id='word_1_159' title='bbox 1905 1357 2248 1412; x_wconf 82' lang='lat' dir='ltr'><strong>venerabilis</strong></span> <span class='ocrx_word' id='word_1_160' title='bbox 2295 1357 2554 1414; x_wconf 78' lang='lat' dir='ltr'><strong>Ecclesia</strong></span> <span class='ocrx_word' id='word_1_161' title='bbox 2599 1357 3031 1423; x_wconf 89' lang='lat' dir='ltr'><strong>detrimentum,</strong></span> <span class='ocrx_word' id='word_1_162' title='bbox 3080 1357 3124 1410; x_wconf 86' lang='lat' dir='ltr'><strong>si</strong></span> <span class='ocrx_word' id='word_1_163' title='bbox 3170 1373 3300 1410; x_wconf 90' lang='lat' dir='ltr'><strong>eum</strong></span> <span class='ocrx_word' id='word_1_164' title='bbox 3333 1357 3403 1410; x_wconf 90' lang='lat' dir='ltr'><strong>de</strong></span> <span class='ocrx_word' id='word_1_165' title='bbox 3434 1357 3538 1411; x_wconf 88' lang='lat' dir='ltr'><strong>hac</strong></span> 
     </span>
    </p>
   </div>
   <div class='ocr_carea' id='block_1_27' title="bbox 1905 1455 3534 1526">
    <p class='ocr_par' dir='ltr' id='par_1_27' title="bbox 1905 1455 3534 1526">
     <span class='ocr_line' id='line_1_27' title="bbox 1905 1455 3534 1526; baseline -0.001 -17"><span class='ocrx_word' id='word_1_166' title='bbox 1905 1455 2032 1509; x_wconf 91' lang='lat' dir='ltr'><strong>luce</strong></span> <span class='ocrx_word' id='word_1_167' title='bbox 2075 1455 2322 1510; x_wconf 89' lang='lat' dir='ltr'><strong>transire</strong></span> <span class='ocrx_word' id='word_1_168' title='bbox 2367 1455 2692 1526; x_wconf 84' lang='lat' dir='ltr'><strong>contigerit,</strong></span> <span class='ocrx_word' id='word_1_169' title='bbox 2732 1472 2846 1510; x_wconf 92' lang='lat' dir='ltr'><strong>non</strong></span> <span class='ocrx_word' id='word_1_170' title='bbox 2879 1456 2999 1509; x_wconf 88' lang='lat' dir='ltr'><strong>sine</strong></span> <span class='ocrx_word' id='word_1_171' title='bbox 3031 1460 3227 1509; x_wconf 90' lang='lat' dir='ltr'><strong>nostra</strong></span> <span class='ocrx_word' id='word_1_172' title='bbox 3255 1455 3534 1509; x_wconf 88' lang='lat' dir='ltr'><strong>consulta-</strong></span> 
     </span>
    </p>
   </div>
   <div class='ocr_carea' id='block_1_28' title="bbox 1905 1549 3539 1620">
    <p class='ocr_par' dir='ltr' id='par_1_28' title="bbox 1905 1549 3539 1620">
     <span class='ocr_line' id='line_1_28' title="bbox 1905 1549 3539 1620; baseline -0.001 -17"><span class='ocrx_word' id='word_1_173' title='bbox 1905 1550 2060 1604; x_wconf 90' lang='lat' dir='ltr'><strong>tione</strong></span> <span class='ocrx_word' id='word_1_174' title='bbox 2110 1549 2413 1620; x_wconf 88' lang='lat' dir='ltr'><strong>cujuslibet</strong></span> <span class='ocrx_word' id='word_1_175' title='bbox 2450 1549 2764 1604; x_wconf 88' lang='lat' dir='ltr'><strong>celebretur</strong></span> <span class='ocrx_word' id='word_1_176' title='bbox 2791 1549 3012 1604; x_wconf 88' lang='lat' dir='ltr'><strong>electio.</strong></span> <span class='ocrx_word' id='word_1_177' title='bbox 3050 1551 3268 1603; x_wconf 87' lang='lat' dir='ltr'><strong>Etcum</strong></span> <span class='ocrx_word' id='word_1_178' title='bbox 3302 1549 3539 1618; x_wconf 85' lang='lat' dir='ltr'><strong>legeret,</strong></span> 
     </span>
    </p>
   </div>
   <div class='ocr_carea' id='block_1_29' title="bbox 1907 1641 3541 1715">
    <p class='ocr_par' dir='ltr' id='par_1_29' title="bbox 1907 1641 3541 1715">
     <span class='ocr_line' id='line_1_29' title="bbox 1907 1641 3541 1715; baseline -0.001 -16"><span class='ocrx_word' id='word_1_179' title='bbox 1907 1643 2240 1699; x_wconf 89' lang='lat' dir='ltr'><strong>Cresconius</strong></span> <span class='ocrx_word' id='word_1_180' title='bbox 2288 1644 2583 1715; x_wconf 90' lang='lat' dir='ltr'><strong>episcopus</strong></span> <span class='ocrx_word' id='word_1_181' title='bbox 2628 1643 2872 1698; x_wconf 85' lang='lat' dir='ltr'><strong>civitatis</strong></span> <span class='ocrx_word' id='word_1_182' title='bbox 2908 1642 3235 1697; x_wconf 87' lang='lat' dir='ltr'><strong>Tudertina</strong></span> <span class='ocrx_word' id='word_1_183' title='bbox 3281 1641 3541 1697; x_wconf 81' lang='lat' dir='ltr'><strong>Ecclesia</strong></span> 
     </span>
    </p>
   </div>
   <div class='ocr_carea' id='block_1_30' title="bbox 1906 1736 3544 1808">
    <p class='ocr_par' dir='ltr' id='par_1_30' title="bbox 1906 1736 3544 1808">
     <span class='ocr_line' id='line_1_30' title="bbox 1906 1736 3544 1808; baseline -0.001 -17"><span class='ocrx_word' id='word_1_184' title='bbox 1906 1753 2146 1808; x_wconf 90' lang='lat' dir='ltr'><strong>surgens</strong></span> <span class='ocrx_word' id='word_1_185' title='bbox 2201 1754 2232 1792; x_wconf 89' lang='lat' dir='ltr'><strong>e</strong></span> <span class='ocrx_word' id='word_1_186' title='bbox 2284 1754 2554 1793; x_wconf 84' lang='lat' dir='ltr'><strong>consessu</strong></span> <span class='ocrx_word' id='word_1_187' title='bbox 2602 1737 2741 1792; x_wconf 87' lang='lat' dir='ltr'><strong>dixit</strong></span> <span class='ocrx_word' id='word_1_188' title='bbox 2792 1754 2804 1792; x_wconf 91' lang='lat'><strong>:</strong></span> <span class='ocrx_word' id='word_1_189' title='bbox 2852 1736 2949 1790; x_wconf 86' lang='lat' dir='ltr'><strong>Ilic</strong></span> <span class='ocrx_word' id='word_1_190' title='bbox 2991 1737 3308 1808; x_wconf 84' lang='lat' dir='ltr'><strong>perpendat</strong></span> <span class='ocrx_word' id='word_1_191' title='bbox 3352 1741 3544 1790; x_wconf 87' lang='lat' dir='ltr'><strong>sancta</strong></span> 
     </span>
    </p>
   </div>
   <div class='ocr_carea' id='block_1_31' title="bbox 1907 1813 3598 1916">
    <p class='ocr_par' dir='ltr' id='par_1_31' title="bbox 1907 1813 3598 1916">
     <span class='ocr_line' id='line_1_31' title="bbox 1907 1813 3598 1916; baseline -0.001 -31"><span class='ocrx_word' id='word_1_192' title='bbox 1907 1832 2177 1903; x_wconf 82' lang='lat' dir='ltr'><strong>synodus,</strong></span> <span class='ocrx_word' id='word_1_193' title='bbox 2209 1837 2273 1886; x_wconf 89' lang='lat' dir='ltr'><strong>ut</strong></span> <span class='ocrx_word' id='word_1_194' title='bbox 2303 1831 2701 1904; x_wconf 87' lang='lat' dir='ltr'><strong>pratermissis</strong></span> <span class='ocrx_word' id='word_1_195' title='bbox 2727 1831 3011 1901; x_wconf 89' lang='lat' dir='ltr'><strong>religiosis</strong></span> <span class='ocrx_word' id='word_1_196' title='bbox 3031 1829 3307 1901; x_wconf 89' lang='lat' dir='ltr'><strong>personis,</strong></span> <span class='ocrx_word' id='word_1_197' title='bbox 3337 1829 3543 1900; x_wconf 86' lang='lat' dir='ltr'><strong>quibus</strong></span> <span class='ocrx_word' id='word_1_198' title='bbox 3575 1813 3598 1916; x_wconf 53' lang='grc' dir='ltr'>δ</span> 
     </span>
    </p>
   </div>
   <div class='ocr_carea' id='block_1_32' title="bbox 168 1907 3541 1995">
    <p class='ocr_par' dir='ltr' id='par_1_32' title="bbox 168 1907 3541 1995">
     <span class='ocr_line' id='line_1_32' title="bbox 168 1907 3541 1995; baseline 0.001 -21"><span class='ocrx_word' id='word_1_199' title='bbox 168 1921 341 1987; x_wconf 89' lang='lat' dir='ltr'><strong>rioso,</strong></span> <span class='ocrx_word' id='word_1_200' title='bbox 393 1921 744 1990; x_wconf 86' lang='lat' dir='ltr'><strong>Innocentio,</strong></span> <span class='ocrx_word' id='word_1_201' title='bbox 796 1923 980 1988; x_wconf 88' lang='lat' dir='ltr'><strong>Casto,</strong></span> <span class='ocrx_word' id='word_1_202' title='bbox 1027 1921 1317 1988; x_wconf 89' lang='lat' dir='ltr'><strong>Colonico,</strong></span> <span class='ocrx_word' id='word_1_203' title='bbox 1359 1921 1594 1987; x_wconf 90' lang='lat' dir='ltr'><strong>Silvino,</strong></span> <span class='ocrx_word' id='word_1_204' title='bbox 1636 1920 1802 1976; x_wconf 84' lang='lat' dir='ltr'><strong>Maxi-</strong></span> <span class='ocrx_word' id='word_1_205' title='bbox 1827 1907 1883 1978; x_wconf 91' lang='grc' dir='ltr'><strong>Β</strong></span> <span class='ocrx_word' id='word_1_206' title='bbox 1910 1925 2161 1980; x_wconf 83' lang='lat' dir='ltr'><strong>maxime</strong></span> <span class='ocrx_word' id='word_1_207' title='bbox 2191 1942 2325 1980; x_wconf 90' lang='lat' dir='ltr'><strong>cura</strong></span> <span class='ocrx_word' id='word_1_208' title='bbox 2353 1931 2456 1995; x_wconf 91' lang='lat' dir='ltr'><strong>est,</strong></span> <span class='ocrx_word' id='word_1_209' title='bbox 2491 1925 2559 1979; x_wconf 91' lang='lat' dir='ltr'><strong>de</strong></span> <span class='ocrx_word' id='word_1_210' title='bbox 2591 1927 2752 1978; x_wconf 90' lang='lat' dir='ltr'><strong>tanto</strong></span> <span class='ocrx_word' id='word_1_211' title='bbox 2794 1924 3066 1995; x_wconf 82' lang='lat' dir='ltr'><strong>pontifice</strong></span> <span class='ocrx_word' id='word_1_212' title='bbox 3096 1924 3154 1978; x_wconf 92' lang='lat' dir='ltr'><strong>in</strong></span> <span class='ocrx_word' id='word_1_213' title='bbox 3195 1940 3359 1978; x_wconf 89' lang='lat' dir='ltr'><strong>suam</strong></span> <span class='ocrx_word' id='word_1_214' title='bbox 3388 1922 3541 1978; x_wconf 91' lang='lat' dir='ltr'><strong>redi-</strong></span> 
     </span>
    </p>
   </div>
   <div class='ocr_carea' id='block_1_33' title="bbox 167 2015 1794 2087">
    <p class='ocr_par' dir='ltr' id='par_1_33' title="bbox 167 2015 1794 2087">
     <span class='ocr_line' id='line_1_33' title="bbox 167 2015 1794 2087; baseline 0 -19"><span class='ocrx_word' id='word_1_215' title='bbox 167 2015 422 2081; x_wconf 87' lang='lat' dir='ltr'><strong>miliano,</strong></span> <span class='ocrx_word' id='word_1_216' title='bbox 471 2017 763 2084; x_wconf 82' lang='lat' dir='ltr'><strong>Arestone,</strong></span> <span class='ocrx_word' id='word_1_217' title='bbox 823 2015 1070 2082; x_wconf 88' lang='lat' dir='ltr'><strong>Severio,</strong></span> <span class='ocrx_word' id='word_1_218' title='bbox 1136 2015 1481 2087; x_wconf 88' lang='lat' dir='ltr'><strong>Propinquo,</strong></span> <span class='ocrx_word' id='word_1_219' title='bbox 1539 2015 1794 2082; x_wconf 91' lang='lat' dir='ltr'><strong>Martino,</strong></span> 
     </span>
    </p>
   </div>
   <div class='ocr_carea' id='block_1_34' title="bbox 167 2107 1804 2178">
    <p class='ocr_par' dir='ltr' id='par_1_34' title="bbox 167 2107 1804 2178">
     <span class='ocr_line' id='line_1_34' title="bbox 167 2107 1804 2178; baseline 0 -16"><span class='ocrx_word' id='word_1_220' title='bbox 167 2108 492 2175; x_wconf 78' lang='lat' dir='ltr'><strong>Valentino,</strong></span> <span class='ocrx_word' id='word_1_221' title='bbox 525 2107 878 2175; x_wconf 88' lang='lat' dir='ltr'><strong>Sebastiano,</strong></span> <span class='ocrx_word' id='word_1_222' title='bbox 908 2110 1184 2178; x_wconf 83' lang='lat' dir='ltr'><strong>Romano,</strong></span> <span class='ocrx_word' id='word_1_223' title='bbox 1216 2109 1533 2176; x_wconf 90' lang='lat' dir='ltr'><strong>Vindemio,</strong></span> <span class='ocrx_word' id='word_1_224' title='bbox 1562 2108 1804 2163; x_wconf 92' lang='lat' dir='ltr'><strong>Dulcitio</strong></span> 
     </span>
    </p>
   </div>
   <div class='ocr_carea' id='block_1_35' title="bbox 169 2202 1800 2273">
    <p class='ocr_par' dir='ltr' id='par_1_35' title="bbox 169 2202 1800 2273">
     <span class='ocr_line' id='line_1_35' title="bbox 169 2202 1800 2273; baseline 0.002 -19"><span class='ocrx_word' id='word_1_225' title='bbox 169 2203 415 2271; x_wconf 82' lang='lat' dir='ltr'><strong>Victore,</strong></span> <span class='ocrx_word' id='word_1_226' title='bbox 466 2203 624 2270; x_wconf 85' lang='lat' dir='ltr'><strong>Urso,</strong></span> <span class='ocrx_word' id='word_1_227' title='bbox 656 2202 952 2270; x_wconf 91' lang='lat' dir='ltr'><strong>Mercurio,</strong></span> <span class='ocrx_word' id='word_1_228' title='bbox 983 2204 1190 2273; x_wconf 89' lang='lat' dir='ltr'><strong>Asello,</strong></span> <span class='ocrx_word' id='word_1_229' title='bbox 1224 2202 1516 2272; x_wconf 88' lang='lat' dir='ltr'><strong>Servodei,</strong></span> <span class='ocrx_word' id='word_1_230' title='bbox 1543 2202 1800 2258; x_wconf 81' lang='lat' dir='ltr'><strong>Adeoda-</strong></span> 
     </span>
    </p>
   </div>
   <div class='ocr_carea' id='block_1_36' title="bbox 170 2296 1801 2367">
    <p class='ocr_par' dir='ltr' id='par_1_36' title="bbox 170 2296 1801 2367">
     <span class='ocr_line' id='line_1_36' title="bbox 170 2296 1801 2367; baseline 0 -17"><span class='ocrx_word' id='word_1_231' title='bbox 170 2301 244 2364; x_wconf 90' lang='lat' dir='ltr'><strong>to,</strong></span> <span class='ocrx_word' id='word_1_232' title='bbox 297 2296 537 2366; x_wconf 82' lang='lat' dir='ltr'><strong>Asterio,</strong></span> <span class='ocrx_word' id='word_1_233' title='bbox 583 2297 937 2366; x_wconf 87' lang='lat' dir='ltr'><strong>Martiniano,</strong></span> <span class='ocrx_word' id='word_1_234' title='bbox 984 2296 1188 2364; x_wconf 87' lang='lat' dir='ltr'><strong>Felice,</strong></span> <span class='ocrx_word' id='word_1_235' title='bbox 1231 2296 1495 2366; x_wconf 91' lang='lat' dir='ltr'><strong>Eusebio,</strong></span> <span class='ocrx_word' id='word_1_236' title='bbox 1528 2299 1801 2367; x_wconf 82' lang='lat' dir='ltr'><strong>Augusto,</strong></span> 
     </span>
    </p>
   </div>
   <div class='ocr_carea' id='block_1_37' title="bbox 167 2388 1800 2461">
    <p class='ocr_par' dir='ltr' id='par_1_37' title="bbox 167 2388 1800 2461">
     <span class='ocr_line' id='line_1_37' title="bbox 167 2388 1800 2461; baseline 0 -17"><span class='ocrx_word' id='word_1_237' title='bbox 167 2390 519 2461; x_wconf 89' lang='lat' dir='ltr'><strong>Projecticio,</strong></span> <span class='ocrx_word' id='word_1_238' title='bbox 559 2388 890 2461; x_wconf 90' lang='lat' dir='ltr'><strong>Crisogono,</strong></span> <span class='ocrx_word' id='word_1_239' title='bbox 925 2391 1224 2461; x_wconf 89' lang='lat' dir='ltr'><strong>Venantio,</strong></span> <span class='ocrx_word' id='word_1_240' title='bbox 1258 2391 1510 2459; x_wconf 83' lang='lat' dir='ltr'><strong>Rustico,</strong></span> <span class='ocrx_word' id='word_1_241' title='bbox 1541 2390 1800 2458; x_wconf 89' lang='lat' dir='ltr'><strong>Salustio,</strong></span> 
     </span>
    </p>
   </div>
   <div class='ocr_carea' id='block_1_38' title="bbox 172 2483 1806 2556">
    <p class='ocr_par' dir='ltr' id='par_1_38' title="bbox 172 2483 1806 2556">
     <span class='ocr_line' id='line_1_38' title="bbox 172 2483 1806 2556; baseline 0 -18"><span class='ocrx_word' id='word_1_242' title='bbox 172 2484 374 2552; x_wconf 88' lang='lat' dir='ltr'><strong>Probo,</strong></span> <span class='ocrx_word' id='word_1_243' title='bbox 405 2483 689 2554; x_wconf 85' lang='lat' dir='ltr'><strong>Amando,</strong></span> <span class='ocrx_word' id='word_1_244' title='bbox 722 2483 921 2538; x_wconf 88' lang='lat' dir='ltr'><strong>Basilio</strong></span> <span class='ocrx_word' id='word_1_245' title='bbox 944 2487 1000 2538; x_wconf 90' lang='lat' dir='ltr'><strong>et</strong></span> <span class='ocrx_word' id='word_1_246' title='bbox 1020 2484 1299 2539; x_wconf 88' lang='lat' dir='ltr'><strong>Florentio</strong></span> <span class='ocrx_word' id='word_1_247' title='bbox 1325 2484 1634 2556; x_wconf 87' lang='lat' dir='ltr'><strong>episcopis;</strong></span> <span class='ocrx_word' id='word_1_248' title='bbox 1671 2483 1806 2538; x_wconf 91' lang='lat' dir='ltr'><strong>resi-</strong></span> 
     </span>
    </p>
   </div>
   <div class='ocr_carea' id='block_1_39' title="bbox 172 2578 1802 2650">
    <p class='ocr_par' dir='ltr' id='par_1_39' title="bbox 172 2578 1802 2650">
     <span class='ocr_line' id='line_1_39' title="bbox 172 2578 1802 2650; baseline 0.001 -19"><span class='ocrx_word' id='word_1_249' title='bbox 172 2578 438 2632; x_wconf 87' lang='lat' dir='ltr'><strong>dentibus</strong></span> <span class='ocrx_word' id='word_1_250' title='bbox 466 2579 662 2632; x_wconf 88' lang='lat' dir='ltr'><strong>etiam.</strong></span> <span class='ocrx_word' id='word_1_251' title='bbox 690 2578 964 2650; x_wconf 89' lang='lat' dir='ltr'><strong>Projecto,</strong></span> <span class='ocrx_word' id='word_1_252' title='bbox 995 2579 1250 2646; x_wconf 90' lang='lat' dir='ltr'><strong>Martino,</strong></span> <span class='ocrx_word' id='word_1_253' title='bbox 1293 2578 1670 2650; x_wconf 90' lang='lat' dir='ltr'><strong>Ephiphanio,</strong></span> <span class='ocrx_word' id='word_1_254' title='bbox 1704 2579 1802 2633; x_wconf 93' lang='lat' dir='ltr'><strong>Se-</strong></span> 
     </span>
    </p>
   </div>
   <div class='ocr_carea' id='block_1_40' title="bbox 171 2671 1804 2743">
    <p class='ocr_par' dir='ltr' id='par_1_40' title="bbox 171 2671 1804 2743">
     <span class='ocr_line' id='line_1_40' title="bbox 171 2671 1804 2743; baseline 0.001 -18"><span class='ocrx_word' id='word_1_255' title='bbox 171 2671 450 2738; x_wconf 88' lang='lat' dir='ltr'><strong>bastiano,</strong></span> <span class='ocrx_word' id='word_1_256' title='bbox 502 2671 792 2741; x_wconf 91' lang='lat' dir='ltr'><strong>Servodei,</strong></span> <span class='ocrx_word' id='word_1_257' title='bbox 835 2672 1158 2740; x_wconf 87' lang='lat' dir='ltr'><strong>Octaviano,</strong></span> <span class='ocrx_word' id='word_1_258' title='bbox 1204 2672 1545 2743; x_wconf 84' lang='lat' dir='ltr'><strong>Epiphanio,</strong></span> <span class='ocrx_word' id='word_1_259' title='bbox 1574 2676 1804 2728; x_wconf 87' lang='lat' dir='ltr'><strong>Anasta-</strong></span> 
     </span>
    </p>
   </div>
   <div class='ocr_carea' id='block_1_41' title="bbox 170 2764 1802 2836">
    <p class='ocr_par' dir='ltr' id='par_1_41' title="bbox 170 2764 1802 2836">
     <span class='ocr_line' id='line_1_41' title="bbox 170 2764 1802 2836; baseline 0.001 -18"><span class='ocrx_word' id='word_1_260' title='bbox 170 2765 269 2833; x_wconf 86' lang='lat' dir='ltr'><strong>sio,</strong></span> <span class='ocrx_word' id='word_1_261' title='bbox 317 2764 705 2832; x_wconf 88' lang='lat' dir='ltr'><strong>Abundantio,</strong></span> <span class='ocrx_word' id='word_1_262' title='bbox 747 2766 1054 2836; x_wconf 87' lang='lat' dir='ltr'><strong>Vicomalo,</strong></span> <span class='ocrx_word' id='word_1_263' title='bbox 1085 2765 1347 2833; x_wconf 89' lang='lat' dir='ltr'><strong>Paulino,</strong></span> <span class='ocrx_word' id='word_1_264' title='bbox 1380 2766 1624 2833; x_wconf 87' lang='lat' dir='ltr'><strong>Juliano,</strong></span> <span class='ocrx_word' id='word_1_265' title='bbox 1656 2767 1802 2821; x_wconf 89' lang='lat' dir='ltr'><strong>Mar-</strong></span> 
     </span>
    </p>
   </div>
   <div class='ocr_carea' id='block_1_42' title="bbox 170 2859 1800 2929">
    <p class='ocr_par' dir='ltr' id='par_1_42' title="bbox 170 2859 1800 2929">
     <span class='ocr_line' id='line_1_42' title="bbox 170 2859 1800 2929; baseline 0 -16"><span class='ocrx_word' id='word_1_266' title='bbox 170 2859 329 2926; x_wconf 89' lang='lat' dir='ltr'><strong>cello,</strong></span> <span class='ocrx_word' id='word_1_267' title='bbox 346 2859 664 2928; x_wconf 79' lang='lat' dir='ltr'><strong>Agathone,</strong></span> <span class='ocrx_word' id='word_1_268' title='bbox 688 2859 1013 2926; x_wconf 88' lang='lat' dir='ltr'><strong>Benedicto,</strong></span> <span class='ocrx_word' id='word_1_269' title='bbox 1035 2859 1456 2928; x_wconf 90' lang='lat' dir='ltr'><strong>Crescentiano,</strong></span> <span class='ocrx_word' id='word_1_270' title='bbox 1478 2859 1800 2929; x_wconf 89' lang='lat' dir='ltr'><strong>Paschasio,</strong></span> 
     </span>
    </p>
   </div>
   <div class='ocr_carea' id='block_1_43' title="bbox 169 2952 1802 3022">
    <p class='ocr_par' dir='ltr' id='par_1_43' title="bbox 169 2952 1802 3022">
     <span class='ocr_line' id='line_1_43' title="bbox 169 2952 1802 3022; baseline 0 -15"><span class='ocrx_word' id='word_1_271' title='bbox 169 2953 415 3017; x_wconf 86' lang='lat' dir='ltr'><strong>Juliano,</strong></span> <span class='ocrx_word' id='word_1_272' title='bbox 449 2952 680 3021; x_wconf 82' lang='lat' dir='ltr'><strong>Severo,</strong></span> <span class='ocrx_word' id='word_1_273' title='bbox 713 2953 972 3019; x_wconf 91' lang='lat' dir='ltr'><strong>Paulino,</strong></span> <span class='ocrx_word' id='word_1_274' title='bbox 1003 2953 1317 3022; x_wconf 87' lang='lat' dir='ltr'><strong>Adeodato,</strong></span> <span class='ocrx_word' id='word_1_275' title='bbox 1349 2955 1586 3021; x_wconf 84' lang='lat' dir='ltr'><strong>Joanne,</strong></span> <span class='ocrx_word' id='word_1_276' title='bbox 1616 2953 1802 3008; x_wconf 93' lang='lat' dir='ltr'><strong>Timo-</strong></span> 
     </span>
    </p>
   </div>
   <div class='ocr_carea' id='block_1_44' title="bbox 170 3046 1801 3118">
    <p class='ocr_par' dir='ltr' id='par_1_44' title="bbox 170 3046 1801 3118">
     <span class='ocr_line' id='line_1_44' title="bbox 170 3046 1801 3118; baseline 0 -17"><span class='ocrx_word' id='word_1_277' title='bbox 170 3047 325 3112; x_wconf 89' lang='lat' dir='ltr'><strong>theo,</strong></span> <span class='ocrx_word' id='word_1_278' title='bbox 349 3046 673 3114; x_wconf 83' lang='lat' dir='ltr'><strong>Laurentio,</strong></span> <span class='ocrx_word' id='word_1_279' title='bbox 701 3046 929 3116; x_wconf 90' lang='lat' dir='ltr'><strong>Hilario,</strong></span> <span class='ocrx_word' id='word_1_280' title='bbox 960 3049 1162 3114; x_wconf 88' lang='lat' dir='ltr'><strong>Marco,</strong></span> <span class='ocrx_word' id='word_1_281' title='bbox 1192 3047 1494 3118; x_wconf 88' lang='lat' dir='ltr'><strong>Stephano,</strong></span> <span class='ocrx_word' id='word_1_282' title='bbox 1517 3047 1801 3115; x_wconf 90' lang='lat' dir='ltr'><strong>Binantio,</strong></span> 
     </span>
    </p>
   </div>
   <div class='ocr_carea' id='block_1_45' title="bbox 173 3139 1806 3212">
    <p class='ocr_par' dir='ltr' id='par_1_45' title="bbox 173 3139 1806 3212">
     <span class='ocr_line' id='line_1_45' title="bbox 173 3139 1806 3212; baseline 0.001 -18"><span class='ocrx_word' id='word_1_283' title='bbox 173 3142 362 3209; x_wconf 87' lang='lat' dir='ltr'><strong>Petro,</strong></span> <span class='ocrx_word' id='word_1_284' title='bbox 396 3141 562 3194; x_wconf 87' lang='lat' dir='ltr'><strong>Petro</strong></span> <span class='ocrx_word' id='word_1_285' title='bbox 607 3139 938 3211; x_wconf 88' lang='lat' dir='ltr'><strong>Crisogono,</strong></span> <span class='ocrx_word' id='word_1_286' title='bbox 974 3141 1208 3195; x_wconf 89' lang='lat' dir='ltr'><strong>Littorio</strong></span> <span class='ocrx_word' id='word_1_287' title='bbox 1248 3145 1302 3196; x_wconf 90' lang='lat' dir='ltr'><strong>et</strong></span> <span class='ocrx_word' id='word_1_288' title='bbox 1341 3141 1675 3212; x_wconf 87' lang='lat' dir='ltr'><strong>Crisogono,</strong></span> <span class='ocrx_word' id='word_1_289' title='bbox 1722 3141 1806 3195; x_wconf 91' lang='lat' dir='ltr'><strong>Ti-</strong></span> 
     </span>
    </p>
   </div>
   <div class='ocr_carea' id='block_1_46' title="bbox 173 3233 1806 3306">
    <p class='ocr_par' dir='ltr' id='par_1_46' title="bbox 173 3233 1806 3306">
     <span class='ocr_line' id='line_1_46' title="bbox 173 3233 1806 3306; baseline 0.001 -18"><span class='ocrx_word' id='word_1_290' title='bbox 173 3235 326 3290; x_wconf 92' lang='lat' dir='ltr'><strong>mulo</strong></span> <span class='ocrx_word' id='word_1_291' title='bbox 361 3235 445 3288; x_wconf 90' lang='lat' dir='ltr'><strong>vel</strong></span> <span class='ocrx_word' id='word_1_292' title='bbox 476 3233 797 3300; x_wconf 81' lang='lat' dir='ltr'><strong>Maximino,</strong></span> <span class='ocrx_word' id='word_1_293' title='bbox 832 3236 1142 3289; x_wconf 81' lang='lat' dir='ltr'><strong>Fortunato</strong></span> <span class='ocrx_word' id='word_1_294' title='bbox 1171 3235 1538 3306; x_wconf 86' lang='lat' dir='ltr'><strong>presbyteris,</strong></span> <span class='ocrx_word' id='word_1_295' title='bbox 1576 3235 1806 3289; x_wconf 90' lang='lat' dir='ltr'><strong>astanti-</strong></span> 
     </span>
    </p>
   </div>
   <div class='ocr_carea' id='block_1_47' title="bbox 173 3327 1804 3399">
    <p class='ocr_par' dir='ltr' id='par_1_47' title="bbox 173 3327 1804 3399">
     <span class='ocr_line' id='line_1_47' title="bbox 173 3327 1804 3399; baseline 0.002 -18"><span class='ocrx_word' id='word_1_296' title='bbox 173 3328 277 3383; x_wconf 89' lang='lat' dir='ltr'><strong>bus</strong></span> <span class='ocrx_word' id='word_1_297' title='bbox 308 3345 535 3399; x_wconf 83' lang='lat' dir='ltr'><strong>quoque</strong></span> <span class='ocrx_word' id='word_1_298' title='bbox 567 3327 921 3396; x_wconf 90' lang='lat' dir='ltr'><strong>diaconibus,</strong></span> <span class='ocrx_word' id='word_1_299' title='bbox 951 3328 1265 3396; x_wconf 86' lang='lat' dir='ltr'><strong>Anastasio,</strong></span> <span class='ocrx_word' id='word_1_300' title='bbox 1293 3328 1606 3398; x_wconf 87' lang='lat' dir='ltr'><strong>Hormisda,</strong></span> <span class='ocrx_word' id='word_1_301' title='bbox 1633 3331 1804 3384; x_wconf 84' lang='lat' dir='ltr'><strong>Joan-</strong></span> 
     </span>
    </p>
   </div>
   <div class='ocr_carea' id='block_1_48' title="bbox 174 3420 1805 3494">
    <p class='ocr_par' dir='ltr' id='par_1_48' title="bbox 174 3420 1805 3494">
     <span class='ocr_line' id='line_1_48' title="bbox 174 3420 1805 3494; baseline 0.001 -20"><span class='ocrx_word' id='word_1_302' title='bbox 174 3438 242 3475; x_wconf 89' lang='lat' dir='ltr'><strong>ne</strong></span> <span class='ocrx_word' id='word_1_303' title='bbox 302 3425 359 3475; x_wconf 93' lang='lat' dir='ltr'><strong>et</strong></span> <span class='ocrx_word' id='word_1_304' title='bbox 413 3420 678 3492; x_wconf 80' lang='lat' dir='ltr'><strong>Agapito,</strong></span> <span class='ocrx_word' id='word_1_305' title='bbox 743 3421 1136 3492; x_wconf 85' lang='lat' dir='ltr'><strong>Symmachus,</strong></span> <span class='ocrx_word' id='word_1_306' title='bbox 1195 3421 1491 3494; x_wconf 89' lang='lat' dir='ltr'><strong>episcopus</strong></span> <span class='ocrx_word' id='word_1_307' title='bbox 1543 3422 1805 3478; x_wconf 80' lang='lat' dir='ltr'><strong>Ecclesiae</strong></span> 
     </span>
    </p>
   </div>
   <div class='ocr_carea' id='block_1_49' title="bbox 170 3514 767 3570">
    <p class='ocr_par' dir='ltr' id='par_1_49' title="bbox 170 3514 767 3570">
     <span class='ocr_line' id='line_1_49' title="bbox 170 3514 767 3570; baseline 0 -2"><span class='ocrx_word' id='word_1_308' title='bbox 170 3515 328 3570; x_wconf 89' lang='lat' dir='ltr'><strong>urbis</strong></span> <span class='ocrx_word' id='word_1_309' title='bbox 359 3516 558 3570; x_wconf 82' lang='lat' dir='ltr'><strong>Roma</strong></span> <span class='ocrx_word' id='word_1_310' title='bbox 583 3514 726 3569; x_wconf 87' lang='lat' dir='ltr'><strong>dixit</strong></span> <span class='ocrx_word' id='word_1_311' title='bbox 755 3531 767 3568; x_wconf 91' lang='lat'>:</span> 
     </span>
    </p>
   </div>
   <div class='ocr_carea' id='block_1_50' title="bbox 241 3609 1804 3681">
    <p class='ocr_par' dir='ltr' id='par_1_50' title="bbox 241 3609 1804 3681">
     <span class='ocr_line' id='line_1_50' title="bbox 241 3609 1804 3681; baseline 0 -17"><span class='ocrx_word' id='word_1_312' title='bbox 241 3609 390 3664; x_wconf 91' lang='lat' dir='ltr'><strong>Bene</strong></span> <span class='ocrx_word' id='word_1_313' title='bbox 417 3609 650 3681; x_wconf 88' lang='lat' dir='ltr'><strong>quidem</strong></span> <span class='ocrx_word' id='word_1_314' title='bbox 677 3609 1000 3664; x_wconf 84' lang='lat' dir='ltr'><strong>fraternitas</strong></span> <span class='ocrx_word' id='word_1_315' title='bbox 1029 3614 1210 3665; x_wconf 89' lang='lat' dir='ltr'><strong>vestra</strong></span> <span class='ocrx_word' id='word_1_316' title='bbox 1237 3610 1629 3666; x_wconf 88' lang='lat' dir='ltr'><strong>ecclesiasticis</strong></span> <span class='ocrx_word' id='word_1_317' title='bbox 1659 3611 1804 3681; x_wconf 89' lang='lat' dir='ltr'><strong>legi-</strong></span> 
     </span>
    </p>
   </div>
   <div class='ocr_carea' id='block_1_51' title="bbox 173 3703 1809 3777">
    <p class='ocr_par' dir='ltr' id='par_1_51' title="bbox 173 3703 1809 3777">
     <span class='ocr_line' id='line_1_51' title="bbox 173 3703 1809 3777; baseline 0.001 -19"><span class='ocrx_word' id='word_1_318' title='bbox 173 3703 278 3758; x_wconf 88' lang='lat' dir='ltr'><strong>bus</strong></span> <span class='ocrx_word' id='word_1_319' title='bbox 312 3704 602 3758; x_wconf 90' lang='lat' dir='ltr'><strong>obsecuta.</strong></span> <span class='ocrx_word' id='word_1_320' title='bbox 638 3703 749 3758; x_wconf 91' lang='lat' dir='ltr'><strong>Sub</strong></span> <span class='ocrx_word' id='word_1_321' title='bbox 789 3703 962 3758; x_wconf 91' lang='lat' dir='ltr'><strong>divini</strong></span> <span class='ocrx_word' id='word_1_322' title='bbox 989 3704 1193 3759; x_wconf 88' lang='lat' dir='ltr'><strong>timore</strong></span> <span class='ocrx_word' id='word_1_323' title='bbox 1218 3704 1438 3775; x_wconf 89' lang='lat' dir='ltr'><strong>judicii,</strong></span> <span class='ocrx_word' id='word_1_324' title='bbox 1482 3721 1612 3777; x_wconf 85' lang='lat' dir='ltr'><strong>qua</strong></span> <span class='ocrx_word' id='word_1_325' title='bbox 1641 3709 1809 3760; x_wconf 91' lang='lat' dir='ltr'><strong>erant</strong></span> 
     </span>
    </p>
   </div>
   <div class='ocr_carea' id='block_1_52' title="bbox 174 3796 1808 3870">
    <p class='ocr_par' dir='ltr' id='par_1_52' title="bbox 174 3796 1808 3870">
     <span class='ocr_line' id='line_1_52' title="bbox 174 3796 1808 3870; baseline 0.001 -18"><span class='ocrx_word' id='word_1_326' title='bbox 174 3797 526 3852; x_wconf 88' lang='lat' dir='ltr'><strong>instituenda</strong></span> <span class='ocrx_word' id='word_1_327' title='bbox 553 3796 835 3866; x_wconf 83' lang='lat' dir='ltr'><strong>difﬁnivit,</strong></span> <span class='ocrx_word' id='word_1_328' title='bbox 871 3801 928 3851; x_wconf 91' lang='lat' dir='ltr'><strong>et</strong></span> <span class='ocrx_word' id='word_1_329' title='bbox 947 3798 1017 3852; x_wconf 92' lang='lat' dir='ltr'><strong>ad</strong></span> <span class='ocrx_word' id='word_1_330' title='bbox 1031 3798 1269 3869; x_wconf 83' lang='lat' dir='ltr'><strong>justitia</strong></span> <span class='ocrx_word' id='word_1_331' title='bbox 1291 3800 1584 3854; x_wconf 89' lang='lat' dir='ltr'><strong>cumulum</strong></span> <span class='ocrx_word' id='word_1_332' title='bbox 1603 3800 1808 3870; x_wconf 90' lang='lat' dir='ltr'><strong>perdu-</strong></span> 
     </span>
    </p>
   </div>
   <div class='ocr_carea' id='block_1_53' title="bbox 176 3892 1804 3964">
    <p class='ocr_par' dir='ltr' id='par_1_53' title="bbox 176 3892 1804 3964">
     <span class='ocr_line' id='line_1_53' title="bbox 176 3892 1804 3964; baseline 0.002 -18"><span class='ocrx_word' id='word_1_333' title='bbox 176 3892 256 3946; x_wconf 81' lang='lat' dir='ltr'><strong>xit</strong></span> <span class='ocrx_word' id='word_1_334' title='bbox 286 3892 635 3946; x_wconf 81' lang='lat' dir='ltr'><strong>sufficienter</strong></span> <span class='ocrx_word' id='word_1_335' title='bbox 671 3892 809 3946; x_wconf 93' lang='lat' dir='ltr'><strong>dum</strong></span> <span class='ocrx_word' id='word_1_336' title='bbox 838 3892 1099 3947; x_wconf 87' lang='lat' dir='ltr'><strong>universa</strong></span> <span class='ocrx_word' id='word_1_337' title='bbox 1127 3893 1544 3964; x_wconf 90' lang='lat' dir='ltr'><strong>complectitur,</strong></span> <span class='ocrx_word' id='word_1_338' title='bbox 1581 3909 1683 3948; x_wconf 91' lang='lat' dir='ltr'><strong>nec</strong></span> <span class='ocrx_word' id='word_1_339' title='bbox 1709 3895 1804 3949; x_wconf 91' lang='lat' dir='ltr'><strong>ad-</strong></span> 
     </span>
    </p>
   </div>
   <div class='ocr_carea' id='block_1_54' title="bbox 173 3985 1808 4059">
    <p class='ocr_par' dir='ltr' id='par_1_54' title="bbox 173 3985 1808 4059">
     <span class='ocr_line' id='line_1_54' title="bbox 173 3985 1808 4059; baseline 0.002 -19"><span class='ocrx_word' id='word_1_340' title='bbox 173 3985 421 4057; x_wconf 90' lang='lat' dir='ltr'><strong>jectione</strong></span> <span class='ocrx_word' id='word_1_341' title='bbox 456 3985 676 4057; x_wconf 88' lang='lat' dir='ltr'><strong>indiget</strong></span> <span class='ocrx_word' id='word_1_342' title='bbox 700 3986 1020 4057; x_wconf 90' lang='lat' dir='ltr'><strong>plenitudo,</strong></span> <span class='ocrx_word' id='word_1_343' title='bbox 1049 3986 1296 4042; x_wconf 86' lang='lat' dir='ltr'><strong>maxime</strong></span> <span class='ocrx_word' id='word_1_344' title='bbox 1328 3987 1397 4042; x_wconf 92' lang='lat' dir='ltr'><strong>de</strong></span> <span class='ocrx_word' id='word_1_345' title='bbox 1422 3987 1638 4042; x_wconf 91' lang='lat' dir='ltr'><strong>clericis</strong></span> <span class='ocrx_word' id='word_1_346' title='bbox 1670 4004 1808 4059; x_wconf 91' lang='lat' dir='ltr'><strong>quos</strong></span> 
     </span>
    </p>
   </div>
   <div class='ocr_carea' id='block_1_55' title="bbox 169 4079 1810 4153">
    <p class='ocr_par' dir='ltr' id='par_1_55' title="bbox 169 4079 1810 4153">
     <span class='ocr_line' id='line_1_55' title="bbox 169 4079 1810 4153; baseline 0.003 -20"><span class='ocrx_word' id='word_1_347' title='bbox 169 4097 326 4134; x_wconf 88' lang='lat' dir='ltr'><strong>amor</strong></span> <span class='ocrx_word' id='word_1_348' title='bbox 347 4079 730 4135; x_wconf 88' lang='lat' dir='ltr'><strong>damnationis</strong></span> <span class='ocrx_word' id='word_1_349' title='bbox 746 4080 974 4148; x_wconf 89' lang='lat' dir='ltr'><strong>invasit,</strong></span> <span class='ocrx_word' id='word_1_350' title='bbox 999 4085 1054 4135; x_wconf 89' lang='lat' dir='ltr'><strong>et</strong></span> <span class='ocrx_word' id='word_1_351' title='bbox 1067 4080 1277 4152; x_wconf 90' lang='lat' dir='ltr'><strong>jugum</strong></span> <span class='ocrx_word' id='word_1_352' title='bbox 1299 4081 1610 4153; x_wconf 83' lang='lat' dir='ltr'><strong>disciplina</strong></span> <span class='ocrx_word' id='word_1_353' title='bbox 1633 4084 1810 4138; x_wconf 92' lang='lat' dir='ltr'><strong>eccle-</strong></span> 
     </span>
    </p>
   </div>
   <div class='ocr_carea' id='block_1_56' title="bbox 174 4175 1810 4246">
    <p class='ocr_par' dir='ltr' id='par_1_56' title="bbox 174 4175 1810 4246">
     <span class='ocr_line' id='line_1_56' title="bbox 174 4175 1810 4246; baseline 0.002 -19"><span class='ocrx_word' id='word_1_354' title='bbox 174 4175 414 4229; x_wconf 84' lang='lat' dir='ltr'><strong>siastica</strong></span> <span class='ocrx_word' id='word_1_355' title='bbox 433 4175 571 4228; x_wconf 90' lang='lat' dir='ltr'><strong>fecit</strong></span> <span class='ocrx_word' id='word_1_356' title='bbox 591 4191 884 4246; x_wconf 90' lang='lat' dir='ltr'><strong>respuere,</strong></span> <span class='ocrx_word' id='word_1_357' title='bbox 908 4191 1049 4246; x_wconf 92' lang='lat' dir='ltr'><strong>quos</strong></span> <span class='ocrx_word' id='word_1_358' title='bbox 1070 4181 1373 4246; x_wconf 90' lang='lat' dir='ltr'><strong>propterea</strong></span> <span class='ocrx_word' id='word_1_359' title='bbox 1389 4176 1633 4231; x_wconf 90' lang='lat' dir='ltr'><strong>schisma</strong></span> <span class='ocrx_word' id='word_1_360' title='bbox 1651 4177 1810 4232; x_wconf 90' lang='lat' dir='ltr'><strong>fecis-</strong></span> 
     </span>
    </p>
   </div>
   <div class='ocr_carea' id='block_1_57' title="bbox 173 4267 1806 4340">
    <p class='ocr_par' dir='ltr' id='par_1_57' title="bbox 173 4267 1806 4340">
     <span class='ocr_line' id='line_1_57' title="bbox 173 4267 1806 4340; baseline 0.002 -17"><span class='ocrx_word' id='word_1_361' title='bbox 173 4286 229 4323; x_wconf 91' lang='lat' dir='ltr'><strong>se</strong></span> <span class='ocrx_word' id='word_1_362' title='bbox 259 4267 414 4340; x_wconf 88' lang='lat' dir='ltr'><strong>apud</strong></span> <span class='ocrx_word' id='word_1_363' title='bbox 440 4285 536 4322; x_wconf 91' lang='lat' dir='ltr'><strong>vos</strong></span> <span class='ocrx_word' id='word_1_364' title='bbox 564 4268 836 4338; x_wconf 88' lang='lat' dir='ltr'><strong>constitit,</strong></span> <span class='ocrx_word' id='word_1_365' title='bbox 873 4269 1078 4340; x_wconf 89' lang='lat' dir='ltr'><strong>quibus</strong></span> <span class='ocrx_word' id='word_1_366' title='bbox 1121 4269 1572 4324; x_wconf 89' lang='lat' dir='ltr'><strong>misericordiam</strong></span> <span class='ocrx_word' id='word_1_367' title='bbox 1609 4276 1806 4326; x_wconf 90' lang='lat' dir='ltr'><strong>tamen</strong></span> 
     </span>
    </p>
   </div>
   <div class='ocr_carea' id='block_1_58' title="bbox 175 4362 1810 4435">
    <p class='ocr_par' dir='ltr' id='par_1_58' title="bbox 175 4362 1810 4435">
     <span class='ocr_line' id='line_1_58' title="bbox 175 4362 1810 4435; baseline 0 -17"><span class='ocrx_word' id='word_1_368' title='bbox 175 4380 345 4435; x_wconf 90' lang='lat' dir='ltr'><strong>quam</strong></span> <span class='ocrx_word' id='word_1_369' title='bbox 378 4363 526 4417; x_wconf 92' lang='lat' dir='ltr'><strong>Deus</strong></span> <span class='ocrx_word' id='word_1_370' title='bbox 567 4363 800 4418; x_wconf 89' lang='lat' dir='ltr'><strong>mandat</strong></span> <span class='ocrx_word' id='word_1_371' title='bbox 835 4362 1112 4417; x_wconf 89' lang='lat' dir='ltr'><strong>universis</strong></span> <span class='ocrx_word' id='word_1_372' title='bbox 1147 4363 1422 4434; x_wconf 89' lang='lat' dir='ltr'><strong>impendi,</strong></span> <span class='ocrx_word' id='word_1_373' title='bbox 1463 4368 1528 4419; x_wconf 91' lang='lat' dir='ltr'><strong>ut</strong></span> <span class='ocrx_word' id='word_1_374' title='bbox 1559 4364 1810 4435; x_wconf 86' lang='lat' dir='ltr'><strong>oportuit</strong></span> 
     </span>
    </p>
   </div>
   <div class='ocr_carea' id='block_1_59' title="bbox 175 4456 1805 4529">
    <p class='ocr_par' dir='ltr' id='par_1_59' title="bbox 175 4456 1805 4529">
     <span class='ocr_line' id='line_1_59' title="bbox 175 4456 1805 4529; baseline 0.001 -18"><span class='ocrx_word' id='word_1_375' title='bbox 175 4474 288 4511; x_wconf 92' lang='lat' dir='ltr'><strong>non</strong></span> <span class='ocrx_word' id='word_1_376' title='bbox 318 4457 588 4528; x_wconf 88' lang='lat' dir='ltr'><strong>negastis,</strong></span> <span class='ocrx_word' id='word_1_377' title='bbox 617 4457 663 4510; x_wconf 91' lang='lat' dir='ltr'><strong>si</strong></span> <span class='ocrx_word' id='word_1_378' title='bbox 690 4456 899 4511; x_wconf 88' lang='lat' dir='ltr'><strong>duritia</strong></span> <span class='ocrx_word' id='word_1_379' title='bbox 920 4457 1104 4512; x_wconf 92' lang='lat' dir='ltr'><strong>cordis</strong></span> <span class='ocrx_word' id='word_1_380' title='bbox 1135 4473 1332 4512; x_wconf 92' lang='lat' dir='ltr'><strong>eorum</strong></span> <span class='ocrx_word' id='word_1_381' title='bbox 1354 4473 1466 4512; x_wconf 91' lang='lat' dir='ltr'><strong>non</strong></span> <span class='ocrx_word' id='word_1_382' title='bbox 1489 4457 1593 4512; x_wconf 86' lang='lat' dir='ltr'><strong>sibi</strong></span> <span class='ocrx_word' id='word_1_383' title='bbox 1610 4458 1805 4529; x_wconf 89' lang='lat' dir='ltr'><strong>acqui-</strong></span> 
     </span>
    </p>
   </div>
   <div class='ocr_carea' id='block_1_60' title="bbox 178 4551 1809 4622">
    <p class='ocr_par' dir='ltr' id='par_1_60' title="bbox 178 4551 1809 4622">
     <span class='ocr_line' id='line_1_60' title="bbox 178 4551 1809 4622; baseline 0.001 -16"><span class='ocrx_word' id='word_1_384' title='bbox 178 4556 263 4606; x_wconf 89' lang='lat' dir='ltr'><strong>rat</strong></span> <span class='ocrx_word' id='word_1_385' title='bbox 291 4568 526 4622; x_wconf 88' lang='lat' dir='ltr'><strong>poenam</strong></span> <span class='ocrx_word' id='word_1_386' title='bbox 557 4551 694 4605; x_wconf 91' lang='lat' dir='ltr'><strong>dum</strong></span> <span class='ocrx_word' id='word_1_387' title='bbox 713 4551 1031 4606; x_wconf 89' lang='lat' dir='ltr'><strong>contemnit</strong></span> <span class='ocrx_word' id='word_1_388' title='bbox 1051 4552 1237 4606; x_wconf 92' lang='lat' dir='ltr'><strong>oblata</strong></span> <span class='ocrx_word' id='word_1_389' title='bbox 1260 4551 1530 4606; x_wconf 89' lang='lat' dir='ltr'><strong>remedia.</strong></span> <span class='ocrx_word' id='word_1_390' title='bbox 1557 4553 1809 4616; x_wconf 72' lang='lat' dir='ltr'><strong>Quorum</strong></span> 
     </span>
    </p>
   </div>
   <div class='ocr_carea' id='block_1_61' title="bbox 1827 3283 1880 3357">
    <p class='ocr_par' dir='ltr' id='par_1_61' title="bbox 1827 3283 1880 3357">
     <span class='ocr_line' id='line_1_61' title="bbox 1827 3283 1880 3357; baseline 0 0"><span class='ocrx_word' id='word_1_391' title='bbox 1827 3283 1880 3357; x_wconf 87' lang='lat' dir='ltr'>C</span> 
     </span>
    </p>
   </div>
   <div class='ocr_carea' id='block_1_62' title="bbox 1909 2017 3540 2090">
    <p class='ocr_par' dir='ltr' id='par_1_62' title="bbox 1909 2017 3540 2090">
     <span class='ocr_line' id='line_1_62' title="bbox 1909 2017 3540 2090; baseline -0.002 -16"><span class='ocrx_word' id='word_1_392' title='bbox 1909 2023 2072 2090; x_wconf 85' lang='lat' dir='ltr'><strong>geret</strong></span> <span class='ocrx_word' id='word_1_393' title='bbox 2094 2023 2459 2090; x_wconf 90' lang='lat' dir='ltr'><strong>potestatem,</strong></span> <span class='ocrx_word' id='word_1_394' title='bbox 2493 2019 2643 2089; x_wconf 89' lang='lat' dir='ltr'><strong>quod</strong></span> <span class='ocrx_word' id='word_1_395' title='bbox 2671 2021 2868 2072; x_wconf 88' lang='lat' dir='ltr'><strong>contra</strong></span> <span class='ocrx_word' id='word_1_396' title='bbox 2904 2034 3153 2072; x_wconf 89' lang='lat' dir='ltr'><strong>canones</strong></span> <span class='ocrx_word' id='word_1_397' title='bbox 3193 2033 3313 2072; x_wconf 89' lang='lat' dir='ltr'><strong>esse</strong></span> <span class='ocrx_word' id='word_1_398' title='bbox 3359 2017 3540 2071; x_wconf 86' lang='lat' dir='ltr'><strong>mani-</strong></span> 
     </span>
    </p>
   </div>
   <div class='ocr_carea' id='block_1_63' title="bbox 1907 2110 3542 2182">
    <p class='ocr_par' dir='ltr' id='par_1_63' title="bbox 1907 2110 3542 2182">
     <span class='ocr_line' id='line_1_63' title="bbox 1907 2110 3542 2182; baseline -0.002 -14"><span class='ocrx_word' id='word_1_399' title='bbox 1907 2115 2114 2168; x_wconf 85' lang='lat' dir='ltr'><strong>festum</strong></span> <span class='ocrx_word' id='word_1_400' title='bbox 2157 2116 2260 2167; x_wconf 92' lang='lat' dir='ltr'><strong>est.</strong></span> <span class='ocrx_word' id='word_1_401' title='bbox 2301 2115 2444 2167; x_wconf 90' lang='lat' dir='ltr'><strong>Item</strong></span> <span class='ocrx_word' id='word_1_402' title='bbox 2485 2111 2785 2167; x_wconf 86' lang='lat' dir='ltr'><strong>Hormisda</strong></span> <span class='ocrx_word' id='word_1_403' title='bbox 2809 2111 3082 2166; x_wconf 90' lang='lat' dir='ltr'><strong>diaconus</strong></span> <span class='ocrx_word' id='word_1_404' title='bbox 3110 2111 3268 2182; x_wconf 86' lang='lat' dir='ltr'><strong>legit,</strong></span> <span class='ocrx_word' id='word_1_405' title='bbox 3307 2128 3379 2165; x_wconf 89' lang='lat' dir='ltr'><strong>ne</strong></span> <span class='ocrx_word' id='word_1_406' title='bbox 3406 2110 3542 2182; x_wconf 88' lang='lat' dir='ltr'><strong>quid</strong></span> 
     </span>
    </p>
   </div>
   <div class='ocr_carea' id='block_1_64' title="bbox 1906 2204 3538 2279">
    <p class='ocr_par' dir='ltr' id='par_1_64' title="bbox 1906 2204 3538 2279">
     <span class='ocr_line' id='line_1_64' title="bbox 1906 2204 3538 2279; baseline -0.002 -17"><span class='ocrx_word' id='word_1_407' title='bbox 1906 2207 2252 2262; x_wconf 86' lang='lat' dir='ltr'><strong>confusionis</strong></span> <span class='ocrx_word' id='word_1_408' title='bbox 2281 2209 2454 2278; x_wconf 89' lang='lat' dir='ltr'><strong>atque</strong></span> <span class='ocrx_word' id='word_1_409' title='bbox 2476 2205 2762 2279; x_wconf 91' lang='lat' dir='ltr'><strong>dispendii</strong></span> <span class='ocrx_word' id='word_1_410' title='bbox 2800 2205 3137 2260; x_wconf 89' lang='lat' dir='ltr'><strong>venerabilis</strong></span> <span class='ocrx_word' id='word_1_411' title='bbox 3168 2204 3416 2261; x_wconf 88' lang='lat' dir='ltr'><strong>Ecclesia</strong></span> <span class='ocrx_word' id='word_1_412' title='bbox 3446 2221 3538 2259; x_wconf 88' lang='lat' dir='ltr'><strong>su-</strong></span> 
     </span>
    </p>
   </div>
   <div class='ocr_carea' id='block_1_65' title="bbox 1906 2299 3540 2371">
    <p class='ocr_par' dir='ltr' id='par_1_65' title="bbox 1906 2299 3540 2371">
     <span class='ocr_line' id='line_1_65' title="bbox 1906 2299 3540 2371; baseline -0.002 -16"><span class='ocrx_word' id='word_1_413' title='bbox 1906 2301 2169 2368; x_wconf 90' lang='lat' dir='ltr'><strong>stineret,</strong></span> <span class='ocrx_word' id='word_1_414' title='bbox 2223 2300 2505 2355; x_wconf 90' lang='lat' dir='ltr'><strong>miramur</strong></span> <span class='ocrx_word' id='word_1_415' title='bbox 2559 2299 2958 2371; x_wconf 76' lang='lat' dir='ltr'><strong>praetermissis</strong></span> <span class='ocrx_word' id='word_1_416' title='bbox 3006 2299 3172 2354; x_wconf 89' lang='lat' dir='ltr'><strong>nobis</strong></span> <span class='ocrx_word' id='word_1_417' title='bbox 3224 2299 3540 2369; x_wconf 85' lang='lat' dir='ltr'><strong>quidquam</strong></span> 
     </span>
    </p>
   </div>
   <div class='ocr_carea' id='block_1_66' title="bbox 1904 2391 3539 2464">
    <p class='ocr_par' dir='ltr' id='par_1_66' title="bbox 1904 2391 3539 2464">
     <span class='ocr_line' id='line_1_66' title="bbox 1904 2391 3539 2464; baseline -0.001 -16"><span class='ocrx_word' id='word_1_418' title='bbox 1904 2395 2077 2450; x_wconf 90' lang='lat' dir='ltr'><strong>fuisse</strong></span> <span class='ocrx_word' id='word_1_419' title='bbox 2133 2398 2415 2449; x_wconf 87' lang='lat' dir='ltr'><strong>tentatum</strong></span> <span class='ocrx_word' id='word_1_420' title='bbox 2464 2411 2593 2448; x_wconf 90' lang='lat' dir='ltr'><strong>cum</strong></span> <span class='ocrx_word' id='word_1_421' title='bbox 2648 2394 2940 2448; x_wconf 87' lang='lat' dir='ltr'><strong>sacerdote</strong></span> <span class='ocrx_word' id='word_1_422' title='bbox 2986 2397 3182 2447; x_wconf 87' lang='lat' dir='ltr'><strong>nostro</strong></span> <span class='ocrx_word' id='word_1_423' title='bbox 3235 2391 3539 2464; x_wconf 88' lang='lat' dir='ltr'><strong>superstite</strong></span> 
     </span>
    </p>
   </div>
   <div class='ocr_carea' id='block_1_67' title="bbox 1879 2485 3540 2556">
    <p class='ocr_par' dir='ltr' id='par_1_67' title="bbox 1879 2485 3540 2556">
     <span class='ocr_line' id='line_1_67' title="bbox 1879 2485 3540 2556; baseline -0.002 -13"><span class='ocrx_word' id='word_1_424' title='bbox 1879 2486 2047 2544; x_wconf 52' lang='lat' dir='ltr'><strong>&#39;nihil</strong></span> <span class='ocrx_word' id='word_1_425' title='bbox 2077 2488 2361 2543; x_wconf 88' lang='lat' dir='ltr'><strong>debuisset</strong></span> <span class='ocrx_word' id='word_1_426' title='bbox 2389 2504 2704 2542; x_wconf 90' lang='lat' dir='ltr'><strong>assumere.</strong></span> <span class='ocrx_word' id='word_1_427' title='bbox 2739 2487 2924 2550; x_wconf 87' lang='lat' dir='ltr'><strong>Quare</strong></span> <span class='ocrx_word' id='word_1_428' title='bbox 2963 2485 3006 2539; x_wconf 93' lang='lat' dir='ltr'><strong>si</strong></span> <span class='ocrx_word' id='word_1_429' title='bbox 3053 2485 3418 2556; x_wconf 88' lang='lat' dir='ltr'><strong>amplitudini</strong></span> <span class='ocrx_word' id='word_1_430' title='bbox 3446 2502 3540 2540; x_wconf 89' lang='lat' dir='ltr'><strong>ve-</strong></span> 
     </span>
    </p>
   </div>
   <div class='ocr_carea' id='block_1_68' title="bbox 1905 2579 3542 2653">
    <p class='ocr_par' dir='ltr' id='par_1_68' title="bbox 1905 2579 3542 2653">
     <span class='ocr_line' id='line_1_68' title="bbox 1905 2579 3542 2653; baseline -0.002 -16"><span class='ocrx_word' id='word_1_431' title='bbox 1905 2589 2033 2638; x_wconf 85' lang='lat' dir='ltr'><strong>stra</strong></span> <span class='ocrx_word' id='word_1_432' title='bbox 2077 2583 2162 2637; x_wconf 91' lang='lat' dir='ltr'><strong>vel</strong></span> <span class='ocrx_word' id='word_1_433' title='bbox 2208 2582 2495 2637; x_wconf 89' lang='lat' dir='ltr'><strong>sanctitati</strong></span> <span class='ocrx_word' id='word_1_434' title='bbox 2536 2582 2726 2653; x_wconf 90' lang='lat' dir='ltr'><strong>placet</strong></span> <span class='ocrx_word' id='word_1_435' title='bbox 2747 2579 3057 2634; x_wconf 89' lang='lat' dir='ltr'><strong>incolumia</strong></span> <span class='ocrx_word' id='word_1_436' title='bbox 3094 2579 3285 2634; x_wconf 89' lang='lat' dir='ltr'><strong>omnia</strong></span> <span class='ocrx_word' id='word_1_437' title='bbox 3313 2595 3440 2650; x_wconf 82' lang='lat' dir='ltr'><strong>quae</strong></span> <span class='ocrx_word' id='word_1_438' title='bbox 3469 2579 3542 2634; x_wconf 90' lang='lat' dir='ltr'><strong>ad</strong></span> 
     </span>
    </p>
   </div>
   <div class='ocr_carea' id='block_1_69' title="bbox 1904 2663 3540 2745">
    <p class='ocr_par' dir='ltr' id='par_1_69' title="bbox 1904 2663 3540 2745">
     <span class='ocr_line' id='line_1_69' title="bbox 1904 2663 3540 2745; baseline -0.002 -14"><span class='ocrx_word' id='word_1_439' title='bbox 1904 2677 2081 2732; x_wconf 90' lang='lat' dir='ltr'><strong>futuri</strong></span> <span class='ocrx_word' id='word_1_440' title='bbox 2109 2676 2376 2731; x_wconf 88' lang='lat' dir='ltr'><strong>antistitis</strong></span> <span class='ocrx_word' id='word_1_441' title='bbox 2403 2663 2740 2731; x_wconf 87' lang='lat' dir='ltr'><strong>electionem</strong></span> <span class='ocrx_word' id='word_1_442' title='bbox 2778 2673 3112 2745; x_wconf 87' lang='lat' dir='ltr'><strong>respiciunt,</strong></span> <span class='ocrx_word' id='word_1_443' title='bbox 3140 2672 3409 2745; x_wconf 88' lang='lat' dir='ltr'><strong>religiosa</strong></span> <span class='ocrx_word' id='word_1_444' title='bbox 3433 2672 3540 2728; x_wconf 91' lang='lat' dir='ltr'><strong>h0-</strong></span> 
     </span>
    </p>
   </div>
   <div class='ocr_carea' id='block_1_70' title="bbox 1905 2766 3534 2840">
    <p class='ocr_par' dir='ltr' id='par_1_70' title="bbox 1905 2766 3534 2840">
     <span class='ocr_line' id='line_1_70' title="bbox 1905 2766 3534 2840; baseline -0.002 -15"><span class='ocrx_word' id='word_1_445' title='bbox 1905 2773 2201 2826; x_wconf 88' lang='lat' dir='ltr'><strong>noratione</strong></span> <span class='ocrx_word' id='word_1_446' title='bbox 2232 2786 2540 2825; x_wconf 89' lang='lat' dir='ltr'><strong>servemus.</strong></span> <span class='ocrx_word' id='word_1_447' title='bbox 2574 2771 2726 2824; x_wconf 86' lang='lat' dir='ltr'><strong>Hanc</strong></span> <span class='ocrx_word' id='word_1_448' title='bbox 2755 2769 2946 2840; x_wconf 86' lang='lat' dir='ltr'><strong>legem</strong></span> <span class='ocrx_word' id='word_1_449' title='bbox 2987 2766 3308 2838; x_wconf 83' lang='lat' dir='ltr'><strong>specialiter</strong></span> <span class='ocrx_word' id='word_1_450' title='bbox 3334 2767 3534 2838; x_wconf 85' lang='lat' dir='ltr'><strong>prafe-</strong></span> 
     </span>
    </p>
   </div>
   <div class='ocr_carea' id='block_1_71' title="bbox 1905 2860 3542 2936">
    <p class='ocr_par' dir='ltr' id='par_1_71' title="bbox 1905 2860 3542 2936">
     <span class='ocr_line' id='line_1_71' title="bbox 1905 2860 3542 2936; baseline -0.003 -17"><span class='ocrx_word' id='word_1_451' title='bbox 1905 2869 2117 2936; x_wconf 90' lang='lat' dir='ltr'><strong>reutes,</strong></span> <span class='ocrx_word' id='word_1_452' title='bbox 2142 2881 2316 2936; x_wconf 89' lang='lat' dir='ltr'><strong>quam</strong></span> <span class='ocrx_word' id='word_1_453' title='bbox 2337 2864 2502 2919; x_wconf 87' lang='lat' dir='ltr'><strong>nobis</strong></span> <span class='ocrx_word' id='word_1_454' title='bbox 2521 2862 2841 2918; x_wconf 82' lang='lat' dir='ltr'><strong>haredibus</strong></span> <span class='ocrx_word' id='word_1_455' title='bbox 2863 2879 2967 2933; x_wconf 86' lang='lat' dir='ltr'><strong>pro</strong></span> <span class='ocrx_word' id='word_1_456' title='bbox 2985 2861 3194 2916; x_wconf 88' lang='lat' dir='ltr'><strong>nostris</strong></span> <span class='ocrx_word' id='word_1_457' title='bbox 3210 2860 3542 2916; x_wconf 84' lang='lat' dir='ltr'><strong>Christiana</strong></span> 
     </span>
    </p>
   </div>
   <div class='ocr_carea' id='block_1_72' title="bbox 1905 2954 3537 3027">
    <p class='ocr_par' dir='ltr' id='par_1_72' title="bbox 1905 2954 3537 3027">
     <span class='ocr_line' id='line_1_72' title="bbox 1905 2954 3537 3027; baseline -0.003 -13"><span class='ocrx_word' id='word_1_458' title='bbox 1905 2960 2113 3014; x_wconf 90' lang='lat' dir='ltr'><strong>mentis</strong></span> <span class='ocrx_word' id='word_1_459' title='bbox 2158 2958 2458 3013; x_wconf 87' lang='lat' dir='ltr'><strong>devotione</strong></span> <span class='ocrx_word' id='word_1_460' title='bbox 2504 2957 2811 3027; x_wconf 89' lang='lat' dir='ltr'><strong>sancimus,</strong></span> <span class='ocrx_word' id='word_1_461' title='bbox 2845 2973 2916 3010; x_wconf 90' lang='lat' dir='ltr'><strong>ne</strong></span> <span class='ocrx_word' id='word_1_462' title='bbox 2944 2971 3206 3026; x_wconf 89' lang='lat' dir='ltr'><strong>unquam</strong></span> <span class='ocrx_word' id='word_1_463' title='bbox 3237 2954 3537 3026; x_wconf 87' lang='lat' dir='ltr'><strong>pradium,</strong></span> 
     </span>
    </p>
   </div>
   <div class='ocr_carea' id='block_1_73' title="bbox 1904 3049 3544 3118">
    <p class='ocr_par' dir='ltr' id='par_1_73' title="bbox 1904 3049 3544 3118">
     <span class='ocr_line' id='line_1_73' title="bbox 1904 3049 3544 3118; baseline -0.003 -10"><span class='ocrx_word' id='word_1_464' title='bbox 1904 3071 2002 3108; x_wconf 91' lang='lat' dir='ltr'><strong>seu</strong></span> <span class='ocrx_word' id='word_1_465' title='bbox 2032 3053 2306 3108; x_wconf 87' lang='lat' dir='ltr'><strong>rusticum</strong></span> <span class='ocrx_word' id='word_1_466' title='bbox 2332 3052 2446 3106; x_wconf 89' lang='lat' dir='ltr'><strong>sive</strong></span> <span class='ocrx_word' id='word_1_467' title='bbox 2475 3051 2779 3118; x_wconf 89' lang='lat' dir='ltr'><strong>urbanum,</strong></span> <span class='ocrx_word' id='word_1_468' title='bbox 2802 3049 2889 3106; x_wconf 93' lang='lat' dir='ltr'><strong>vel</strong></span> <span class='ocrx_word' id='word_1_469' title='bbox 2923 3051 3288 3118; x_wconf 90' lang='lat' dir='ltr'><strong>ornamenta,</strong></span> <span class='ocrx_word' id='word_1_470' title='bbox 3317 3053 3416 3104; x_wconf 90' lang='lat' dir='ltr'><strong>aut</strong></span> <span class='ocrx_word' id='word_1_471' title='bbox 3440 3049 3544 3104; x_wconf 91' lang='lat' dir='ltr'><strong>mi-</strong></span> 
     </span>
    </p>
   </div>
   <div class='ocr_carea' id='block_1_74' title="bbox 1905 3143 3536 3216">
    <p class='ocr_par' dir='ltr' id='par_1_74' title="bbox 1905 3143 3536 3216">
     <span class='ocr_line' id='line_1_74' title="bbox 1905 3143 3536 3216; baseline -0.002 -14"><span class='ocrx_word' id='word_1_472' title='bbox 1905 3147 2134 3202; x_wconf 88' lang='lat' dir='ltr'><strong>nisteria</strong></span> <span class='ocrx_word' id='word_1_473' title='bbox 2164 3147 2553 3214; x_wconf 90' lang='lat' dir='ltr'><strong>ecclesiarum,</strong></span> <span class='ocrx_word' id='word_1_474' title='bbox 2586 3161 2715 3216; x_wconf 87' lang='lat' dir='ltr'><strong>qua</strong></span> <span class='ocrx_word' id='word_1_475' title='bbox 2748 3161 2900 3199; x_wconf 90' lang='lat' dir='ltr'><strong>nunc</strong></span> <span class='ocrx_word' id='word_1_476' title='bbox 2935 3151 3070 3199; x_wconf 89' lang='lat' dir='ltr'><strong>sunt</strong></span> <span class='ocrx_word' id='word_1_477' title='bbox 3094 3144 3181 3199; x_wconf 90' lang='lat' dir='ltr'><strong>vel</strong></span> <span class='ocrx_word' id='word_1_478' title='bbox 3209 3160 3278 3199; x_wconf 86' lang='lat' dir='ltr'><strong>ex</strong></span> <span class='ocrx_word' id='word_1_479' title='bbox 3304 3143 3536 3216; x_wconf 88' lang='lat' dir='ltr'><strong>quibus-</strong></span> 
     </span>
    </p>
   </div>
   <div class='ocr_carea' id='block_1_75' title="bbox 1907 3233 3539 3304">
    <p class='ocr_par' dir='ltr' id='par_1_75' title="bbox 1907 3233 3539 3304">
     <span class='ocr_line' id='line_1_75' title="bbox 1907 3233 3539 3304; baseline -0.001 -14"><span class='ocrx_word' id='word_1_480' title='bbox 1907 3237 2041 3292; x_wconf 91' lang='lat' dir='ltr'><strong>libet</strong></span> <span class='ocrx_word' id='word_1_481' title='bbox 2079 3236 2255 3291; x_wconf 88' lang='lat' dir='ltr'><strong>titulis</strong></span> <span class='ocrx_word' id='word_1_482' title='bbox 2294 3236 2365 3290; x_wconf 90' lang='lat' dir='ltr'><strong>ad</strong></span> <span class='ocrx_word' id='word_1_483' title='bbox 2396 3235 2764 3289; x_wconf 89' lang='lat' dir='ltr'><strong>ecclesiarum</strong></span> <span class='ocrx_word' id='word_1_484' title='bbox 2785 3234 2917 3304; x_wconf 91' lang='lat' dir='ltr'><strong>jura</strong></span> <span class='ocrx_word' id='word_1_485' title='bbox 2945 3238 3353 3304; x_wconf 88' lang='lat' dir='ltr'><strong>pervenerunt,</strong></span> <span class='ocrx_word' id='word_1_486' title='bbox 3377 3233 3447 3288; x_wconf 89' lang='lat' dir='ltr'><strong>ab</strong></span> <span class='ocrx_word' id='word_1_487' title='bbox 3473 3251 3539 3289; x_wconf 89' lang='lat' dir='ltr'><strong>eo</strong></span> 
     </span>
    </p>
   </div>
   <div class='ocr_carea' id='block_1_76' title="bbox 1907 3327 3542 3402">
    <p class='ocr_par' dir='ltr' id='par_1_76' title="bbox 1907 3327 3542 3402">
     <span class='ocr_line' id='line_1_76' title="bbox 1907 3327 3542 3402; baseline -0.001 -18"><span class='ocrx_word' id='word_1_488' title='bbox 1907 3330 2002 3402; x_wconf 89' lang='lat' dir='ltr'><strong>qui</strong></span> <span class='ocrx_word' id='word_1_489' title='bbox 2028 3347 2177 3384; x_wconf 88' lang='lat' dir='ltr'><strong>nunc</strong></span> <span class='ocrx_word' id='word_1_490' title='bbox 2202 3329 2437 3384; x_wconf 85' lang='lat' dir='ltr'><strong>antistes</strong></span> <span class='ocrx_word' id='word_1_491' title='bbox 2460 3329 2562 3382; x_wconf 89' lang='lat' dir='ltr'><strong>sub</strong></span> <span class='ocrx_word' id='word_1_492' title='bbox 2586 3327 2863 3382; x_wconf 90' lang='lat' dir='ltr'><strong>electione</strong></span> <span class='ocrx_word' id='word_1_493' title='bbox 2882 3327 3176 3382; x_wconf 91' lang='lat' dir='ltr'><strong>communi</strong></span> <span class='ocrx_word' id='word_1_494' title='bbox 3196 3327 3370 3382; x_wconf 90' lang='lat' dir='ltr'><strong>fuerit</strong></span> <span class='ocrx_word' id='word_1_495' title='bbox 3389 3327 3542 3383; x_wconf 89' lang='lat' dir='ltr'><strong>ordi-</strong></span> 
     </span>
    </p>
   </div>
   <div class='ocr_carea' id='block_1_77' title="bbox 1907 3420 3539 3494">
    <p class='ocr_par' dir='ltr' id='par_1_77' title="bbox 1907 3420 3539 3494">
     <span class='ocr_line' id='line_1_77' title="bbox 1907 3420 3539 3494; baseline -0.002 -15"><span class='ocrx_word' id='word_1_496' title='bbox 1907 3425 2129 3479; x_wconf 89' lang='lat' dir='ltr'><strong>nandus</strong></span> <span class='ocrx_word' id='word_1_497' title='bbox 2157 3429 2211 3478; x_wconf 89' lang='lat' dir='ltr'><strong>et</strong></span> <span class='ocrx_word' id='word_1_498' title='bbox 2237 3423 2348 3477; x_wconf 91' lang='lat' dir='ltr'><strong>illis</strong></span> <span class='ocrx_word' id='word_1_499' title='bbox 2378 3422 2476 3494; x_wconf 89' lang='lat' dir='ltr'><strong>qui</strong></span> <span class='ocrx_word' id='word_1_500' title='bbox 2503 3421 2710 3476; x_wconf 89' lang='lat' dir='ltr'><strong>futuris</strong></span> <span class='ocrx_word' id='word_1_501' title='bbox 2755 3420 2978 3475; x_wconf 88' lang='lat' dir='ltr'><strong>sacnlis</strong></span> <span class='ocrx_word' id='word_1_502' title='bbox 3009 3426 3353 3492; x_wconf 86' lang='lat' dir='ltr'><strong>sequentur,</strong></span> <span class='ocrx_word' id='word_1_503' title='bbox 3399 3437 3539 3492; x_wconf 87' lang='lat' dir='ltr'><strong>quo-</strong></span> 
     </span>
    </p>
   </div>
   <div class='ocr_carea' id='block_1_78' title="bbox 1907 3515 3539 3590">
    <p class='ocr_par' dir='ltr' id='par_1_78' title="bbox 1907 3515 3539 3590">
     <span class='ocr_line' id='line_1_78' title="bbox 1907 3515 3539 3590; baseline -0.002 -16"><span class='ocrx_word' id='word_1_504' title='bbox 1907 3535 2130 3590; x_wconf 90' lang='lat' dir='ltr'><strong>cunque</strong></span> <span class='ocrx_word' id='word_1_505' title='bbox 2178 3517 2340 3573; x_wconf 89' lang='lat' dir='ltr'><strong>titulo</strong></span> <span class='ocrx_word' id='word_1_506' title='bbox 2385 3521 2554 3587; x_wconf 84' lang='lat' dir='ltr'><strong>atque</strong></span> <span class='ocrx_word' id='word_1_507' title='bbox 2604 3519 2924 3571; x_wconf 90' lang='lat' dir='ltr'><strong>commento</strong></span> <span class='ocrx_word' id='word_1_508' title='bbox 2977 3515 3232 3570; x_wconf 85' lang='lat' dir='ltr'><strong>alienare</strong></span> <span class='ocrx_word' id='word_1_509' title='bbox 3271 3515 3539 3584; x_wconf 88' lang='lat' dir='ltr'><strong>voluerit,</strong></span> 
     </span>
    </p>
   </div>
   <div class='ocr_carea' id='block_1_79' title="bbox 1907 3609 3538 3684">
    <p class='ocr_par' dir='ltr' id='par_1_79' title="bbox 1907 3609 3538 3684">
     <span class='ocr_line' id='line_1_79' title="bbox 1907 3609 3538 3684; baseline -0.002 -17"><span class='ocrx_word' id='word_1_510' title='bbox 1907 3612 2170 3668; x_wconf 85' lang='lat' dir='ltr'><strong>inefficax</strong></span> <span class='ocrx_word' id='word_1_511' title='bbox 2214 3617 2384 3684; x_wconf 90' lang='lat' dir='ltr'><strong>atque</strong></span> <span class='ocrx_word' id='word_1_512' title='bbox 2431 3611 2656 3665; x_wconf 86' lang='lat' dir='ltr'><strong>irritum</strong></span> <span class='ocrx_word' id='word_1_513' title='bbox 2689 3609 3001 3681; x_wconf 90' lang='lat' dir='ltr'><strong>judicetur,</strong></span> <span class='ocrx_word' id='word_1_514' title='bbox 3049 3609 3235 3680; x_wconf 88' lang='lat' dir='ltr'><strong>sitque</strong></span> <span class='ocrx_word' id='word_1_515' title='bbox 3279 3609 3538 3676; x_wconf 87' lang='lat' dir='ltr'><strong>facienti,</strong></span> 
     </span>
    </p>
   </div>
   <div class='ocr_carea' id='block_1_80' title="bbox 1910 3701 3542 3777">
    <p class='ocr_par' dir='ltr' id='par_1_80' title="bbox 1910 3701 3542 3777">
     <span class='ocr_line' id='line_1_80' title="bbox 1910 3701 3542 3777; baseline -0.003 -14"><span class='ocrx_word' id='word_1_516' title='bbox 1910 3706 2304 3774; x_wconf 88' lang='lat' dir='ltr'><strong>consentienti,</strong></span> <span class='ocrx_word' id='word_1_517' title='bbox 2333 3704 2748 3777; x_wconf 90' lang='lat' dir='ltr'><strong>accipientique</strong></span> <span class='ocrx_word' id='word_1_518' title='bbox 2773 3704 3095 3758; x_wconf 86' lang='lat' dir='ltr'><strong>anathema.</strong></span> <span class='ocrx_word' id='word_1_519' title='bbox 3119 3701 3396 3758; x_wconf 80' lang='lat' dir='ltr'><strong>Maximus</strong></span> <span class='ocrx_word' id='word_1_520' title='bbox 3418 3704 3542 3776; x_wconf 90' lang='lat' dir='ltr'><strong>epi-</strong></span> 
     </span>
    </p>
   </div>
   <div class='ocr_carea' id='block_1_81' title="bbox 1909 3797 3541 3872">
    <p class='ocr_par' dir='ltr' id='par_1_81' title="bbox 1909 3797 3541 3872">
     <span class='ocr_line' id='line_1_81' title="bbox 1909 3797 3541 3872; baseline -0.001 -17"><span class='ocrx_word' id='word_1_521' title='bbox 1909 3817 2109 3872; x_wconf 89' lang='lat' dir='ltr'><strong>scopus</strong></span> <span class='ocrx_word' id='word_1_522' title='bbox 2139 3802 2399 3856; x_wconf 89' lang='lat' dir='ltr'><strong>Pledana</strong></span> <span class='ocrx_word' id='word_1_523' title='bbox 2444 3799 2706 3854; x_wconf 85' lang='lat' dir='ltr'><strong>Ecclesia</strong></span> <span class='ocrx_word' id='word_1_524' title='bbox 2737 3797 2876 3853; x_wconf 87' lang='lat' dir='ltr'><strong>dixit</strong></span> <span class='ocrx_word' id='word_1_525' title='bbox 2907 3815 2920 3852; x_wconf 88' lang='lat'><strong>:</strong></span> <span class='ocrx_word' id='word_1_526' title='bbox 2951 3797 3112 3852; x_wconf 88' lang='lat' dir='ltr'><strong>Modo</strong></span> <span class='ocrx_word' id='word_1_527' title='bbox 3147 3802 3336 3852; x_wconf 90' lang='lat' dir='ltr'><strong>sancta</strong></span> <span class='ocrx_word' id='word_1_528' title='bbox 3373 3814 3541 3869; x_wconf 88' lang='lat' dir='ltr'><strong>syno-</strong></span> 
     </span>
    </p>
   </div>
   <div class='ocr_carea' id='block_1_82' title="bbox 1910 3890 3545 3967">
    <p class='ocr_par' dir='ltr' id='par_1_82' title="bbox 1910 3890 3545 3967">
     <span class='ocr_line' id='line_1_82' title="bbox 1910 3890 3545 3967; baseline -0.002 -17"><span class='ocrx_word' id='word_1_529' title='bbox 1910 3895 2015 3950; x_wconf 90' lang='lat' dir='ltr'><strong>dus</strong></span> <span class='ocrx_word' id='word_1_530' title='bbox 2044 3895 2316 3967; x_wconf 87' lang='lat' dir='ltr'><strong>dignetur</strong></span> <span class='ocrx_word' id='word_1_531' title='bbox 2339 3895 2586 3963; x_wconf 86' lang='lat' dir='ltr'><strong>edicere,</strong></span> <span class='ocrx_word' id='word_1_532' title='bbox 2613 3893 2771 3948; x_wconf 91' lang='lat' dir='ltr'><strong>licuit</strong></span> <span class='ocrx_word' id='word_1_533' title='bbox 2793 3892 2935 3947; x_wconf 91' lang='lat' dir='ltr'><strong>laico</strong></span> <span class='ocrx_word' id='word_1_534' title='bbox 2971 3890 3190 3946; x_wconf 90' lang='lat' dir='ltr'><strong>homini</strong></span> <span class='ocrx_word' id='word_1_535' title='bbox 3235 3891 3545 3947; x_wconf 88' lang='lat' dir='ltr'><strong>anathema</strong></span> 
     </span>
    </p>
   </div>
   <div class='ocr_carea' id='block_1_83' title="bbox 1908 3986 3544 4058">
    <p class='ocr_par' dir='ltr' id='par_1_83' title="bbox 1908 3986 3544 4058">
     <span class='ocr_line' id='line_1_83' title="bbox 1908 3986 3544 4058; baseline -0.001 -14"><span class='ocrx_word' id='word_1_536' title='bbox 1908 3989 1967 4045; x_wconf 91' lang='lat' dir='ltr'><strong>in</strong></span> <span class='ocrx_word' id='word_1_537' title='bbox 2001 3989 2198 4044; x_wconf 90' lang='lat' dir='ltr'><strong>ordine</strong></span> <span class='ocrx_word' id='word_1_538' title='bbox 2241 3988 2617 4046; x_wconf 88' lang='lat' dir='ltr'><strong>ecclesiastico</strong></span> <span class='ocrx_word' id='word_1_539' title='bbox 2661 3987 2894 4056; x_wconf 89' lang='lat' dir='ltr'><strong>dictare,</strong></span> <span class='ocrx_word' id='word_1_540' title='bbox 2932 3989 3030 4040; x_wconf 90' lang='lat' dir='ltr'><strong>aut</strong></span> <span class='ocrx_word' id='word_1_541' title='bbox 3067 3986 3113 4040; x_wconf 91' lang='lat' dir='ltr'><strong>si</strong></span> <span class='ocrx_word' id='word_1_542' title='bbox 3157 3987 3342 4058; x_wconf 87' lang='lat' dir='ltr'><strong>potuit</strong></span> <span class='ocrx_word' id='word_1_543' title='bbox 3366 3987 3544 4042; x_wconf 85' lang='lat' dir='ltr'><strong>laicus</strong></span> 
     </span>
    </p>
   </div>
   <div class='ocr_carea' id='block_1_84' title="bbox 1909 4082 3543 4153">
    <p class='ocr_par' dir='ltr' id='par_1_84' title="bbox 1909 4082 3543 4153">
     <span class='ocr_line' id='line_1_84' title="bbox 1909 4082 3543 4153; baseline -0.001 -15"><span class='ocrx_word' id='word_1_544' title='bbox 1909 4083 2184 4140; x_wconf 88' lang='lat' dir='ltr'><strong>sacerdoti</strong></span> <span class='ocrx_word' id='word_1_545' title='bbox 2227 4085 2531 4139; x_wconf 89' lang='lat' dir='ltr'><strong>anathema</strong></span> <span class='ocrx_word' id='word_1_546' title='bbox 2575 4083 2783 4153; x_wconf 89' lang='lat' dir='ltr'><strong>dicere,</strong></span> <span class='ocrx_word' id='word_1_547' title='bbox 2818 4085 2876 4136; x_wconf 90' lang='lat' dir='ltr'><strong>et</strong></span> <span class='ocrx_word' id='word_1_548' title='bbox 2901 4084 3098 4136; x_wconf 90' lang='lat' dir='ltr'><strong>contra</strong></span> <span class='ocrx_word' id='word_1_549' title='bbox 3122 4097 3366 4136; x_wconf 81' lang='lat' dir='ltr'><strong>canones</strong></span> <span class='ocrx_word' id='word_1_550' title='bbox 3394 4082 3543 4153; x_wconf 90' lang='lat' dir='ltr'><strong>quod</strong></span> 
     </span>
    </p>
   </div>
   <div class='ocr_carea' id='block_1_85' title="bbox 1909 4175 3545 4247">
    <p class='ocr_par' dir='ltr' id='par_1_85' title="bbox 1909 4175 3545 4247">
     <span class='ocr_line' id='line_1_85' title="bbox 1909 4175 3545 4247; baseline -0.002 -14"><span class='ocrx_word' id='word_1_551' title='bbox 1909 4179 1958 4233; x_wconf 90' lang='lat' dir='ltr'><strong>ei</strong></span> <span class='ocrx_word' id='word_1_552' title='bbox 2004 4195 2118 4233; x_wconf 90' lang='lat' dir='ltr'><strong>non</strong></span> <span class='ocrx_word' id='word_1_553' title='bbox 2157 4177 2519 4247; x_wconf 89' lang='lat' dir='ltr'><strong>competebat</strong></span> <span class='ocrx_word' id='word_1_554' title='bbox 2563 4177 2929 4232; x_wconf 90' lang='lat' dir='ltr'><strong>constituere.</strong></span> <span class='ocrx_word' id='word_1_555' title='bbox 2987 4175 3158 4231; x_wconf 85' lang='lat' dir='ltr'><strong>Dicite</strong></span> <span class='ocrx_word' id='word_1_556' title='bbox 3211 4175 3375 4230; x_wconf 89' lang='lat' dir='ltr'><strong>nobis</strong></span> <span class='ocrx_word' id='word_1_557' title='bbox 3405 4175 3545 4247; x_wconf 91' lang='lat' dir='ltr'><strong>quid</strong></span> 
     </span>
    </p>
   </div>
   <div class='ocr_carea' id='block_1_86' title="bbox 1910 4268 3544 4341">
    <p class='ocr_par' dir='ltr' id='par_1_86' title="bbox 1910 4268 3544 4341">
     <span class='ocr_line' id='line_1_86' title="bbox 1910 4268 3544 4341; baseline 0 -19"><span class='ocrx_word' id='word_1_558' title='bbox 1910 4271 2136 4326; x_wconf 89' lang='lat' dir='ltr'><strong>videtur</strong></span> <span class='ocrx_word' id='word_1_559' title='bbox 2162 4271 2231 4325; x_wconf 93' lang='lat' dir='ltr'><strong>de</strong></span> <span class='ocrx_word' id='word_1_560' title='bbox 2263 4286 2354 4324; x_wconf 92' lang='lat' dir='ltr'><strong>me</strong></span> <span class='ocrx_word' id='word_1_561' title='bbox 2381 4269 2538 4324; x_wconf 88' lang='lat' dir='ltr'><strong>licuit</strong></span> <span class='ocrx_word' id='word_1_562' title='bbox 2563 4270 2705 4324; x_wconf 91' lang='lat' dir='ltr'><strong>laico</strong></span> <span class='ocrx_word' id='word_1_563' title='bbox 2739 4271 2928 4341; x_wconf 86' lang='lat' dir='ltr'><strong>legem</strong></span> <span class='ocrx_word' id='word_1_564' title='bbox 2954 4270 3112 4324; x_wconf 87' lang='lat' dir='ltr'><strong>dare.</strong></span> <span class='ocrx_word' id='word_1_565' title='bbox 3145 4268 3353 4324; x_wconf 89' lang='lat' dir='ltr'><strong>Sancta</strong></span> <span class='ocrx_word' id='word_1_566' title='bbox 3379 4285 3544 4340; x_wconf 84' lang='lat' dir='ltr'><strong>syno-</strong></span> 
     </span>
    </p>
   </div>
   <div class='ocr_carea' id='block_1_87' title="bbox 1909 4362 3540 4435">
    <p class='ocr_par' dir='ltr' id='par_1_87' title="bbox 1909 4362 3540 4435">
     <span class='ocr_line' id='line_1_87' title="bbox 1909 4362 3540 4435; baseline -0.002 -14"><span class='ocrx_word' id='word_1_567' title='bbox 1909 4367 2013 4421; x_wconf 90' lang='lat' dir='ltr'><strong>dus</strong></span> <span class='ocrx_word' id='word_1_568' title='bbox 2059 4364 2220 4433; x_wconf 83' lang='lat' dir='ltr'><strong>dixit,</strong></span> <span class='ocrx_word' id='word_1_569' title='bbox 2270 4379 2386 4418; x_wconf 91' lang='lat' dir='ltr'><strong>non</strong></span> <span class='ocrx_word' id='word_1_570' title='bbox 2436 4363 2618 4417; x_wconf 92' lang='lat' dir='ltr'><strong>licuit.</strong></span> <span class='ocrx_word' id='word_1_571' title='bbox 2674 4364 2742 4418; x_wconf 90' lang='lat' dir='ltr'><strong>Et</strong></span> <span class='ocrx_word' id='word_1_572' title='bbox 2780 4363 3006 4434; x_wconf 89' lang='lat' dir='ltr'><strong>adjecit,</strong></span> <span class='ocrx_word' id='word_1_573' title='bbox 3052 4363 3178 4434; x_wconf 90' lang='lat' dir='ltr'><strong>lege</strong></span> <span class='ocrx_word' id='word_1_574' title='bbox 3226 4362 3540 4435; x_wconf 87' lang='lat' dir='ltr'><strong>sequentia.</strong></span> 
     </span>
    </p>
   </div>
   <div class='ocr_carea' id='block_1_88' title="bbox 1909 4456 3542 4527">
    <p class='ocr_par' dir='ltr' id='par_1_88' title="bbox 1909 4456 3542 4527">
     <span class='ocr_line' id='line_1_88' title="bbox 1909 4456 3542 4527; baseline -0.001 -13"><span class='ocrx_word' id='word_1_575' title='bbox 1909 4458 2207 4515; x_wconf 89' lang='lat' dir='ltr'><strong>Hormisda</strong></span> <span class='ocrx_word' id='word_1_576' title='bbox 2236 4458 2507 4512; x_wconf 90' lang='lat' dir='ltr'><strong>diaconus</strong></span> <span class='ocrx_word' id='word_1_577' title='bbox 2533 4456 2689 4527; x_wconf 89' lang='lat' dir='ltr'><strong>legit.</strong></span> <span class='ocrx_word' id='word_1_578' title='bbox 2721 4458 2790 4510; x_wconf 90' lang='lat' dir='ltr'><strong>Et</strong></span> <span class='ocrx_word' id='word_1_579' title='bbox 2815 4457 2902 4510; x_wconf 92' lang='lat' dir='ltr'><strong>his</strong></span> <span class='ocrx_word' id='word_1_580' title='bbox 2937 4456 3034 4527; x_wconf 90' lang='lat' dir='ltr'><strong>qui</strong></span> <span class='ocrx_word' id='word_1_581' title='bbox 3061 4457 3342 4527; x_wconf 86' lang='lat' dir='ltr'><strong>praedium</strong></span> <span class='ocrx_word' id='word_1_582' title='bbox 3372 4456 3542 4512; x_wconf 89' lang='lat' dir='ltr'><strong>rusti-</strong></span> 
     </span>
    </p>
   </div>
   <div class='ocr_carea' id='block_1_89' title="bbox 1909 4548 3543 4620">
    <p class='ocr_par' dir='ltr' id='par_1_89' title="bbox 1909 4548 3543 4620">
     <span class='ocr_line' id='line_1_89' title="bbox 1909 4548 3543 4620; baseline -0.002 -11"><span class='ocrx_word' id='word_1_583' title='bbox 1909 4569 2041 4609; x_wconf 91' lang='lat' dir='ltr'><strong>cum</strong></span> <span class='ocrx_word' id='word_1_584' title='bbox 2063 4553 2149 4607; x_wconf 91' lang='lat' dir='ltr'><strong>vel</strong></span> <span class='ocrx_word' id='word_1_585' title='bbox 2189 4551 2470 4606; x_wconf 87' lang='lat' dir='ltr'><strong>urbanum</strong></span> <span class='ocrx_word' id='word_1_586' title='bbox 2507 4549 2654 4620; x_wconf 89' lang='lat' dir='ltr'><strong>juris</strong></span> <span class='ocrx_word' id='word_1_587' title='bbox 2693 4548 3050 4604; x_wconf 90' lang='lat' dir='ltr'><strong>ecclesiastici</strong></span> <span class='ocrx_word' id='word_1_588' title='bbox 3078 4549 3251 4605; x_wconf 89' lang='lat' dir='ltr'><strong>fuerit</strong></span> <span class='ocrx_word' id='word_1_589' title='bbox 3273 4567 3543 4606; x_wconf 90' lang='lat' dir='ltr'><strong>consecu-</strong></span> 
     </span>
    </p>
   </div>
   <div class='ocr_carea' id='block_1_90' title="bbox 178 4643 3540 4734">
    <p class='ocr_par' dir='ltr' id='par_1_90' title="bbox 178 4643 3540 4734">
     <span class='ocr_line' id='line_1_90' title="bbox 178 4643 3540 4734; baseline -0 -34"><span class='ocrx_word' id='word_1_590' title='bbox 178 4661 437 4700; x_wconf 86' lang='lat' dir='ltr'><strong>excessus</strong></span> <span class='ocrx_word' id='word_1_591' title='bbox 477 4644 551 4699; x_wconf 91' lang='lat' dir='ltr'><strong>ad</strong></span> <span class='ocrx_word' id='word_1_592' title='bbox 597 4645 979 4700; x_wconf 88' lang='lat' dir='ltr'><strong>enarrandum</strong></span> <span class='ocrx_word' id='word_1_593' title='bbox 1015 4645 1244 4699; x_wconf 83' lang='lat' dir='ltr'><strong>difficile</strong></span> <span class='ocrx_word' id='word_1_594' title='bbox 1278 4651 1380 4713; x_wconf 91' lang='lat' dir='ltr'><strong>est,</strong></span> <span class='ocrx_word' id='word_1_595' title='bbox 1412 4661 1592 4700; x_wconf 91' lang='lat' dir='ltr'><strong>unum</strong></span> <span class='ocrx_word' id='word_1_596' title='bbox 1618 4651 1810 4702; x_wconf 90' lang='lat' dir='ltr'><strong>tamen</strong></span> <span class='ocrx_word' id='word_1_597' title='bbox 1830 4660 1889 4734; x_wconf 83' lang='lat' dir='ltr'><strong>D</strong></span> <span class='ocrx_word' id='word_1_598' title='bbox 1910 4653 2022 4717; x_wconf 91' lang='lat' dir='ltr'><strong>tus,</strong></span> <span class='ocrx_word' id='word_1_599' title='bbox 2049 4645 2269 4703; x_wconf 90' lang='lat' dir='ltr'><strong>noverit</strong></span> <span class='ocrx_word' id='word_1_600' title='bbox 2289 4662 2346 4700; x_wconf 92' lang='lat' dir='ltr'><strong>se</strong></span> <span class='ocrx_word' id='word_1_601' title='bbox 2363 4644 2659 4715; x_wconf 86' lang='lat' dir='ltr'><strong>nullalege</strong></span> <span class='ocrx_word' id='word_1_602' title='bbox 2677 4643 2761 4699; x_wconf 91' lang='lat' dir='ltr'><strong>vel</strong></span> <span class='ocrx_word' id='word_1_603' title='bbox 2783 4643 3212 4714; x_wconf 86' lang='lat' dir='ltr'><strong>prascriptione</strong></span> <span class='ocrx_word' id='word_1_604' title='bbox 3229 4645 3540 4712; x_wconf 88' lang='lat' dir='ltr'><strong>munitum,</strong></span> 
     </span>
    </p>
   </div>
   <div class='ocr_carea' id='block_1_91' title="bbox 178 4738 1808 4811">
    <p class='ocr_par' dir='ltr' id='par_1_91' title="bbox 178 4738 1808 4811">
     <span class='ocr_line' id='line_1_91' title="bbox 178 4738 1808 4811; baseline 0.001 -17"><span class='ocrx_word' id='word_1_605' title='bbox 178 4740 326 4811; x_wconf 87' lang='lat' dir='ltr'><strong>quod</strong></span> <span class='ocrx_word' id='word_1_606' title='bbox 357 4738 604 4794; x_wconf 92' lang='lat' dir='ltr'><strong>occurrit</strong></span> <span class='ocrx_word' id='word_1_607' title='bbox 633 4739 954 4794; x_wconf 90' lang='lat' dir='ltr'><strong>venerando</strong></span> <span class='ocrx_word' id='word_1_608' title='bbox 980 4739 1164 4793; x_wconf 89' lang='lat' dir='ltr'><strong>ordini</strong></span> <span class='ocrx_word' id='word_1_609' title='bbox 1192 4743 1377 4793; x_wconf 88' lang='lat' dir='ltr'><strong>vestro</strong></span> <span class='ocrx_word' id='word_1_610' title='bbox 1405 4739 1670 4794; x_wconf 87' lang='lat' dir='ltr'><strong>intimare</strong></span> <span class='ocrx_word' id='word_1_611' title='bbox 1692 4758 1808 4796; x_wconf 93' lang='lat' dir='ltr'><strong>non</strong></span> 
     </span>
    </p>
   </div>
   <div class='ocr_carea' id='block_1_92' title="bbox 179 4833 1813 4906">
    <p class='ocr_par' dir='ltr' id='par_1_92' title="bbox 179 4833 1813 4906">
     <span class='ocr_line' id='line_1_92' title="bbox 179 4833 1813 4906; baseline 0.002 -19"><span class='ocrx_word' id='word_1_612' title='bbox 179 4833 402 4889; x_wconf 71' lang='lat' dir='ltr'><strong>differo.</strong></span> <span class='ocrx_word' id='word_1_613' title='bbox 434 4833 715 4887; x_wconf 87' lang='lat' dir='ltr'><strong>Dixerunt</strong></span> <span class='ocrx_word' id='word_1_614' title='bbox 743 4834 894 4887; x_wconf 91' lang='lat' dir='ltr'><strong>inter</strong></span> <span class='ocrx_word' id='word_1_615' title='bbox 917 4834 1028 4888; x_wconf 89' lang='lat' dir='ltr'><strong>alia</strong></span> <span class='ocrx_word' id='word_1_616' title='bbox 1053 4833 1390 4904; x_wconf 88' lang='lat' dir='ltr'><strong>scripturam</strong></span> <span class='ocrx_word' id='word_1_617' title='bbox 1408 4834 1720 4906; x_wconf 89' lang='lat' dir='ltr'><strong>quamdam</strong></span> <span class='ocrx_word' id='word_1_618' title='bbox 1743 4836 1813 4890; x_wconf 87' lang='lat' dir='ltr'><strong>il-</strong></span> 
     </span>
    </p>
   </div>
   <div class='ocr_carea' id='block_1_93' title="bbox 178 4926 1812 4999">
    <p class='ocr_par' dir='ltr' id='par_1_93' title="bbox 178 4926 1812 4999">
     <span class='ocr_line' id='line_1_93' title="bbox 178 4926 1812 4999; baseline 0.002 -17"><span class='ocrx_word' id='word_1_619' title='bbox 178 4927 373 4982; x_wconf 90' lang='lat' dir='ltr'><strong>lustris</strong></span> <span class='ocrx_word' id='word_1_620' title='bbox 423 4926 718 4982; x_wconf 90' lang='lat' dir='ltr'><strong>memoria</strong></span> <span class='ocrx_word' id='word_1_621' title='bbox 758 4927 1024 4981; x_wconf 88' lang='lat' dir='ltr'><strong>Basilium</strong></span> <span class='ocrx_word' id='word_1_622' title='bbox 1059 4927 1220 4999; x_wconf 89' lang='lat' dir='ltr'><strong>quasi</strong></span> <span class='ocrx_word' id='word_1_623' title='bbox 1263 4944 1370 4999; x_wconf 90' lang='lat' dir='ltr'><strong>per</strong></span> <span class='ocrx_word' id='word_1_624' title='bbox 1422 4929 1812 4985; x_wconf 86' lang='lat' dir='ltr'><strong>ecclesiastica</strong></span> 
     </span>
    </p>
   </div>
   <div class='ocr_carea' id='block_1_94' title="bbox 180 5019 1809 5092">
    <p class='ocr_par' dir='ltr' id='par_1_94' title="bbox 180 5019 1809 5092">
     <span class='ocr_line' id='line_1_94' title="bbox 180 5019 1809 5092; baseline 0.002 -17"><span class='ocrx_word' id='word_1_625' title='bbox 180 5037 378 5075; x_wconf 88' lang='lat' dir='ltr'><strong>amore</strong></span> <span class='ocrx_word' id='word_1_626' title='bbox 427 5019 755 5074; x_wconf 87' lang='lat' dir='ltr'><strong>substantia</strong></span> <span class='ocrx_word' id='word_1_627' title='bbox 800 5020 1220 5091; x_wconf 90' lang='lat' dir='ltr'><strong>conscripsisse,</strong></span> <span class='ocrx_word' id='word_1_628' title='bbox 1252 5021 1309 5074; x_wconf 91' lang='lat' dir='ltr'><strong>in</strong></span> <span class='ocrx_word' id='word_1_629' title='bbox 1339 5037 1450 5092; x_wconf 91' lang='lat' dir='ltr'><strong>qua</strong></span> <span class='ocrx_word' id='word_1_630' title='bbox 1477 5023 1666 5076; x_wconf 91' lang='lat' dir='ltr'><strong>nullus</strong></span> <span class='ocrx_word' id='word_1_631' title='bbox 1696 5023 1809 5078; x_wconf 83' lang='lat' dir='ltr'><strong>Bo-</strong></span> 
     </span>
    </p>
   </div>
   <div class='ocr_carea' id='block_1_95' title="bbox 180 5113 1814 5186">
    <p class='ocr_par' dir='ltr' id='par_1_95' title="bbox 180 5113 1814 5186">
     <span class='ocr_line' id='line_1_95' title="bbox 180 5113 1814 5186; baseline 0.002 -17"><span class='ocrx_word' id='word_1_632' title='bbox 180 5131 362 5170; x_wconf 84' lang='lat' dir='ltr'><strong>mana</strong></span> <span class='ocrx_word' id='word_1_633' title='bbox 386 5113 649 5169; x_wconf 87' lang='lat' dir='ltr'><strong>Ecclesia</strong></span> <span class='ocrx_word' id='word_1_634' title='bbox 670 5131 775 5169; x_wconf 92' lang='lat' dir='ltr'><strong>nec</strong></span> <span class='ocrx_word' id='word_1_635' title='bbox 801 5114 1078 5183; x_wconf 88' lang='lat' dir='ltr'><strong>interfuit,</strong></span> <span class='ocrx_word' id='word_1_636' title='bbox 1108 5132 1212 5171; x_wconf 90' lang='lat' dir='ltr'><strong>nec</strong></span> <span class='ocrx_word' id='word_1_637' title='bbox 1231 5115 1561 5186; x_wconf 84' lang='lat' dir='ltr'><strong>subscripsit</strong></span> <span class='ocrx_word' id='word_1_638' title='bbox 1580 5117 1814 5172; x_wconf 89' lang='lat' dir='ltr'><strong>antistes</strong></span> 
     </span>
    </p>
   </div>
   <div class='ocr_carea' id='block_1_96' title="bbox 181 5208 1815 5282">
    <p class='ocr_par' dir='ltr' id='par_1_96' title="bbox 181 5208 1815 5282">
     <span class='ocr_line' id='line_1_96' title="bbox 181 5208 1815 5282; baseline 0.001 -18"><span class='ocrx_word' id='word_1_639' title='bbox 181 5226 285 5280; x_wconf 88' lang='lat' dir='ltr'><strong>per</strong></span> <span class='ocrx_word' id='word_1_640' title='bbox 308 5225 486 5282; x_wconf 92' lang='lat' dir='ltr'><strong>quem</strong></span> <span class='ocrx_word' id='word_1_641' title='bbox 513 5208 792 5280; x_wconf 88' lang='lat' dir='ltr'><strong>potuisset</strong></span> <span class='ocrx_word' id='word_1_642' title='bbox 810 5209 997 5265; x_wconf 89' lang='lat' dir='ltr'><strong>sortiri</strong></span> <span class='ocrx_word' id='word_1_643' title='bbox 1023 5209 1344 5282; x_wconf 86' lang='lat' dir='ltr'><strong>legitimam</strong></span> <span class='ocrx_word' id='word_1_644' title='bbox 1361 5209 1712 5266; x_wconf 84' lang='lat' dir='ltr'><strong>ﬁrmitatem.</strong></span> <span class='ocrx_word' id='word_1_645' title='bbox 1738 5212 1815 5266; x_wconf 86' lang='lat' dir='ltr'><strong>Ne</strong></span> 
     </span>
    </p>
   </div>
   <div class='ocr_carea' id='block_1_97' title="bbox 181 5303 1816 5376">
    <p class='ocr_par' dir='ltr' id='par_1_97' title="bbox 181 5303 1816 5376">
     <span class='ocr_line' id='line_1_97' title="bbox 181 5303 1816 5376; baseline 0.001 -18"><span class='ocrx_word' id='word_1_646' title='bbox 181 5319 288 5375; x_wconf 88' lang='lat' dir='ltr'><strong>ego</strong></span> <span class='ocrx_word' id='word_1_647' title='bbox 333 5303 470 5358; x_wconf 90' lang='lat' dir='ltr'><strong>inde</strong></span> <span class='ocrx_word' id='word_1_648' title='bbox 513 5303 820 5373; x_wconf 89' lang='lat' dir='ltr'><strong>disputem,</strong></span> <span class='ocrx_word' id='word_1_649' title='bbox 859 5303 1015 5358; x_wconf 89' lang='lat' dir='ltr'><strong>unde</strong></span> <span class='ocrx_word' id='word_1_650' title='bbox 1055 5307 1240 5376; x_wconf 91' lang='lat' dir='ltr'><strong>potest</strong></span> <span class='ocrx_word' id='word_1_651' title='bbox 1283 5307 1532 5360; x_wconf 90' lang='lat' dir='ltr'><strong>vestrum</strong></span> <span class='ocrx_word' id='word_1_652' title='bbox 1563 5305 1816 5376; x_wconf 90' lang='lat' dir='ltr'><strong>judicare</strong></span> 
     </span>
    </p>
   </div>
   <div class='ocr_carea' id='block_1_98' title="bbox 182 5395 1818 5468">
    <p class='ocr_par' dir='ltr' id='par_1_98' title="bbox 182 5395 1818 5468">
     <span class='ocr_line' id='line_1_98' title="bbox 182 5395 1818 5468; baseline 0.001 -16"><span class='ocrx_word' id='word_1_653' title='bbox 182 5395 493 5452; x_wconf 89' lang='lat' dir='ltr'><strong>concilium</strong></span> <span class='ocrx_word' id='word_1_654' title='bbox 533 5396 862 5468; x_wconf 82' lang='lat' dir='ltr'><strong>requiratur</strong></span> <span class='ocrx_word' id='word_1_655' title='bbox 905 5402 962 5453; x_wconf 91' lang='lat' dir='ltr'><strong>et</strong></span> <span class='ocrx_word' id='word_1_656' title='bbox 1005 5397 1298 5454; x_wconf 84' lang='lat' dir='ltr'><strong>deferatur</strong></span> <span class='ocrx_word' id='word_1_657' title='bbox 1340 5399 1399 5453; x_wconf 92' lang='lat' dir='ltr'><strong>in</strong></span> <span class='ocrx_word' id='word_1_658' title='bbox 1450 5399 1726 5468; x_wconf 92' lang='lat' dir='ltr'><strong>medium,</strong></span> <span class='ocrx_word' id='word_1_659' title='bbox 1756 5403 1818 5454; x_wconf 91' lang='lat' dir='ltr'><strong>ut</strong></span> 
     </span>
    </p>
   </div>
   <div class='ocr_carea' id='block_1_99' title="bbox 181 5489 1815 5564">
    <p class='ocr_par' dir='ltr' id='par_1_99' title="bbox 181 5489 1815 5564">
     <span class='ocr_line' id='line_1_99' title="bbox 181 5489 1815 5564; baseline 0.002 -18"><span class='ocrx_word' id='word_1_660' title='bbox 181 5490 432 5547; x_wconf 91' lang='lat' dir='ltr'><strong>lectione</strong></span> <span class='ocrx_word' id='word_1_661' title='bbox 453 5489 779 5563; x_wconf 86' lang='lat' dir='ltr'><strong>agnoscatis</strong></span> <span class='ocrx_word' id='word_1_662' title='bbox 796 5492 1116 5562; x_wconf 86' lang='lat' dir='ltr'><strong>cujusmodi</strong></span> <span class='ocrx_word' id='word_1_663' title='bbox 1131 5493 1312 5564; x_wconf 88' lang='lat' dir='ltr'><strong>possit</strong></span> <span class='ocrx_word' id='word_1_664' title='bbox 1326 5493 1535 5549; x_wconf 89' lang='lat' dir='ltr'><strong>habere</strong></span> <span class='ocrx_word' id='word_1_665' title='bbox 1550 5497 1815 5550; x_wconf 88' lang='lat' dir='ltr'><strong>constan-</strong></span> 
     </span>
    </p>
   </div>
   <div class='ocr_carea' id='block_1_100' title="bbox 181 5585 1820 5657">
    <p class='ocr_par' dir='ltr' id='par_1_100' title="bbox 181 5585 1820 5657">
     <span class='ocr_line' id='line_1_100' title="bbox 181 5585 1820 5657; baseline 0.003 -18"><span class='ocrx_word' id='word_1_666' title='bbox 181 5587 346 5640; x_wconf 92' lang='lat' dir='ltr'><strong>tiam.</strong></span> <span class='ocrx_word' id='word_1_667' title='bbox 381 5585 588 5641; x_wconf 88' lang='lat' dir='ltr'><strong>Sancta</strong></span> <span class='ocrx_word' id='word_1_668' title='bbox 616 5585 865 5657; x_wconf 78' lang='lat' dir='ltr'><strong>synodus</strong></span> <span class='ocrx_word' id='word_1_669' title='bbox 895 5586 1196 5657; x_wconf 89' lang='lat' dir='ltr'><strong>respondit</strong></span> <span class='ocrx_word' id='word_1_670' title='bbox 1233 5604 1245 5641; x_wconf 91' lang='lat'><strong>:</strong></span> <span class='ocrx_word' id='word_1_671' title='bbox 1277 5588 1578 5643; x_wconf 87' lang='lat' dir='ltr'><strong>Deferatur</strong></span> <span class='ocrx_word' id='word_1_672' title='bbox 1607 5589 1666 5643; x_wconf 91' lang='lat' dir='ltr'><strong>in</strong></span> <span class='ocrx_word' id='word_1_673' title='bbox 1705 5605 1820 5644; x_wconf 89' lang='lat' dir='ltr'><strong>me-</strong></span> 
     </span>
    </p>
   </div>
   <div class='ocr_carea' id='block_1_101' title="bbox 182 5678 1823 5752">
    <p class='ocr_par' dir='ltr' id='par_1_101' title="bbox 182 5678 1823 5752">
     <span class='ocr_line' id='line_1_101' title="bbox 182 5678 1823 5752; baseline 0.003 -18"><span class='ocrx_word' id='word_1_674' title='bbox 182 5678 367 5748; x_wconf 90' lang='lat' dir='ltr'><strong>dium,</strong></span> <span class='ocrx_word' id='word_1_675' title='bbox 391 5681 455 5734; x_wconf 91' lang='lat' dir='ltr'><strong>ut</strong></span> <span class='ocrx_word' id='word_1_676' title='bbox 475 5679 797 5751; x_wconf 91' lang='lat' dir='ltr'><strong>cujusmodi</strong></span> <span class='ocrx_word' id='word_1_677' title='bbox 823 5680 896 5735; x_wconf 90' lang='lat' dir='ltr'><strong>sit</strong></span> <span class='ocrx_word' id='word_1_678' title='bbox 915 5679 1096 5752; x_wconf 89' lang='lat' dir='ltr'><strong>possit</strong></span> <span class='ocrx_word' id='word_1_679' title='bbox 1121 5681 1375 5752; x_wconf 88' lang='lat' dir='ltr'><strong>agnosci.</strong></span> <span class='ocrx_word' id='word_1_680' title='bbox 1408 5684 1477 5737; x_wconf 92' lang='lat' dir='ltr'><strong>Et</strong></span> <span class='ocrx_word' id='word_1_681' title='bbox 1507 5682 1646 5737; x_wconf 91' lang='lat' dir='ltr'><strong>dum</strong></span> <span class='ocrx_word' id='word_1_682' title='bbox 1677 5683 1823 5739; x_wconf 86' lang='lat' dir='ltr'><strong>dice-</strong></span> 
     </span>
    </p>
   </div>
   <div class='ocr_carea' id='block_1_102' title="bbox 183 5773 1209 5830">
    <p class='ocr_par' dir='ltr' id='par_1_102' title="bbox 183 5773 1209 5830">
     <span class='ocr_line' id='line_1_102' title="bbox 183 5773 1209 5830; baseline 0.003 -3"><span class='ocrx_word' id='word_1_683' title='bbox 183 5779 272 5829; x_wconf 86' lang='lat' dir='ltr'><strong>ret</strong></span> <span class='ocrx_word' id='word_1_684' title='bbox 299 5773 599 5828; x_wconf 85' lang='lat' dir='ltr'><strong>Hormisda</strong></span> <span class='ocrx_word' id='word_1_685' title='bbox 631 5773 904 5830; x_wconf 89' lang='lat' dir='ltr'><strong>diaconus</strong></span> <span class='ocrx_word' id='word_1_686' title='bbox 932 5774 1209 5830; x_wconf 88' lang='lat' dir='ltr'><strong>recitavit.</strong></span> 
     </span>
    </p>
   </div>
   <div class='ocr_carea' id='block_1_103' title="bbox 254 5867 1820 5944">
    <p class='ocr_par' dir='ltr' id='par_1_103' title="bbox 254 5867 1820 5944">
     <span class='ocr_line' id='line_1_103' title="bbox 254 5867 1820 5944; baseline 0.003 -22"><span class='ocrx_word' id='word_1_687' title='bbox 254 5867 400 5922; x_wconf 90' lang='lat' dir='ltr'><strong>Cum</strong></span> <span class='ocrx_word' id='word_1_688' title='bbox 450 5868 510 5922; x_wconf 91' lang='lat' dir='ltr'><strong>in</strong></span> <span class='ocrx_word' id='word_1_689' title='bbox 555 5883 740 5923; x_wconf 90' lang='lat' dir='ltr'><strong>unum</strong></span> <span class='ocrx_word' id='word_1_690' title='bbox 778 5869 931 5940; x_wconf 91' lang='lat' dir='ltr'><strong>apud</strong></span> <span class='ocrx_word' id='word_1_691' title='bbox 972 5868 1208 5924; x_wconf 90' lang='lat' dir='ltr'><strong>beatum</strong></span> <span class='ocrx_word' id='word_1_692' title='bbox 1237 5871 1468 5927; x_wconf 90' lang='lat' dir='ltr'><strong>Petrum</strong></span> <span class='ocrx_word' id='word_1_693' title='bbox 1496 5873 1820 5944; x_wconf 88' lang='lat' dir='ltr'><strong>apostolum</strong></span> 
     </span>
    </p>
   </div>
   <div class='ocr_carea' id='block_1_104' title="bbox 185 5961 1824 6036">
    <p class='ocr_par' dir='ltr' id='par_1_104' title="bbox 185 5961 1824 6036">
     <span class='ocr_line' id='line_1_104' title="bbox 185 5961 1824 6036; baseline 0.003 -19"><span class='ocrx_word' id='word_1_694' title='bbox 185 5961 509 6033; x_wconf 87' lang='lat' dir='ltr'><strong>resedisset,</strong></span> <span class='ocrx_word' id='word_1_695' title='bbox 537 5961 791 6018; x_wconf 87' lang='lat' dir='ltr'><strong>sublimis</strong></span> <span class='ocrx_word' id='word_1_696' title='bbox 816 5967 872 6018; x_wconf 91' lang='lat' dir='ltr'><strong>et</strong></span> <span class='ocrx_word' id='word_1_697' title='bbox 899 5962 1382 6020; x_wconf 87' lang='lat' dir='ltr'><strong>eminentissimus</strong></span> <span class='ocrx_word' id='word_1_698' title='bbox 1411 5965 1497 6018; x_wconf 89' lang='lat' dir='ltr'><strong>vir</strong></span> <span class='ocrx_word' id='word_1_699' title='bbox 1523 5966 1824 6036; x_wconf 79' lang='lat' dir='ltr'><strong>praefectus</strong></span> 
     </span>
    </p>
   </div>
   <div class='ocr_carea' id='block_1_105' title="bbox 1911 4736 3546 4812">
    <p class='ocr_par' dir='ltr' id='par_1_105' title="bbox 1911 4736 3546 4812">
     <span class='ocr_line' id='line_1_105' title="bbox 1911 4736 3546 4812; baseline -0.003 -15"><span class='ocrx_word' id='word_1_700' title='bbox 1911 4743 2014 4797; x_wconf 90' lang='lat' dir='ltr'><strong>sed</strong></span> <span class='ocrx_word' id='word_1_701' title='bbox 2037 4742 2152 4797; x_wconf 89' lang='lat' dir='ltr'><strong>sive</strong></span> <span class='ocrx_word' id='word_1_702' title='bbox 2185 4741 2231 4796; x_wconf 89' lang='lat' dir='ltr'><strong>is</strong></span> <span class='ocrx_word' id='word_1_703' title='bbox 2259 4739 2356 4812; x_wconf 89' lang='lat' dir='ltr'><strong>qui</strong></span> <span class='ocrx_word' id='word_1_704' title='bbox 2402 4737 2748 4806; x_wconf 89' lang='lat' dir='ltr'><strong>alienaverit,</strong></span> <span class='ocrx_word' id='word_1_705' title='bbox 2781 4736 2896 4792; x_wconf 90' lang='lat' dir='ltr'><strong>sive</strong></span> <span class='ocrx_word' id='word_1_706' title='bbox 2926 4752 3058 4792; x_wconf 87' lang='lat' dir='ltr'><strong>eum</strong></span> <span class='ocrx_word' id='word_1_707' title='bbox 3089 4737 3188 4807; x_wconf 91' lang='lat' dir='ltr'><strong>qui</strong></span> <span class='ocrx_word' id='word_1_708' title='bbox 3215 4737 3546 4807; x_wconf 87' lang='lat' dir='ltr'><strong>frequenter</strong></span> 
     </span>
    </p>
   </div>
   <div class='ocr_carea' id='block_1_106' title="bbox 1912 4827 3545 4904">
    <p class='ocr_par' dir='ltr' id='par_1_106' title="bbox 1912 4827 3545 4904">
     <span class='ocr_line' id='line_1_106' title="bbox 1912 4827 3545 4904; baseline -0.005 -12"><span class='ocrx_word' id='word_1_709' title='bbox 1912 4836 2269 4891; x_wconf 91' lang='lat' dir='ltr'><strong>etvoluntate</strong></span> <span class='ocrx_word' id='word_1_710' title='bbox 2289 4833 2569 4889; x_wconf 88' lang='lat' dir='ltr'><strong>contraria</strong></span> <span class='ocrx_word' id='word_1_711' title='bbox 2587 4831 2868 4904; x_wconf 87' lang='lat' dir='ltr'><strong>pradium</strong></span> <span class='ocrx_word' id='word_1_712' title='bbox 2891 4827 3545 4902; x_wconf 85' lang='lat' dir='ltr'><strong>hujusmodialienatum</strong></span> 
     </span>
    </p>
   </div>
   <div class='ocr_carea' id='block_1_107' title="bbox 1913 4921 3543 4998">
    <p class='ocr_par' dir='ltr' id='par_1_107' title="bbox 1913 4921 3543 4998">
     <span class='ocr_line' id='line_1_107' title="bbox 1913 4921 3543 4998; baseline -0.004 -13"><span class='ocrx_word' id='word_1_713' title='bbox 1913 4947 2175 4986; x_wconf 89' lang='lat' dir='ltr'><strong>revocare</strong></span> <span class='ocrx_word' id='word_1_714' title='bbox 2207 4927 2530 4998; x_wconf 82' lang='lat' dir='ltr'><strong>tentaverit,</strong></span> <span class='ocrx_word' id='word_1_715' title='bbox 2560 4926 2614 4982; x_wconf 91' lang='lat' dir='ltr'><strong>id</strong></span> <span class='ocrx_word' id='word_1_716' title='bbox 2656 4941 2786 4981; x_wconf 91' lang='lat' dir='ltr'><strong>cum</strong></span> <span class='ocrx_word' id='word_1_717' title='bbox 2825 4923 3101 4979; x_wconf 89' lang='lat' dir='ltr'><strong>fructibus</strong></span> <span class='ocrx_word' id='word_1_718' title='bbox 3131 4921 3412 4992; x_wconf 88' lang='lat' dir='ltr'><strong>restituat,</strong></span> <span class='ocrx_word' id='word_1_719' title='bbox 3444 4923 3543 4994; x_wconf 92' lang='lat' dir='ltr'><strong>qui</strong></span> 
     </span>
    </p>
   </div>
   <div class='ocr_carea' id='block_1_108' title="bbox 1913 5016 3546 5089">
    <p class='ocr_par' dir='ltr' id='par_1_108' title="bbox 1913 5016 3546 5089">
     <span class='ocr_line' id='line_1_108' title="bbox 1913 5016 3546 5089; baseline -0.006 -8"><span class='ocrx_word' id='word_1_720' title='bbox 1913 5025 2054 5080; x_wconf 92' lang='lat' dir='ltr'><strong>illud</strong></span> <span class='ocrx_word' id='word_1_721' title='bbox 2095 5023 2268 5080; x_wconf 89' lang='lat' dir='ltr'><strong>fuerit</strong></span> <span class='ocrx_word' id='word_1_722' title='bbox 2309 5024 2667 5079; x_wconf 89' lang='lat' dir='ltr'><strong>consecutus.</strong></span> <span class='ocrx_word' id='word_1_723' title='bbox 2706 5022 2775 5075; x_wconf 92' lang='lat' dir='ltr'><strong>Et</strong></span> <span class='ocrx_word' id='word_1_724' title='bbox 2804 5035 2937 5075; x_wconf 89' lang='lat' dir='ltr'><strong>cum</strong></span> <span class='ocrx_word' id='word_1_725' title='bbox 2974 5019 3194 5089; x_wconf 83' lang='lat' dir='ltr'><strong>legeret</strong></span> <span class='ocrx_word' id='word_1_726' title='bbox 3221 5016 3546 5088; x_wconf 84' lang='lat' dir='ltr'><strong>Stephanus</strong></span> 
     </span>
    </p>
   </div>
   <div class='ocr_carea' id='block_1_109' title="bbox 1915 5114 3544 5191">
    <p class='ocr_par' dir='ltr' id='par_1_109' title="bbox 1915 5114 3544 5191">
     <span class='ocr_line' id='line_1_109' title="bbox 1915 5114 3544 5191; baseline -0.004 -17"><span class='ocrx_word' id='word_1_727' title='bbox 1915 5119 2214 5191; x_wconf 90' lang='lat' dir='ltr'><strong>episcopus</strong></span> <span class='ocrx_word' id='word_1_728' title='bbox 2241 5118 2561 5174; x_wconf 84' lang='lat' dir='ltr'><strong>Venusinus</strong></span> <span class='ocrx_word' id='word_1_729' title='bbox 2594 5114 2849 5172; x_wconf 86' lang='lat' dir='ltr'><strong>Ecclesia</strong></span> <span class='ocrx_word' id='word_1_730' title='bbox 2889 5129 3149 5185; x_wconf 88' lang='lat' dir='ltr'><strong>surgens,</strong></span> <span class='ocrx_word' id='word_1_731' title='bbox 3199 5129 3228 5167; x_wconf 89' lang='lat' dir='ltr'><strong>e</strong></span> <span class='ocrx_word' id='word_1_732' title='bbox 3259 5127 3544 5182; x_wconf 88' lang='lat' dir='ltr'><strong>consessu,</strong></span> 
     </span>
    </p>
   </div>
   <div class='ocr_carea' id='block_1_110' title="bbox 1915 5207 3546 5285">
    <p class='ocr_par' dir='ltr' id='par_1_110' title="bbox 1915 5207 3546 5285">
     <span class='ocr_line' id='line_1_110' title="bbox 1915 5207 3546 5285; baseline -0.002 -17"><span class='ocrx_word' id='word_1_733' title='bbox 1915 5213 2076 5282; x_wconf 83' lang='lat' dir='ltr'><strong>dixit,</strong></span> <span class='ocrx_word' id='word_1_734' title='bbox 2117 5213 2467 5285; x_wconf 88' lang='lat' dir='ltr'><strong>perlegatur.</strong></span> <span class='ocrx_word' id='word_1_735' title='bbox 2507 5211 2804 5267; x_wconf 85' lang='lat' dir='ltr'><strong>Hormisda</strong></span> <span class='ocrx_word' id='word_1_736' title='bbox 2843 5209 3113 5265; x_wconf 89' lang='lat' dir='ltr'><strong>diaconus</strong></span> <span class='ocrx_word' id='word_1_737' title='bbox 3151 5207 3292 5279; x_wconf 90' lang='lat' dir='ltr'><strong>legit</strong></span> <span class='ocrx_word' id='word_1_738' title='bbox 3322 5223 3335 5262; x_wconf 91' lang='lat'><strong>:</strong></span> <span class='ocrx_word' id='word_1_739' title='bbox 3363 5208 3546 5272; x_wconf 85' lang='lat' dir='ltr'><strong>Quam</strong></span> 
     </span>
    </p>
   </div>
   <div class='ocr_carea' id='block_1_111' title="bbox 1917 5301 3544 5378">
    <p class='ocr_par' dir='ltr' id='par_1_111' title="bbox 1917 5301 3544 5378">
     <span class='ocr_line' id='line_1_111' title="bbox 1917 5301 3544 5378; baseline -0.002 -16"><span class='ocrx_word' id='word_1_740' title='bbox 1917 5307 2093 5362; x_wconf 90' lang='lat' dir='ltr'><strong>etiam</strong></span> <span class='ocrx_word' id='word_1_741' title='bbox 2132 5323 2360 5378; x_wconf 86' lang='lat' dir='ltr'><strong>poenam</strong></span> <span class='ocrx_word' id='word_1_742' title='bbox 2401 5305 2612 5377; x_wconf 89' lang='lat' dir='ltr'><strong>placuit</strong></span> <span class='ocrx_word' id='word_1_743' title='bbox 2654 5304 2984 5376; x_wconf 86' lang='lat' dir='ltr'><strong>accipientis</strong></span> <span class='ocrx_word' id='word_1_744' title='bbox 3027 5301 3284 5358; x_wconf 88' lang='lat' dir='ltr'><strong>haredes</strong></span> <span class='ocrx_word' id='word_1_745' title='bbox 3321 5301 3544 5374; x_wconf 87' lang='lat' dir='ltr'><strong>proha-</strong></span> 
     </span>
    </p>
   </div>
   <div class='ocr_carea' id='block_1_112' title="bbox 1918 5396 3548 5472">
    <p class='ocr_par' dir='ltr' id='par_1_112' title="bbox 1918 5396 3548 5472">
     <span class='ocr_line' id='line_1_112' title="bbox 1918 5396 3548 5472; baseline -0.002 -16"><span class='ocrx_word' id='word_1_746' title='bbox 1918 5401 2195 5472; x_wconf 88' lang='lat' dir='ltr'><strong>redesque</strong></span> <span class='ocrx_word' id='word_1_747' title='bbox 2247 5399 2547 5471; x_wconf 87' lang='lat' dir='ltr'><strong>respicere,</strong></span> <span class='ocrx_word' id='word_1_748' title='bbox 2597 5399 2656 5453; x_wconf 92' lang='lat' dir='ltr'><strong>in</strong></span> <span class='ocrx_word' id='word_1_749' title='bbox 2697 5414 2810 5469; x_wconf 89' lang='lat' dir='ltr'><strong>qua</strong></span> <span class='ocrx_word' id='word_1_750' title='bbox 2851 5415 2911 5452; x_wconf 90' lang='lat' dir='ltr'><strong>re</strong></span> <span class='ocrx_word' id='word_1_751' title='bbox 2946 5397 3181 5452; x_wconf 87' lang='lat' dir='ltr'><strong>cuilibet</strong></span> <span class='ocrx_word' id='word_1_752' title='bbox 3209 5396 3548 5454; x_wconf 88' lang='lat' dir='ltr'><strong>clericorum</strong></span> 
     </span>
    </p>
   </div>
   <div class='ocr_carea' id='block_1_113' title="bbox 1918 5490 3550 5563">
    <p class='ocr_par' dir='ltr' id='par_1_113' title="bbox 1918 5490 3550 5563">
     <span class='ocr_line' id='line_1_113' title="bbox 1918 5490 3550 5563; baseline -0.002 -13"><span class='ocrx_word' id='word_1_753' title='bbox 1918 5493 2344 5550; x_wconf 89' lang='lat' dir='ltr'><strong>contradicendi</strong></span> <span class='ocrx_word' id='word_1_754' title='bbox 2379 5493 2562 5548; x_wconf 88' lang='lat' dir='ltr'><strong>libera</strong></span> <span class='ocrx_word' id='word_1_755' title='bbox 2589 5492 2660 5547; x_wconf 92' lang='lat' dir='ltr'><strong>sit</strong></span> <span class='ocrx_word' id='word_1_756' title='bbox 2683 5491 2948 5562; x_wconf 83' lang='lat' dir='ltr'><strong>facultas;</strong></span> <span class='ocrx_word' id='word_1_757' title='bbox 2982 5490 3247 5563; x_wconf 91' lang='lat' dir='ltr'><strong>iniquum</strong></span> <span class='ocrx_word' id='word_1_758' title='bbox 3283 5495 3369 5544; x_wconf 88' lang='lat' dir='ltr'><strong>est</strong></span> <span class='ocrx_word' id='word_1_759' title='bbox 3394 5493 3550 5546; x_wconf 89' lang='lat' dir='ltr'><strong>enim</strong></span> 
     </span>
    </p>
   </div>
   <div class='ocr_carea' id='block_1_114' title="bbox 1921 5584 3551 5659">
    <p class='ocr_par' dir='ltr' id='par_1_114' title="bbox 1921 5584 3551 5659">
     <span class='ocr_line' id='line_1_114' title="bbox 1921 5584 3551 5659; baseline -0.002 -15"><span class='ocrx_word' id='word_1_760' title='bbox 1921 5593 1979 5644; x_wconf 90' lang='lat' dir='ltr'><strong>et</strong></span> <span class='ocrx_word' id='word_1_761' title='bbox 2014 5587 2294 5659; x_wconf 86' lang='lat' dir='ltr'><strong>sacrilegii</strong></span> <span class='ocrx_word' id='word_1_762' title='bbox 2330 5587 2531 5658; x_wconf 86' lang='lat' dir='ltr'><strong>instar,</strong></span> <span class='ocrx_word' id='word_1_763' title='bbox 2582 5591 2645 5640; x_wconf 89' lang='lat' dir='ltr'><strong>ut</strong></span> <span class='ocrx_word' id='word_1_764' title='bbox 2673 5601 2802 5658; x_wconf 86' lang='lat' dir='ltr'><strong>qua</strong></span> <span class='ocrx_word' id='word_1_765' title='bbox 2831 5584 2919 5640; x_wconf 85' lang='lat' dir='ltr'><strong>vel</strong></span> <span class='ocrx_word' id='word_1_766' title='bbox 2947 5601 3052 5656; x_wconf 92' lang='lat' dir='ltr'><strong>pro</strong></span> <span class='ocrx_word' id='word_1_767' title='bbox 3077 5585 3276 5652; x_wconf 90' lang='lat' dir='ltr'><strong>salute,</strong></span> <span class='ocrx_word' id='word_1_768' title='bbox 3330 5585 3415 5638; x_wconf 90' lang='lat' dir='ltr'><strong>vel</strong></span> <span class='ocrx_word' id='word_1_769' title='bbox 3446 5601 3551 5655; x_wconf 90' lang='lat' dir='ltr'><strong>pro</strong></span> 
     </span>
    </p>
   </div>
   <div class='ocr_carea' id='block_1_115' title="bbox 1922 5677 3554 5755">
    <p class='ocr_par' dir='ltr' id='par_1_115' title="bbox 1922 5677 3554 5755">
     <span class='ocr_line' id='line_1_115' title="bbox 1922 5677 3554 5755; baseline -0.003 -17"><span class='ocrx_word' id='word_1_770' title='bbox 1922 5682 2118 5755; x_wconf 90' lang='lat' dir='ltr'><strong>requie</strong></span> <span class='ocrx_word' id='word_1_771' title='bbox 2155 5681 2480 5737; x_wconf 87' lang='lat' dir='ltr'><strong>animarum</strong></span> <span class='ocrx_word' id='word_1_772' title='bbox 2529 5696 2759 5735; x_wconf 87' lang='lat' dir='ltr'><strong>suarum</strong></span> <span class='ocrx_word' id='word_1_773' title='bbox 2809 5679 3200 5751; x_wconf 89' lang='lat' dir='ltr'><strong>unusquisque</strong></span> <span class='ocrx_word' id='word_1_774' title='bbox 3246 5677 3554 5733; x_wconf 88' lang='lat' dir='ltr'><strong>venerabili</strong></span> 
     </span>
    </p>
   </div>
   <div class='ocr_carea' id='block_1_116' title="bbox 1920 5772 3550 5848">
    <p class='ocr_par' dir='ltr' id='par_1_116' title="bbox 1920 5772 3550 5848">
     <span class='ocr_line' id='line_1_116' title="bbox 1920 5772 3550 5848; baseline -0.004 -15"><span class='ocrx_word' id='word_1_775' title='bbox 1920 5776 2179 5833; x_wconf 82' lang='lat' dir='ltr'><strong>Ecclesia</strong></span> <span class='ocrx_word' id='word_1_776' title='bbox 2213 5791 2532 5848; x_wconf 87' lang='lat' dir='ltr'><strong>pauperum</strong></span> <span class='ocrx_word' id='word_1_777' title='bbox 2566 5791 2734 5830; x_wconf 89' lang='lat' dir='ltr'><strong>causa</strong></span> <span class='ocrx_word' id='word_1_778' title='bbox 2768 5772 3097 5841; x_wconf 89' lang='lat' dir='ltr'><strong>contulerit,</strong></span> <span class='ocrx_word' id='word_1_779' title='bbox 3139 5773 3240 5825; x_wconf 85' lang='lat' dir='ltr'><strong>aut</strong></span> <span class='ocrx_word' id='word_1_780' title='bbox 3274 5775 3427 5826; x_wconf 85' lang='lat' dir='ltr'><strong>certe</strong></span> <span class='ocrx_word' id='word_1_781' title='bbox 3458 5788 3550 5826; x_wconf 89' lang='lat' dir='ltr'><strong>re-</strong></span> 
     </span>
    </p>
   </div>
   <div class='ocr_carea' id='block_1_117' title="bbox 1920 5866 3557 5944">
    <p class='ocr_par' dir='ltr' id='par_1_117' title="bbox 1920 5866 3557 5944">
     <span class='ocr_line' id='line_1_117' title="bbox 1920 5866 3557 5944; baseline -0.004 -17"><span class='ocrx_word' id='word_1_782' title='bbox 1920 5871 2173 5944; x_wconf 89' lang='lat' dir='ltr'><strong>liquerit,</strong></span> <span class='ocrx_word' id='word_1_783' title='bbox 2201 5871 2273 5925; x_wconf 88' lang='lat' dir='ltr'><strong>ab</strong></span> <span class='ocrx_word' id='word_1_784' title='bbox 2301 5870 2389 5925; x_wconf 89' lang='lat' dir='ltr'><strong>his</strong></span> <span class='ocrx_word' id='word_1_785' title='bbox 2423 5887 2566 5942; x_wconf 91' lang='lat' dir='ltr'><strong>quos</strong></span> <span class='ocrx_word' id='word_1_786' title='bbox 2595 5869 2846 5925; x_wconf 82' lang='lat' dir='ltr'><strong>maxime</strong></span> <span class='ocrx_word' id='word_1_787' title='bbox 2873 5882 3098 5922; x_wconf 81' lang='lat' dir='ltr'><strong>scrvare</strong></span> <span class='ocrx_word' id='word_1_788' title='bbox 3125 5870 3472 5921; x_wconf 87' lang='lat' dir='ltr'><strong>convenerat</strong></span> <span class='ocrx_word' id='word_1_789' title='bbox 3495 5866 3557 5920; x_wconf 91' lang='lat' dir='ltr'><strong>in</strong></span> 
     </span>
    </p>
   </div>
   <div class='ocr_carea' id='block_1_118' title="bbox 1925 5959 3560 6032">
    <p class='ocr_par' dir='ltr' id='par_1_118' title="bbox 1925 5959 3560 6032">
     <span class='ocr_line' id='line_1_118' title="bbox 1925 5959 3560 6032; baseline -0.004 -10"><span class='ocrx_word' id='word_1_790' title='bbox 1925 5966 2271 6022; x_wconf 87' lang='lat' dir='ltr'><strong>alienitatem</strong></span> <span class='ocrx_word' id='word_1_791' title='bbox 2332 5965 2764 6021; x_wconf 86' lang='lat' dir='ltr'><strong>transferantur.</strong></span> <span class='ocrx_word' id='word_1_792' title='bbox 2841 5962 3008 6016; x_wconf 87' lang='lat' dir='ltr'><strong>Plane</strong></span> <span class='ocrx_word' id='word_1_793' title='bbox 3077 5973 3435 6032; x_wconf 84' lang='lat' dir='ltr'><strong>quacunque</strong></span> <span class='ocrx_word' id='word_1_794' title='bbox 3500 5959 3560 6016; x_wconf 90' lang='lat' dir='ltr'><strong>in</strong></span> 
     </span>
    </p>
   </div>
  </div>
