4040 6314
539 374 606 427 99
1382 370 1666 426 APPEND.
1709 370 1798 425 AD
1836 371 2001 427 S/EC.
2042 372 2131 426 1X.
2160 400 2227 411 —-
2265 370 2505 428 ISIDORI
2540 370 2970 428 MERCATORIS

539 374 606 427 99
1382 374 1666 426 APPEND.
1709 374 1798 425 AD
1836 374 2001 427 SxEC.
2042 374 2131 426 1x.
2160 400 2227 411 —-
2265 374 2505 428 lSlDORl
2540 374 2970 428 MERCATORIS
3734 374 3864 422 1000

409 374 745 556 Λθωωίε
788 495 928 534 auro
968 478 1054 533 vel
1082 479 1339 549 argento,
1380 495 1604 534 necnon
1641 482 1699 534 et
1730 480 1981 534 vestibus
2011 480 2122 534 mi-
2151 481 2380 568 Aquod
2417 481 2559 537 mihi
2599 485 2733 535 esta
2772 482 2883 535 Deo
2927 478 3030 534 sub
3063 476 3439 549 dispositione
3466 475 3864 541 commissum,

503 590 613 627 nus
640 575 771 644 apta
812 572 1006 627 usibus
1053 572 1137 626 vel
1183 571 1411 626 ornatui
1455 572 1708 627 ecclesim
1765 573 2133 641 videbuntur,

505 683 630 738 quae
661 665 874 719 servari
903 681 965 718 ac
995 665 1093 719 diu
1122 674 1360 719 manere
1402 682 1520 720 non
1560 671 1819 737 possunt,
1862 668 1965 722 sub
1986 668 2142 738 justa

507 759 882 814 aestimatione
904 758 1247 825 vendantur,
1267 762 1322 813 et
1343 759 1667 830 erogationi
1692 760 1974 832 religiosae
2002 778 2135 832 pro-

506 853 716 907 ﬁciant.
762 854 1019 923 Cumque
1044 854 1187 906 lecta
1215 853 1458 908 fuissent
1484 854 1847 924 Laurentius,
1881 855 2140 909 Mediola-

507 946 697 1001 nensis
723 946 985 1000 Eeclesiaa
1017 946 1337 1018 episc0pus,
1371 947 1531 1002 dixit.
1566 950 1675 1003 Ista
1704 948 1984 1019 scriptura
2011 950 2138 1003 nul-

507 1040 626 1093 lum
657 1040 930 1094 Romana:
975 1039 1213 1094 civitatis
1261 1040 1450 1111 potuit
1496 1040 1750 1111 obligare
1788 1042 2140 1113 pontiﬁcem,

509 1134 641 1204 quia
670 1150 785 1188 non
813 1133 971 1187 licuit
998 1133 1140 1187 laico
1171 1134 1440 1188 statuenti
1466 1135 1525 1187 in
1556 1134 1801 1189 Ecclesia
1821 1142 2029 1206 praeter
2050 1152 2143 1207 pa-

508 1244 646 1299 pam
693 1228 1012 1282 Romanum
1058 1227 1265 1281 habere
1319 1228 1575 1298 aliquam
1628 1232 1996 1298 potestatem,
2054 1228 2144 1283 cui

507 1321 862 1393 obsequendi
895 1325 1091 1375 manet.
1118 1321 1443 1390 necessitas,
1475 1339 1590 1375 non
1619 1322 1923 1377 auctoritas
1949 1323 2137 1395 impe-

508 1416 689 1483 randi,
722 1415 970 1470 maxime
999 1432 1133 1469 cum
1166 1431 1270 1469 nec
1301 1432 1448 1486 papa
1478 1416 1771 1470 Romanus
1802 1417 2145 1487 subscripse-

510 1511 604 1579 rit,
635 1527 742 1563 nec
786 1509 1024 1579 alicujus
1062 1509 1377 1564 secundum
1422 1526 1672 1564 canones
1717 1510 2146 1581 metropolitani

510 1620 769 1659 assensus
810 1605 1054 1674 legatur.
1105 1604 1302 1657 Petrus
1347 1603 1644 1675 cpiscopus
1683 1604 2025 1659 Ravennatis
2052 1605 2146 1658 Ec-

513 1697 695 1752 clesiae
734 1697 893 1752 dixit.
940 1696 1291 1767 Scripturam
1339 1713 1468 1768 quas
1511 1697 1572 1751 in
1612 1702 1803 1753 nostra
1826 1715 2144 1769 congrega-

511 1792 668 1846 tione
698 1791 923 1861 vulgata
949 1793 1054 1858 cst,
1084 1790 1258 1844 nullis
1285 1790 1459 1845 etiam
1484 1790 1696 1846 viribus
1728 1791 1993 1846 sustineri
2022 1808 2143 1846 ma-

516 1884 788 1939 nifestum
842 1889 944 1951 est,
1002 1883 1137 1954 quia
1183 1899 1288 1938 nec
1338 1883 1653 1938 canonibus
1698 1886 1964 1940 convenit
2014 1888 2071 1940 et
2114 1868 2223 1941 aB

513 1978 695 2033 laicali
725 1980 997 2048 concepta
1022 1993 1266 2048 persona
1290 1977 1530 2044 videtur,
1561 1978 1806 2032 maxime
1836 1978 1967 2050 quia
1993 1978 2052 2033 in
2079 1995 2148 2033 ea

515 2072 704 2126 nullus
747 2072 951 2142 praesul
995 2070 1145 2125 sedis
1188 2071 1510 2141 apostolica:
1534 2071 1881 2143 interfuisse,
1909 2073 1999 2127 vel
2022 2089 2152 2144 pro-

514 2167 637 2240 pria
688 2164 1103 2236 subscriptione
1162 2164 1416 2220 ﬁrmasse
1475 2169 1845 2221 monstratur.
1900 2166 2150 2221 Eulalius

516 2260 817 2332 episcopus
845 2259 1196 2314 Siracusanae
1215 2259 1474 2314 Ecclesiae
1500 2259 1642 2314 dixit
1669 2276 1682 2314 :
1711 2260 1999 2331 Scriptura
2020 2276 2150 2331 quae

513 2354 574 2407 in
629 2352 966 2415 sacerdotali
1019 2352 1260 2407 concilio
1306 2353 1546 2407 recitata
1591 2358 1676 2408 est
1716 2353 2150 2409 evidentissimis

517 2446 878 2502 documentis
922 2452 1140 2501 constat
1182 2446 1445 2501 invalida.
1485 2446 1744 2501 Primum
1772 2448 1927 2503 quod
1952 2451 2153 2503 contra

513 2543 744 2597 Patrum
776 2541 1005 2621 regulas
1047 2558 1079 2594 a
1124 2540 1287 2595 laicis
1332 2538 1593 2613 quamvis
1635 2541 1919 2616 religiosis
1945 2542 2152 2617 quibus

515 2636 674 2690 nulla
712 2635 781 2690 de
836 2634 1229 2689 ecclesiasticis
1284 2634 1649 2690 facultatibus
1697 2635 1911 2715 aliquid
1960 2636 2150 2718 dispo-

517 2729 691 2785 nendi
746 2729 954 2800 legitur
1012 2745 1268 2800 unquam
1327 2730 1597 2784 attributa
1655 2729 1891 2784 facultas
1947 2729 2152 2785 factam

505 2894 525 2908 ρ

516 2900 1107 2987 ὲὲἷῖἶὲ-Ξῗὼεονὶρῐὶοιιθ
1131 2916 1355 2971 ﬁrmata
1392 2916 1648 2971 docetur.
1682 2918 1843 2981 Quod
1881 2918 1926 2972 si
1964 2917 2152 2987 cujus-

516 3011 662 3066 libet
685 3010 990 3082 provinciae
1011 3010 1267 3065 sacerdos
1286 3010 1433 3065 intra
1453 3027 1586 3065 suos
1610 3011 1890 3066 terminos
1913 3012 2153 3067 concilio

519 3104 733 3172 habito,
763 3103 1042 3176 quidquid
1084 3104 1204 3158 sine
1244 3105 1671 3175 metropolitani
1701 3106 1854 3160 suive
1891 3105 2156 3160 antistitis

521 3198 857 3254 auctoritate
880 3201 1115 3253 testatus
1138 3198 1310 3252 fuerit
1336 3198 1560 3253 irritum
1587 3215 1707 3254 esse
1735 3199 1940 3254 debere
1965 3202 2153 3254 Patres

520 3293 696 3348 sancti
739 3298 1065 3362 sanxerunt,
1116 3296 1332 3364 quanto
1362 3293 1552 3363 magis
1579 3294 1730 3365 quod
1758 3294 1815 3348 in
1842 3294 2153 3365 apostolica

519 3387 655 3443 sede
697 3404 809 3441 non
855 3387 1137 3441 existente
1170 3387 1411 3458 praesule
1441 3387 1540 3459 qui
1576 3404 1677 3458 per
1716 3388 2154 3460 praerogativam

520 3482 711 3537 meriti
756 3481 905 3537 beati
945 3480 1097 3536 Petri
1145 3481 1391 3552 apostoli
1429 3498 1531 3553 per
1578 3481 1904 3536 universum
1954 3482 2152 3537 orbem

522 3577 830 3648 primatum
875 3574 1137 3630 obtinens
1183 3575 1486 3630 sacerdotii
1531 3577 1753 3632 statutis
1789 3576 2154 3648 synodalibus

521 3670 812 3726 consuevit
836 3668 1088 3725 tribuere
1112 3669 1449 3724 firmitatem
1493 3687 1527 3724 a
1560 3670 1715 3724 laicis
1758 3670 1868 3725 illis
1912 3688 2150 3726 consen-

520 3764 792 3820 tientibus
823 3764 1127 3835 aliquantis
1155 3763 1454 3835 episcopis,
1483 3763 1583 3836 qui
1633 3768 1825 3819 tamen
1864 3765 2153 3836 pontificio

524 3875 638 3930 quo
676 3857 991 3912 consecrari
1027 3856 1346 3927 probantur
1375 3857 1768 3928 praejudicium
1793 3858 2010 3913 inferre
2040 3875 2155 3914 non

523 3954 835 4025 potuerunt
859 3952 1274 4021 praesumptum
1311 3950 1483 4004 fuisse
1523 3951 1905 4021 cognoscitur,
1944 3953 2157 4008 viribus

525 4060 716 4100 carere
744 4061 859 4097 non
892 4042 1131 4098 dubium
1158 4045 1262 4109 est,
1291 4060 1394 4098 nec
1418 4060 1581 4114 posse
1607 4044 1758 4100 inter
1784 4046 2156 4103 ecclesiastica

524 4139 645 4195 ullo
677 4137 853 4195 modo
879 4140 1093 4193 statuta
1118 4138 1334 4192 censeri
1358 4138 1386 4191 ‘I

599 4234 809 4290 Sancta
850 4231 1101 4304 synodus
1151 4230 1315 4299 dixit,
1356 4231 1488 4287 licet
1524 4233 1836 4289 secundum
1880 4251 2155 4307 prosecu-

524 4329 708 4385 tiones
758 4325 1173 4382 venerabilium
1220 4325 1461 4381 fratrum
1488 4332 1817 4383 nostrorum
1844 4329 2155 4400 Laurentii,

526 4423 696 4490 Petri,
737 4420 953 4489 Eulalii,
992 4420 1296 4489 Cresconii,
1334 4421 1582 4489 Maximi,
1613 4423 1701 4478 vel
1726 4423 2021 4493 Stephani,
2053 4442 2159 4479 nec

526 4517 681 4589 apud
712 4532 815 4571 nos
837 4515 1121 4569 incertum
1158 4513 1402 4568 habetur
1427 4514 1572 4570 hanc
1601 4516 1787 4587 ipsam
1817 4518 2156 4590 scripturam

2173 3244 2228 3319 C

3734 370 3871 422 1000

2240 576 2338 631 sed
2369 577 2539 631 etiam
2569 574 2915 647 quibuslibet
2943 572 3251 627 Dominum
3280 569 3613 625 timentibus
3641 574 3875 640 gratum

2239 687 2357 726 esse
2385 670 2606 735 debeat,
2636 674 2692 724 et
2712 668 2781 722 ad
2813 666 3169 722 ecclesiastici
3197 664 3505 719 custodiam
3539 660 3877 734 patrimonii

2240 766 2547 836 pertinere.
2564 763 2771 817 Sancta
2784 760 3035 833 synodus
3054 758 3194 813 dixit
3218 776 3231 813 :
3251 757 3469 813 Scimus
3484 755 3879 829 provisioncm

2239 863 2400 913 tuam
2430 855 2764 911 necessariis
2775 854 3033 920 'studere,
3066 858 3123 906 et
3149 852 3278 907 ideo
3297 852 3357 905 in
3380 853 3565 905 vestra
3588 855 3673 904 est
3693 853 3882 921 potes-

2240 958 2357 1007 tate
2412 950 2706 1022 sequenda
2762 948 3087 1019 disponere.
3146 945 3521 1022 Symmacbus
3574 943 3880 1013 episcopus

2244 1006 2810 1102 Ecclesiae‘catholicze
2826 1006 2983 1096 urbis
3011 1006 3205 1094 Romce
3226 1038 3366 1093 dixit
3386 1006 3628 1116 :IMagna
3640 1006 3879 1108 quidem

2242 1139 2563 1194 veneranda
2591 1142 2647 1192 et
2675 1135 3005 1191 sacerdotali
3034 1134 3278 1188 debetur
3304 1149 3437 1187 cura
3464 1132 3758 1203 proposito
3786 1130 3881 1184 cui

2241 1232 2509 1288 imminet
2527 1233 2593 1286 de
2624 1230 2808 1285 studio
2835 1246 2961 1301 quae
2984 1231 3142 1282 recta
3162 1231 3294 1282 sunt
3319 1243 3434 1281 non
3451 1226 3520 1280 de
3541 1224 3881 1279 necessitate

2244 1328 2562 1397 disponere.
2596 1325 2711 1379 Sed
2741 1323 3014 1394 quoniam
3040 1321 3098 1376 in
3126 1320 3429 1392 aliquibus,
3460 1320 3520 1373 in
3547 1319 3737 1372 aliena
3770 1335 3877 1389 po-

2245 1420 2580 1475 stulantibus
2606 1418 2872 1472 vitiorum
2893 1421 3078 1471 mater
3102 1414 3335 1469 avaritia
3356 1412 3673 1485 repudiatis
3692 1412 3881 1467 hone-

2246 1516 2401 1569 statis
2428 1513 2740 1585 repagulis,
2774 1516 2959 1566 totum
2990 1514 3157 1581 putat
3186 1507 3453 1579 expedire
3480 1506 3793 1578 quodlibet,
3828 1510 3888 1559 ct

2246 1608 2325 1662 ita
2355 1608 2494 1662 dum
2542 1606 2737 1678 praeda
2782 1604 2970 1659 inhiat
3008 1602 3288 1674 patientia
3333 1617 3597 1672 superna).
3643 1599 3883 1671 pietatis

2247 1702 2501 1757 abutitur
2535 1698 2991 1771 exspectantibus
3032 1696 3442 1751 correctionem
3486 1694 3626 1748 caelo
3670 1692 3879 1747 mode-

2246 1801 2411 1851 rante
2430 1794 2658 1867 judiciis
2685 1810 2744 1847 se
2771 1792 3093 1847 existimant
3121 1807 3235 1844 non
3264 1788 3471 1857 teneri,
3503 1804 3632 1842 cum
3663 1788 3884 1841 clarum

2248 1891 2319 1945 sit
2343 1889 2492 1961 quod
2519 1888 2670 1960 apud
2697 1891 2877 1942 certos
2904 1886 2965 1940 in
2996 1885 3354 1939 occasionem
3391 1881 3650 1953 rapiendi
3674 1897 3882 1953 proce-

2249 1984 2345 2039 dat
2371 1983 2575 2038 divinm
2606 1998 2771 2036 mora
2800 1981 3118 2035 sententiae.
3146 1978 3256 2033 Sed
3285 1976 3448 2031 nobis
3469 1992 3609 2047 quos
3631 1979 3886 2046 pastora-

2248 2079 2315 2133 lis
2342 2094 2478 2132 cura
2513 2081 2569 2132 et
2603 2074 2998 2130 ecclesiasticae.
3028 2071 3294 2143 astringit
3322 2087 3426 2141 pro
3455 2069 3886 2141 dispensatione

2249 2172 2461 2228 credita
2484 2169 2630 2224 ratio
2657 2167 2949 2224 reddenda
2977 2165 3305 2221 substantia:
3328 2181 3471 2236 opus
3498 2166 3601 2231 est,
3631 2166 3700 2216 ut
3727 2161 3885 2216 solli-

2249 2266 2559 2322 citudinem
2600 2266 2854 2318 nostram
2897 2278 3015 2316 non
3059 2259 3242 2315 solum
3288 2258 3359 2313 ad
3407 2257 3737 2329 praesentia,
3786 2257 3888 2310 sed

2252 2360 2428 2416 etiam
2449 2358 2521 2414 ad
2546 2361 2812 2412 secutura
2835 2355 3041 2410 saecula
3066 2355 3447 2426 porrigamus,
3477 2367 3551 2406 ne
3574 2350 3649 2405 ad
3675 2349 3890 2404 animm

2252 2460 2459 2509 nostra;
2498 2451 2842 2506 detrimenta
2880 2448 3201 2518 contingat;
3247 2446 3344 2501 sed
3403 2445 3464 2499 hi
3510 2445 3609 2517 qui
3645 2448 3893 2515 possunt

2252 2547 2476 2603 statutis
2496 2546 2701 2600 debere
2727 2543 3109 2598 innocentiam
3130 2542 3540 2613 preesumentes
3566 2538 3635 2593 de
3651 2536 3888 2591 liberta-

2251 2648 2306 2697 te
2331 2640 2713 2712 deliquerant,
2760 2654 2891 2693 cum
2938 2636 3209 2707 religiosa
3254 2633 3474 2706 possint
3511 2636 3570 2687 et
3597 2635 3792 2686 nostra
3830 2636 3892 2684 et

2252 2733 2588 2791 successoris
2614 2732 2790 2788 nostri
2821 2734 3098 2803 potestate
3132 2729 3337 2795 fulciri,
3367 2727 3588 2799 legibus
3616 2725 3886 2781 ecclesia-

2252 2830 2403 2885 sticis
2428 2828 2757 2883 servientes.

2323 2923 2419 2979 His
2467 2938 2604 2993 ergo
2648 2920 2939 2993 perpensis
2962 2934 3235 2974 mansuro
3281 2932 3412 2971 cum
3435 2914 3539 2970 Dei
3584 2914 3765 2969 nostri
3796 2913 3890 2968 di-

2255 3018 2383 3073 vina
2411 3015 2864 3072 consideratione
2888 3014 3134 3080 decreto,
3164 3010 3453 3066 sanximus
3479 3012 3545 3063 ut
3572 3007 3714 3062 nulli
3746 3024 3892 3078 apo-

2253 3112 2465 3167 stolicae
2484 3110 2631 3165 sedis
2650 3108 2878 3181 praesuli
2899 3125 2933 3163 a
2952 3106 3217 3179 praesenti
3237 3105 3327 3161 die
3341 3104 3519 3159 donec
3540 3102 3894 3173 disponente

2254 3207 2496 3262 Domino
2521 3203 2815 3259 catholica:
2843 3202 2977 3257 ﬁdei
3004 3200 3283 3256 manserit
3302 3198 3558 3253 doctrina
3577 3195 3895 3252 Salvatoris

2252 3302 2419 3357 liceat
2460 3299 2741 3372 praedium
2784 3297 3058 3352 rusticum
3108 3297 3566 3367 quantaecunque
3596 3289 3775 3344 fuerit
3802 3289 3895 3344 vel

2252 3393 2668 3467 magnitudinis
2696 3393 2781 3447 vel
2807 3389 3147 3462 exiguitatis,
3181 3388 3285 3442 sub
3311 3385 3651 3441 alienatione
3681 3400 3892 3455 perpe-

2252 3495 2350 3544 tua
2376 3489 2463 3544 vel
2491 3485 2939 3542 commutatione
2977 3484 3047 3538 ad
3074 3481 3377 3554 cujuslibet
3393 3482 3528 3552 jura
3554 3477 3892 3533 transferre.

2253 3586 2363 3638 Nec
2423 3582 2762 3654 cujusquam
2824 3582 3159 3635 excusentur
3220 3574 3563 3631 necessitatis
3622 3572 3893 3641 obtentu,

2253 3678 2469 3749 quippe
2513 3658 2646 3731 cum
2686 3691 2801 3729 non
2828 3674 2899 3727 sit
2923 3672 3221 3745 personale
3248 3668 3404 3741 quod
3430 3667 3747 3739 loquimur,
3784 3682 3897 3719 nec

2257 3771 2459 3843 aliquis
2503 3769 2843 3825 clericorum
2884 3767 2975 3823 vel
3009 3766 3289 3821 laicorum
3333 3764 3436 3818 sub
3463 3763 3566 3816 hac
3592 3760 3895 3815 occasione

2254 3870 2480 3937 accepta
2515 3869 2763 3932 tueatur,
2808 3862 2907 3917 sed
2945 3878 3049 3916 nec
3091 3861 3151 3913 in
3193 3875 3298 3913 usu
3336 3855 3646 3911 fructuario
3688 3854 3897 3925 aliqui-

2256 3961 2362 4015 bus
2404 3958 2541 4013 dare
2585 3958 2775 4025 liceat,
2820 3973 2927 4011 nec
2970 3955 3103 4009 data
3133 3953 3381 4009 retinere
3414 3954 3629 4023 praeter
3657 3948 3895 4003 clericos

2257 4059 2313 4109 et
2340 4051 2586 4124 captivos
2615 4057 2672 4106 et
2708 4049 3061 4122 peregrinos,
3095 4064 3199 4104 nec
3228 4046 3379 4102 male
3404 4042 3755 4100 tractationis
3777 4041 3893 4096 mi-

2258 4148 2531 4202 nistretur
2553 4145 2767 4200 occasio
2795 4160 2928 4200 cum
2950 4141 3289 4199 liberalitate
3314 4138 3398 4195 illi
3430 4138 3539 4194 alia
3562 4137 3767 4192 itinera
3800 4152 3896 4191 re-

2258 4245 2572 4298 serventur.

2330 4336 2477 4393 Sane
2508 4338 2736 4390 tantum
2764 4334 2968 4389 domus
2997 4330 3298 4403 cujuslibet
3331 4334 3389 4384 et
3426 4325 3661 4382 urbibus
3688 4324 3899 4379 consti-

2257 4436 2395 4487 tutae
2414 4446 2655 4502 quarum
2682 4432 2891 4483 statum
2910 4442 3137 4481 necesse
3159 4429 3244 4480 est
3260 4439 3503 4495 expensa
3523 4437 3640 4475 non
3662 4418 3899 4474 modica

2260 4524 2566 4597 sustentari
2585 4523 2831 4594 acceptis
2852 4521 3044 4577 offerri
3065 4520 3111 4574 si
3131 4517 3436 4589 contigerit
3456 4515 3559 4569 sub
3574 4514 3728 4585 justa
3745 4513 3898 4567 cesti-

527 4610 741 4667 uullius
780 4624 899 4664 esse
937 4608 1235 4677 momenti,
1263 4625 1435 4679 quam
1460 4610 1653 4678 etiam,
1695 4610 1739 4664 si
1772 4611 1959 4683 aliqua
1986 4614 2238 4701 possitD
2260 4619 2510 4675 matione
2536 4617 2846 4673 redditibus
2885 4622 2941 4671 et
2974 4614 3151 4671 divini
3175 4613 3382 4668 timore
3400 4608 3604 4682 judicii
3629 4623 3897 4662 commu-

528 4704 836 4761 subsistere
876 4701 1119 4771 ratione,
1152 4702 1335 4757 modis
1366 4704 1630 4759 omnibus
1653 4704 1714 4759 in
1744 4706 1998 4777 synodali
2027 4724 2158 4763 cou-

531 4803 704 4853 ventu
749 4796 983 4869 provida
1027 4795 1394 4851 beatitudinis
1436 4792 1639 4853 veStraa
1667 4800 1951 4855 sententia
1991 4818 2158 4857 ener-

532 4892 651 4948 vari
678 4891 1077 4958 conveniebat,
1109 4894 1165 4945 et
1189 4891 1249 4945 in
1278 4890 1505 4946 irritum
1526 4892 1752 4963 deduci,
1756 4894 2163 4973 mw-

522 4993 688 5076 plum
746 4996 1068 5046 remaneret
1126 4990 1511 5061 praesumendi
1580 4990 1929 5073 quibuslibet
1982 4994 2158 5067 laicis,

532 5085 787 5169 quamvis
816 5083 1094 5164 religiosis
1122 5085 1208 5137 vel
1234 5084 1578 5158 potentibusl
1599 5085 1657 5139 in
1679 5102 2016 5159 quacunque
2035 5083 2163 5145 civ-i-

531 5185 647 5235 tate
676 5179 931 5251 quolibet
970 5178 1142 5233 modo
1180 5178 1394 5259 aliquid
1437 5178 1748 5235 decernere
1789 5184 1857 5236 de
1896 5184 2159 5240 ecclesia-

533 5274 682 5329 sticis
707 5273 1085 5343 facultatibus,
1117 5289 1366 5347 Earum
1396 5273 1529 5327 solis
1556 5275 1939 5331 sacerdotibus
1967 5278 2160 5362 dispo-

533 5368 711 5440 nendi
763 5368 1071 5422 indiscusse
1125 5385 1157 5420 a
1213 5368 1324 5422 Deo
1377 5385 1513 5423 cura
1558 5370 1860 5440 commissa
1865 5373 2157 5440 ﬂetur.

532 5463 904 5535 Symmachus
934 5462 1230 5533 episcopus
1259 5461 1401 5517 dixit
1431 5480 1442 5517 :
1475 5464 1633 5519 Modo
1672 5466 1803 5536 quia
1832 5468 1980 5521 Deus
2009 5486 2159 5540 pra:-

532 5558 777 5613 sentiam
822 5558 1066 5609 vestram
1116 5558 1358 5610 votivam
1403 5557 1545 5611 mihi
1588 5559 1691 5613 sub
1718 5561 1971 5631 qualibet
1998 5579 2157 5617 occa-

534 5654 694 5708 sione
740 5648 1037 5715 concessit,
1082 5649 1230 5717 volo,
1277 5650 1321 5702 si
1365 5651 1568 5720 placet,
1624 5669 1749 5707 rem
1779 5654 1903 5708 ﬁeri
1936 5656 2159 5709 firmam

533 5763 701 5817 quam
730 5743 897 5797 credo
925 5741 1315 5797 ecclesiasticis
1339 5743 1703 5799 facultatibus
1740 5748 2066 5814 convenire,
2103 5754 2163 5804 ut

536 5839 774 5892 noscant
820 5852 1017 5889 omnes
1064 5851 1209 5906 quos
1251 5834 1309 5887 in
1358 5851 1448 5887 me
1491 5853 1669 5891 vanus
1709 5840 1871 5894 furor
1900 5841 2163 5897 excitavit

540 5931 678 5986 nihil
706 5945 795 5982 mc
823 5928 1004 5998 magis
1030 5927 1260 5981 studere
1292 5944 1463 5997 quam
1500 5932 1559 5980 ut
1590 5932 1805 5985 salvum
1841 5951 1959 5987 esse
1990 5936 2164 6004 possit

2262 4719 2475 4769 tentur.

2334 4807 2455 4863 Pari
2483 4806 2653 4862 etiam
2679 4805 3052 4860 Ecclesiarum
3087 4818 3191 4873 per
3214 4816 3413 4856 omnes
3443 4798 3719 4852 Romamn
3752 4793 3895 4848 civi-

2261 4902 2389 4957 tatis
2418 4902 2611 4956 titulos
2630 4900 2729 4972 qui
2750 4904 2881 4954 sunt
2898 4895 3212 4970 presbyteri
3228 4895 3314 4949 vel
3333 4893 3659 4966 quicunque
3677 4888 3897 4943 fuerint

2261 4995 2498 5067 astringi
2524 4995 2781 5049 volumus
2807 4995 2931 5065 lege
2975 4980 3258 5058 custodes,
3302 4987 3433 5059 quia
3472 4985 3631 5040 nefas
3677 4983 3895 5037 dictum

2263 5094 2347 5147 est
2397 5089 2807 5162 obligationem
2850 5104 3023 5159 quam
3064 5102 3124 5140 se
3166 5099 3271 5156 per
3312 5080 3652 5137 charitatem
3687 5074 3898 5131 Christi

2262 5185 2550 5241 connectit
2577 5199 2835 5239 summus
2850 5181 3135 5253 pontifex,
3166 5196 3233 5234 ea
3258 5175 3551 5233 hominem
3578 5170 3817 5227 secundi
3838 5169 3897 5222 in

2262 5279 2499 5335 ecclesia
2517 5279 2732 5334 ordinis
2748 5293 2863 5333 non
2892 5275 3091 5331 teneri.
3111 5273 3446 5342 Quicunque
3479 5272 3668 5322 tamen
3691 5264 3898 5319 oblitus

2264 5374 2361 5429 Dei
2388 5380 2445 5429 et
2464 5374 2675 5429 decreti
2705 5373 2876 5444 hujus
2914 5371 3229 5426 immemor
3276 5366 3437 5437 cujus
3463 5364 3742 5417 Romanae
3767 5357 3898 5412 civi-

2264 5469 2392 5524 tatis
2412 5468 2731 5523 sacerdotes
2756 5467 3016 5521 volumus
3034 5462 3325 5534 religionis
3342 5456 3583 5514 nexibus
3601 5451 3895 5520 devinciri,

2261 5563 2321 5617 in
2369 5563 2739 5617 constitutum
2781 5576 3034 5632 praesens
3074 5555 3440 5613 committens
3478 5549 3797 5623 quidquam
3825 5545 3895 5599 de

2254 5657 2383 5727 jure
2410 5658 2707 5711 titulorum
2746 5656 2831 5710 vel
2862 5653 3135 5709 Ecclesias
3167 5649 3425 5721 superius
3466 5643 3735 5717 przefatas
3763 5655 3898 5712 quo-

2262 5752 2400 5805 libet
2445 5750 2613 5803 modo
2658 5756 2864 5821 praeter
2897 5763 3121 5815 aurum,
3151 5746 3463 5815 argentum
3492 5739 3580 5794 vel
3608 5750 3893 5808 gemmas,

2261 5850 2443 5899 vestes
2481 5862 2705 5916 quoque
2743 5845 2787 5898 si
2818 5849 2952 5899 sunt
2979 5842 3067 5896 vel
3097 5840 3142 5895 si
3170 5835 3510 5894 accesserint
3535 5832 3728 5902 aliqua
3772 5843 3895 5883 mo-

2262 5938 2393 5992 bilia
2414 5938 2485 5992 ad
2518 5942 2853 5993 ornamenta
2890 5938 3083 5993 divina
3136 5934 3373 5989 minime
3406 5924 3757 6002 pertinentia
3797 5937 3899 5995 per
