4040 6308
194 338 321 389 1001

1405 336 1869 397 DECRETALIUM
1907 344 2294 404 COLLECTIO.

3427 358 3555 410 1002

192 447 364 513 petuo
386 441 522 513 jure
545 442 794 513 exceptis
819 442 1091 497 duntaxat
1116 443 1220 498 sub
1243 445 1481 517 praefata
1502 449 1824 506 conditione
1848 463 1906 536 Α
1929 455 2450 527 Foroﬂaminensis,
2529 460 2891 516 Sebastianus
2974 463 3225 531 Siranus,
3303 463 3561 520 Rusticus

192 535 457 589 domibus
500 535 750 590 alienare
794 537 1097 591 tentaverit
1139 539 1403 609 donator,
1437 542 1734 613 alienatur,
1765 561 1830 599 ac

188 629 457 684 venditor
483 629 725 683 honoris
748 630 836 683 sui
873 629 1179 686 amissione
1211 635 1511 690 multetur.

255 725 546 778 Praeterea
572 722 670 794 qui
699 723 927 795 petierit
954 729 1051 778 aut
1082 728 1388 797 acceperit,
1418 732 1518 783 aut
1544 731 1642 801 qui
1673 749 1831 803 pres-

187 818 555 889 byterorum,
588 821 688 872 aut
717 816 1092 872 diaconorum
1124 836 1219 873 seu
1264 820 1628 878 defensorum
1676 824 1835 880 danti

189 910 610 982 subscripserit,
630 909 822 983 248
845 927 956 981 quo
984 911 1162 966 iratus
1184 914 1333 967 Deus
1353 916 1569 971 animas
1592 919 1836 988 percutit

188 1006 555 1060 anathemate
600 1004 860 1072 feriatur,
889 1004 1073 1077 sitque
1114 1006 1410 1078 accipienti
1455 1011 1541 1065 vel
1589 1011 1832 1067 subscri-

187 1098 349 1153 benti
398 1098 470 1153 de
522 1097 777 1168 personis
828 1099 1087 1169 superius
1137 1102 1587 1173 comprehensis,
1625 1104 1683 1158 id
1728 1110 1831 1175 est,

188 1191 317 1264 quis
364 1190 735 1246 anathemate
780 1190 935 1246 feriri
987 1192 1332 1264 censuimus,
1365 1195 1622 1251 instituta
1666 1215 1834 1269 poena

192 1284 698 1341 contubernalium
730 1290 969 1353 servata,
1001 1304 1170 1358 quam
1200 1289 1586 1360 praemisimus
1612 1291 1670 1346 in
1697 1292 1830 1347 alie-

196 1383 399 1435 natore
446 1378 714 1447 vindicta,
762 1380 872 1434 nisi
920 1380 1064 1435 forte
1111 1387 1168 1436 et
1212 1381 1491 1437 alienator
1536 1384 1641 1439 sibi
1695 1385 1834 1441 dum

190 1472 418 1544 repetit,
455 1474 514 1527 et
552 1472 648 1543 qui
693 1473 977 1544 acceperit
1005 1473 1172 1529 celeri
1204 1475 1561 1532 restitutione
1592 1494 1830 1551 prospe-

190 1567 355 1621 xerit.

259 1660 427 1724 Quod
454 1660 499 1714 si
532 1659 752 1728 minore
779 1659 987 1716 animm
1014 1677 1129 1716 suae
1159 1678 1293 1717 cura
1325 1664 1629 1735 quisquam
1651 1680 1834 1719 reme-

190 1754 350 1809 dium
381 1754 637 1809 oblatum
677 1755 821 1810 forte
868 1755 1204 1825 neglexerit,
1237 1773 1409 1828 supra
1442 1774 1505 1811 ea
1534 1774 1831 1829 poenarum

1933 551 2298 620 Buxantinus,
2324 553 2631 608 Venantius
2658 554 3108 627 Sinogalliensis,
3128 557 3319 613 Victor
3342 560 3566 615 Dunen-

1934 643 2027 712 sis,
2056 645 2416 700 Innocentius
2446 646 2829 702 Tifernantius
2856 649 3270 721 Tybernorum,
3301 653 3562 724 Sylvinus

1935 738 2313 793 Veliterninus
2358 741 2548 795 Justus
2595 742 2887 811 Simensis,
2920 745 3244 800 Arestonius
3289 746 3560 815 Ostensis,

1934 833 2221 903 Augustus
2265 832 2646 904 Liparitanus,
2675 828 2828 891 Felix
2864 838 3206 909 Nepessinus
3246 856 3350 911 pro
3394 841 3559 908 Urso,

1934 926 2182 980 Asterius
2229 926 2510 997 Quinatis,
2550 930 2911 1002 Propinquus
2952 932 3242 1000 Trebiatis,
3289 935 3561 989 Eusebius

1934 1020 2230 1088 Favestris,
2264 1022 2552 1076 Romanus
2583 1022 2991 1080 Numentanus.

1933 1116 2129 1184 Incipit
2173 1116 2410 1193 synodus
2447 1121 2648 1193 quarta
2687 1133 2922 1193 romana
2966 1120 3067 1174 sub
3096 1121 3414 1178 Theoderico
3439 1139 3562 1193 rege

2235 1202 2301 1241 ea:
2329 1188 2553 1243 diversis
2578 1191 2886 1256 regionibus
2912 1198 3256 1261 congregata.

2004 1277 2148 1332 Rufo
2201 1296 2436 1351 magno,
2478 1282 2705 1352 Fausto,
2757 1284 3002 1351 Ameno,
3054 1284 3185 1339 viris
3239 1285 3561 1342 clarissimis

1933 1373 2261 1428 consulibus
2289 1374 2393 1428 sub
2425 1374 2516 1430 die
2542 1375 2927 1432 Kalendarum
2952 1378 3348 1434 Novembrium
3368 1386 3561 1435 sancta

1918 1466 2180 1537 ‘synodus
2221 1468 2374 1539 apud
2411 1469 2611 1524 urbem
2641 1470 2878 1525 Romam
2918 1488 2987 1527 ex
3030 1476 3317 1544 praecepto
3348 1474 3559 1545 glorio-

1934 1558 2135 1614 sissimi
2204 1562 2357 1632 regis
2408 1562 2742 1618 Theudorici
2803 1581 2869 1619 ex
2924 1565 3160 1620 diversis
3230 1567 3562 1637 regionibus

1931 1657 2283 1724 congregata
2307 1655 2368 1709 in
2396 1655 2602 1711 Christi
2625 1657 2864 1712 nomine
2890 1658 3031 1713 dixit
3058 1676 3070 1713 :
3105 1661 3245 1715 Cum
3278 1677 3345 1714 ex
3377 1660 3559 1715 diver-

1932 1746 2008 1801 sis
2026 1748 2329 1819 provinciis
2343 1750 2412 1805 ad
2434 1750 2635 1805 urbem
2663 1751 2907 1806 Romam
2930 1752 3229 1808 convenire
3249 1754 3562 1809 sacerdotes

192 1865 406 1919 genera
445 1864 576 1919 quae
604 1848 863 1920 superius
905 1854 1179 1904 tenentur
1208 1850 1452 1922 ascripta
1492 1854 1692 1906 contra
1724 1852 1827 1921 fas,
1851 1830 1907 1902 Β
1932 1841 2089 1913 regia
2114 1843 2479 1914 υτωοθρίδεθι
2505 1845 2832 1913 auctoritas;
2861 1848 2928 1899 Ut
2964 1846 3033 1901 de
3064 1847 3151 1901 his
3180 1862 3309 1919 (111³3
3334 1864 3563 1903 νεηθΐᾶ-

191 1942 234 1996 si
273 1942 432 2013 quod
476 1948 815 2013 conceptum
867 1942 1038 1998 fuerit
1091 1943 1505 1999 documentum
1552 1945 1831 2000 universis

188 2036 406 2090 viribus
438 2034 696 2107 quamvis
734 2036 804 2090 ab
839 2036 1000 2091 initio
1035 2037 1216 2092 nullas
1255 2038 1583 2109 habuerint,
1626 2038 1828 2094 effere-

190 2134 304 2198 tur,
352 2129 454 2184 sed
512 2129 686 2183 etiam
731 2129 899 2184 liceat
948 2130 1383 2203 quibuscunque
1441 2132 1831 2188 ecclesiasticis

187 2222 448 2294 personis
474 2239 672 2277 vocem
711 2223 1173 2279 contradictionis
1213 2224 1437 2296 offerre,
1474 2231 1529 2280 et
1568 2227 1827 2281 ecclesia-

190 2317 327 2371 stica
414 2316 749 2371 auctoritate
826 2317 1029 2384 fulciri,
1094 2318 1171 2372 ita
1230 2323 1295 2373 ut
1361 2335 1491 2373 cum
1552 2320 1830 2374 fructibus

187 2411 373 2483 possit
401 2410 649 2465 alienata
678 2426 993 2482 reposcere,
1019 2428 1090 2465 ne
1123 2412 1313 2483 aliquo
1340 2429 1397 2467 se
1416 2416 1546 2467 ante
1575 2413 1831 2468 tribunal

187 2502 397 2560 Christi
443 2503 735 2558 obstaculo
767 2504 1011 2571 muniat,
1040 2504 1171 2575 quia
1202 2505 1480 2576 religiosis
1526 2506 1832 2562 animabus

187 2598 273 2653 vel
299 2597 680 2651 substantiam
713 2613 1035 2669 pauperum
1074 2598 1346 2654 derelicta
1375 2604 1572 2655 contra
1597 2600 1683 2655 fas
1709 2600 1830 2655 sine

189 2691 386 2762 aliqua
407 2690 634 2762 pietatis
647 2691 1099 2746 consideratione
1118 2692 1412 2764 dispergit.
1436 2695 1613 2765 Hujus
1635 2698 1829 2749 autem

187 2784 488 2840 constituti
512 2785 698 2855 legem
734 2783 794 2838 in
820 2784 1127 2855 apostolica
1155 2789 1381 2842 tantum
1408 2786 1541 2842 sede
1568 2789 1831 2842 volumus

188 2877 424 2945 servari,
459 2877 740 2932 universis
767 2877 1015 2932 ecclesiis
1046 2895 1149 2949 per
1176 2878 1494 2950 provincias
1518 2883 1831 2937 secundum

188 2971 519 3027 animarum
549 2970 1059 3026 considerationem
1090 2988 1263 3043 quem
1292 2973 1581 3045 proposito
1608 2975 1833 3046 religio-

185 3065 274 3120 nis
293 3065 606 3120 convenire
634 3068 880 3120 rectores
911 3081 1113 3120 earum
1134 3065 1385 3120 viderint
1407 3083 1565 3122 more
1586 3072 1826 3123 servato.

187 3160 253 3213 Et
306 3157 784 3228 subscripserunt.
836 3158 1021 3213 Celius
1090 3159 1463 3230 Symmachus
1534 3162 1905 3273 episcopusC

188 3252 446 3273 ,ςμιηεμ
504 3253 775 3273 ,μμημ
827 3252 957 3273 με,
1378 3271 1391 3273 _
1679 3255 1719 3273 .,
1772 3260 1783 3273 .

188 3252 450 3307 Ecclesiae
504 3253 779 3307 Romanas
827 3252 961 3305 huic
1012 3252 1319 3307 constituto
1369 3271 1401 3307 a
1458 3254 1624 3309 nobis
1675 3255 1825 3311 facto

186 3345 519 3416 conscripsi.
552 3345 737 3403 Celius
769 3345 1100 3400 Laurentius
1142 3346 1436 3418 episcopus
1467 3351 1675 3403 sanctae
1714 3349 1822 3403 Me-

186 3438 539 3495 diolanensis
587 3439 845 3493 Ecclesiae
900 3438 1032 3493 huic
1084 3441 1391 3495 constituto
1438 3458 1469 3494 a
1517 3442 1824 3497 venerabili

186 3549 333 3604 papa
359 3532 703 3603 Symmacho
735 3536 926 3587 sancto
953 3533 1280 3604 subscripsi.
1307 3536 1501 3589 Petrus
1528 3535 1825 3607 episcopus

188 3626 452 3682 Ecclesiae
497 3625 793 3680 catholicae
856 3626 1218 3696 Ravennatis,
1266 3627 1399 3682 huic
1442 3629 1749 3684 constituto
1792 3648 1826 3685 a

184 3719 502 3775 venerabili
530 3735 679 3789 papa
705 3719 1042 3790 Symmacho
1078 3724 1270 3775 sancto
1301 3721 1624 3793 subscripsi.
1660 3723 1820 3777 Eula-

188 3814 297 3868 lius
328 3814 629 3886 episcopus
652 3814 915 3868 Ecclesiae
933 3815 1296 3885 Syracusana
1315 3815 1449 3870 huic
1469 3816 1772 3871 constituto
1792 3833 1827 3872 a

186 3908 499 3963 venerabili
527 3923 678 3979 papa
719 3908 1060 3978 Symmacho
1091 3913 1285 3963 sancto
1315 3909 1637 3981 subscripsi.
1673 3911 1826 3966 Felix

186 4000 645 4067 Terraconensis,
678 4001 1080 4072 Chrysogonus
1109 4001 1474 4073 Tudertinus,
1512 4003 1828 4059 Emilianus

188 4094 582 4161 Vercellensis,
613 4095 895 4150 Jocundus
926 4097 1306 4165 Augustanus,
1341 4096 1604 4168 Tigridus
1631 4098 1824 4152 Tauri-

190 4190 358 4256 natis,
403 4187 599 4242 Vitalis
642 4188 968 4255 Fundanus,
1020 4190 1220 4243 Bassus
1261 4190 1607 4259 Mutinensis,
1657 4194 1826 4246 Paca-

192 4284 380 4338 tianus
428 4282 864 4348 Colaminensis,
902 4282 1168 4337 Maximus
1213 4283 1500 4353 Bleranus,
1530 4284 1830 4355 Martyrius

194 4375 585 4443 Traconensis,
620 4376 920 4429 Rufentius
947 4376 1237 4448 Signinus,
1271 4376 1595 4431 Vindemius
1620 4380 1827 4431 Antea-

192 4470 366 4537 tinus,
394 4468 683 4525 Candidus
708 4469 1056 4538 Tiburtinus,
1089 4471 1431 4526 Fortunatus
1466 4470 1827 4542 Fuligenatis,

1931 1934 2030 1989 bili
2071 1952 2236 2006 papae
2285 1936 2625 2007 Symmacho
2668 1938 2990 2009 apostolicae
3035 1940 3183 1994 sedis
3226 1941 3450 2011 praesuli
3493 1942 3564 1995 ab

1931 2029 2267 2084 adversariis
2327 2030 2502 2101 ipsius
2580 2031 2917 2086 dicebantur
2979 2033 3227 2105 impingi
3302 2038 3564 2089 sanctum

1931 2122 2238 2178 concilium
2272 2123 2580 2193 judicaret,
2613 2124 2880 2195 Liguriae,
2913 2126 3151 2193 Emilite,
3180 2127 3266 2181 vel
3310 2104 3614 2211 Venetia-I

1932 2232 2062 2271 rum
2104 2216 2394 2288 episcopos
2442 2233 2583 2288 quos
2629 2218 2700 2273 ad
2744 2219 3109 2289 przesentiam
3155 2220 3426 2292 principis
3464 2238 3563 2292 spe

1929 2310 2150 2364 itineris
2180 2310 2376 2365 ductos
2415 2311 2649 2366 attraxit
2690 2312 3034 2367 consulimus
3072 2330 3271 2385 regem
3309 2314 3565 2370 incubuit

1930 2403 2230 2459 necessitas
2303 2405 2654 2474 consulendi,
2722 2422 2834 2477 qua
2896 2423 3001 2461 nos
3062 2407 3331 2463 voluisset
3395 2411 3563 2463 aetate

1930 2498 2156 2565 fractos,
2184 2497 2477 2552 debilitate
2520 2504 2578 2553 et
2616 2500 2949 2570 impotentia
2990 2500 3245 2571 corporis
3286 2501 3563 2556 invalidos

1931 2592 2288 2663 congregari,
2318 2592 2618 2663 respondit
2644 2592 2919 2664 praefatus
2949 2610 3048 2648 rex
3085 2593 3370 2664 piissimus
3396 2594 3565 2650 bonae

1931 2684 2368 2739 conversationis
2387 2685 2592 2740 affectu
2614 2687 2774 2755 plura
2791 2687 2860 2741 ad
2878 2704 2937 2741 se
2957 2687 3027 2742 de
3044 2704 3207 2759 papae
3230 2688 3564 2759 Symmachi

1930 2778 2168 2847 actibus,
2196 2779 2487 2834 horrenda
2510 2779 2684 2834 fuisse
2712 2780 2952 2851 perlata,
2981 2783 3038 2835 et
3065 2780 3127 2835 in
3164 2781 3366 2852 synodi
3398 2796 3565 2853 opor-

1933 2875 2033 2941 tet,
2062 2872 2109 2926 si
2138 2888 2271 2928 vera
2313 2876 2460 2928 esset
2497 2872 2863 2928 inimicorum
2903 2874 3021 2945 ejus
3050 2874 3310 2946 objectio,
3341 2875 3562 2931 indica-

1931 2965 2088 3021 tione
2114 2970 2390 3021 constare.
2412 2967 2703 3021 Memorati
2727 2967 3025 3039 pontifices
3047 2968 3251 3040 quibus
3272 2969 3563 3041 allegandi

1930 3060 2266 3115 imminebat
2292 3061 2530 3129 occasio,
2560 3065 2973 3132 suggesserunt
2996 3062 3185 3135 ipsum
3214 3062 3314 3135 qui
3337 3063 3562 3133 judica-

1929 3153 2097 3208 batur
2169 3153 2461 3225 impetitus
2534 3154 2797 3210 debuisse
2879 3156 3160 3227 synodum
3235 3173 3562 3226 convocare,

1932 3246 2187 3317 scientes,
2239 3248 2373 3319 quia
2420 3248 2542 3318 ejus
2594 3248 2756 3303 sedes
2810 3249 3062 3319 primum
3119 3250 3266 3304 Petri
3320 3250 3564 3321 apostoli

1925 3341 2196 3395 meritum
2238 3342 2324 3394 vel
2378 3340 2753 3412 principatus.
2803 3342 3020 3397 Deinde
3065 3346 3261 3417 secuta
3301 3343 3563 3414 jussione

1924 3433 2169 3502 Domini,
2203 3434 2573 3489 conciliorum
2616 3435 3073 3490 venerandorum
3113 3436 3418 3491 auctoritas
3446 3437 3561 3491 sin-

1892 3576 1896 3581 .
1927 3529 2185 3599 gularem
2219 3527 2279 3581 in
2319 3527 2580 3582 Ecclesiis
2605 3528 2838 3597 tradidit
2877 3532 3240 3600 potestatem,
3270 3546 3377 3585 nec
3402 3535 3561 3585 ante-

1925 3623 2091 3678 dictae
2177 3622 2324 3676 sedis
2398 3621 2713 3676 antistitem
2792 3621 3154 3677 inimicorum
3218 3623 3564 3695 subjacuisse

1917 3716 2133 3790 judicio
2175 3716 2234 3771 in
2283 3714 2674 3786 propositione
2719 3714 2883 3770 facile
2928 3715 3099 3770 simili
3144 3716 3333 3771 forma
3373 3717 3565 3789 aliqua

1925 3816 2243 3878 testaretur,
2292 3809 2390 3864 sed
2438 3809 2732 3881 piissimus
2784 3808 3046 3881 princeps
3100 3809 3289 3881 ipsum
3335 3827 3564 3883 quoque

1926 3921 2132 3978 papam
2174 3905 2233 3958 in
2283 3903 2606 3974 colligenda
2649 3903 2865 3975 synodo
2895 3903 3182 3959 voluntate
3223 3921 3323 3959 sua
3361 3905 3565 3961 litteris

1927 4000 2343 4055 demonstrasse
2402 3996 2765 4069 significavit.
2816 3997 2981 4052 Unde
3038 4015 3072 4052 a
3123 3999 3566 4055 mansuetudine

1929 4093 2052 4164 ejus
2094 4092 2318 4164 paginae
2362 4093 2668 4163 postulatae
2716 4095 2867 4161 sunt,
2912 4108 3051 4163 quas
3096 4092 3167 4147 ab
3217 4109 3285 4148 eo
3327 4093 3567 4148 directas

1929 4187 2237 4241 constabat.
2317 4187 2422 4240 Has
2485 4185 2609 4239 dari
2672 4184 3054 4240 sacerdotibus
3116 4186 3237 4239 sine
3299 4187 3566 4242 tarditate

1929 4278 2240 4347 constituit,
2287 4280 2368 4332 vel
2422 4278 2696 4349 quidquid
2744 4278 2802 4332 in
2852 4278 3052 4333 eodem
3098 4266 3347 4349 negotio,
3376 4285 3565 4334 actum

1932 4373 2153 4443 scriptis
2196 4373 2440 4426 Romam
2471 4387 2539 4424 ex
2567 4370 2802 4425 diversis
2829 4375 3111 4425 terrarum
3138 4372 3224 4425 vel
3260 4372 3567 4443 regionum

1934 4466 2190 4539 partibus
2229 4465 2324 4520 Dei
2360 4464 2760 4535 prosecutione
2801 4468 3145 4535 perventum
3187 4468 3290 4519 est.
3322 4466 3390 4520 Et
3426 4467 3566 4521 dum

194 4562 598 4619 Proculeianus
681 4563 980 4633 Sepinatis,
1060 4565 1403 4619 Fortunatus
1476 4564 1829 4636 Anagninus,
1852 4572 1911 4644 Ι)
1934 4559 2245 4614 venerabili
2277 4557 2630 4626 collectione,
2664 4557 2734 4613 de
2770 4557 3094 4629 incipiendo
3136 4558 3444 4614 haberetur
3472 4577 3570 4614 ne-

193 4655 523 4711 Paschasius
602 4655 1019 4724 Vulturnensis,
1092 4657 1402 4712 Martianus
1486 4658 1830 4725 Ecamensis,

189 4749 563 4805 Maximianus
636 4749 959 4817 Perusinus,
1026 4750 1426 4822 Chrysogonus
1498 4751 1835 4806 Albanensis

189 4843 444 4898 Euticius
491 4842 809 4911 Tranensis,
838 4843 1174 4898 Laurentius
1198 4843 1589 4915 Vobianensis,
1618 4847 1836 4901 Marcus

191 4937 514 5005 Samninus,
568 4935 773 5007 Aprilis
833 4936 1155 5004 Micernius,
1219 4938 1433 4992 Memor
1497 4939 1832 5007 Canusinus,

192 5028 558 5086 Innocentius
605 5029 1206 5101 Forosimpromensis,
1238 5029 1597 5086 Florentinus
1636 5033 1833 5087 Plesti-

197 5123 413 5191 nensis,
482 5123 632 5177 Felix
707 5123 1046 5195 Nepesinus,
1112 5124 1461 5179 Concordius
1517 5125 1832 5197 Mesenatis,

194 5217 484 5273 Amandus
511 5216 879 5285 Potenninus,
900 5218 1157 5273 Ansellus
1184 5217 1580 5287 Plommensis,
1605 5219 1837 5273 Basilius

193 5311 567 5381 Tullentinus,
599 5311 909 5367 Martianus
953 5311 1224 5381 Ostensis,
1254 5312 1545 5383 Benignus
1575 5312 1834 5383 Aquimi-

196 5404 413 5473 nensis,
448 5405 787 5460 Fortunatus
817 5406 1221 5474 Vessaniensis,
1255 5406 1553 5463 Severinus
1582 5405 1834 5460 Lundar-

198 5497 431 5565 niensis,
483 5498 794 5570 Eucarpius
845 5500 1230 5569 Messanensis,
1289 5501 1530 5555 Joannes
1595 5498 1833 5570 Spoleti-

197 5608 327 5660 nus,
359 5592 682 5663 Stephanus
708 5593 1047 5660 Venusinus,
1070 5593 1405 5649 Valentinus
1430 5592 1833 5660 Amiterninus,

203 5686 480 5740 Romulus
520 5687 923 5755 Praenestinus,
955 5687 1170 5742 Probus
1205 5688 1642 5757 Carmeniensis,
1673 5686 1834 5741 Colo-

199 5779 328 5834 nius
373 5779 842 5847 Foroclodiensis,
892 5780 1157 5852 Helpidus
1197 5781 1599 5845 Voliterninus,
1640 5779 1835 5852 Proje-

202 5876 324 5926 ctus
386 5872 669 5942 Formovi,
721 5874 1059 5930 Veneriosus
1139 5874 1428 5939 Pellensis,
1499 5874 1838 5931 Bonefacius

1936 4653 2113 4727 gotio,
2144 4656 2314 4724 prout
2344 4651 2612 4723 poscebat
2638 4668 2812 4707 causa
2841 4654 3128 4708 tractatus.
3160 4655 3393 4708 Sanctus
3421 4670 3570 4726 papa

1933 4747 2304 4819 Symmachus
2347 4744 2635 4800 basilicam
2680 4744 2813 4800 Julii
2855 4745 2914 4800 in
2948 4762 3059 4817 qua
3086 4746 3417 4817 pontificum
3449 4752 3573 4803 erat

1935 4840 2326 4914 congregatio,
2366 4844 2535 4911 prout
2582 4839 2783 4894 habuit
2822 4856 2958 4894 cura
3001 4839 3237 4895 caelestis
3281 4840 3572 4911 ingressus

1937 4940 2042 5004 est,
2077 4939 2135 4990 et
2177 4935 2246 4989 de
2288 4933 2614 4989 evocatione
2655 4933 2914 5004 synodali
2962 4933 3402 4989 clementissimo
3444 4935 3572 5006 regi

1938 5029 2152 5102 gratias
2194 5028 2341 5096 tulit,
2373 5032 2429 5082 et
2461 5043 2585 5081 rem
2613 5026 2882 5081 desiderii
2927 5027 3011 5081 sui
3044 5028 3299 5083 evenisse
3338 5031 3574 5083 testatus

1937 5129 2038 5179 est.
2066 5126 2245 5179 Causa
2272 5138 2409 5194 ergo
2442 5121 2511 5175 de
2546 5120 2901 5176 sacerdotum
2938 5121 3144 5175 animis
3172 5138 3299 5193 qua:
3338 5121 3410 5176 de
3437 5140 3568 5177 con-

1937 5219 2067 5275 cilio
2096 5217 2353 5273 nondum
2378 5216 2603 5270 ﬁrmato
2629 5214 2917 5270 tristitiam
2947 5214 3303 5271 ministrabat
3328 5216 3575 5272 abscissa

1938 5318 2042 5368 est.
2075 5311 2478 5370 Auctoritatem
2521 5308 2706 5365 ordini
2738 5309 3062 5381 colligendo
3089 5309 3233 5365 sicut
3272 5312 3575 5382 poscebant

1937 5407 2315 5462 ecclesiastica
2357 5407 2561 5461 statuta
2596 5403 2657 5457 in
2694 5403 2953 5458 omnium
2990 5403 3089 5475 qui
3134 5403 3343 5460 ibidem
3380 5422 3575 5460 conve-

1936 5504 2142 5555 nerant
2185 5499 2455 5572 episcOpi,
2500 5496 2803 5571 praesentia
2844 5513 2902 5552 se
2949 5497 3087 5553 dare
3140 5498 3422 5570 professus
3465 5504 3569 5565 est,

1938 5608 2195 5664 sperans,
2223 5596 2288 5647 ut
2325 5593 2587 5649 visitatur
2621 5590 2720 5664 qui
2755 5595 2949 5646 contra
2985 5591 3341 5663 religionem,
3374 5593 3573 5646 contra

1937 5688 2151 5741 statuta
2202 5690 2483 5755 veterum,
2537 5686 2626 5742 vel
2676 5689 2875 5742 contra
2920 5685 3144 5756 regulas
3195 5684 3481 5755 majorum
3539 5701 3575 5738 a

1938 5783 2101 5851 parte
2129 5778 2266 5832 cleri
2294 5780 2382 5831 vel
2410 5780 2481 5835 ab
2508 5779 2794 5851 aliquibus
2832 5777 2988 5833 laicis
3023 5778 3211 5832 fuerat
3236 5776 3574 5849 postulatus,

1939 5890 2000 5929 ex
2062 5870 2427 5927 ordinatione
2480 5872 2801 5929 antistitum
2856 5872 3001 5928 sicut
3046 5870 3272 5927 dicebat
3316 5877 3573 5927 sanctum
