4040 6310
484 307 612 360 MOI}

423 397 470 530 /

478 507 874 577 suggestiones
894 504 1255 558 inimicorum
1283 519 1518 558 suorum
1549 503 1819 557 amiserat
1845 503 2109 574 potestati

477 602 599 672 ejus
647 601 717 654 ab
767 598 1085 654 honorabili
1139 597 1374 651 concilio
1419 596 1814 664 redderentur,
1864 602 1919 651 et
1966 597 2108 651 tanti

476 695 587 750 loci
612 694 818 764 praesul
842 692 1102 763 legaliter
1119 692 1278 764 prius
1306 692 1472 746 statui
1489 690 1729 761 pristino
1753 690 2107 758 redderetur,

477 793 533 842 et
557 791 690 842 tunc
718 803 834 841 non
875 789 1004 839 ante
1044 784 1264 840 veniret
1306 785 1376 840 ad
1416 801 1666 852 causam,
1696 789 1753 839 et
1781 785 1828 838 si
1854 785 1932 838 ita
1959 788 2110 839 recte

474 881 781 949 videretur,
807 878 1191 934 accusantium
1210 878 1698 951 propositionibus
1715 879 2105 950 responderet.

475 975 656 1046 Digna
673 991 761 1030 res
773 973 888 1028 visa
905 976 990 1028 est
1005 973 1257 1028 maximo
1280 972 1644 1027 sacerdotum
1662 988 1923 1042 numero,
1940 976 2109 1046 atque

474 1077 811 1141 mereretur;
829 1071 1094 1127 effectum
1111 1071 1415 1126 decernere
1429 1076 1626 1126 tamen
1640 1070 1850 1140 aliquid
1864 1071 2110 1141 synodus

473 1168 595 1222 sine
641 1166 801 1238 regia
845 1165 1049 1221 notitia
1089 1182 1208 1220 non
1251 1164 1640 1236 praesumpsit,
1674 1164 1772 1218 sed
1818 1164 2110 1235 suggestio

467 1262 624 1331 justa
658 1276 760 1332 per
786 1261 1111 1332 legatorum
1158 1259 1563 1332 negligentiam
1610 1275 1722 1312 non
1771 1258 1997 1325 meruit,
2030 1274 2112 1312 se-

473 1355 724 1411 cundum
752 1359 885 1410 vota
914 1370 1249 1424 responsum
1273 1354 1467 1424 jussus
1493 1357 1578 1408 est
1604 1351 1754 1423 regis
1786 1351 2109 1422 praeceptio-

471 1449 642 1504 nibus
685 1465 833 1520 papa
873 1448 1249 1520 Symmachus
1289 1452 1419 1502 ante
1444 1446 1774 1518 patrimonii
1804 1447 1889 1500 vel
1931 1446 2110 1501 Eccle-

472 1543 685 1597 siarum
707 1559 846 1613 quas
861 1543 1130 1597 amiserat
1147 1542 1533 1612 receptionem
1553 1557 1679 1595 cum
1697 1540 2110 1612 impugnatori-

470 1636 578 1691 bus
611 1637 723 1690 suis
761 1636 818 1689 in
852 1635 1261 1706 disceptatione
1305 1634 1630 1705 conﬂigere.
1674 1633 1780 1698 Qui
1814 1633 2109 1704 potestatis

471 1746 590 1784 sua
639 1728 956 1800 privilegia,
1002 1733 1060 1783 et
1107 1745 1235 1800 qua
1277 1745 1380 1799 pro
1419 1726 1773 1782 conscientiae
1823 1731 2105 1798 quantum

461 1824 620 1895 juste
653 1823 1007 1878 astimamus
1047 1821 1448 1877 emundatione
1499 1821 1854 1890 submiserat,
1886 1837 1957 1876 ne
2000 1788 2182 1875 hacB

468 1916 650 1972 voluit
678 1917 796 1972 vice
825 1933 1142 1971 resumere.

539 2011 649 2066 Sed
691 2011 830 2068 dum
881 2013 1028 2065 esset
1075 2011 1324 2081 synodus
1367 2011 1426 2064 in
1470 2010 1826 2064 Hierusalem
1879 2009 2106 2064 basilica

469 2103 717 2160 Sessoria
769 2104 966 2175 palatii
1021 2103 1346 2174 constituta,
1389 2103 1670 2174 aliquibus
1723 2103 2106 2158 sacerdotibus

466 2198 650 2253 visum
679 2202 784 2266 est,
815 2200 879 2252 ut
906 2197 1133 2252 libellus
1161 2213 1333 2268 quem
1377 2203 1732 2252 accusatores
1772 2200 2107 2268 paraverant

467 2291 566 2364 qui
604 2291 856 2364 quotidie
900 2291 1277 2346 seditionibus
1320 2291 1697 2362 appellabant,
1726 2291 2107 2361 susciperetur

465 2401 498 2438 a
526 2385 776 2456 synodo;
808 2384 868 2438 in
893 2400 1005 2456 quo
1033 2386 1317 2455 suscepto,
1347 2384 1460 2438 duo
1484 2389 1645 2438 erant
1683 2401 1811 2454 qua
1839 2386 1926 2438 vel
1956 2384 2104 2438 veri-

464 2477 570 2534 tati
617 2477 853 2533 inimica
901 2481 1109 2548 essent,
1159 2477 1246 2533 vel
1298 2477 1406 2549 ipsi
1454 2480 1734 2548 quantum
1787 2478 2106 2533 ostenditur

465 2572 843 2627 ecclesiastico
897 2571 1190 2644 proposito
1243 2576 1656 2643 repugnarent.
1713 2573 1922 2640 Unum,
1975 2571 2106 2643 quia

467 2665 734 2722 dicebant
793 2665 1037 2721 crimina
1096 2665 1396 2720 memorati
1462 2665 1722 2736 superius
1780 2665 2106 2736 Symmachi

465 2776 634 2831 papa
647 2759 802 2831 apud
821 2759 1041 2831 regiam
1059 2759 1372 2814 constitisse
1397 2759 1661 2813 notitiam
1686 2777 1700 2814 :
1725 2759 1879 2830 quod
1901 2759 2105 2813 falsum

466 2870 585 2908 esse
628 2852 945 2908 declaravit.
1000 2855 1124 2908 Non
1179 2853 1337 2907 enim
1391 2852 1556 2923 quasi
1603 2868 1810 2906 novam
1874 2868 2106 2906 causam

470 2946 780 3001 audientia
814 2946 1210 3016 commisisset,
1241 2946 1287 3000 si
1314 2947 1435 3016 ejus
1471 2945 1814 3000 conscientia
1853 2945 2106 3000 convicta

469 3041 540 3094 de
577 3055 774 3094 errore
814 3041 992 3094 solam
1039 3056 1096 3094 se
1141 3039 1309 3094 sciret
1359 3043 1690 3110 exspectare
1736 3040 2103 3094 sententiam.

1372 304 1650 357 APPEND.
1694 303 1780 355 Al)
1818 302 1979 355 SxEC.
2027 299 2110 353 IX.
2134 327 2202 338 -——
2243 299 2487 354 lSlDORl
2529 299 2950 354 MERCATORIS

476 414 836 484 propositum
871 413 1037 465 ﬁrma
1064 413 1248 464 fronte
1277 410 1612 475 caderet,et
1642 410 1836 464 omnia
1857 426 1982 481 qua
2004 425 2108 479 per
2129 419 2188 491 Α
2209 408 2553 464 renitentem
2601 407 2821 463 statutis
2864 407 3150 462 canonicis
3191 424 3305 462 non
3348 424 3511 478 posse
3554 409 3846 480 compelli.

3709 303 3845 354 1004

2209 503 2294 557 Ad
2352 504 2474 557 hac
2531 501 2925 558 serenissimus
2981 517 3081 556 rex
3133 502 3320 556 taliter
3374 502 3490 556 Deo
3537 502 3843 574 aspirante,

2212 595 2510 666 respondit
2537 596 2596 650 in
2633 595 2892 667 synodali
2925 611 3044 649 esse
3073 595 3306 650 arbitrio
3336 596 3396 650 in
3423 598 3580 651 tanto
3611 597 3846 668 negotio

2212 691 2502 761 sequenda
2526 690 2897 761 perscribere,
2926 705 2998 744 ne
3025 689 3235 760 aliquid
3261 690 3334 744 ad
3360 707 3417 745 se
3458 694 3668 762 prater
3694 707 3849 746 reve-

2210 785 2457 840 rentiam
2503 784 2570 839 de
2617 783 3004 838 ecclesiasticis
3044 783 3286 855 negotiis
3338 784 3646 854 pertinere,
3687 801 3845 840 com-

2210 879 2443 934 mittens
2469 879 2644 932 etiam
2681 878 2945 949 potestati
2974 878 3313 948 pontificum
3350 883 3415 933 ut
3440 878 3553 933 sive
3577 880 3851 951 praeposi-

2210 979 2330 1029 tum
2378 973 2590 1028 vellent
2634 972 2832 1027 audire
2877 972 3198 1042 negotium,
3246 972 3360 1027 sive
3409 973 3648 1042 nollent,
3691 975 3848 1045 quod

2211 1067 2394 1138 magis
2421 1068 2692 1138 putarent
2721 1065 2879 1134 utile,
2913 1066 3306 1136 deliberarent,
3337 1067 3650 1122 dummodo
3674 1084 3851 1122 vene-

2210 1161 2372 1216 randi
2417 1159 2738 1232 provisione
2787 1158 3009 1214 concilii
3051 1176 3164 1230 pax
3210 1160 3271 1214 in
3319 1160 3543 1216 civitate
3588 1162 3850 1216 Romana

2209 1254 2542 1310 Christianis
2601 1253 2865 1308 omnibus
2917 1253 3273 1308 redderetur.
3323 1255 3459 1319 Qua
3513 1271 3643 1309 cum
3686 1255 3849 1326 juste

2211 1349 2444 1404 offertur
2482 1348 2751 1403 mandata
2797 1347 2901 1402 Dei
2941 1348 3306 1419 complentur
3345 1349 3521 1403 Italia
3565 1365 3681 1403 sua
3709 1351 3849 1404 dare

2209 1446 2509 1499 rectorem.
2553 1445 2932 1514 Agnoscentes
2974 1442 3198 1496 nullum
3239 1442 3405 1497 nobis
3447 1443 3701 1498 laborem
3749 1461 3846 1498 re-

2212 1537 2503 1604 mansisse,
2531 1536 2642 1590 nisi
2671 1539 2737 1590 ut
2763 1535 3105 1590 dissidentes
3133 1552 3264 1590 cum
3290 1536 3618 1591 humilitate
3640 1553 3852 1608 propo-

2210 1631 2301 1686 siti
2329 1631 2507 1685 nostri
2549 1631 2624 1684 ad
2659 1630 3020 1684 concordiam
3065 1630 3450 1698 hortaremur,
3485 1630 3615 1702 quia
3661 1647 3848 1685 unum

2209 1727 2384 1778 tanta
2411 1723 2494 1778 rei
2518 1723 2790 1790 restabat,
2819 1722 2970 1778 unde
3016 1724 3131 1777 Deo
3160 1739 3516 1794 pareremus,
3542 1727 3605 1778 ut
3631 1729 3849 1779 sancta

2205 1817 2479 1890 principis
2496 1816 2771 1872 voluntati
2790 1816 3096 1872 invitemus
3111 1821 3371 1872 senatum
3401 1817 3848 1888 amplissimum,

2203 1911 2359 1984 quali
2385 1911 2638 1982 Oportuit
2672 1911 2960 1981 legatione
2992 1910 3274 1966 destinata
3316 1915 3637 1979 monentes,
3672 1915 3732 1965 et
3762 1911 3850 1965 in-

2205 2009 2487 2061 struentes
2535 2021 2727 2060 causas
2772 2004 2872 2060 Dei
2918 2005 3092 2076 ipsius
3147 2004 3364 2076 judicio
3409 2021 3529 2060 esse
3577 2005 3847 2061 commit-

2204 2099 2425 2167 tendas,
2441 2099 2540 2171 qui
2559 2099 2709 2154 valet
2729 2115 2934 2170 corpus
2955 2099 3237 2171 occidere,
3263 2101 3320 2154 et
3339 2098 3594 2154 animam
3615 2099 3854 2154 mittere

2205 2193 2263 2247 in
2299 2194 2647 2264 gehennam,
2680 2192 2777 2263 qui
2814 2170 3141 2246 dixitﬂmihi
3167 2191 3496 2260 vindictam,
3525 2195 3582 2246 et
3613 2209 3724 2263 ego
3763 2209 3855 2247 re-

2204 2286 2476 2356 tribuam,
2507 2286 2660 2357 apud
2689 2302 2860 2356 quem
2899 2285 3248 2340 conscientia
3283 2285 3440 2340 nuda
3478 2291 3578 2352 est,
3611 2286 3704 2340 cui
3731 2302 3854 2340 non

2206 2380 2633 2436 absconduntur
2695 2379 2938 2433 occulta.
2999 2379 3262 2450 Cogitare
3327 2379 3635 2450 prudentes
3694 2380 3854 2434 viros

2205 2477 2489 2545 oportere,
2525 2476 2739 2544 quanta
2781 2471 3271 2540 inconvenienter,
3302 2477 3360 2526 et
3381 2473 3854 2544 prajudicialiter

2204 2567 2263 2622 in
2294 2567 2463 2638 hujus
2488 2566 2733 2638 negotiis
2760 2566 3033 2638 principis
3063 2566 3456 2637 contigissent,
3481 2570 3538 2620 et
3565 2583 3672 2621 nos
3697 2567 3854 2622 viam

2203 2677 2306 2734 per
2337 2661 2485 2716 hanc
2515 2677 2690 2732 quam
2717 2660 2823 2731 ipsi
2846 2660 3131 2714 vocabant
3158 2660 3562 2716 remissionem
3596 2663 3853 2732 peccatis

2204 2771 2322 2810 non
2354 2754 2575 2825 aperire
2604 2755 2702 2809 sed
2729 2753 3016 2822 claudere,
3047 2754 3145 2825 qui
3173 2754 3325 2826 quod
3353 2754 3644 2810 dicebatur
3673 2756 3855 2827 majo-

2206 2849 2284 2903 ris
2322 2848 2521 2919 judicii
2569 2864 2860 2902 servamus
2906 2847 3251 2903 instruentes
3295 2864 3411 2916 eos,
3441 2849 3579 2920 quia
3617 2865 3722 2920 per
3747 2866 3856 2904 nos

2205 2943 2353 2997 illius
2393 2941 2645 2998 Christus
2688 2941 2956 3011 innotuit,
2990 2959 3109 2997 non
3159 2958 3280 2997 esse
3327 2943 3518 2997 ovium
3550 2943 3672 3013 lupi
3715 2943 3855 2998 insi-

2207 3037 2328 3091 dias
2361 3035 2672 3107 pravidere
2715 3035 2812 3090 sed
2862 3035 3124 3106 pastoris.
3156 3035 3399 3091 Maxime
3425 3035 3561 3108 quia
3589 3037 3652 3090 in
3682 3054 3858 3093 causa

468 3133 636 3187 Aliud
675 3132 826 3204 quod
871 3149 974 3203 per
1013 3149 1199 3187 servos
1245 3133 1315 3188 de
1364 3132 1451 3187 his
1494 3149 1621 3204 qua
1668 3132 2010 3203 objiciebant
2047 3150 2105 3186 se
2128 3160 2183 3235 Ο
2208 3130 2444 3202 prafata
2483 3131 2690 3184 multos
2730 3130 2829 3202 qui
2877 3148 2936 3184 se
2982 3129 3440 3201 dedignabantur
3480 3147 3855 3204 cognoscere,

467 3243 599 3281 cum
628 3227 1012 3298 loquebantur
1046 3243 1210 3298 posse
1253 3227 1610 3295 convincere,
1641 3226 1916 3281 addentes
1953 3227 2107 3298 quod

467 3320 587 3390 ipse
617 3320 906 3391 mancipia
927 3320 1197 3388 traderet,
1232 3321 1437 3392 quibus
1467 3325 1744 3392 quantum
1773 3320 1868 3374 ille
1897 3336 2105 3375 assere-

466 3414 822 3485 bant,‘possit
843 3415 900 3468 in
928 3414 1277 3469 indicatione
1308 3415 1584 3486 superari.
1612 3416 1749 3480 Qua
1774 3431 1861 3469 res
1881 3413 2110 3469 canoni-

467 3509 572 3562 bus
586 3511 642 3563 et
658 3508 792 3579 ipsis
805 3509 1045 3579 publicis
1069 3513 1190 3564 erat
1214 3509 1433 3580 legibus
1459 3508 1706 3579 inimica,
1729 3525 1854 3563 cum
1872 3510 2104 3563 Patrum

469 3605 678 3657 statuta
718 3603 1054 3671 sanxissent,
1093 3605 1154 3657 ut
1196 3619 1336 3674 quos
1378 3603 1451 3658 ad
1498 3603 1910 3658 accusationem
1952 3602 2108 3672 leges

469 3695 653 3750 saeuli
681 3713 797 3750 non
836 3696 1166 3765 admittunt,
1201 3695 1288 3750 his
1316 3696 1543 3751 dicendi
1575 3696 1634 3750 in
1668 3697 1993 3768 cognitione
2022 3697 2107 3751 vel

469 3789 808 3860 assequendi
838 3789 1058 3860 aliquid
1100 3790 1500 3860 denegandam
1547 3807 1668 3844 esse
1708 3790 2012 3844 licentiam.
2045 3791 2110 3843 Et

468 3883 607 3936 dum
651 3883 802 3937 inter
850 3883 961 3937 ista
1012 3900 1141 3954 qua
1186 3886 1377 3938 essent
1424 3883 1689 3938 facienda
1735 3884 2106 3950 tractabatur,

470 3975 737 4045 prafatus
763 3992 926 4046 papa,
958 3981 1019 4030 ut
1065 3993 1292 4030 causam
1334 3976 1568 4044 diceret,
1600 3977 1955 4031 occurrebat.
2003 3976 2108 4040 Qui

469 4069 702 4122 veniens
747 4069 816 4122 ab
861 4069 1207 4123 irruentibus
1251 4069 1432 4124 turbis
1481 4071 1822 4124 amulorum
1874 4087 2107 4124 suorum

473 4162 554 4215 ita
583 4164 854 4216 tractatus
883 4165 986 4230 est,
1021 4165 1081 4216 ut
1109 4162 1304 4217 multis
1330 4162 1675 4235 presbyteris
1701 4163 1798 4234 qui
1830 4179 1960 4217 cum
1987 4163 2108 4234 ipso

473 4261 636 4311 erant
673 4273 778 4328 per
813 4255 1026 4311 eadem
1071 4257 1256 4328 ipsam
1299 4257 1496 4312 mortis
1541 4257 1738 4312 fuisset
1780 4257 2020 4324 occasio,
2054 4263 2112 4312 et

474 4351 793 4405 recentium
852 4350 1036 4404 adhuc
1089 4351 1325 4423 vestigia
1385 4353 1686 4406 vulnerum
1743 4351 1974 4406 illustris
2027 4352 2111 4406 vir

476 4460 666 4498 comes
717 4444 1029 4514 Aligenius,
1073 4448 1131 4499 et
1184 4446 1456 4500 sublimes
1500 4446 1603 4500 viri
1650 4445 1875 4512 Gudila,
1918 4449 1973 4499 et
2016 4447 2110 4500 Ve-

2211 3228 2268 3279 et
2317 3225 2428 3278 Deo
2473 3223 2802 3279 satisfacere
2846 3241 3008 3279 error
3055 3224 3389 3292 involverat,
3435 3227 3493 3279 et
3539 3225 3676 3296 quia
3731 3243 3856 3281 non

2208 3320 2471 3390 poterant
2507 3319 2670 3389 plura
2699 3319 2801 3372 sub
2829 3319 2937 3373 hac
2963 3318 3258 3373 occasione
3289 3319 3551 3374 Ecclesia
3576 3320 3855 3375 membra

2209 3411 2478 3483 dispergi,
2513 3412 2614 3466 sed
2645 3411 2828 3483 magis
2869 3429 2970 3484 per
3009 3412 3511 3467 mansuetudinem
3554 3413 3852 3470 sustineri.

2208 3506 2361 3560 Sicut
2407 3506 2544 3560 boni
2573 3522 2674 3560 nos
2704 3506 2891 3577 operis
2932 3506 3138 3561 Paulus
3174 3505 3452 3577 magister
3476 3507 3852 3574 instruxerat,

2210 3599 2402 3654 dicens
2432 3617 2445 3655 :
2475 3600 2770 3656 Sanandos
2812 3616 2933 3655 esse
2973 3600 3251 3672 plurimos
3296 3617 3398 3672 per
3423 3601 3768 3673 patientiam
3797 3608 3856 3658 et

2209 3693 2557 3763 doctrinam;
2585 3698 2640 3748 et
2677 3693 3001 3765 quicunque
3046 3697 3318 3765 putantur
3349 3695 3452 3762 rei,
3483 3699 3539 3750 et
3581 3695 3853 3766 gravibus

2208 3788 2449 3859 peccatis
2497 3787 2762 3857 involuti,
2816 3789 3080 3860 quamvis
3125 3789 3316 3843 nullus
3365 3789 3438 3842 sit
3491 3789 3588 3860 qui
3641 3789 3852 3844 delicto

2209 3886 2415 3950 careat,
2447 3880 2590 3935 sicut
2631 3882 2874 3936 Joannes
2918 3885 3162 3937 testatur
3194 3883 3480 3952 apostolus
3514 3899 3526 3936 :
3556 3882 3613 3937 Si
3659 3882 3850 3937 dicam

2209 3974 2478 4047 quoniam
2519 3979 2818 4044 peccatum
2868 3993 2985 4030 non
3036 3975 3237 4044 habeo,
3277 3976 3523 4031 mendax
3570 3993 3718 4044 sum,
3755 3993 3851 4032 eos

2210 4073 2406 4122 tamen
2432 4068 2621 4138 magis
2649 4069 2930 4139 pressuris
2961 4070 3262 4125 hominem
3290 4069 3592 4126 sustentari
3622 4074 3680 4126 et
3704 4088 3852 4142 pra-

2211 4162 2435 4231 terreri,
2467 4163 2680 4235 hasque
2725 4164 3011 4234 passiones
3052 4164 3272 4234 judicio
3316 4165 3507 4219 divino
3550 4166 3848 4236 suspendi.

2211 4255 2441 4310 Maxime
2489 4273 2621 4311 cum
2667 4257 2762 4311 illa
2806 4275 2935 4329 qua
2979 4258 3365 4328 praemisimus
3412 4259 3562 4314 inter
3603 4259 3714 4312 alia
3774 4259 3851 4314 de

2209 4350 2547 4405 auctoritate
2601 4351 2750 4406 sedis
2798 4352 3103 4417 obstarent,
3154 4353 3290 4423 quia
3345 4353 3495 4423 quod
3551 4369 3852 4423 possessor

2210 4444 2332 4513 ejus
2377 4445 2670 4530 quondam
2714 4445 2913 4500 beatus
2953 4447 3150 4500 Petrus
3192 4447 3403 4500 meruit
3441 4446 3501 4500 in
3550 4447 3851 4502 nobilitate

478 4538 701 4592 deulfus
748 4538 996 4608 majores
1033 4540 1235 4594 domus
1281 4539 1450 4610 regia
1495 4539 1936 4610 perspexissent,
1968 4533 2579 4608 quostossessionis
2625 4538 2878 4608 accessit,
2927 4545 2982 4593 et
3032 4539 3344 4595 claritatem
3388 4543 3637 4595 veterem
3687 4541 3852 4595 vobis

477 4648 667 4687 secum
698 4633 850 4687 unde
879 4648 1138 4702 egressus
1167 4632 1369 4701 fuerat,
1401 4633 1472 4687 ad
1504 4632 1654 4687 beati
1688 4631 1834 4685 Petri
1876 4632 2114 4702 apostoli

480 4729 641 4796 septa
685 4725 1030 4780 eonvexerit.
1063 4726 1157 4779 His
1183 4725 1264 4779 ita
1309 4726 1464 4792 actis,
1502 4730 1558 4778 et
1601 4724 1771 4778 rebus
1798 4725 1951 4778 varia
1979 4742 2110 4779 eon-

473 4820 697 4876 fusione
719 4820 979 4885 turbatis,
1007 4818 1217 4874 iterum
1249 4835 1352 4872 nos
1375 4818 1444 4872 ad
1464 4817 1742 4888 justitiam
1773 4818 2113 4874 contulimus

474 4913 874 4984 principalem,
903 4913 1143 4966 scientes
1187 4911 1483 4966 divinitate
1516 4912 1748 4982 propria
1781 4929 1979 4984 regere
2006 4915 2109 4968 Do-

477 5006 722 5073 minum,
771 5021 941 5076 quem
999 5004 1071 5058 ad
1132 5005 1301 5059 Italia
1351 5005 1734 5076 gubernacula
1786 5007 2112 5078 provideret

475 5102 616 5169 ipse.
687 5099 860 5169 Cujus
919 5098 1346 5153 mansuetudini
1410 5099 1602 5154 omnia
1660 5118 1760 5171 per
1823 5102 2110 5156 relationis

475 5193 701 5261 seriem,
733 5192 878 5246 sicut
922 5207 1010 5246 res
1053 5193 1337 5264 poscebat,
1378 5194 1737 5266 ingessimus,
1779 5195 2109 5252 in'timantes

475 5285 648 5339 etiam
703 5303 852 5357 sape
916 5287 1270 5343 nominatum
1337 5306 1542 5361 papam
1597 5306 1700 5361 per
1752 5290 1965 5358 sedem,
2020 5292 2108 5344 cui

473 5379 838 5450 subjacuerat
867 5398 994 5435 cum
1033 5382 1166 5449 suis,
1201 5384 1247 5437 si
1273 5385 1622 5439 voluntatem
1649 5400 1844 5439 rursus
1873 5385 2109 5439 haberet

475 5473 744 5542 exeundi,
773 5473 844 5528 ad
865 5475 1145 5546 judicium
1177 5476 1347 5532 fuisse
1374 5477 1812 5544 commonitum,
1843 5477 1940 5530 sed
1969 5477 2103 5531 alle-

474 5584 640 5638 gasse
671 5584 802 5623 eum
829 5585 930 5639 per
958 5569 1197 5624 directos
1229 5569 1525 5641 episcopos
1568 5570 1852 5625 mandatis
1883 5570 2106 5623 canoni-

470 5661 574 5715 bus
605 5661 710 5717 sibi
739 5663 1077 5718 concessisse
1107 5661 1315 5716 affectu
1346 5663 1698 5734 purgationis
1739 5679 1851 5716 sua
1879 5663 2103 5718 culmen

471 5755 737 5810 humiliat
761 5755 993 5826 quantis
1020 5755 1287 5826 periculis
1310 5771 1459 5826 pene
1481 5772 1784 5827 oppressus
1807 5756 2102 5812 dominum

470 5861 666 5913 regem
691 5848 899 5904 habere
916 5847 1071 5919 quod
1091 5847 1259 5902 vellet
1279 5847 1520 5903 faciendi
1545 5866 1602 5904 se
1625 5849 1854 5905 interim
1869 5849 2102 5919 justitia

2217 4631 2330 4700 dat,
2386 4632 2483 4688 det
2536 4631 2740 4687 Christi
2797 4633 3114 4687 rectoribus
3172 4633 3375 4688 devote
3433 4634 3846 4704 clamantibus;

2215 4725 2486 4795 scriptum
2517 4741 2636 4780 esse
2663 4742 2764 4797 per
2788 4727 3131 4798 prophetam
3161 4744 3227 4780 ex
3253 4743 3496 4797 persona
3524 4728 3624 4781 Dei
3655 4745 3666 4781 :
3697 4729 3849 4782 Nun-

2214 4818 2349 4890 quid
2367 4835 2481 4872 non
2510 4821 2657 4874 valet
2676 4837 2878 4874 manus
2897 4837 3024 4875 mea
3051 4821 3121 4875 ad
3149 4820 3604 4875 consumendum
3629 4837 3726 4877 eos
3746 4824 3847 4894 qui

2214 4915 2584 4967 erraverunt?
2613 4915 2740 4967 Hac
2763 4914 2962 4968 eadem
2993 4914 3306 4985 sapissime
3333 4917 3397 4968 ut
3424 4915 3677 4984 oportuit
3697 4932 3850 4971 com-

2212 5010 2515 5060 monentes
2529 5010 2594 5060 ut
2610 5007 2798 5061 habita
2821 5006 3137 5062 intentione
3165 5008 3540 5078 discederent,
3561 5013 3616 5063 et
3631 5010 3848 5065 factum

2211 5103 2472 5153 nostrum
2506 5100 2658 5170 quod
2696 5101 2846 5155 Deus
2889 5101 3267 5172 inspiraverat
3300 5103 3466 5173 juxta
3505 5104 3845 5160 mandatum

2211 5193 2486 5263 principis
2511 5211 2624 5248 non
2651 5193 3015 5264 discuterent,
3039 5197 3140 5250 sed
3169 5201 3562 5268 sequerentur,
3587 5197 3734 5252 sicut
3754 5199 3847 5254 de—

2211 5287 2372 5341 cebat
2401 5288 2548 5343 ﬁlios
2573 5289 2855 5356 Ecclesia,
2881 5306 2986 5344 nec
3013 5290 3116 5345 sub
3143 5291 3246 5345 hac
3273 5291 3693 5347 intermissione
3716 5310 3846 5348 con-

2209 5381 2534 5451 tenderent,
2550 5387 2606 5436 et
2623 5386 2940 5439 crescerent
2964 5384 3226 5438 Ecclesia
3254 5384 3593 5440 detrimenta
3607 5403 3739 5458 qua
3755 5405 3846 5442 res

2208 5476 2480 5545 poscebat
2524 5493 2654 5530 cum
2691 5477 3060 5533 festinatione
3088 5479 3358 5546 succurri,
3391 5483 3448 5534 et
3474 5479 3642 5534 nobis
3673 5481 3844 5553 huius

2208 5569 2529 5636 celeritatis,
2562 5575 2619 5624 et
2664 5570 2812 5625 illius
2856 5571 3195 5628 obedientia
3234 5573 3536 5662 necessitas
3572 5573 3843 5630 immine-

2204 5664 2319 5719 bat.
2377 5662 2617 5719 Maxime
2656 5680 2786 5718 cum
2828 5682 3058 5722 omnem
3105 5683 3251 5737 pene
3280 5668 3507 5738 plebem
3549 5670 3840 5725 cernimus

2206 5757 2328 5828 ejus
2361 5756 2751 5814 communioni
2795 5759 3292 5816 indissociabiliter
3325 5762 3645 5833 adhasisse,
3675 5766 3839 5836 cujus

2206 5867 2307 5906 nos
2337 5868 2451 5906 non
2495 5851 2715 5907 modica
2746 5853 2974 5925 quidem
3007 5871 3140 5909 cura
3167 5856 3511 5924 stimulabat,
3542 5874 3615 5912 ne
3641 5858 3702 5912 in
3732 5860 3834 5914 ali-
