4040 6306
180 309 316 358 100ζί

1418 306 1889 362 υΕωὶΕΤΑΙΛυΜ
1927 309 2313 364 COLLEGTIO.

3419 316 3431 367 l
3447 317 3548 368 006

165 427 285 483 quo
339 411 632 466 laberetur
678 426 887 465 errore.
941 411 1160 476 Quibus
1196 412 1453 484 allegatis
1501 414 1603 469 Dei
1626 415 1813 470 nostri
1832 415 2367 499 Asimpromensis,
2385 417 2880 490 FelixNepesinus,
2904 420 3150 475 Hilarius
3165 422 3550 492 'l‘empranen-

162 505 555 560 obtestatione
600 504 987 575 decernimus,
1037 506 1248 560 harum
1286 506 1694 563 necessitatum
1724 510 1814 564 vel

162 598 526 670 religionum
574 598 1026 654 consideratione
1073 599 1306 668 astricti,
1355 603 1413 655 et
1446 602 1812 674 ccelestiper-

162 693 362 764 pensis
391 692 658 747 omnibus
696 709 824 764 quae
851 692 910 746 in
936 709 1100 747 causa
1133 699 1298 750 erant
1326 694 1701 766 inspiratione
1733 713 1815 753 se

161 787 341 842 cretis
371 787 750 858 Symmachus
775 803 927 858 papa
967 787 1116 842 sedis
1148 788 1470 858 apostolica:
1497 792 1708 861 praesul
1741 791 1812 846 ab

159 880 507 952 hujusmodi
544 880 1022 951 propositionibus
1067 881 1363 953 impetitus
1417 886 1696 954 quantum
1739 885 1812 938 ad

157 975 434 1030 homines
475 975 726 1046 respicit,
775 974 907 1046 quia
941 977 1128 1030 totum
1177 975 1358 1030 causis
1413 976 1811 1033 obsistentibus

158 1068 439 1140 superius
489 1067 816 1139 designatis,
867 1071 1088 1124 constat
1133 1067 1326 1142 249
1358 1070 1592 1125 arbitrio
1622 1071 1809 1127 divino

158 1162 343 1218 fuisse
375 1161 699 1232 dimissum,
730 1163 801 1217 sit
832 1162 1126 1230 immunis,
1165 1167 1220 1218 et
1256 1163 1418 1231 liber,
1448 1167 1502 1219 et
1533 1165 1833 1244 Christia-/

158 1273 251 1312 nae
275 1255 435 1327 plebi
457 1256 578 1311 sine
605 1256 793 1328 aliqua
810 1256 879 1310 de
905 1255 1138 1327 objectis
1159 1256 1510 1312 oblationem
1532 1258 1590 1312 in
1616 1259 1804 1314 omni-

158 1351 269 1406 bus
294 1350 549 1406 ecclesiis
579 1350 695 1404 suis
722 1350 794 1404 ad
815 1350 910 1421 jus
937 1349 1084 1404 sedis
1110 1366 1225 1405 sua;
1250 1350 1667 1422 pertinentibus
1687 1357 1804 1407 tra-

159 1446 257 1500 dat
296 1444 496 1499 divina
533 1442 824 1514 mysteria,
873 1443 1013 1514 quia
1056 1460 1190 1498 eum
1233 1443 1305 1499 ab
1335 1442 1806 1516 impugnatorum

157 1555 407 1594 suorum
443 1537 741 1609 petitione,
787 1541 842 1592 et
881 1539 1118 1608 propter
1173 1536 1434 1608 superius
1478 1539 1806 1610 designatas

157 1648 362 1687 causas
399 1631 647 1702 obligari
690 1647 809 1687 non
850 1630 1104 1702 potuisse
1134 1631 1512 1702 cognovimus
1539 1633 1692 1688 unde
1718 1649 1802 1688 se-

156 1727 422 1782 cundum
451 1725 790 1796 principalia
813 1727 1100 1796 prmeepta
1137 1741 1267 1796 quae
1297 1729 1512 1781 nostra:
1545 1726 1676 1781 huic
1707 1727 1804 1782 tri-

1913 508 2010 578 sis,
2042 509 2406 565 Innocentius
2455 511 2811 583 Tarentinus,
2859 512 3297 584 Tyberniorum,
3327 515 3546 571 Severi-

1914 619 2020 656 nus
2039 603 2475 671 Tundaritanus,
2511 605 2782 676 Sylvanus
2813 605 3152 676 Veliternus,
3185 609 3550 664 Sebastianus

1915 695 2180 766 Suranus,
2208 697 2514 752 Mercurius
2538 698 2816 769 Gavinati,
2843 699 2992 756 Felix
3014 702 3326 771 Atellanus,
3355 703 3547 758 Rusti-

1913 805 2010 843 cus
2041 791 2438 859 Bruxantinus,
2495 793 2852 864 Propinquus
2888 794 3192 863 Tribensis,
3230 796 3549 852 Adeodatus

1915 883 2276 952 Fornitanus,
2309 886 2646 941 Bonefacius
2677 887 3092 956 Cameritanus,
3121 891 3313 944 Justus
3343 890 3544 961 Signa-

1910 975 2082 1046 tinus,
2112 977 2438 1033 Vindemius
2464 979 2818 1049 Anteatinus,
2851 982 3139 1052 Augustus
3160 983 3542 1054 Liparitanus,

1911 1071 2240 1126 Valentinus
2282 1073 2700 1144 Amiterninus,
2736 1075 3077 1130 Fortunatus
3109 1077 3435 1148 Suestanus,
3461 1079 3546 1134 Jo-

1909 1165 2134 1219 cundus
2160 1168 2542 1236 Augustanus,
2565 1167 2816 1239 Tigidius
2837 1170 3236 1242 Taurigranus,
3261 1171 3547 1227 Viticanus

1909 1258 2259 1329 Celunensis,
2282 1262 2527 1315 Joannes
2551 1262 2947 1331 Ariminensis,
2974 1264 3374 1320 Porculeianus
3407 1266 3542 1336 Sep-

1906 1351 2110 1423 niatis,
2151 1353 2438 1410 Candidus
2488 1355 2864 1428 Triportinus,
2905 1358 3240 1413 Cresconius
3281 1359 3538 1414 Tuderti-

1905 1462 2032 1513 nus,
2062 1448 2427 1502 Innocentius
2455 1449 2687 1517 Binatis,
2717 1452 2960 1506 Joannes
2980 1451 3317 1523 Spoletinus,
3349 1454 3543 1508 Eusta-

1904 1539 2019 1593 sius
2051 1540 2476 1609 Cremonensis,
2509 1542 2841 1598 Laurentius
2869 1545 3206 1616 Verginatis,
3232 1547 3542 1618 Eucarpius

1902 1634 2222 1705 Meresapae,
2262 1635 2560 1690 Rufentius
2599 1636 2938 1708 Agnatinus,
2980 1638 3227 1693 Serenus
3266 1639 3538 1708 Nolanus,

1901 1727 2210 1782 Martianus
2257 1729 2497 1797 Acanus,
2550 1730 2802 1784 Euticius
2849 1731 3169 1802 Tranensis,
3202 1732 3540 1788 Fortunatus

155 1821 350 1875 buunt
389 1818 678 1890 potestati,
720 1819 774 1872 ei
809 1818 1090 1890 quidquid
1126 1818 1488 1873 ecclesiastici
1528 1819 1684 1875 intra
1711 1799 2254 1895 sa-BAnagninus,
2300 1824 2506 1895 Aprilis
2548 1825 2989 1895 Laterianensis,
3031 1799 3250 1881 Asellus
3294 1829 3539 1899 Populo-

156 1931 318 1969 cram
345 1913 547 1968 urbem
577 1914 838 1981 Romam,
871 1911 959 1968 vel
985 1911 1122 1966 foris
1147 1915 1232 1966 est
1251 1912 1398 1982 juris
1427 1913 1801 1969 reformamus

157 2013 340 2063 totam
366 2023 598 2063 causam
619 2007 719 2061 Dei
738 2005 958 2077 judicio
980 2009 1337 2060 reservantes
1355 2007 1650 2063 universos
1670 2008 1802 2064 hor-

159 2107 375 2168 tamur,
404 2103 470 2156 ut
497 2116 718 2156 sacram
749 2099 1214 2154 communionem
1248 2099 1392 2155 sicut
1426 2117 1516 2155 res
1553 2103 1801 2172 postulat

155 2197 226 2250 ab
257 2211 326 2252 eo
352 2194 695 2266 percipiant,
736 2196 793 2248 et
828 2192 927 2246 Dei
955 2192 1283 2247 animarum
1323 2210 1556 2248 suarum
1594 2196 1796 2251 memi-

156 2289 371 2360 nerint,
402 2287 536 2360 quia
567 2293 622 2343 et
646 2287 768 2359 ipse
795 2290 1015 2340 amator
1034 2287 1186 2357 pacis
1215 2290 1317 2355 est,
1347 2289 1404 2341 et
1434 2287 1552 2359 ipse
1579 2305 1689 2360 pax
1714 2294 1800 2345 est

157 2383 256 2456 qui
280 2387 487 2438 monet
517 2397 530 2436 :
563 2403 590 2432 «
619 2383 821 2436 Pacem
847 2396 1040 2435 meam
1077 2381 1148 2435 do
1184 2379 1362 2451 vobis,
1391 2397 1590 2452 pacem
1617 2383 1794 2438 relin-

157 2449 272 2550 quo
300 2475 462 2533 vobis
488 2478 660 2548 (Joan.
681 2491 792 2542 xw,
821 2477 930 2545 27).
960 2495 989 2524 »
1019 2475 1088 2529 Et
1119 2475 1178 2529 in
1205 2449 1548 2547 quacunque
1573 2449 1841 2548 civitate}

156 2588 361 2644 pacem
417 2585 540 2624 esse
598 2568 1045 2624 conﬁrmandam
1094 2568 1388 2623 affirmant
1427 2569 1627 2625 beatos
1676 2588 1796 2626 esse

154 2665 439 2738 paciﬁcos.
495 2664 626 2718 Haec
675 2663 1003 2735 quicunque
1052 2678 1120 2716 ex
1171 2661 1547 2718 instructione
1602 2667 1797 2720 nostra

156 2762 311 2833 quod
354 2776 471 2815 non
519 2759 888 2827 aestimamus,
929 2760 1015 2814 vel
1066 2775 1182 2813 non
1209 2757 1456 2828 admitti,
1489 2759 1575 2814 vel
1603 2761 1794 2816 detre-

154 2855 295 2910 ctari
317 2870 504 2926 posse,
529 2853 852 2921 crediderit,
880 2852 1085 2921 videat,
1111 2851 1246 2923 quia
1272 2853 1332 2907 in
1361 2852 1550 2908 divino
1575 2853 1793 2924 judicio

155 2950 524 3019 contemptus
556 2945 642 3000 sui
671 2946 958 3000 rationem
995 2950 1081 3000 est
1121 2945 1284 3016 (sicut
1313 2945 1382 3001 de
1421 2947 1536 3001 Deo
1565 2947 1796 3002 conﬁdi-

155 3045 303 3112 mus)
330 3039 680 3096 redditurus.
709 3040 784 3094 De
810 3038 1029 3094 clericis
1053 3039 1362 3094 memorati
1394 3056 1556 3111 papae
1596 3041 1695 3111 qui
1722 3040 1793 3095 ab

156 3135 419 3207 episcopo
460 3150 562 3188 suo
601 3137 730 3188 ante
775 3137 1001 3204 tempus
1039 3132 1298 3204 alicujus,
1331 3135 1533 3187 contra
1562 3135 1792 3206 regulas

155 3228 534 3295 discesserint,
575 3230 633 3282 et
672 3225 915 3282 schisma
959 3226 1216 3295 fecerint,
1249 3227 1356 3281 hoc
1388 3227 1514 3280 ﬁeri
1540 3227 1792 3283 decerni-

155 3338 300 3389 mus,
332 3325 397 3375 ut
426 3337 524 3376 eos
556 3320 964 3376 satisfacientes
996 3319 1284 3391 episcopo,
1327 3336 1430 3374 sua
1467 3319 1788 3376 misericor-

154 3415 244 3470 dia
268 3415 667 3486 subsequatur,
701 3416 759 3468 et
776 3413 976 3468 ofﬁciis
1000 3412 1390 3468 ecclesiasticis
1416 3427 1473 3467 se
1502 3413 1790 3484 gaudeant

156 3508 414 3575 restitui,
495 3508 634 3579 quia
710 3507 982 3562 Dominus
1054 3510 1108 3562 et
1185 3507 1517 3578 redemptor
1596 3510 1790 3563 noster

153 3619 277 3657 oves
307 3601 564 3674 perditas
604 3601 674 3656 ab
717 3617 911 3656 errore
957 3603 1180 3656 laztatur
1226 3600 1505 3671 inventas,
1535 3605 1591 3657 et
1617 3617 1790 3672 super

157 3698 467 3768 profugum
508 3693 694 3750 ﬁlium
741 3699 1041 3766 paternam
1098 3694 1500 3750 liberalitatem
1550 3695 1787 3750 caelestis

158 3789 430 3845 mediator
486 3788 904 3844 accommodat.
953 3788 1215 3860 Quisquis
1267 3805 1400 3843 vero
1452 3788 1784 3844 clericorum

157 3888 278 3956 post
329 3885 478 3939 hanc
515 3883 764 3938 formam
810 3900 843 3938 a
882 3883 1044 3937 nobis
1071 3883 1402 3954 probatam,
1447 3899 1786 3955 quocunque

157 3982 367 4033 sacrato
408 3979 527 4033 Deo
587 3977 706 4031 loco
755 3976 815 4031 in
863 3977 1166 4032 Ecclesiam
1204 3979 1529 4034 Romanam
1555 3977 1784 4032 missam

157 4072 433 4127 celebrare
477 4070 908 4142 praesumpserit
936 4074 1148 4142 praeter
1177 4072 1585 4127 conscientiam
1625 4089 1786 4143 papae

156 4165 504 4237 Symmachi,
539 4165 679 4219 dum
707 4164 845 4218 vivit
871 4164 1092 4219 statutis
1117 4165 1427 4233 canonicis,
1456 4166 1611 4220 velut
1635 4166 1782 4221 schi-

157 4259 417 4314 smaticus
442 4259 804 4330 percellatur.
843 4259 953 4312 Ista
997 4258 1297 4327 sufﬁciant,
1347 4275 1500 4314 nunc
1526 4276 1656 4314 cum
1684 4261 1785 4316 Dei

156 4353 354 4409 notitia
390 4352 610 4408 sincere
648 4352 962 4423 protulisse.
993 4352 1328 4406 Laurentius
1356 4352 1655 4424 episcopus
1681 4356 1782 4409 Ec-

155 4447 332 4502 clesia:
371 4437 818 4514 MediOlanensis,
870 4445 1001 4500 huic
1049 4448 1260 4500 statuto
1309 4448 1504 4500 nostro
1558 4446 1617 4500 in
1669 4463 1782 4518 quo

155 4544 329 4596 totam
356 4556 588 4594 causam
625 4540 722 4594 Dei
754 4539 972 4610 judicio
1000 4539 1408 4606 commisimus,
1460 4540 1782 4611 subscripsi.
1805 4542 1865 4614 D

157 4636 348 4689 Petrus
378 4633 677 4704 episcopus
703 4635 1089 4688 Ravennanus
1114 4633 1249 4687 huic
1273 4635 1486 4688 statuto
1513 4637 1704 4687 nostro
1726 4634 1786 4688 in

155 4745 260 4799 quo
291 4731 470 4782 totam
498 4726 597 4780 Dei
617 4726 835 4798 judicio
867 4726 1280 4793 commisimus,
1317 4727 1439 4781 sub.
1469 4726 1624 4781 Felix
1653 4728 1784 4783 Ter-

157 4820 478 4889 racinensis,
540 4820 841 4877 Boniﬁcius
879 4820 1317 4893 Aquemucnsis,
1362 4820 1636 4876 Maximus
1665 4822 1786 4877 Ble-

159 4933 374 4983 ramus,
430 4914 740 4970 Emilianus
786 4916 1073 4985 Furanus,
1125 4914 1396 4971 Maximus
1445 4914 1784 4984 Ticinensis,

158 5011 448 5065 Cassianus
494 5008 843 5079 Mutinensis,
897 5009 1200 5064 Gerontius
1264 5008 1611 5076 Fidudensis,
1664 5011 1784 5065 Ste-

162 5104 376 5174 phanus
422 5103 760 5171 Venusinus,
784 5104 1126 5158 Laurentius
1156 5103 1408 5170 Boensis,
1441 5103 1787 5158 Fortunatus

163 5195 534 5268 Fulginensis,
583 5197 889 5252 Mercurius
943 5196 1221 5264 Sutrinus,
1284 5197 1606 5267 Stephanus
1655 5197 1788 5251 Nea-

157 5291 455 5361 politanus,
504 5288 748 5344 Hilarius
790 5292 1102 5360 Tensanus,
1149 5289 1562 5345 Maximilianus
1611 5291 1786 5344 Peru-

160 5384 325 5449 sinus,
369 5383 735 5439 Innocentius
783 5385 1151 5454 Fortunatus,
1179 5383 1524 5439 Concordius
1549 5383 1786 5440 Mesina-

163 5478 242 5545 tis,
297 5477 490 5532 Vitalis
526 5478 852 5547 Fundanus,
910 5479 1110 5534 Castus
1165 5477 1513 5547 Portuensis,
1573 5476 1790 5532 Aristus

163 5571 423 5640 Ostensis,
454 5572 756 5644 Martyrius
788 5572 1228 5640 Terracinensis,
1274 5573 1464 5628 Victor
1490 5569 1786 5641 Lunensis,

163 5666 407 5720 Asterius
435 5664 752 5737 Aquinatis,
781 5667 1183 5738 Chrysogonus
1210 5665 1560 5732 Albanensis,
1587 5667 1793 5720 Aman-

166 5760 262 5813 dus
287 5760 640 5825 Potentinus,
672 5761 970 5816 Romanus
1009 5763 1422 5826 Numentanus,
1453 5762 1625 5816 Ursus
1655 5760 1792 5814 Rea-

169 5855 340 5921 tinus,
387 5854 721 5909 Paschasius
772 5853 1189 5920 Vulternensis,
1248 5853 1607 5910 Innocentius
1658 5853 1790 5907 For-

1898 1917 2131 1986 niensis,
2166 1919 2379 1974 Memor
2405 1918 2746 1987 Canusinus,
2777 1920 3102 1976 Adrudatus
3128 1921 3294 1976 Silva).
3324 1921 3536 1978 Candi-

1898 2010 2005 2078 das,
2057 2011 2332 2065 Venerius
2380 2012 2669 2075 Pallensis,
2714 2013 2970 2083 Rogatus
3010 2015 3534 2086 Taurominitanus,

1901 2103 2205 2159 Servusdei
2226 2105 2502 2174 Ferensis,
2525 2106 2740 2160 Probus
2762 2106 3237 2176 Carmeianensis,
3264 2108 3540 2164 Dulcitius

1900 2197 2091 2254 Sancti
2117 2197 2349 2254 Antimi.

2003 2426 2203 2506 Incipit
2223 2426 2482 2495 praefatio
2514 2425 2754 2481 Ennodiz’
2783 2428 2840 2480 in
2871 2426 3068 2483 librum
3099 2433 3421 2498 sequentem.

1969 2617 2121 2672 Solet
2168 2615 2396 2671 dicendi
2451 2616 2719 2672 affectum
2764 2619 3079 2673 multarum
3123 2635 3312 2675 rerum
3363 2621 3532 2676 ardor

1898 2688 2150 2759 exigere.
2179 2687 2238 2742 Si
2269 2692 2462 2743 autem
2493 2705 2694 2742 avarus
2718 2689 2900 2744 laudis
2930 2689 3129 2744 avidus
3147 2693 3250 2759 est,
3282 2694 3339 2746 et
3365 2691 3526 2748 favo-

1895 2759 2335 2832 rem‘desiderat
2360 2759 2562 2814 sudore
2588 2759 2852 2832 mercari,
2880 2766 2977 2815 aut
3006 2777 3110 2832 per
3136 2761 3530 2819 blandimenta

1895 2829 2097 2902 gloriae
2129 2847 2358 2902 crucem
2384 2831 2673 2885 narrantis
2699 2829 2948 2902 ignorat,
2979 2829 3080 2887 aut
3106 2832 3250 2888 lucri
3267 2834 3528 2889 astrictus

1895 2901 2265 2975 compedibus
2278 2902 2502 2975 linguae
2537 2901 3117 2975 vendit’obsequium,
3150 2907 3213 2958 ut
3236 2905 3372 2960 dum
3400 2905 3523 2960 ani-

1893 2989 2021 3055 mus
2044 2972 2292 3055 habendi
2313 2972 2584 3045 cupidine
2606 2972 2939 3055 subjugatus
2950 2972 3367 3055 praesumptum
3382 2977 3528 3032 aesti-

1893 3047 2018 3119 mat
2047 3045 2168 3115 jam
2213 3049 2409 3119 tenere
2453 3045 2887 3119 compendium,
2924 3045 3001 3119 sic
3046 3045 3374 3119 ingruentia
3425 3065 3528 3119 per

1895 3115 2023 3186 styli
2053 3115 2386 3170 exercitium
2417 3115 2601 3170 nescit
2612 3117 2816 3171 timere
2837 3115 3183 3184 discrimina,
3215 3123 3315 3174 aut
3341 3115 3526 3175 neces-

1812 3169 1866 3244 C
1890 3169 2059 3261 sitate
2106 3169 2403 3261 conclusus
2420 3169 2673 3261 profert
2703 3169 3525 3261 eiseiiaiﬁ'éiﬁé'qﬁébunque

1890 3257 2023 3338 lima
2043 3259 2347 3338 captivum,
2371 3261 2427 3338 et
2443 3257 2695 3338 nesciam
2717 3257 2955 3338 pudoris
2971 3257 3222 3338 frontem
3243 3257 3526 3338 monstrat

1889 3329 1948 3402 in
1977 3327 2254 3402 medium,
2296 3327 2535 3402 ut_dum
2578 3327 2884 3402 intentioni
2927 3329 3257 3402 famulatur,
3291 3332 3524 3402 diligen-

1888 3399 2028 3481 tiam
2072 3399 2289 3481 decoris
2336 3399 2554 3480 aburat,
2600 3399 2734 3481 quia
2778 3400 3002 3481 dioendi
3038 3399 3520 3481 ornamentanon

1889 3473 2025 3524 sunt
2069 3469 2402 3543 intentionis
2442 3469 2704 3543 negotiii,
2756 3472 2858 3526 sed
2898 3471 3124 3543 quietis,
3170 3489 3273 3528 nec
3301 3474 3521 3529 militia:

1891 3547 2024 3597 sunt
2051 3541 2203 3614 picta
2231 3541 2442 3614 verba,
2460 3541 2557 3614 sed
2588 3542 2705 3596 otii.
2743 3541 3217 3614 Camp—usfortem
3249 3546 3517 3614 postulat,

1889 3629 1999 3684 pax
2026 3612 2316 3683 profunda
2346 3612 2579 3666 redimit
2604 3612 2898 3684 ornatum,
2913 3613 3010 3684 qui
3037 3612 3336 3684 profutura
3364 3612 3517 3671 asse?

1888 3683 1981 3749 rit,
2012 3684 2299 3754 loquelam
2345 3700 2473 3754 qum
2516 3683 2768 3754 periculo
2806 3683 2947 3739 artis
2985 3683 3069 3738 est
3095 3685 3350 3740 colorata
3389 3704 3520 3741 con-

1888 3755 2112 3809 temnit.
2134 3755 2227 3808 His
2245 3771 2382 3824 ergo
2399 3755 2478 3809 ita
2491 3772 2552 3809 se
2568 3755 2909 3810 habentibus
2922 3765 3156 3810 causam
3175 3758 3517 3812 narrationis

1886 3826 2137 3900 insinuo,
2160 3829 2219 3900 et
2238 3831 2495 3880 coactam
2514 3843 2708 3900 vooem
2735 3844 3040 3900 pravorum
3062 3828 3519 3900 latratuoreligio-

1887 3897 1964 3952 sis
1992 3897 2281 3952 mentibus
2306 3899 2668 3970 commendo,
2698 3897 2970 3970 scriptum
3001 3915 3120 3954 esse
3149 3897 3519 3956 reminiscens

1891 3991 1918 4019 ‹‹
1948 3975 2182 4043 tempus
2194 3968 2438 4043 tacendi,
2462 3974 2519 4043 et
2535 3972 2760 4043 tempus
2779 3968 3049 4043 loquendi
3072 3971 3358 4043 (Eccle.111.
3381 3973 3454 4043 7),
3485 3995 3513 4021 ››

1883 4041 1971 4094 vel
1999 4046 2125 4111 post
2154 4041 2329 4112 ﬁdem
2360 4041 2679 4111 prophetici
2708 4041 2918 4096 oraculi
2946 4041 3240 4112 cujusdam
3277 4041 3518 4098 oratOris

1885 4112 2212 4183 exemplum
2229 4111 2327 4183 qui
2353 4113 2551 4179 refert,
2577 4113 2687 4167 nisi
2715 4130 2841 4167 cum
2870 4111 3259 4183 necessarium
3284 4114 3513 4169 dicendi

1884 4182 2066 4237 nimis
2085 4182 2341 4254 ineptam
2367 4199 2486 4236 esse
2517 4182 3079 4254 conditionemJOris
3109 4201 3245 4254 ergo
3261 4185 3524 4254 ministei

1884 4254 2035 4308 rium
2075 4270 2178 4324 pro
2220 4254 2532 4307 valitudine
2568 4255 2787 4324 ingenii
2813 4254 3199 4309 sacerdotibus
3229 4255 3382 4323 dedi,
3413 4257 3517 4310 ad-

1883 4341 2078 4379 versus
2117 4341 2257 4396 quos
2285 4324 2636 4396 sibilantium
2668 4325 2846 4396 effusa
2879 4328 3014 4396 sunt
3040 4341 3259 4379 venena
3288 4326 3514 4396 lingua-

1883 4413 2036 4464 rum,
2080 4395 2211 4450 licet
2259 4398 2415 4466 scuto
2460 4395 2684 4448 munita
2721 4395 2854 4450 ﬁdei
2892 4395 3243 4466 spiculorum
3269 4395 3514 4452 imbrem

1885 4467 2164 4539 patientia
2195 4465 2458 4539 religiosa
2483 4483 2597 4539 non
2621 4466 2842 4539 timeat,
2891 4473 2947 4521 et
2978 4467 3048 4539 ad
3077 4470 3387 4539 auctorem
3433 4485 3514 4523 re-

1890 4536 2060 4594 deant
2080 4540 2210 4608 tela,
2241 4554 2368 4609 qua:
2399 4538 2519 4591 sine
2536 4537 2798 4609 bellandi
2831 4542 2948 4591 arte
2981 4536 3329 4609 diriguntur.
3380 4540 3512 4603 Qui-

1888 4610 1994 4664 bus
2021 4611 2175 4666 enim
2199 4607 2307 4680 pro
2329 4609 2502 4663 lorica
2520 4608 2775 4680 Christus
2802 4613 2905 4674 est,
2941 4607 3054 4662 vim
3081 4625 3199 4662 non
3229 4614 3514 4676 metuunt,

1888 4685 1945 4736 et
1969 4679 2234 4737 inimicos
2263 4682 2437 4761 longa
2467 4679 3305 4761 exspectationeprosternunt.
3349 4681 3514 4761 Qnis-

1887 4769 2159 4832 quamne
2189 4750 2384 4808 tamen
2385 4752 2468 4832 in
2494 4750 2596 4832 hac
2623 4750 3030 4832 acieprzelium
3052 4754 3217 4832 pntet
3244 4767 3365 4832 esse
3395 4754 3511 4832 for-

1887 4823 2108 4896 midini,
2139 4825 2198 4878 in
2230 4841 2344 4896 qua.
2383 4825 2497 4878 Deo
2538 4827 2594 4878 et
2631 4822 2992 4896 pontificibus
3018 4822 3262 4896 infertur
3286 4822 3405 4877 sine
3431 4825 3514 4878 vi-

1886 4895 2034 4948 rium
2065 4893 2438 4950 aestimatione
2465 4893 2772 4950 certamen.
2796 4893 3103 4964 Quisquam
3134 4910 3206 4946 ne
3224 4893 3442 4948 fluxum
3463 4901 3519 4950 et

1887 4965 2258 5021 lacessentem
2287 4968 2512 5021 hostem
2546 4967 2747 5034 videat,
2777 4968 2835 5019 et
2858 4965 3184 5036 praeliorum
3215 4965 3399 5019 causis
3422 4966 3517 5020 ad-

1887 5037 2202 5108 versarium
2231 5038 2474 5092 debilem
2496 5035 2871 5108 expavescat?
2896 5035 3115 5090 Invidet
3148 5035 3284 5108 ipse
3297 5037 3404 5108 sibi
3443 5039 3517 5091 vi-

1887 5107 2128 5162 ctoriam
2169 5108 2264 5178 qui
2310 5106 2657 5162 conscientia
2686 5109 3043 5163 vulneratum
3072 5106 3311 5178 aggredi
3336 5112 3521 5164 cessat

1885 5177 2204 5251 inimicum:
2230 5180 2314 5232 Ad
2334 5181 2556 5251 lucrum
2577 5180 2754 5233 hostis
2774 5180 2861 5234 sui
2881 5177 3163 5251 procedit,
3187 5178 3284 5248 qui
3295 5178 3362 5251 in
3385 5197 3518 5234 con-

1887 5249 2135 5330 ﬂictibus
2165 5266 2282 5330 non
2317 5249 2474 5330 prius
2515 5267 2714 5330 causas
2747 5249 2920 5330 quam
2950 5249 3105 5304 aliud
3133 5249 3388 5330 expedit.
3413 5253 3516 5306 Dat

1886 5320 2032 5374 vires
2075 5321 2279 5392 jaculis
2316 5320 2662 5392 innocentia,
2712 5320 2783 5376 et'
2812 5338 3144 5377 mucronem
3187 5320 3399 5376 acuunt
3452 5339 3515 5377 ex

1888 5408 2063 5464 mque,
2077 5390 2515 5464 venientiavota
2540 5391 2808 5464 bellandi.
2826 5393 3205 5464 Percutiendi
3234 5392 3516 5464 impetum

1890 5461 2014 5534 plus
2045 5463 2268 5533 justum
2292 5461 2544 5535 dolorem
2577 5462 3030 5535 scimusdedisse
3061 5481 3230 5535 quam
3262 5461 3517 5531 brachia,

1888 5531 2021 5590 inde
2049 5531 2365 5606 paucorum
2388 5531 2848 5606 telis_multi_tudo
2878 5549 3005 5606 non
3021 5531 3295 5592 subsistit.
3317 5536 3516 5590 Dicen-

1890 5610 1948 5662 te
1969 5603 2115 5688 ergo.
2129 5603 2654 5688 mecumpropheta
2664 5604 2859 5686 plures
2875 5604 3172 5688 nobiscum
3190 5612 3325 5688 sunt
3341 5624 3517 5678 quam

1891 5695 2021 5734 cum
2040 5674 2209 5751 illius,
2230 5674 2574 5749 placiturum
2598 5674 2780 5745 bonis,
2806 5677 3088 5747 quantum
3107 5678 3330 5734 aestimo
3353 5674 3516 5751 opus,

1891 5749 2179 5822 incipiam.
