4040 6306
240 350 379 403 1009

234 458 451 535 potest,
487 452 877 536 conclamatus
901 453 958 536 et
986 449 1375 536 improbus‘iu‘
1400 451 1871 536 profundum-de-
1890 462 1950 536 Α

234 520 475 581 veniens
496 524 643 578 mira
659 521 977 577 temeritate
991 520 1327 576 contemnit.
1344 521 1452 576 Sed
1469 521 1640 577 credo
1661 522 1795 577 vivit
1808 523 1868 577 in

233 598 377 664 istis,
395 601 453 651 et
468 596 530 650 in
548 595 712 649 mala?
728 592 1173 647 conversationis
1191 609 1309 646 suas
1335 596 1518 647 morte
1540 593 1866 661 concilium,

232 674 290 724 et
318 663 517 740 petest
545 671 737 740 optare
768 666 894 736 quis
922 664 1103 740 alteri,
1126 664 1283 740 quod
1305 663 1426 740 ipse
1449 664 1575 740 jam
1599 665 1866 740 perdidit.

235 735 577 817 Nuhcprecte
589 735 748 817 vobis
769 735 897 817 cum
918 736 1200 817 propheta
1216 735 1492 817 dicimus:
1515 737 1722 817 Omnia
1742 754 1871 808 quae

233 811 495 882 loquitur
522 809 766 881 populus
785 808 892 882 iste
915 807 1131 882 iuratio
1147 809 1254 882 est,
1277 813 1342 882 et_
1361 807 1870 882 timoremejusne

232 878 733 950 tinieatisfneque
772 878 1109 950 formidetis.
1146 879 1347 933 Procul
1379 879 1453 933 sit
1490 896 1523 933 a
1566 878 1747 947 nobis,
1781 880 1868 933 fa-

231 957 419 1009 cessat
447 969 482 1007 a
513 949 675 1006 nobis
702 950 799 1021 qui
828 949 887 1003 in
923 949 1086 1004 nobis
1118 955 1202 1005 est
1226 951 1479 1020 pruritus
1503 950 1609 1005 iste
1644 951 1868 1021 lingua-

230 1042 364 1080 rum
395 1040 538 1095 quos
558 1039 689 1095 vere
710 1022 862 1077 idem
889 1022 1169 1095 propheta
1194 1021 1383 1095 arguit
1409 1038 1421 1075 :
1448 1022 1764 1095 Scribentes
1789 1023 1870 1076 in-

224 1093 905 1175 justitiam_scripserunt.
931 1094 1055 1175 Non
1079 1110 1181 1174 nos
1199 1093 1434 1175 beatum
1470 1095 1697 1175 Petrum
1725 1094 1871 1148 sicut

232 1163 416 1223 dicitis
435 1184 469 1220 a
496 1163 736 1220 Domino
758 1181 889 1218 cum
910 1164 1057 1218 sedis
1074 1163 1404 1234 privilegiis,
1422 1164 1507 1217 vel
1526 1181 1869 1219 successores

232 1241 359 1310 ejus
370 1237 652 1310 peccandi
658 1236 987 1310 judicamus
1006 1235 1299 1310 licentiam
1318 1235 1649 1310 suscepisse,
1666 1236 1759 1289 ille
1778 1252 1869 1310 pe-

230 1306 477 1365 rennem
488 1306 827 1363 meriturum
841 1308 1031 1362 dotem
1044 1323 1174 1361 cum
1186 1306 1517 1361 haereditate
1531 1307 1870 1361 innocentiae

230 1382 389 1459 misit
404 1380 478 1459 ad
496 1378 960 1459 posteros...Quod
974 1378 1053 1432 illi
1066 1394 1397 1433 concessum
1416 1383 1870 1459 estproactuum

229 1454 379 1518 luce,
396 1452 473 1506 ad
492 1449 621 1506 illos
646 1449 892 1522 pertinet
920 1466 1063 1522 quos
1090 1465 1195 1519 par
1224 1449 1667 1522 conversationis
1687 1450 1872 1519 splen-

231 1524 342 1580 dor
354 1520 662 1578 illuminat:
682 1521 818 1585 Quis
839 1520 995 1575 enim
1019 1524 1275 1574 sanctum
1298 1537 1419 1573 esse
1440 1520 1679 1586 dubitet,
1696 1536 1870 1586 quem

232 1611 379 1665 apex
402 1598 576 1649 tantae
606 1592 901 1665 dignitatis
929 1591 1179 1665 attollit?
1202 1593 1261 1644 lu
1286 1607 1399 1661 quo
1427 1591 1473 1665 si
1494 1593 1703 1665 desunt
1717 1591 1870 1646 bona

230 1662 509 1736 acquisita
525 1682 629 1736 per
643 1662 915 1718 meritum
936 1662 1230 1736 sufﬁciunt
1240 1679 1366 1736 quae
1389 1679 1422 1716 a
1436 1662 1552 1736 _loci
1573 1663 1868 1736 decessore

232 1733 601 1808 pri—estantur.
633 1737 748 1789 Aut
771 1735 924 1808 enim
954 1735 1140 1808 claros
1166 1733 1236 1788 ad
1272 1733 1391 1808 haec
1426 1733 1648 1808 fastigia
1675 1733 1864 1808 erigit,

232 1805 335 1862 aut
352 1806 453 1878 qui
482 1807 803 1875 eriguntur,
820 1805 1081 1878 illustrat.
1100 1805 1423 1878 _Pra_3_noscit
1449 1805 1602 1858 enim
1627 1805 1761 1878 quid
1782 1821 1868 1859 ec-

230 1875 539 1933 clesiarum
582 1878 957 1931 fundamento
998 1876 1071 1929 sit
1098 1875 1299 1941 habile,
1329 1892 1499 1946 super
1546 1876 1702 1946 quod
1742 1876 1867 1946 ipsa

233 1952 423 2004 moles
464 1948 747 2003 innititur.
781 1948 890 2002 Sed
919 1947 1054 2001 hinc
1098 1946 1316 2000 actibus
1352 1946 1556 2001 nostris
1586 1947 1867 2001 coalestem

235 2021 551 2090 potentiam
582 2018 791 2091 putatis
804 2018 1254 2091 essesuﬁ‘ragio,
1274 2018 1426 2091 quod
1440 2018 1518 2091 ad
1536 2018 1868 2091 praesidium

232 2088 387 2147 beati
418 2091 566 2146 Petri
584 2088 841 2162 apostoli
869 2089 1226 2162 adjutricem,
1252 2094 1318 2162 ut
1342 2088 1545 2155 dicitis,
1573 2089 1867 2162 dexteram

233 2159 651 2218 commodatis:
679 2160 915 2215 Nescitis
946 2161 1125 2214 solem
1171 2159 1389 2213 facibus
1426 2176 1543 2214 non
1591 2160 1863 2229 adjuvari,

230 2251 343 2289 nec
359 2235 432 2289 ad
446 2232 777 2304 praesidium
805 2231 1025 2286 diurnae
1046 2231 1186 2285 lucis
1206 2231 1439 2301 lychnos
1459 2231 1708 2304 accendi.
1725 2231 1865 2285 Scri-

232 2312 400 2377 ptum
441 2303 528 2359 est
569 2304 766 2377 enimp:
800 2321 826 2377 (ξ
855 2304 1155 2377 Scrutatur
1192 2318 1357 2377 renes
1405 2308 1460 2377 et
1507 2303 1677 2356 corda
1721 2304 1866 2377 Deus

232 2374 405 2457 (Psul.
425 2392 524 2457 v11,
548 2375 654 2457 t0).
670 2395 698 2425 »
721 2374 828 2429 Sed
856 2374 1041 2457 in‘illa
1064 2376 1341 2455 potestate
1363 2374 1490 2455 quis
1512 2374 1867 2457 argumentis

231 2445 446 2504 audeat
459 2445 663 2501 vestris
687 2445 1177 2516 respondere,nisi
1201 2445 1335 2515 quia
1365 2445 1485 2499 sine
1512 2451 1631 2499 arte
1661 2445 1868 2499 dicitur

232 2536 439 2574 verum
454 2523 510 2573 et
524 2518 663 2573 fides
675 2516 971 2571 mendacio
988 2533 1323 2571 sermonum
1345 2516 1567 2570 technis
1587 2516 1866 2570 assuitur?

231 2592 350 2646 Cur
386 2589 691 2660 (inquiunt)
717 2588 1149 2660 adiprincipem
1188 2587 1548 2660 convenistis,
1591 2587 1633 2641 si
1680 2587 1865 2642 audiri

231 2605 350 2646 Cur
386 2605 461 2649 un
546 2605 691 2660 lunt)
717 2605 790 2642 ad
829 2605 1011 2659 princ:
1057 2605 1149 2641 em
1188 2605 1548 2653 convenisus,
1591 2605 1633 2641 SI
1680 2605 1865 2642 auum

229 2679 354 2717 non
377 2607 585 2716 licebat
618 2659 984 2730 impetitum?
1015 2605 1103 2714 gic
1128 2675 1223 2713 vos
1252 2659 1311 2712 in
1344 2664 1629 2729 stuporem
1661 2675 1865 2729 pecua-

230 2734 351 2788 lem
390 2731 604 2803 peccati
636 2729 862 2797 nebula,
890 2735 988 2803 aut
1016 2730 1237 2784 divinus
1270 2730 1480 2803 horror
1516 2729 1770 2795 oblimat,
1804 2735 1868 2784 ut

231 2801 616 2858 verecundam
656 2801 1093 2868 excusationem,
1125 2805 1223 2855 aut
1260 2801 1458 2855 fraude
1496 2817 1657 2854 mens
1686 2804 1867 2854 vestra

232 2880 507 2941 transeat,
527 2879 627 2928 aut
644 2873 965 2927 belluarum
982 2889 1175 2942 pressa
1195 2872 1541 2926 hebetudine
1561 2888 1678 2925 non
1693 2888 1869 2942 agno-

233 2951 372 3000 scat.
407 2953 493 2999 An
522 2944 669 2999 forte
711 2944 863 2998 aliud
889 2943 1101 3013 putatis
1142 2943 1312 2997 fuisse
1349 2944 1503 3013 quod
1538 2943 1753 2997 dictum
1784 2947 1868 2997 est

233 3020 427 3089 ipsum
450 3016 709 3089 debuisse
732 3015 1015 3089 synodum
1045 3031 1378 3089 convocare,
1404 3015 1562 3084 cujus
1582 3018 1869 3089 opuserat

233 3085 428 3143 ofﬁcio
448 3091 513 3141 ut
538 3103 637 3141 vos
659 3086 920 3140 videlicet
938 3102 1040 3157 per
1064 3086 1385 3156 pontificale
1416 3102 1656 3140 examen
1678 3085 1868 3140 divina

231 3159 516 3215 sententia
545 3158 914 3229 praecelleret,
938 3161 995 3229 et
1022 3174 1165 3227 quos
1195 3174 1228 3210 a
1254 3157 1454 3229 capitis
1481 3157 1567 3229 sui
1592 3173 1867 3228 compage

234 3232 296 3285 in
327 3230 525 3285 salutis
547 3227 899 3284 detrimento
930 3228 1166 3282 insanus
1198 3229 1359 3283 furor
1383 3227 1718 3283 absciderat.
1742 3230 1870 3283 Post

233 3303 387 3356 Esau
456 3300 811 3355 mentionem
862 3300 1020 3370 operi
1075 3304 1261 3354 vestro
1313 3299 1502 3352 nescio
1553 3299 1741 3352 verbis
1795 3316 1868 3352 an

233 3372 535 3427 latratibus
575 3370 874 3437 indidistis,
900 3369 1301 3440 comparantes
1329 3370 1381 3423 ei
1423 3369 1736 3424 antistitem
1773 3387 1865 3423 ve-

233 3451 418 3499 strum
456 3443 554 3513 qui
597 3441 834 3496 senioris
868 3448 1099 3513 naturae
1146 3441 1486 3495 beneﬁcium
1516 3441 1711 3513 iunius
1759 3440 1869 3513 cibi

231 3512 686 3571 commutatione
715 3512 1045 3584 perdiderit,
1079 3516 1137 3566 et
1157 3512 1527 3583 primogeniti
1555 3529 1751 3584 canam
1782 3512 1867 3584 die

234 3586 519 3657 gnitatem
544 3583 796 3657 amiserit
818 3584 1077 3657 faucibus
1097 3584 1481 3654 obsequendo.
1508 3583 1584 3637 Ad
1608 3583 1711 3657 ista
1733 3583 1869 3657 quid

235 3653 504 3723 referam,
534 3656 635 3727 qui
658 3672 721 3709 ex
755 3655 912 3727 omni
943 3653 1295 3727 objectorum
1326 3653 1868 3727 parteconcludor?

236 3728 394 3793 Quis,
411 3726 575 3797 rogo,
591 3730 841 3780 vestrum
863 3726 1212 3793 Symmacho
1228 3726 1704 3791 benedictionem,
1727 3726 1867 3779 dum

232 3799 388 3871 patri
409 3798 539 3871 plus
560 3797 825 3871 deservit,
844 3797 1108 3871 eripuit?
1125 3797 1540 3871 Cui_tant_orum
1562 3812 1868 3871 munerum

235 3867 550 3925 Iacob—vice
583 3873 668 3923 est
704 3869 906 3922 collata
934 3867 1244 3922 nobilitas?
1270 3868 1405 3931 Quis
1441 3885 1509 3922 ex
1540 3868 1697 3921 vobis
1735 3868 1870 3922 περὶ

235 3941 493 4013 parentis
515 3939 1119 4013 desideriisipariturus
1146 3939 1427 4013 occurrit?
1455 3939 1588 4003 Quis
1620 3941 1869 4013 vestrum

238 4010 546 4067 devotione
568 4028 671 4065 sua
696 4010 1015 4081 genitorem
1034 4010 1418 4065 venerabilem
1441 4014 1670 4080 captum
1693 4010 1870 4064 oculis

238 4086 397 4138 nulla
426 4083 557 4137 fecit
585 4083 722 4136 lucis
748 4083 958 4136 damna
985 4082 1234 4135 sentire?
1259 4082 1454 4135 Nonne
1477 4082 1772 4135 collatione
1795 4085 1871 4136 te-

240 4156 549 4210 nebrarum
567 4156 881 4207 vestrarum
904 4170 1017 4207 nox
1039 4156 1271 4222 putatur
1288 4170 1392 4222 per
1409 4154 1613 4207 sudum
1637 4153 1871 4207 rutilans

228 4227 406 4297 jubar
426 4225 764 4280 ostendere?
784 4224 1063 4297 Etiomnis
1094 4223 1406 4297 obscuritas
1433 4224 1649 4277 actibus
1675 4224 1871 4297 vestris

236 4295 440 4352 eollata
468 4298 732 4351 decorem
763 4296 896 4350 solis
928 4295 1199 4352 assumitj
1224 4297 1507 4349 Praeterea
1540 4300 1673 4348 tunc
1701 4295 1870 4349 Jacob

236 4368 499 4440 quamvis
540 4369 956 4440 congruentem
989 4365 1252 4440 moribus
1278 4365 1374 4419 ﬁlii
1407 4365 1869 4440 benedictionem

240 4436 429 4494 tamen
444 4438 681 4493 contulit
690 4438 813 4507 jam
830 4439 1195 4508 promissam.
1210 4439 1370 4491 Nunc
1388 4436 1526 4506 quid
1547 4437 1737 4490 hislon
1746 4436 1871 4501 gius

233 4512 640 4575 immoramur,
658 4527 786 4563 cum
809 4509 1049 4563 docendi
1069 4526 1185 4562 non
1204 4509 1334 4573 sint,
1351 4508 1447 4579 qui
1478 4509 1654 4562 calces
1675 4508 1871 4561 stimu-

236 4583 303 4636 lis
351 4582 709 4636 intulerunt?
748 4580 973 4634 Credite
1033 4580 1195 4647 mihi,
1240 4576 1397 4649 pacis
1448 4579 1678 4633 inimica
1716 4576 1948 4649 sunt,D

238 4651 662 4724 impugnationi
694 4667 806 4724 non
848 4658 981 4706 sunt
1020 4651 1222 4724 idonea
1258 4668 1387 4721 qua:
1434 4651 1723 4724 profertis.
1756 4650 1867 4705 Sed

239 4722 499 4795 sequitur
524 4722 814 4795 vinculum
846 4739 975 4795 cum
1003 4722 1309 4795 mnigmate
1336 4723 1486 4795 quod
1516 4723 1727 4795 nescio,
1758 4739 1873 4795 qua

240 4791 622 4865 replicationis
650 4799 769 4865 arte
789 4791 1381 4865 solvamusrTullianm
1402 4794 1554 4847 enim
1581 4791 1873 4864 profundi-

240 4864 367 4921 tatis
401 4867 641 4935 pelagus
686 4864 922 4928 ingressi
966 4864 1286 4933 cymbulam
1320 4867 1531 4935 nostra}
1560 4866 1873 4920 sterilitatis

240 4934 615 5008 quaestionem
645 4936 873 4990 ﬂatibus
913 4953 1017 5008 per
1049 4936 1304 4989 littorum
1340 4934 1556 4990 incerta
1579 4937 1871 4991 transmit-

243 5007 463 5063 tunt.1u
485 5025 594 5078 qua
610 5011 808 5061 tamen
824 5007 1045 5063 Christo
1058 5008 1281 5078 clavum
1299 5010 1528 5059 tenente
1542 5012 1774 5078 portum
1790 5008 1871 5062 in-

238 5077 576 5148 grediar,’et
605 5078 896 5147 sigillatim
940 5079 1007 5132 de
1036 5077 1357 5131 turbinibus
1383 5077 1581 5130 vestris
1610 5079 1872 5133 universa

238 5151 560 5216 discutiam,
578 5150 940 5204 habiturusin
954 5150 1124 5203 ductu
1141 5149 1374 5202 illorum
1394 5148 1738 5215 facultatem,
1757 5167 1871 5203 non

238 5238 448 5277 meam.
480 5222 657 5275 Aiunt
704 5221 857 5275 enim
888 5240 901 5276 :
933 5220 990 5275 Si
1034 5237 1165 5273 vera
1199 5220 1595 5290 episcoporum
1635 5222 1871 5275 assertio

240 5300 343 5357 est,
375 5292 523 5348 sedis
548 5292 871 5363 apostolicae
911 5291 1533 5363 praasulcmiminorum
1575 5307 1871 5363 nunquam

238 5361 601 5435 subjacuisse
638 5361 955 5429 sententiae,
1015 5362 1237 5435 curhad
1285 5361 1566 5435 judicium
1620 5361 1873 5417 districta

237 5432 616 5489 conventione
641 5435 950 5506 perductus
990 5439 1092 5506 est.
1121 5433 1358 5506 Multum
1386 5432 1626 5506 quidem
1654 5449 1872 5506 annosa

238 5507 329 5561 hic
362 5507 420 5561 in
457 5506 615 5560 vobis
643 5503 879 5561 laborat
931 5503 1197 5559 infantia.
1240 5504 1341 5557 Cui
1381 5503 1475 5558 ille
1514 5504 1872 5558 advocandus

240 5583 343 5645 est,
373 5577 470 5647 qui
497 5577 820 5647 ineluctatze
847 5576 1392 5647 nobiscumsemper
1418 5575 1639 5646 pondus
1666 5591 1872 5647 propo-

239 5646 457 5704 sitionis
488 5646 810 5719 exsuperat,
841 5664 969 5702 cum
1011 5646 1309 5701 manifeste
1340 5646 1872 5719 proisacerdotibus

239 5737 371 5774 cum
402 5717 684 5790 propheta
708 5719 1000 5774 clamitem
1024 5734 1037 5771 :
1064 5738 1091 5766 «
1124 5717 1393 5790 Nunquid
1422 5717 1769 5790 gladiabitur
1790 5734 1875 5772 se-

241 5792 388 5845 curis
408 5788 613 5845 contra
655 5807 786 5846 eum
834 5790 929 5861 qui
978 5793 1131 5861 secat
1174 5788 1232 5842 in
1273 5804 1360 5855 ea,
1395 5788 1493 5844 aut
1532 5788 1874 5844 exaltabitur

242 5878 396 5916 serra
436 5866 633 5919 contra
678 5878 810 5917 eum
848 5860 947 5933 qui
983 5860 1160 5917 trahit
1207 5876 1335 5915 eam
1372 5862 1497 5929 (Isa.
1529 5877 1579 5929 x,
1616 5861 1718 5932 15),
1753 5882 1779 5911 »
1813 5866 1874 5917 ut

1476 341 1951 399 DECRETALIUM
1987 345 2373 401 COLLECTIO.

1886 1834 1942 1906 B

1888 3204 1943 3277 C

3462 354 3596 406 tOtO

1970 452 2042 506 sit
2058 452 2201 507 mihi
2216 452 2358 507 illud
2378 452 2651 524 suffragio
2675 454 2933 509 divinum
2958 455 3275 510 oraculum.
3298 457 3594 522 Quomodo

1970 525 2015 578 si
2055 524 2286 596 cessavit
2321 529 2569 593 exactor,
2597 525 2878 580 tributum
2921 526 3180 596 quiescit,
3210 528 3291 582 ita
3331 530 3599 586 contrivit

1970 595 2533 671 Dominusbacuium
2558 595 2884 671 impiorum.
2915 595 3424 671 Tribupe,‘Domine,
3445 602 3598 671 quod

1969 666 2284 748 prazdixisti
2312 667 2373 748 in
2401 667 2586 748 illu‘m‘,
2617 666 2680 721 ut
2702 668 2851 748 sicut
2868 669 3231 748 errat‘ebrius
3260 676 3316 748 et
3339 666 3596 748 v_omens,

1969 738 2050 813 ita
2090 744 2285 813 pereat
2325 738 2668 813 incredulus,
2700 740 2797 813 qui
2839 740 3147 813 infideliter
3186 741 3326 810 agit.
3358 738 3602 813 Propter

1970 809 2077 863 hoc
2112 810 2393 880 propheta
2420 810 2579 865 vobis
2624 809 2897 865 insultans
2922 812 3261 867 vociferatur
3290 832 3306 866 :
3341 833 3369 864 ‹‹
3396 809 3598 870 Audite

1972 881 2206 954 verbum
2258 881 2499 950 Domini,
2547 881 2652 936 viri
2696 882 2956 936 illusores
3002 883 3130 953 (Isa.
3176 900 3371 952 xxvm,
3422 886 3527 954 14),
3566 908 3592 934 υ

1969 952 2272 1023 quisquam
2324 968 2398 1006 ne
2434 968 2765 1024 causarum,
2797 970 2863 1007 ex
2918 952 3365 1024 praecognitione
3416 952 3599 1010 sancit

1971 1026 2255 1090 eventum,
2286 1029 2343 1077 et
2367 1023 2580 1078 rabidis
2605 1023 2929 1078 terminum
2945 1023 3201 1094 positura
3238 1025 3597 1081 conﬂictibus

1970 1094 2049 1149 sic
2077 1094 2331 1168 metitur,
2360 1098 2427 1149 ut
2452 1095 2653 1168 pernix
2668 1095 2900 1168 decisio
2914 1096 3052 1150 dum
3072 1096 3445 1168 inquisitione
3472 1114 3596 1152 esse

1970 1165 2161 1220 senior
2207 1166 2525 1231 innotescit,
2560 1166 2851 1236 anticipet,
2881 1167 3130 1221 favorem
3154 1165 3459 1222 censentis
3501 1186 3593 1223 ac-

1971 1239 2166 1311 cuset.“
2196 1238 2351 1311 Nunc
2388 1236 2676 1308 paulisper
2716 1253 2814 1292 ore
2857 1239 3069 1292 actibus
3111 1240 3275 1311 annis
3302 1239 3593 1311 indignus,

1970 1306 2280 1378 pontiﬁcali
2309 1306 2445 1363 voce
2469 1324 2567 1362 vos
2580 1306 2854 1381 arguam.
2898 1311 3009 1363 Nos
3038 1309 3135 1381 qui
3163 1313 3375 1364 statuta
3402 1306 3597 1366 nostra

1970 1396 2087 1452 non
2112 1396 2222 1433 una
2243 1381 2393 1449 apud
2413 1396 2508 1434 vos
2525 1379 2789 1452 volumus
2814 1381 2971 1435 lance
2997 1379 3275 1448 constare,
3296 1381 3502 1452 quibus
3522 1383 3594 1436 de

1968 1450 2442 1524 impugnatorum
2488 1450 2759 1522 qualitate
2807 1452 2911 1506 lati
2958 1457 3090 1506 sunt
3136 1450 3396 1520 canones,
3443 1453 3597 1524 apud

1971 1538 2115 1592 quos
2143 1522 2300 1575 nefas
2332 1526 2417 1583 est
2454 1538 2591 1576 cana
2635 1523 2865 1577 Patrum
2896 1524 3131 1577 deﬁnita
3172 1522 3593 1590 transcendere,

1968 1593 2177 1665 quibus
2193 1594 2476 1665 scriptum
2498 1599 2583 1647 est
2608 1593 2667 1647 in
2693 1594 3126 1665 Carthaginensi
3154 1595 3407 1649 concilio.
3432 1594 3596 1659 Quod

1967 1663 2288 1788 apostolicae
2319 1663 2466 1718 Sedis
2508 1681 2613 1734 per
2637 1663 2927 1719 Faustum'
2949 1666 3284 1736 episcopum
3321 1667 3420 1736 qui
3460 1671 3597 1721 tunc

2063 1751 2129 1788 ea
2158 1734 2361 1788 missus
2392 1736 2670 1788 interfuit.
2699 1736 2961 1788 probavit
2997 1737 3334 1788 auctoritas:
3366 1753 3595 1788 accusa-

2063 1751 2129 1788 ea
2158 1734 2361 1789 missus
2392 1736 2670 1803 interfuit,
2699 1736 2961 1806 probavit
2986 1734 3305 1791 auctoritas
3320 1734 3595 1804 {accusa-

1967 1805 2189 1879 toribus
2215 1806 2284 1860 de
2314 1805 2733 1879 iiuimiciidomb
2759 1808 3173 1879 prodeuntibus
3211 1825 3327 1862 non
3358 1808 3595 1862 creden-

1967 1878 2127 1943 dum,
2158 1878 2217 1932 in
2245 1877 2451 1951 quibus
2492 1878 2621 1931 odio
2665 1877 2929 1932 succensa
2967 1878 3249 1951 vicinitas,
3280 1896 3386 1951 per
3415 1879 3599 1933 nutri-

1965 1952 2159 2002 menta
2184 1948 2344 2002 arida
2370 1949 2666 2002 ﬂammam
2696 1950 3159 2018 persecutionum
3191 1948 3509 2016 exsuscitat,
3544 1954 3602 2005 et

1968 2020 2289 2091 universam
2312 2019 2428 2073 doli
2456 2019 2729 2091 fabricam
2760 2026 3017 2091 sumptu,
3042 2026 3097 2075 et
3121 2022 3406 2075 machinis
3424 2022 3601 2075 cohae-

1966 2090 2222 2145 rentibus
2262 2093 2475 2145 secreta
2514 2090 2905 2160 dispositione
2930 2092 3240 2160 componit.
3290 2094 3426 2145 Istos
3472 2108 3599 2160 quae

1968 2162 2183 2232 domus
2215 2164 2522 2226 evomeret,
2552 2162 2651 2231 qui
2690 2161 2830 2215 scire
2876 2162 3150 2232 potuisset
3193 2166 3388 2216 nostra
3424 2161 3592 2216 colle-

1967 2232 2099 2314 ctiq,
2132 2231 2254 2314 nisi.
2286 2234 2636 2314 praesentes?
2663 2237 2718 2287 et
2746 2231 3198 2314 impugnationis
3239 2233 3594 2314 qualitatem,

1968 2303 2120 2357 unde
2148 2302 2257 2357 nisi
2284 2302 2347 2357 ex
2376 2303 2585 2375 scripta
2609 2302 3002 2374 propositione
3031 2302 3356 2359 didicisset?
3386 2305 3444 2358 in
3477 2305 3600 2375 qui-

1965 2376 2072 2429 bus
2098 2375 2377 2429 sentinam
2407 2374 2736 2442 criminum,
2759 2376 2897 2429 dum
2929 2376 3193 2430 simulato
3219 2376 3453 2430 fuerunt
3471 2374 3598 2446 per;

1967 2407 2072 2429 υιιο
2098 2407 2377 2429 δῠιιιιυαιυ
2407 2407 2736 2442 υιιιυιιιυιιι,
2759 2407 2897 2429 υιιιιι
2929 2407 3193 2430 οιωυιαιιυ
3219 2407 3453 2430 ιιιειυιιι
3471 2407 3598 2446 μυι-

1967 2446 2317 2522 sec_ution_em
2350 2462 2406 2500 se
2440 2446 2646 2522 debere
2680 2446 3014 2522 criminibus
3040 2447 3379 2522 agnovisset.
3485 2518 3499 2522 _

2037 2519 2167 2571 Post
2189 2517 2286 2571 illa
2313 2533 2440 2587 quae
2469 2518 2537 2571 de
2563 2517 2977 2571 accusatoribus
3005 2518 3226 2588 prolata
3252 2522 3405 2584 sunt,
3433 2517 3595 2572 addi-

1968 2589 2126 2643 distis
2146 2605 2157 2642 :
2179 2589 2290 2642 Cur
2308 2604 2563 2659 persona:
2578 2588 2753 2658 jussaa
2775 2594 2907 2642 sunt
2932 2589 3266 2658 praesentari
3284 2605 3425 2659 quas
3446 2605 3597 2658 saepe

1965 2659 2278 2731 imperialis
2303 2659 2615 2731 ﬂagitasset
2639 2660 2962 2714 auctoritas.
2994 2660 3075 2713 Ad
3102 2660 3597 2731 defraudationem

1966 2731 2185 2802 ingenii
2226 2730 2515 2801 pertinere
2551 2731 2671 2801 ejus
2699 2731 2796 2801 qui
2823 2747 2979 2802 nunc
3022 2731 3082 2784 in
3120 2730 3597 2802 sedeapostolica

1966 2801 2210 2874 quasiin
2237 2802 2489 2872 quadam
2521 2818 2648 2874 arce
2677 2801 2950 2856 consistit.
2973 2803 3119 2874 Vere
3143 2801 3305 2855 vobis
3335 2801 3593 2874 dicitisia-

1966 2872 2186 2944 pientia
2219 2890 2231 2926 :
2262 2894 2289 2921 ‹‹
2317 2874 2495 2927 Homo
2518 2872 2782 2927 inﬁrmus
2807 2877 2864 2927 et
2896 2872 3087 2943 exigui
3115 2873 3392 2943 temporis
3418 2873 3490 2927 ad
3514 2872 3599 2927 in-

1968 2946 2257 2999 tellectum
2294 2960 2411 2998 non
2456 2944 2765 3014 perveniet,
2799 2944 2897 2999 sed
2932 2944 3146 2998 laboret
3182 2949 3243 2997 ut
3268 2944 3406 2998 sciat
3444 2944 3598 3015 quod

1967 3021 2262 3086 acceptum
2307 3015 2380 3068 sit
2418 3015 2569 3085 apud
2607 3015 2908 3070 Dominum
2938 3015 3087 3086 (Sap.
3116 3031 3193 3081 1x,
3225 3016 3296 3083 5).
3330 3034 3356 3065 »
3391 3016 3458 3069 Et
3490 3016 3593 3069 ite-

1966 3103 2096 3168 rum
2124 3086 2321 3168 dicunt
2351 3087 2694 3168 Proverbia:
2725 3086 2856 3142 Odit
2893 3102 2961 3168 se
2986 3086 3082 3168 qui
3114 3086 3360 3168 negligit
3394 3086 3595 3140 studia.

1967 3157 2251 3229 Imperitis
2280 3157 2436 3211 enim
2484 3158 2673 3213 obviat
2704 3174 2876 3212 mors.
2924 3157 3067 3221 Quid
3100 3157 3253 3212 enim
3286 3158 3437 3211 illam
3469 3173 3598 3229 qua}.

1968 3230 2027 3283 in
2058 3227 2267 3299 pervia
2291 3229 2527 3282 scientia
2571 3229 2880 3295 descendit,
2915 3228 3300 3297 ignorantiam
3341 3227 3599 3299 ﬁngitis?

1967 3298 2111 3362 Quid
2141 3298 2419 3353 adhibetis
2445 3301 2594 3353 mira
2617 3300 2989 3353 latrocinandi
3012 3306 3133 3353 arte
3160 3299 3488 3365 falsitatem,
3510 3298 3599 3352 vel

1970 3370 2331 3423 dolositatum
2378 3370 2687 3440 praestigia,
2733 3370 3160 3440 simplicitatem
3199 3370 3386 3423 fronte
3430 3385 3596 3423 mon-

1968 3440 2241 3495 strando?
2286 3442 2362 3495 De
2399 3441 2557 3495 Vobis
2597 3458 2749 3495 nunc
2790 3441 3003 3496 dictum
3035 3445 3160 3495 est:
3195 3440 3301 3504 Qui
3345 3440 3597 3510 loquitur

1968 3511 2451 3583 mendacium,“
2492 3511 2736 3582 propriis
2764 3512 3036 3583 loquitur.
3074 3514 3239 3565 Istam
3271 3511 3482 3583 laetitia:
3511 3512 3596 3564 fa-

1968 3583 2134 3649 ciem,
2158 3598 2222 3637 ex
2246 3581 2863 3653 judiciorum’censura
2889 3583 3212 3637 venientem
3241 3581 3438 3636 callida
3463 3598 3596 3653 pro-

1968 3654 2183 3709 visione
2226 3654 2529 3709 sacerdotis
2563 3654 2731 3709 vestri
2777 3654 2953 3708 oculis
2993 3654 3323 3719 abstulistis,
3358 3658 3421 3707 ut
3462 3669 3598 3707 eum

1966 3726 2173 3781 talibus
2199 3725 2468 3779 adversus
2492 3725 2638 3779 acies
2658 3729 2867 3779 vestras
2892 3725 3233 3779 instructum
3264 3724 3599 3779 munitioni-

1968 3798 2073 3852 bus
2100 3802 2155 3851 et
2190 3796 2529 3851 innocentiae
2555 3797 2614 3851 in
2643 3797 2969 3852 testimonio
3001 3796 3153 3850 orbis
3190 3795 3309 3850 tela
3333 3795 3595 3850 deferen-

1973 3872 2086 3923 tem
2100 3868 2169 3921 ab
2186 3867 2320 3940 ipsis
2331 3868 2683 3938 judiciorum
2704 3868 2891 3940 adytis
2913 3868 3218 3939 pelleretis,
3239 3867 3600 3940 providentes

1968 3945 2034 3995 ut
2058 3956 2162 4012 nec
2190 3939 2312 4012 sine
2346 3938 2793 4012 impugnatione'
2809 3938 3003 3995 insons
3028 3938 3258 4012 viveret,
3290 3956 3393 4012 nec
3418 3938 3598 4012 habe,-

1970 4016 2056 4067 ret
2068 4011 2329 4066 solatium
2351 4010 2782 4083 deincorrupta
2805 4012 3064 4083 judicum
3093 4010 3459 4082 inquisitione
3481 4011 3601 4082 pul-

1970 4088 2141 4137 satus.
2156 4084 2266 4137 Vos
2279 4084 2514 4153 przefato
2533 4088 2588 4137 et
2604 4083 2839 4138 dedistis
2850 4088 2905 4139 et
2918 4083 3194 4138 invidistis
3206 4098 3600 4147 examen,cum

1971 4171 2087 4211 uno
2115 4152 2433 4224 eodemque
2459 4155 2663 4209 itinere
2695 4156 2903 4209 avobis
2934 4155 3410 4225 disceptationum
3432 4152 3602 4207 dubia

1971 4225 2179 4296 subire,
2204 4230 2258 4296 et
2287 4225 2637 4294 prohibetur,
2668 4230 2726 4278 et
2755 4227 2996 4296 cogitur,
3026 4230 3082 4279 et
3120 4242 3221 4295 per
3247 4225 3597 4296 singularem

1972 4295 2167 4349 callem
2179 4295 2268 4361 ,ad
2281 4311 2510 4349 causam
2522 4296 2798 4349 arcendus
2814 4295 3220 4362 evocatur,non
3236 4295 3601 4350 manifestam

1970 4366 2232 4436 salutem,
2255 4369 2351 4419 aut
2374 4383 2486 4419 non
2512 4366 2803 4421 lacessitus
2826 4367 3127 4431 obtineret,
3157 4373 3255 4421 aut
3276 4367 3603 4436 subriperet

1970 4435 2285 4508 absolutus.
2299 4436 2705 4491 Adolescentize
2719 4454 2863 4492 meas
2876 4437 3115 4492 memini
3131 4454 3223 4492 me
3240 4438 3441 4508 legisse
3462 4441 3602 4490 tem-

1970 4507 2200 4578 poribus
2216 4507 2285 4561 de
2302 4508 2551 4576 quodam
2571 4508 2818 4562 dictum:
2841 4509 3029 4563 Exsuli
3048 4507 3598 4577 exsilium’imperas,

1972 4594 2074 4650 nec
2101 4578 2222 4650 das.
2251 4578 2359 4631 Vos
2384 4580 2685 4650 prophetae
2715 4580 2939 4650 impetit
2963 4579 3272 4635 sententia:
3301 4598 3328 4631 «
3360 4579 3449 4632 isti
3471 4584 3604 4632 sunt

1972 4648 2072 4704 viri
2093 4648 2194 4722 qui
2211 4649 2695 4705 conturbaverunt
2723 4648 2958 4719 terram,
2984 4656 3041 4705 et
3066 4651 3164 4722 qui
3193 4652 3602 4705 concusserunt

1972 4737 2151 4791 regna
2179 4720 2304 4789 (Isa.
2338 4737 2452 4790 xiv,
2491 4722 2595 4785 16).
2626 4743 2655 4770 ››
2686 4722 2753 4775 Et
2788 4722 2998 4777 iterum
3028 4739 3040 4776 :
3076 4720 3102 4771 ἆ
3140 4722 3480 4777 Excidentur
3506 4737 3597 4774 ra-

1972 4792 2215 4847 musculi
2252 4808 2450 4846 eorum
2495 4792 2749 4859 falcibus,
2783 4796 2839 4847 et
2882 4810 3009 4863 quze
3052 4792 3323 4847 derelicta
3362 4791 3598 4859 fuerint,

1973 4863 2377 4919 abscindentur
2419 4865 2542 4929 (Isa.
2596 4880 2751 4930 xvm,
2798 4866 2869 4932 5).
2906 4885 2933 4913 υ
2981 4865 3049 4917 Et
3094 4880 3332 4917 rursus:
3381 4884 3407 4912 ‹‹
3457 4864 3599 4915 Dum

1973 4952 2087 4990 non
2114 4934 2350 5005 speratis
2371 4934 2561 4989 veniet
2581 4934 2848 4989 contritio
2868 4940 3071 4999 vestra,
3096 4938 3153 4988 et
3177 4933 3604 4990 comminuetur

1974 5008 2117 5062 sicut
2159 5007 2363 5076 lagena
2402 5006 2568 5078 ﬁguli
2612 5006 2921 5061 multitudo
2961 5010 3145 5061 vestra
3172 5006 3301 5073 (13a.
3344 5007 3599 5078 xxthB,

1976 5080 2081 5149 14).
2113 5098 2140 5127 ››
2174 5075 2281 5132 Nec
2307 5094 2425 5133 non
2455 5075 2733 5149 propheta
2760 5078 2831 5132 ad
2852 5078 2997 5132 hanc
3027 5075 3604 5149 causamspccialiter

1974 5148 2193 5205 locutus
2238 5149 2491 5205 intonuit
2538 5148 2580 5204 τί
2609 5170 2637 5199 ‹‹
2687 5149 2965 5204 Dominus
3012 5148 3307 5204 inclinavit
3365 5163 3602 5203 manum

1973 5238 2158 5290 suam,
2193 5223 2249 5275 et
2272 5226 2500 5277 corruet
2530 5220 2627 5291 qui
2654 5221 2766 5275 fert
2800 5221 2967 5275 malis
3007 5220 3301 5290 auxilium,
3330 5223 3389 5274 et
3417 5219 3600 5287 cadet,

1973 5293 2062 5347 cui
2080 5295 2310 5364 praestat
2334 5292 2629 5359 auxilium,
2649 5291 2937 5363 simulque
2964 5308 3163 5347 omnes
3190 5294 3605 5364 consumentur

1973 5362 2100 5429 (Ιεαῖ
2133 5380 2286 5431 xxxr,
2313 5366 2384 5433 3).
2418 5386 2445 5414 »
2479 5364 2671 5419 Redeo
2708 5362 2905 5418 tamen
2934 5368 3060 5434 post
3101 5364 3285 5418 multa
3312 5362 3601 5432 exemplo-

1971 5450 2103 5488 rum
2148 5435 2415 5505 suﬂ‘ragia
2464 5435 2535 5489 ad
2585 5435 2829 5489 novellas
2881 5450 3172 5490 canonum
3220 5434 3600 5490 deﬁnitiones.

1972 5506 2191 5560 Clamat
2213 5507 2273 5560 in
2305 5507 2416 5562 alio
2448 5508 2571 5561 loco
2606 5506 3051 5577 Carthaginense
3080 5506 3402 5577 concilium,
3429 5520 3602 5574 quas-

1972 5592 2198 5657 cunque
2217 5578 2288 5657 ad
2301 5579 2724 5657 accusationem
2748 5575 3019 5657 personas
3044 5578 3202 5657 leges
3222 5575 3603 5657 publicaeuon

1971 5645 2286 5720 admittunt
2309 5648 2395 5703 his
2420 5645 2800 5720 impugnandi
2825 5649 3090 5716 alterum,
3110 5645 3168 5703 et
3184 5645 3603 5720 noslicentiam

1973 5717 2398 5789 submovemus,
2427 5724 2484 5774 et
2503 5716 2685 5777 nullae
2728 5720 3111 5777 accusationes
3131 5735 3164 5773 a
3181 5716 3470 5789 judicibus
3497 5733 3599 5771 au-

1975 5787 2209 5864 dianiur
2235 5790 2620 5864 ecclesiasticis
2656 5810 2785 5863 quas
2826 5792 3047 5864 legibus
3076 5787 3261 5846 διξοὶ]ὶί
3292 5787 3600 5864 prohiben-

1972 5864 2083 5915 tur.
2110 5861 2308 5926 Quaero
2336 5877 2369 5914 a
2391 5860 2549 5916 vobis
2570 5860 2909 5936 viri—quibus
2934 5864 3118 5921 indita
3148 5867 3231 5921 est
3256 5860 3326 5918 ad
3347 5876 3600 5935 unguem
