4040 6324
455 328 583 380 1011

1345 329 1629 384 ΛΡΡΕΝΙ).
1669 329 1758 383 AD
1793 329 1957 383 SASC.
2002 328 2086 382 IX.
2118 355 2187 401 -έ
2227 326 2477 382 ιδιυοω
2513 325 2941 384 MERCATORIS

3684 333 3823 386 1012

445 432 628 513 posis.
654 433 834 515 solita
858 435 1155 523 ρετῖθίξιίρι
1176 436 1347 523 suis.
1362 434 1704 523 ορηάίιίρηίβ
1729 434 1955 523 issent.
1970 434 2079 523 ista
2097 420 2432 523 ΑΙίΡεξιιιείι·
2450 434 3535 523 Qui?inssedlssstissisipsiuifmms
3553 436 3825 507 παθαίνει»

446 504 888 578 maneipiaquaa
918 506 1200 578 postulata
1229 504 1465 578 scriptis
1506 505 1915 578 principalibus
1940 505 2074 578 inti-

448 574 666 643 mastis,
710 574 870 648 sifea
911 574 1131 631 servilis
1176 574 1372 632 adhuc
1415 577 1477 632 in
1507 574 1811 648 'potestate
1851 577 2083 632 alterius

447 649 647 720 catena
673 645 976 720 retinebat,
1000 653 1057 720 et
1083 649 1241 720 nulla
1266 645 1914 720 obscenae—obligationis
1933 665 2083 703 com-

448 716 958 788 pedibusvestigia
1005 719 1064 774 in
1116 719 1435 775 libertatem
1478 719 1648 774 missa
1680 716 1960 775 laxabant
1997 720 2083 775 vel

445 787 602 862 vobis
653 786 1095 859 disceptantibus
1122 790 1314 862 itidem
1368 790 1626 862 aliquam
1669 791 2082 862 praedictorum

444 857 617 912 verba
645 857 1004 934 portassent?
1030 861 1381 934 sed,rcredo,
1411 857 1757 934 replicabitis
1781 862 2084 918 veritatem

447 944 576 1001 quae
606 934 806 1001 sponte
833 932 1057 1001 prolata
1080 932 1141 987 in
1167 932 1279 986 illis
1309 950 1420 988 vox
1450 932 1662 988 habere
1692 949 1806 987 non
1835 936 2080 1001 poterat,

446 1000 590 1075 hanc
619 1000 853 1055 diversis
892 1003 1228 1075 cruciatibus
1258 1007 1344 1058 est
1369 1004 1600 1059 latebris
1640 1005 1755 1059 suis
1784 1000 2082 1075 religiosus

445 1074 630 1125 tortor
658 1078 945 1147 exegerat,
969 1078 1034 1129 ut
1060 1074 1199 1130 dum
1224 1076 1406 1147 poenis
1435 1091 1675 1147 corpora
1700 1074 2077 1147 solverentur,

444 1157 571 1213 quae
613 1148 772 1215 gesta
802 1144 971 1199 fuisse
1009 1144 1264 1215 noverat,
1295 1146 1487 1201 anima
1528 1144 1643 1201 uon
1688 1146 1914 1201 celaret.
1947 1144 2078 1214 Sed,

446 1229 660 1284 quaso,
682 1214 936 1288 primum
965 1217 1039 1271 ad
1067 1217 1222 1288 leges
1242 1214 1494 1288 publicas
1521 1216 1730 1272 deinde
1760 1217 1835 1272 ad
1857 1217 2082 1288 judices

445 1299 546 1359 ora
595 1286 929 1359 convertite,
959 1288 1057 1359 qui
1106 1286 1342 1359 possunt
1382 1289 1441 1343 in
1486 1288 1816 1343 defensione
1862 1286 1963 1343 sua
2002 1288 2080 1342 sic

445 1355 658 1431 eloqui,
689 1355 995 1431 nos_quos'
1014 1355 1123 1414 Dei'
1150 1359 1443 1431 servitium
1476 1376 1580 1431 pro
1609 1359 1850 1431 istarum
1886 1375 2081 1415 rerum

443 1425 765 1502 abjectione
793 1425 926 1502 fecit
958 1430 1261 1502 ingenuos,
1294 1430 1392 1502 qui
1419 1425 1775 1502 servulorum
1800 1430 2078 1485 insultan-

440 1496 587 1572 tium
617 1500 997 1572 contumelias
1012 1496 1120 1572 aut
1146 1496 1508 1572 despicimus,
1533 1504 1634 1556 aut
1652 1501 1937 1568 ridemus;
1961 1502 2083 1572 qui-

442 1518 587 1551 uum
617 1518 997 1555 contumelias
1024 1518 1120 1555 aut
1146 1518 1243 1556 ues
1288 1519 1508 1570 icimus,
1533 1518 1634 1556 aut
1652 1518 1937 1568 ridemus;
1961 1518 2077 1572 qui-

441 1567 549 1621 bus
578 1570 853 1653 scriptum
880 1574 968 1625 est
993 1571 1064 1653 de
1091 1518 1324 1653 famulis
1356 1590 1462 1643 per
1487 1573 1871 1653 A_post_olum.:
1911 1593 1939 1622 «
1964 1573 2077 1653 ﬂe-

440 1643 693 1695 mentote
742 1642 879 1712 quia
922 1649 1111 1698 vester
1140 1648 1198 1698 et
1242 1642 1468 1699 illorum
1512 1642 1787 1699 Dominus
1825 1643 1887 1697 in
1922 1643 2080 1698 caelis

444 1714 530 1763 est
562 1712 771 1783 (Ephes.
801 1730 876 1779 v1,
905 1715 978 1783 9).
1012 1736 1039 1764 »
1070 1714 1158 1768 Ad
1191 1715 1313 1770 haec
1360 1714 1554 1769 saeculi
1600 1716 1751 1769 mala
1793 1714 2078 1770 revocabi-

442 1797 592 1858 mur,
613 1783 942 1838 faciendum
961 1802 994 1838 a
1011 1786 1307 1858 nobisrest,
1328 1786 1481 1858 quod
1508 1784 2077 1858 facientemalterum

445 1852 749 1933 profanum
778 1871 900 1933 esse
929 1852 1364 1933 contendimus,—
1382 1857 1535 1933 quod
1563 1873 1667 1933 per
1693 1856 2079 1911 ministerium

436 1923 730 1998 jussionis,
761 1928 819 1979 et
844 1942 1048 1981 manus
1084 1928 1285 1982 alienae
1322 1923 1631 1983 incestaret
1660 1933 1955 1998 aspectum
1980 1943 2077 1982 ve-

445 1997 628 2070 strum
668 2002 877 2070 nostro
906 2004 1212 2070 peragetur
1254 2000 1516 2070 imperio.
1573 1997 1757 2054 Nolite
1805 1999 1954 2053 hanc
2007 1999 2080 2054 ad

443 2064 731 2141 universas
760 2064 1024 2123 Ecclesias
1037 2064 1293 2141 mentem
1312 2064 1602 2141 rapacium
1628 2070 1895 2141 luporum
1918 2086 2078 2125 more

441 2140 497 2189 et
513 2140 976 2213 naturaservare,
992 2140 1120 2213 quia
1134 2140 1556 2213 postquamnos
1576 2140 1915 2213 maeulasset
1932 2141 2077 2213 forte

456 2223 543 2275 aro
577 2207 869 2265 desideriis
906 2207 1107 2265 vestris
1134 2207 1382 2267 cruenta
1419 2212 1691 2267 discussio
1718 2211 1985 2267 effectum
2016 2211 2076 2266 in

484 2278 530 2331 is
579 2295 693 2339 quo
741 2281 973 2336 tenditis
1014 2299 1129 2337 non
1179 2284 1437 2339 haberet.
1496 2283 1603 2339 Sed
1650 2283 1876 2338 dicente
1917 2281 2078 2337 vobis

440 2350 721 2422 Propheta
754 2368 827 2422 :7«
856 2353 1141 2408 Ponamus
1166 2355 1444 2409 circulum
1482 2353 1543 2408 in
1586 2353 1816 2409 naribus
1853 2352 2074 2422 vestris,

444 2422 504 2473 et
530 2420 757 2496 frenum
787 2421 846 2477 in
873 2422 1059 2491 labiis,
1090 2428 1149 2479 et
1190 2426 1529 2481 reducamus
1563 2442 1664 2480 vos
1690 2425 1751 2479 in
1787 2424 1939 2479 viam
1964 2420 2078 2496 qua

441 2491 679 2568 venistis
695 2493 797 2561 (IV
810 2496 939 2563 Reg.
959 2512 1073 2568 xix,
1097 2498 1205 2566 28).
1224 2516 1250 2549 ι)
1276 2496 1385 2561 Qui
1405 2497 1612 2552 eodem
1630 2496 1912 2568 prOpheta
1933 2491 2078 2568 asse-

443 2568 604 2638 rente
621 2563 1040 2638 impugnamini
1061 2563 1321 2638 qui'dicit
1344 2586 1356 2623 :
1385 2589 1411 2617 ‹‹
1429 2569 1609 2622 Erunt
1629 2563 1790 2638 quasi
1807 2584 1924 2623 non
1941 2567 2073 2635 sint,

444 2584 604 2617 rente
621 2584 1040 2636 impugnammi
1061 2584 1162 2638 qui
1181 2584 1356 2623 dicit:
1385 2589 1411 2617 «
1430 2584 1609 2622 urunt
1670 2584 1790 2622 uasr
1807 2584 1924 2623 non
1941 2584 2024 2621 sm

443 2637 499 2709 et
515 2634 788 2709 peribunt
804 2636 909 2691 viri
940 2638 1036 2709 qui
1057 2639 1454 2694 contradicunt
1468 2584 1765 2708 vobis?lsa.
1782 2656 1892 2705 xLI,
1919 2642 1936 2693 l
1954 2640 2024 2708 1).

371 1461 425 1575 ll

2100 1819 2156 1892 Β

2181 505 2389 586 fultum
2414 505 2891 587 ad‘coepiscopos.
2909 505 3201 587 'puritatis—
3218 507 3565 587 testimoniis
3607 505 3827 587 couveé

2181 576 2351 644 nisse,
2373 577 2474 647 qui
2494 576 2599 630 hoc
2616 576 2766 647 quod
2778 576 3205 632 fdistrictionem
3237 593 3440 634 eorum
3460 578 3652 635 minus
3680 579 3824 635 lice-

2180 647 2300 721 bat,
2323 647 2647 721 exhorruit,
2676 647 2965 721 aestimans
2988 648 3131 721 illud
3160 649 3343 720 magis
3364 649 3623 721 quolibet
3649 651 3826 706 modo

2184 717 2643 800 labefactandum
2666 718 2817 800 qu‘ed
2834 719 3129 800 statuisset
3145 717 3346 800 censor
3357 717 3659 800 iuvelidus.

2182 790 2485 862 praefatum
2501 789 2807 844 incessistis
2826 790 3027 846 canina
3045 790 3385 862 loquacitate
3401 793 3429 846 Υ
3447 792 3595 857 Quid
3614 792 3830 848 laeditis

2182 876 2299 916 non
2318 862 2911 943 mcerentemZVetum
2921 862 2968 943 ej
2978 878 3043 916 us
3058 862 3329 943 est,qued
3342 866 3593 943 vestrum
3609 864 3831 943 putatis

2183 931 2778 1015 esseterroremLSed
2801 931 3041 1015 as‘tutior
3064 933 3124 988 in
3150 931 3309 988 vobis
3335 951 3509 1015 quam
3642 935 3827 1015 Athe:

2182 1001 2332 1076 nasii
2350 1002 2690 1076 adversariis
2710 1003 2920 1076 novelli
2947 1003 3099 1076 virus
3129 1001 3408 1076 serpentis
3438 1005 3710 1061 insibilat.
3737 1005 3829 1062 llli

2184 1074 2516 1150 nescierunt
2541 1074 2698 1150 quod
2712 1075 2941 1150 optime
2970 1075 3181 1131 calletis
3219 1074 3465 1150 qualiter
3492 1078 3828 1150 triumphus

2182 1145 2477 1199 tolleretur
2501 1144 2798 1217 impetitur
2824 1144 2906 1200 illi
2931 1144 3303 1217 provocatum
3338 1163 3352 1201 :
3380 1148 3459 1201 Ne
3499 1144 3828 1203 audiendus

2183 1219 2509 1288 occurreret
2535 1216 2947 1288 formidabant;
2965 1218 3316 1288 Vosmorem
3341 1234 3513 1288 quem
3531 1219 3829 1275 habebant

2182 1286 2493 1360 examinari
2520 1303 2639 1360 nou
2670 1287 2939 1360 ferentes,
2968 1287 3259 1360 venientes
3281 1286 3489 1359 jaculis
3508 1290 3825 1360 repulistis,

2182 1360 2239 1412 et
2256 1357 2493 1412 taedium
2508 1358 2669 1413 vobis
2695 1358 2765 1414 de
2792 1358 3072 1431 sententia
3101 1357 3505 1431 praeparatum,
3526 1357 3829 1417 ultricium

2180 1444 2476 1484 armorum
2527 1429 2922 1501 assumptione
2974 1429 3383 1486 cominuﬁastis.
3443 1431 3487 1487 Ο
3533 1432 3829 1487 malorum

2181 1500 2680 1573 eommemoratio,
2708 1500 2837 1573 quae
2861 1516 3057 1556 vocem
3101 1505 3161 1556 et
3202 1505 3435 1573 praestat
3478 1507 3535 1558 et
3574 1503 3825 1571 subruit,

2181 1571 2318 1625 dum
2347 1570 2471 1625 illos
2496 1587 2641 1639 quos
2666 1570 3063 1627 in'clamorem
3093 1570 3361 1639 coegerit,
3394 1589 3598 1629 eorum
3642 1570 3829 1630 etiam

2182 1640 2464 1716 gravitate
2503 1640 2638 1697 facti
2680 1642 2856 1716 verba
2887 1640 3227 1716 cenfunditl
3267 1643 3403 1708 Quis
3447 1645 3698 1716 patiatur
3722 1662 3830 1700 vos

2181 1728 2346 1783 aequo
2374 1713 2570 1767 animo
2597 1714 2954 1784 garrientes?
2978 1715 3126 1784 Ergo
3156 1731 3259 1769 nos
3284 1713 3595 1770 secundum
3630 1733 3824 1771 asser-

2181 1784 2397 1838 tionem
2444 1789 2693 1839 vestram
2747 1784 2988 1839 novellae
3040 1784 3300 1840 utilitatis
3341 1786 3649 1841 commoda
3700 1803 3829 1843 non

2178 1870 2456 1927 amamus,
2486 1855 2626 1927 dum
2674 1854 2935 1927 definitis
2968 1856 3285 1927 senioribus
3332 1862 3605 1927 prastare
3653 1857 3826 1915 obse-

2178 1925 2398 1999 quium.
2433 1926 2531 1999 Hie
2561 1927 2682 1999 tota
2720 1925 2942 1996 ingenii
2966 1926 3094 1981 vela
3131 1925 3497 1999 suspenditis,
3526 1928 3620 1983 hic
3656 1945 3826 1984 resu-

2178 1996 2328 2070 pina}
2376 1996 2609 2070 cervicis
2632 2011 2704 2070 ex
2743 2013 2963 2051 secessu
3004 1996 3248 2070 pectoris
3275 1998 3574 2070 quidquid
3615 2000 3829 2056 habuit

2177 2066 2409 2142 spiritus
2428 2066 2675 2142 flaminis
2701 2074 2894 2142 ructus
2923 2066 3192 2142 evomuit.
3223 2066 3398 2142 Aiunt
3423 2066 3580 2124 enim
3597 2087 3619 2142 7:
3644 2072 3825 2142 Moysi

2179 2137 2224 2192 a'
2244 2137 2399 2213 vobis
2429 2137 2665 2213 jejunia_
2682 2142 2739 2213 et
2774 2137 2968 2213 -Elisazi
3018 2140 3317 2207 miracula,
3352 2156 3479 2211 quae
3518 2141 3637 2213 egit
3678 2137 3828 2197 dum

2177 2208 2472 2283 mortuum
2496 2208 2501 2209 “
2523 2208 2835 2283 suscitavit,
2851 2209 2916 2283 _s_i
2960 2226 3193 2283 annosa
3218 2208 3459 2283 tantum
3493 2208 3823 2283 sectamini,

2178 2280 2619 2337 confundantur.
2663 2279 2806 2345 Quid
2850 2279 2945 2334 hic
2992 2280 3228 2336 rationis
3271 2281 3492 2338 invenit
3530 2279 3826 2339 scrutator

2175 2352 2461 2432 idoneus?
2487 2352 2626 2432 Non.
2640 2350 2698 2432 si_
2709 2350 2833 2432 auri
2849 2350 3104 2432 pallidus
3134 2352 3441 2432 inquisitor
3466 2358 3732 2432 oceurrat
3756 2356 3822 2411 in

2177 2422 2434 2497 sensibus
2447 2422 2659 2497 vestris
2683 2421 2992 2497 latentium
3024 2421 3300 2480 venarum
3324 2429 3515 2497 motus
3539 2425 3821 2497 inveniet,

2177 2498 2235 2550 et
2253 2493 2490 2549 insuetis
2504 2493 2694 2548 lucem
2712 2493 2948 2548 latebris
2968 2510 3303 2550 sermonum
3321 2495 3509 2551 fossor
3525 2493 3820 2553 admittet.

2175 2565 2389 2639 idcirco
2408 2580 2547 2635 ergo
2567 2580 2709 2619 cana
2732 2563 3010 2639 miracula
3030 2583 3149 2622 non
3175 2566 3507 2639 probamus,
3527 2567 3573 2622 si
3595 2568 3824 2639 juveni-

2043 2659 2072 2687 »
2120 2641 2133 2703 1
2173 2636 2322 2691 libus
2350 2651 2696 2690 consensum
2726 2652 2844 2691 non
2874 2636 3195 2707 praebemus
3234 2637 3571 2694 excessibus.
3596 2636 3657 2694 Si
3695 2656 3825 2695 ser-

407 2702 457 2780 /_
515 2702 626 2759 Hoc
648 2706 822 2780 etiam
849 2702 995 2764 novc
1023 2710 1326 2765 adversum
1354 2727 1459 2765 nos
1487 2702 1817 2765 subdidistis
1848 2702 2077 2764 invento
2119 2702 2137 2744 ⁸
2175 2724 2308 2780 vum
2324 2707 2570 2762 Domino
2585 2702 2926 2780 discipulum
2943 2710 3217 2780 magistro
3233 2709 3516 2780 evangelii
3527 2726 3826 2766 memores

442 2774 631 2853 ipsum
647 2777 978 2853 Deminum,
998 2785 1054 2835 et
1069 2782 1492 2853 redemptorem
1511 2788 1768 2836 nostrum
1780 2796 2077 2853 servorum

440 2846 655 2923 subisse
693 2848 939 2923 judicio,
966 2855 1024 2923 et
1049 2853 1172 2907 coeli
1219 2846 1582 2923 operatorem
1627 2851 1922 2923 particulae
1953 2850 2073 2905 cui-

444 2916 833 2991 dam‘sponte
860 2921 1206 2991 subjacuisse
1244 2916 1508 2991 terrenae,
1540 2916 1679 2977 dum
1721 2925 1985 2990 testatur,
2018 2927 2077 2977 et

441 2986 699 3068 lequitur
716 3006 739 3068 :_
756 3009 783 3041 α
806 2990 850 3043 Ο
876 2986 1021 3046 Juda
1047 2997 1105 3048 et
1126 2986 1504 3068 Hierusalem,
1513 2994 1765 3068 judicate
1786 2993 1937 3068 inter
1955 2986 2071 3059 me,

443 3063 500 3136 et
520 3060 672 3136 inter
694 3060 914 3136 vineam
942 3080 1132 3136 meam
1150 3068 1275 3132 (Isa.
1294 3082 1347 3131 v,
1367 3065 1439 3136 3),
1462 3086 1489 3115 n
1514 3060 1628 3119 hoc
1648 3065 1821 3119 etiam
1843 3064 2075 3119 beatum

441 3130 694 3207 Petrum,
715 3130 825 3207 bon
854 3134 1093 3189 Paulum
1128 3130 1451 3207 apostolum
1477 3152 1591 3190 non
1622 3136 1914 3190 horruisse
1939 3152 2070 3207 uar-

441 3200 595 3267 ιιαιίε,
624 3184 694 3277 εί
712 3184 873 3257 una
890 3184 2076 3277 ξξέῑιξεῑωἺέῑέέξιὶιῖῖξιῆἐῑάῑιῑξρῐιῑίιῖεῑιῑίίε
2095 3184 2151 3260 c

441 3273 841 3352 exemplorum
858 3273 1055 3352 7251
1090 3273 1331 3352 nexibus
1355 3273 1777 3352 praecedentem
1798 3278 1962 3348 quasi
1975 3294 2074 3352 vo-

438 3342 524 3395 liis
544 3343 728 3417 iuliae
745 3342 1281 3417 parte—ranianserit,
1300 3342 1432 3404 cum
1456 3349 1741 3403 renitente
1762 3342 2074 3416 contentio,

442 3418 497 3467 et
510 3414 709 3491 validis
724 3414 1001 3491 facundia:
1014 3425 1212 3475 vestrae
1234 3414 1425 3490 digitis
1437 3420 1743 3491 exigantur
1758 3420 1963 3474 oblata.
1979 3414 2077 3474 Sa?

443 3501 497 3537 in
508 3487 693 3541 uelem
721 3488 890 3562 etiam
918 3492 1261 3562 prophetam
1283 3487 1592 3546 miriﬁcum
1615 3491 1685 3546 de
1707 3491 2075 3545 conscientia:

439 3558 891 3635 sumserenitete
914 3558 1279 3635 vulgiidicitis
1297 3563 1631 3635 implorasse
1660 3562 2073 3635 testimonium.

440 3626 587 3704 Quid
619 3629 776 3684 enim
802 3626 1041 3687 Samuel
1058 3634 1234 3689 dixit?
1261 3626 1416 3689 Scire
1444 3634 1746 3690 Dominum
1768 3633 1928 3704 quod
1943 3633 2071 3687 nul-

437 3698 544 3775 lius
577 3717 829 3771 unquam
867 3704 1262 3772 substantiam,
1293 3706 1504 3760 nullius
1549 3721 1718 3775 pecus
1767 3698 2071 3775 abegisset,

439 3769 798 3848 adversatum
828 3790 888 3827 se
923 3769 1258 3848 muneribus
1282 3782 1339 3831 et
1364 3776 1521 3848 quod
1549 3769 1639 3831 est
1682 3792 1855 3848 supra
1880 3769 2073 3848 homi-

438 3857 571 3894 nem
602 3847 806 3912 sponte
833 3846 1120 3901 venientia
1145 3848 1297 3902 dona
1322 3846 1546 3911 vitasse,
1578 3846 1889 3916 providens
1924 3846 2073 3901 scili-

438 3918 527 3988 cet
540 3929 611 3967 ne
622 3930 724 3982 pro
738 3916 1125 3988 suspicionum
1142 3918 1275 3988 prsej
1287 3918 1470 3973 udicio
1484 3917 1554 3987 (3)
1571 3917 1851 3971 Homirius
1864 3917 2077 3971 damna

436 3985 749 4059 pateretur.
780 3985 1269 4059 Postremum—sub
1303 3985 1498 4043 divina
1521 3985 1884 4043 attestatione
1912 3992 2068 4059 pate-

436 4051 569 4125 fecit
614 4052 1027 4125 innocentiam,
1057 4075 1131 4112 ne
1176 4060 1496 4113 humanum
1543 4059 1759 4113 subiret
1804 4051 2069 4113 examen.

440 4123 837 4195 Redemptoris
856 4123 1034 4201 nostri
1047 4128 1330 4200 judicium
1355 4130 1506 4201 quod
1526 4129 1674 4184 inter
1696 4146 1754 4184 se
1774 4135 1831 4184 et
1849 4130 2073 4185 vineam

442 4209 606 4273 suam
637 4200 797 4273 optat
816 4199 1072 4273 evenire,
1096 4201 1233 4256 dum
1254 4199 1441 4257 vestra
1460 4201 1520 4255 in
1545 4201 1814 4273 praesenti
1840 4201 2072 4273 negotio

440 4266 593 4320 mala
626 4269 873 4393 respicit,
905 4272 1086 4343 magis
1112 4273 1378 4344 implorat
1402 4274 1456 4328 S.
1479 4266 1815 4328 Athanasius
1833 4266 2073 4327 Alexan-

440 4337 617 4391 [ΙΓὶΠεΒ
652 4356 720 4392 ur
765 4341 807 4393 is
848 4342 1161 4393 enisaonus-
1195 4345 1330 4393 dum
1372 4344 1715 4393 nartieimim
1754 4349 2071 4393 vestrorum

437 4337 617 4391 «lrinae
652 4337 807 4422 urbis
828 4337 1161 4422 episcopus,
1195 4337 1716 4422 dum__p_articipum
1754 4349 2072 4422 vestrorum

435 4411 939 4486 argueretinvidia
965 4411 1284 4486 agnoscens
1315 4411 1420 4470 sibi
1453 4432 1554 4486 per
1578 4411 2071 4471 contumeliarum

439 4480 865 4559 multitudinem
900 4480 1237 4559 exercitium
1270 4480 1751 4559 contingereinon
1780 4487 2069 4559 timorem,

2175 2778 2610 2859 subjungamus,
2627 2778 2909 2859 quidquid
2936 2778 3122 2859 potuit
3147 2778 3418 2852 prodesse
3441 2780 3820 2859 negligimus.

2174 2848 2294 2907 Alia
2326 2848 2460 2903 sunt
2478 2848 2917 2923 improbissimis
2938 2848 3247 2923 hominum
3273 2868 3403 2923 quae
3422 2852 3493 2906 ad
3519 2848 3690 2907 usum
3721 2869 3820 2907 re-

2174 2924 2403 2975 centem
2447 2919 2581 2975 sine'
2609 2919 2822 2991 injuria
2868 2922 3158 2977 vetustatis
3198 2919 3562 2978 adhibemus.
3591 2923 3821 2979 Novam

2173 2991 2379 3072 deinde
2406 2991 2652 3072 eulpam,
2682 2995 2740 3046 et
2762 3007 2938 3062 quam
2957 2991 3322 3072 investigatio
3353 2994 3824 3072 nostra_trausie-

2173 3068 2282 3130 rat,
2314 3061 2663 3136 reclusistis:
2701 3061 2877 3136 quare
2909 3079 3059 3135 papa
3099 3061 3220 3120 sine
3258 3065 3505 3136 exempli
3549 3064 3823 3122 instituto

2175 3133 2550 3205 prtecedentis
2593 3133 2876 3205 synodum
2919 3133 3260 3205 convocavit,
3290 3139 3354 3191 ut
3389 3133 3460 3192 de
3503 3136 3821 3193 criminum

2177 3204 2299 3276 ejus
2324 3204 2641 3276 objections
2680 3211 3069 3276 cognosceret.

2245 3277 2377 3349 Post
2412 3275 2533 3330 haec
2559 3291 2665 3349 nos
2706 3275 2967 3349 falsitatis
3008 3276 3248 3349 arguitis
3291 3292 3497 3349 coram
3522 3276 3815 3349 principe.

2174 3348 2310 3431 Quae
2330 3345 2400 3431 in
2428 3346 2665 3431 praefato
2691 3347 2928 3431 negotio
2960 3345 3688 3431 scripta‘sunt,_‘d.id‘iéirnus
3713 3345 3824 3431 po-

2175 3419 2400 3473 stulata.
2430 3419 2673 3490 Praesta,
2714 3418 2971 3486 Domine,
3011 3418 3089 3474 uti
3121 3419 3428 3490 labyrinthi
3477 3419 3649 3489 hujus
3690 3418 3821 3476 sine

2177 3505 2369 3544 errore
2399 3488 2676 3561 sinuosos
2696 3504 3031 3561 superemus
3067 3488 3382 3559 anfractus;
3414 3488 3597 3561 dirige
3637 3491 3820 3546 semi-

2174 3563 2294 3615 tam
2322 3575 2495 3631 quam
2534 3559 2795 3614 ﬂexibilis
2825 3560 3058 3615 coluber
3091 3561 3255 3632 juxta
3290 3559 3567 3616 fabricam
3594 3563 3821 3687 proprii

2175 3629 2432 3687 corporis
2458 3634 2555 3685 aut
2579 3630 2788 3686 mentis
2813 3637 3102 3687 oneratur.
3128 3635 3196 3687 ut
3216 3648 3347 3687 vere
3372 3632 3625 3687 dicamus
3649 3649 3662 3687 :
3746 3649 3817 3687 o-

2175 3629 2432 3702 corporis
2458 3634 2555 3685 aut
2579 3630 2788 3686 mentis
2803 3629 3108 3702 roperatur,‘
3128 3635 3196 3687 ut
3216 3648 3347 3687 vere
3372 3629 3625 3687 dicamus
3649 3649 3662 3687 :
3697 3629 3782 3687 Do

2174 3701 2363 3775 minus
2383 3701 2665 3775 virtutum
2676 3701 3003 3775 nobiscum,
3022 3703 3246 3775 adiutor
3266 3707 3458 3775 noster
3477 3704 3623 3758 Deus
3641 3704 3820 3761 Iacob

2175 3773 2343 3845 (Psal.
2371 3788 2491 3840 va,
2524 3774 2594 3842 8).
2629 3774 2696 3827 Et
2721 3790 2852 3845 cum
2888 3773 3190 3829 Salomone
3229 3774 3576 3845 exsultemus
3614 3774 3818 3830 dicen-

2173 3844 2259 3899 te:
2280 3846 2507 3914 «Equus
2528 3846 2759 3913 paratur
2773 3844 2848 3917 ad
2863 3845 3014 3901 diem
3031 3845 3187 3914 belli,
3205 3846 3357 3917 apud
3378 3844 3691 3901 Dominum
3716 3863 3822 3901 au-

2174 3920 2292 3970 tem
2318 3918 2402 3970 est
2426 3931 2596 3989 omne
2625 3915 3161 3989 praesidiumlProv.
3190 3915 3303 3984 xxi,
3332 3918 3441 3989 31).
3472 3938 3498 3967 ››
3531 3917 3819 3989 Superva-

2175 4002 2356 4060 cuum
2369 3985 2607 4060 quidem
2640 3988 2736 4060 est
2750 3986 3009 4042 absurdis
3041 3989 3388 4059 respondere
3405 3985 3818 4060 propositioni-

2172 4058 2297 4130 bus,
2325 4056 2547 4130 dicente
2578 4057 2854 4130 propheta
2881 4075 2893 4113 :
2920 4080 2959 4130 γα
2984 4060 3061 4114 Ne
3087 4056 3433 4130 respondeas
3455 4056 3815 4130 imprudenti

2174 4128 2247 4183 ad
2278 4127 2726 4199 imprudentiam
2742 4128 2879 4202 ejus
2910 4129 3090 4201 (Prov.
3117 4127 3263 4200 lix—v1,
3286 4131 3359 4196 4).
3393 4152 3421 4202 η
3450 4127 3560 4202 Sed
3581 4130 3629 4202 si
3651 4131 3814 4202 quod

2172 4198 2536 4269 contemptus
2576 4198 2887 4273 transierit,
2920 4198 3122 4273 vereor
3151 4218 3223 4255 ne
3250 4198 3420 4273 quasi
3447 4198 3812 4273 validus—pu-

2172 4274 2356 4336 tetur;
2387 4268 2506 4341 non
2551 4268 2803 4341 tetigisse
2845 4271 3107 4326 formido.
3138 4268 3331 4341 Melius
3368 4272 3534 4327 nobis
3568 4278 3654 4327 est
3677 4268 3813 4327 c'um

2172 4333 2347 4396 beato
2368 4340 2543 4415 Paulo
2583 4333 2962 4415 insultationis
2996 4360 3193 4415 causas
3227 4333 3503 4412 incidere,
3536 4346 3594 4397 et
3634 4343 3815 4415 plena

2173 4429 2309 4486 voce
2338 4412 2537 4467 testari
2566 4429 2579 4467 :
2614 4433 2640 4461 «
2666 4412 2866 4467 Factus
2889 4430 3015 4467 sum
3042 4414 3317 4486 insipens,
3344 4431 3442 4468 vos
3468 4431 3560 4469 me
3590 4412 3817 4486 coegis-

2173 4485 2244 4537 tis
2276 4484 2356 4555 (II
2377 4486 2498 4566 ρον.
2525 4498 2622 4566 xu,
2655 4486 2762 4566 ll):
2798 4504 2826 4566 )3
2871 4485 3113 4540 Hoccine
3156 4484 3488 4566 ergo"nullo
3518 4484 3816 4566 constabat

436 4567 567 4629 vere
595 4553 671 4629 ad
698 4571 926 4610 coronae
952 4558 1202 4627 pretium
1243 4559 1455 4629 junxit,
1475 4553 1639 4629 quod
1680 4558 1749 4612 de
1794 4553 2071 4629 dignitate
2092 4557 2150 4629 Ι)
2175 4553 2458 4629 exemplo,
2476 4558 2543 4629 ut
2561 4554 3093 4629 sacerdotumpapa
3118 4553 3423 4629 concilium
3450 4559 3810 4625 convocaret,

436 4621 720 4691 submisit,
737 4629 793 4680 et
810 4633 940 4699 ante
952 4621 1335 4684 caelestem'de
1354 4621 1709 4684 abeolutione
1726 4621 2071 4699 senténtiaﬁm
2092 4621 2140 4629 ’”
2173 4621 2360 4695 (31ιά1ιέ
2380 4625 2679 4699 arbitrium
2716 4630 2801 4699 est
2846 4621 3105 4682 collectio
3155 4628 3461 4699 synodalis,
3492 4630 3591 4682 aut

438 4710 741 4768 personam
773 4698 853 4751 rei
883 4699 1222 4756 innocentiae
1252 4702 1433 4755 bonus
1459 4700 1769 4753 aestimator
1793 4698 2077 4768 implevit,

436 4764 515 4817 sic
542 4766 697 4821 enim
732 4769 938 4823 milites
982 4772 1190 4826 Christi
1230 4772 1437 4825 sudore
1483 4787 1585 4824 suo
1634 4764 1923 4823 honorum
1966 4769 2072 4823 sibi

436 4835 791 4910 incrementa
834 4843 1184 4910 parturiunt,
1217 4842 1354 4895 dum
1395 4857 1658 4895 concessa
1705 4840 1929 4910 fastigia
1958 4841 2070 4894 cel-

437 4906 583 4961 siore
631 4906 955 4981 humili-tate
1001 4906 1300 4981 castigant,
1345 4912 1481 4966 inde
1524 4911 1758 4966 laudum
1815 4906 2073 4966 cumulos

437 4980 765 5053 mercaturi,
800 4983 950 5036 unde
981 4980 1215 5052 indepta
1265 4983 1511 5036 culmina
1541 4981 1770 5036 sublimi
1802 4984 2072 5053 parcitate

436 5049 829 5123 moderantur.
897 5053 1005 5106 Sed
1079 5049 1339 5123 quamvis
1403 5053 1637 5108 beatum
1697 5049 2071 5109 Athanasium

440 5121 694 5197 tlomano
738 5123 985 5197 an_tist_it_i
1023 5121 1306 5193 quantum
1354 5140 1517 5197 nosse
1564 5126 1733 5179 datur
1766 5125 2070 5197 imparem,

394 5186 409 5265 ί
435 5190 919 5270 locusestcndat?
948 5186 1124 5270 Fac-to
1142 5199 1337 5270 tamen
1368 5196 1702 5270 innegotiis
1732 5186 2071 5270 com'paran;

435 5259 686 5341 t_ur.§_ille
719 5268 927 5341 praesto
966 5265 1078 5341 fuit
1102 5265 1410 5341 judicibus,
1433 5259 1948 5341 istevquantum.et
1976 5286 2073 5323 vos

435 5332 622 5385 dicitis
668 5332 976 5401 advocavit,
1020 5332 1121 5391 ille
1164 5332 1508 5394 intentatam
1562 5332 1969 5396 d-iscussionem
2010 5343 2075 5393 ut

436 5401 540 5482 llei
566 5402 817 5459 famulus
846 5408 1235 5482 non__refugit,
1259 5410 1368 5466 iste
1413 5411 1772 5482 triumphum
1816 5427 1992 5482 suum,
2012 5410 2072 5482 in

436 5473 833 5553 discussurum
891 5473 1231 5553 collectio'ne'
1274 5473 1608 5538 constituit:
1636 5482 1744 5537 Sed
1795 5481 1931 5553 quid
1984 5480 2073 5536 his

435 5545 626 5623 longis
648 5547 1043 5623 collationibus
1073 5552 1499 5609 immoramur?
1516 5553 1734 5623 judicia
1760 5545 1830 5608 et.
1845 5553 1951 5606 iste
1972 5568 2069 5623 vo-

432 5616 557 5695 luit,
574 5618 807 5695 amavit,
830 5622 1081 5695 attraxit,
1098 5623 1388 5695 ingressus
1404 5616 1597 5695 estfet
1611 5623 1769 5694 quod
1796 5626 1987 5693 posset
2006 5622 2071 5695 fi-

376 5732 388 5744 .
433 5688 646 5765 delium
669 5691 845 5747 corda
864 5688 1079 5749 doloris
1088 5688 1227 5765 justi
1244 5694 1455 5750 aculeis
1481 5688 1726 5750 excitare
1746 5688 2074 5748 venerando

436 5759 698 5830 concilio,
719 5759 1117 5821 auctoritatem
1139 5765 1310 5820 etiam
1331 5768 1534 5819 contra
1559 5780 1638 5832 se,
1661 5765 1708 5819 si
1729 5768 2070 5831 mereretur,

509 5856 579 5925 (3)
606 5857 697 5913 Sic
735 5861 824 5916 ed.
855 5861 1073 5916 Merlini
1090 5878 1107 5928 ;
1139 5861 1294 5929 alias,
1324 5862 1617 5931 opinionis.

3678 4644 3813 4682 arva

2174 4645 2333 4695 cujus
2380 4645 2679 4679 arnimum
2716 4645 2801 4681 esr
2846 4645 3105 4682 conecuo
3155 4645 3461 4699 synouaus,
3492 4645 3591 4682 aut
3636 4645 3807 4699 parva

2174 4700 2336 4751 erant
2361 4713 2491 4768 quae
2516 4697 2587 4750 de
2620 4696 2821 4751 vestris
2846 4714 2979 4752 cum
3012 4699 3114 4753 hac
3140 4699 3506 4754 multitudine
3532 4698 3807 4753 facinori-

2172 4768 2277 4822 bus
2308 4768 2765 4823 damnarentur?
2810 4769 3005 4824 Nonne
3039 4770 3251 4825 directa
3287 4773 3421 4824 sunt
3444 4770 3613 4825 verba
3643 4786 3811 4825 cano.

2172 4840 2350 4893 num?
2383 4839 2719 4912 Quicunque
2763 4839 3102 4912 clericorum
3128 4841 3198 4895 ab
3237 4841 3516 4912 episcopo
3545 4858 3645 4895 suo
3673 4844 3809 4897 ante

2173 4910 2469 4983 sententiae
2497 4915 2720 4983 tempus
2763 4928 2865 4982 pro
2904 4911 3077 4966 dubia
3112 4910 3443 4983 suspicione
3468 4910 3804 4979 discesserit,

2172 4981 2535 5055 manifestam
2569 4981 2627 5055 iu
2652 4981 2784 5036 eum
2812 4998 3045 5038 manere
3070 4981 3384 5038 censuram.
3416 4983 3592 5055 Hujus
3620 4984 3701 5039 rei
3729 4984 3807 5039 ad

2174 5052 2555 5137 ministerium
2572 5053 2974 5137 devetumpeo
2987 5055 3242 5137 oportuit
3254 5070 3464 5137 agmen
3484 5052 3805 5137 oceurrere,

2174 5128 2236 5178 ut
2262 5123 2469 5197 perditi
2494 5123 2863 5197 et‘proﬂigati
2900 5123 3092 5197 gregis
3130 5123 3414 5181 ulceribus
3448 5126 3809 5197 medicorum

2172 5195 2450 5269 exercitus
2492 5194 2848 5269 subveniret,
2871 5194 3031 5269 quia
3052 5198 3276 5269 quoties
3315 5196 3656 5269 morborum
3693 5196 3812 5269 vio-

2173 5266 2351 5321 lentia
2366 5266 2533 5321 celeri
2565 5282 2763 5337 gressu
2782 5267 2856 5323 ad
2881 5266 3090 5323 animai
3111 5272 3328 5325 secreta
3354 5268 3601 5337 festinat,
3615 5268 3811 5325 obvias

2174 5354 2383 5410 manus
2402 5336 2603 5393 aﬂ‘erre
2625 5355 2741 5393 non
2766 5342 2954 5410 potest
2984 5340 3234 5396 salutare
3260 5338 3586 5409 consilium,
3607 5339 3720 5396 nisi
3745 5356 3814 5396 ex

2173 5409 2471 5493 collatione
2514 5409 2856 5493 multorum:
2878 5411 3031 5492 Nam.
3045 5413 3103 5466 et
3120 5412 3240 5493 ‘hoc
3262 5428 3297 5466 a
3322 5426 3461 5481 rege
3485 5414 3683 5493 vestra
3695 5427 3809 5493 pu-

2172 5479 2355 5553 poscit
2395 5480 2681 5550 allegatio,
2712 5484 2778 5535 ut
2806 5481 3064 5553 abscissis
3089 5479 3430 5538 clericorum
3462 5479 3814 5553 praajudiciis

2171 5551 2243 5605 de
2259 5554 2822 5625 aceusatorumpapa
2843 5552 3051 5625 merito
3072 5570 3178 5625 per
3193 5551 3516 5609 humanum
3536 5551 3599 5607 os
3620 5570 3814 5624 super-

2174 5638 2313 5694 num
2329 5622 2623 5694 judicaret
2653 5622 2985 5694 imperium.

2245 5693 2545 5766 Videamus
2579 5693 2791 5766 tamen,
2821 5694 2869 5766 si
2889 5695 3091 5766 placet,
3115 5697 3173 5749 et
3198 5695 3320 5750 illas
3344 5694 3711 5765 disputatoris
3731 5694 3814 5766 di-

2173 5762 2435 5820 dascalici
2465 5763 2638 5819 libelli
2667 5765 2835 5821 vestri
2878 5762 3204 5838 relegamus
3235 5762 3508 5838 argutias.
3549 5764 3813 5822 Habenti-
