4040 6310
487 341 622 397 lOl5
1074 338 1083 345 ’
1374 345 1655 400 ΑΡΡΕΝΙ).
1695 344 1782 398 ΑΙ.)
1821 342 1981 396 διΕΟ.
2025 340 2082 394 ιχ

2246 340 2484 396 lSlDORl
2521 338 2945 395 MERCATORIS
3710 339 3841 391 10Ιῦ

482 463 635 530 nunc
661 447 797 530 dum
831 449 1067 530 haberet
1104 450 1354 530 synodus
1400 450 1749 530 ﬁrmitatem.
1785 449 1828 503 Ο
1859 448 2108 530 frontem
2129 456 2190 530 Α
2211 447 2479 530 Quishoe
2508 448 2703 530 lingua
2728 447 2904 530 dives,
2918 461 3262 530 quanquam
3282 444 3486 530 merito
3514 444 3737 516 pauper
3757 443 3847 498 vel

484 518 754 592 dictionis
774 520 1112 592 immundae,
1130 516 1193 575 et
1212 522 1413 576 faciem
1431 521 1624 588 libelli,
1651 537 1826 592 quam
1853 536 1969 592 non
1993 519 2110 574 sola
2129 516 2190 530 ⁸⁵
2215 519 2499 592 opinionis
2530 516 2838 592 fabricator
2866 516 3136 592 adjunxitr
3166 516 3320 592 quis_
3335 516 3524 592 taliter
3553 531 3848 592 commen-

483 590 784 663 maculavit
814 586 1117 663 imperitia.
1142 594 1427 648 Tractatus
1454 586 1631 647 nostri
1668 586 2023 663 provinciam
2058 594 2116 663 et
2215 586 2427 644 datitiis
2443 590 2708 663 laudibus
2734 586 3271 663 locupietavitfama
3289 586 3592 663 Dominum
3615 589 3849 663 actuum

483 661 725 734 narratis
750 664 807 714 et
832 657 1104 734 qureritis.
1137 664 1273 717 Hinc
1295 681 1520 718 eramus
1541 657 1751 734 nempe
1778 662 1955 728 dubii,
1978 661 2116 734 quia
2216 660 2718 734 suorum_veritate
2746 657 3122 734 mendicum?
3163 660 3285 713 Non
3312 659 3533 734 derogo
3561 657 3723 734 vobis
3749 657 3847 712 de-

488 728 966 804 quemadmodum
992 733 1315 804 loquimini,
1344 752 1462 790 non
1486 728 1735 789 habebat
1760 728 2014 804 synodus
2024 733 2115 786 fir-
2217 731 2605 803 scriptoribus,
2620 748 2862 804 quorum
2881 731 3160 804 beneficio
3171 729 3413 804 contigit
3424 735 3633 804 ornata
3651 728 3729 783 ad
3750 745 3854 804 nos

484 799 763 878 mitatem.
820 799 1117 858 Transibat
1170 799 1387 878 negotii
1448 806 1689 878 qualitas
1733 799 2024 878 audituros
2059 807 2116 858 et
2214 799 2500 878 majorum
2515 799 2674 873 gesta
2692 803 3068 878 perduci,_sed
3084 801 3185 857 Dei
3201 800 3473 878 beneﬁoia
3490 810 3609 854 n'on
3627 799 3851 868 tacebo,

484 874 623 955 plus
637 872 827 955 adhuc
853 882 1206 955 remanserat
1231 872 1299 955 iii
1334 872 1653 955 mvereutia
1687 876 2115 955 pulsatihquam
2180 872 2351 955 “quia
2378 872 2644 955 princeps
2674 872 2869 955 uoster
2896 873 3063 955 rebus
3107 877 3339 955 superat
3385 872 3598 955 decora.
3627 886 3853 926 sermo-

486 908 611 943 Pluo
637 908 827 954 mulsuu
854 908 1206 931 ιῠιυαιιΰυιαι.
1234 908 1291 931 ιιι
1334 908 1653 932 ιῠνῠιῠιιιια
1688 908 1912 947 μωδαιι,
1940 908 2115 946 quam
2181 908 2351 985 \llUIu»
2379 908 2644 955 μιιυιιλῡγῠ
2674 908 2857 928 ιιυδιιῠι
2899 908 3063 954 l-cuua
3107 908 3339 944 ouycxuu
3385 908 3598 953 uUbU‘.“.
3627 908 3851 926 OUIMIV‘

486 946 632 1019 esset
656 945 1323 1019 mintegritateicollegii.
1348 948 1560 1003 Deinde
1586 954 1713 1019 post
1736 946 2117 1019 quaestionum
2216 961 2359 1000 num
2388 945 2693 1019 obuoxram
2720 946 2950 1019 linguis
2990 945 3230 1019 gloriam
3259 942 3632 1019 munerabth
3656 957 3855 996 causa-

484 1015 755 1069 tormenti
791 1013 1177 1073 venerabilem
1220 1013 1606 1087 Laurentium,
1635 1022 1691 1073 et
1728 1013 1959 1072 Petrum
1991 1017 2115 1088 epi-
2218 1033 2346 1088 rum
2373 1017 2681 1088 trutinator
2716 1013 3050 1088 inspexerit,
3075 1019 3142 1088 ut
3176 1031 3307 1070 cum
3344 1013 3609 1088 petitioni
3648 1018 3856 1088 vestrae

488 1101 736 1161 scopo_s_a
755 1089 1154 1161 communione
1174 1107 1336 1161 papae
1354 1108 1412 1145 se
1431 1083 1696 1160 suspendi
1705 1106 1791 1143 sse
1813 1083 2115 1161 replicatis,
2220 1087 2451 1161 effectus
2481 1087 2688 1161 artifex
2716 1083 3103 1161 praestaretur,
3125 1087 3196 1161 iu_
3215 1083 3707 1161 omnibustamen
3719 1083 3858 1154 jura

489 1157 849 1228 etquidquid
874 1160 1122 1228 providit
1152 1155 1335 1216 cautio
1361 1155 1801 1215 convocatorum
1826 1155 2030 1214 ducitis
2046 1159 2119 1214 ad
2219 1158 2597 1213 ecclesiastica
2621 1155 2947 1214 custodiret.
2972 1159 3107 1223 Quae
3131 1157 3201 1212 ad
3220 1158 3367 1212 hanc
3388 1155 3854 1223 aestimationem,

487 1227 703 1306 crimen
728 1227 991 1306 impetiti.
1021 1231 1222 1306 Ullone
1250 1248 1387 1303 ergo
1418 1235 1680 1306 tempore
1701 1231 2116 1306 dum‘celebra-
2221 1229 2475 1299 quamvis
2506 1230 2765 1306 acutiora
2793 1228 3013 1306 casteris
3043 1229 3217 1306 corda
3240 1228 3531 1306 sufficiunt
3554 1242 3672 1306 uno
3700 1229 3856 1306 tem_-

486 1301 690 1353 rentur
722 1301 792 1352 ab
812 1297 911 1354 his
939 1318 1097 1355 sacra
1126 1297 1431 1357 missarum
1462 1321 1496 1357 a
1531 1297 1778 1357 nominis
1807 1302 1929 1371 ejus
1958 1318 2117 1356 com-
2219 1297 2380 1371 pore,
2402 1318 2512 1354 una
2539 1300 2871 1370 scriptione,
2889 1301 3011 1355 sine
3040 1299 3322 1371 aequitatis
3348 1297 3692 1371 detrimento
3712 1297 3862 1371 desi-

488 1371 1223 1448 memorationecessatum
1250 1380 1335 1429 est
1350 1375 1378 1428 ?
1404 1376 1666 1446 Unquam
1698 1390 1801 1445 pro
1827 1368 2120 1448 desideriis
2220 1368 2381 1448 deria
2396 1376 2580 1448 vestra
2602 1368 2962 1448 supplentur,
2983 1376 3040 1425 et
3060 1368 3264 1448 eadem
3287 1371 3481 1448 charta
3497 1369 3577 1448 _ad
3598 1368 3859 1448 ministe-

489 1441 691 1515 vestris
734 1442 854 1515 sine
883 1442 994 1515 ritu
1023 1445 1295 1499 catholico
1329 1448 1386 1499 et
1411 1439 1552 1499 cauo
1591 1439 1752 1499 more
1784 1444 2121 1515 semiplenas
2220 1443 2371 1515 rium
2400 1439 2733 1515 religionis;
2745 1445 2803 1515 et
2831 1442 3422 1515 vestrumrdestinatur
3445 1441 3517 1496 ad
3549 1439 3859 1515 gaudium,

490 1512 772 1595 nominati
792 1514 1101 1595 antistites
1144 1516 1356 1595 hostias
1399 1517 1746 1595 obtulerunt.
1794 1510 2120 1595 Aliquando
2219 1513 2357 1595 boui
2385 1510 2541 1567 enim
2567 1510 3131 1595 praeviditprincipis
3155 1512 3446 1584 inquisitio
3474 1510 3738 1595 serviiem
3762 1526 3858 1595 as-

491 1582 644 1651 quod
684 1583 852 1656 capiti
882 1588 1068 1639 vestro
1097 1588 1428 1653 ascribatur,
1459 1588 1606 1641 facta
1637 1591 1722 1641 est
1750 1581 2118 1656 apud—Domi-
2223 1583 2538 1656 sartionem
2567 1581 2878 1640 innocenti
2922 1581 3182 1639 examine
3226 1581 3346 1656 non
3374 1582 3759 1656 probandam.
3795 1581 3859 1634 In

494 1670 631 1728 num
661 1654 875 1709 offensa
899 1673 1005 1728 per
1041 1657 1304 1726 gratiam,
1336 1663 1391 1712 et
1416 1658 1633 1712 exstitit
1672 1653 1865 1711 nutrix
1907 1657 2122 1728 peccati
2224 1655 2500 1710 electione
2539 1656 2708 1728 enim
2722 1656 3188 1728 venerandorum
3219 1653 3481 1728 judicum
3520 1653 3641 1724 ipse
3680 1668 3860 1728 accu-

492 1725 670 1777 veniae
698 1723 1147 1799 materbblatio;
1175 1723 1408 1782 fuerunt
1437 1729 1701 1799 quaedam
1726 1723 1975 1799 corporis
1993 1732 2119 1782 tau-
2224 1730 2411 1780 santes
2430 1731 2593 1799 extra
2611 1726 2875 1799 ordinem
2895 1726 3124 1799 repulit,
3138 1723 3260 1797 ipse
3274 1726 3350 1799 ad
3370 1740 3529 1796 spem
3543 1723 3865 1799 retulitac:

489 1800 613 1880 tum
643 1797 1020 1880 conventione
1045 1799 1307 1880 separati,
1338 1793 1487 1880 quos.
1505 1799 1775 1880 loqueris,
1799 1793 2122 1853 animarum
2141 1824 2198 1880 ῃ
2223 1800 2502 1879 eusaturu.
2521 1797 2838 1880 ‘Yideamus
2862 1793 3206 1880 tamenista
3242 1797 3286 1850 si
3311 1793 3463 1880 faeta
3492 1799 3643 1880 sunt,
3677 1793 3862 1880 sipei

490 1871 681 1940 tamen
708 1868 1074 1940 praesentiam
1106 1864 1224 1924 non
1248 1864 1515 1925 vitaruut.
1549 1864 1605 1926 Si
1630 1888 1698 1924 eo
1730 1864 1894 1940 putas
1922 1887 1955 1924 a
1985 1887 2120 1923 cou-
2142 1864 2198 1895 υ
2223 1868 2461 1936 inimici,
2482 1868 2655 1922 etiam
2682 1869 2895 1923 terreni
2918 1868 3148 1940 Domini
3171 1885 3289 1923 non
3312 1867 3515 1940 fuistis,
3537 1866 3678 1919 dum
3700 1864 3864 1921 Chri-

492 1937 667 2011 sortio
707 1941 867 1992 motu
916 1939 1240 2011 dissociatos
1283 1958 1427 2011 quos
1474 1942 1650 1995 ﬁbula
1694 1937 1985 2011 religionis
2031 1940 2124 2009 pia
2224 1942 2659 2011 stumetregem
2678 1940 2844 2010 parili
2866 1939 3182 1994 temeritate
3203 1938 3866 2011 despicitis,et_unusvo-

492 2008 792 2081 mordente
814 2010 1114 2081 conjungit
1138 2007 1330 2081 procul
1359 2016 1412 2067 te
1441 2013 1510 2066 ab
1539 2007 1909 2066 aestimatione
1934 2007 2125 2065 catho-
2224 2010 2311 2063 bis
2331 2010 2403 2063 ad
2425 2007 2732 2081 utramque
2756 2010 3165 2066 contumeliam
3188 2007 3389 2064 ductus
3415 2013 3499 2081 est
3520 2007 3861 2081 criminum.

491 2078 599 2153 lica
626 2078 1106 2150 culparumiduxit
1130 2078 1382 2137 affectus.
1412 2083 1654 2137 Maudati
1683 2083 1924 2137 cmlestis
1956 2083 2125 2137 obau-
2227 2082 2549 2153 Destinatus
2568 2078 2799 2136 antistes
2821 2082 2891 2136 ab
2910 2082 3031 2153 ipso
3058 2081 3413 2153 complenda:
3433 2078 3713 2153 jussiouis
3729 2095 3869 2131 con-

493 2149 631 2203 ditio
665 2167 788 2224 duos
837 2155 935 2224 aut
984 2153 1206 2219 miscet,
1260 2160 1358 2209 aut
1407 2159 1653 2224 separat,
1704 2155 1824 2207 Non
1886 2154 2127 2208 interest
2204 2152 2360 2224 ,ﬁnio
2384 2152 2497 2224 oris
2520 2153 2691 2224 vestri
2717 2149 3272 2224 spiritusabripitur,
3307 2154 3365 2204 et
3401 2151 3471 2205 ad
3501 2149 3864 2224 iuoentivam

491 2236 617 2290 qua:
659 2220 957 2295 intervalla
998 2241 1106 2277 nos
1146 2220 1518 2295 congregant,
1554 2225 1599 2277 si
1634 2241 1749 2279 uno
1780 2226 1840 2279 iu
1879 2241 2127 2295 superna
2186 2220 2584 2295 [confusionis
2599 2220 2851 2295 aptat—ur.
2874 2223 2980 2288 Qui
3002 2220 3129 2295 paci
3159 2223 3505 2295 militaturus
3522 2221 3864 2295 advenerat,

489 2291 787 2347 mansione
833 2294 1078 2348 conclavi
1121 2291 1455 2350 retinemur.
1488 2298 1627 2349 Vere
1659 2296 1791 2350 hinc
1835 2291 2122 2349 convinci-
2180 2291 2199 2317 '
2226 2294 2418 2347 invisis
2443 2293 2590 2348 beati
2621 2291 2859 2365 apostoli
2889 2291 3200 2360 liminibus,
3234 2294 3307 2365 ad
3334 2308 3502 2348 usum
3531 2291 3741 2365 furoris
3770 2307 3868 2365 ve-

491 2379 618 2416 mus
650 2379 772 2437 esse
798 2380 990 2418 servos
1021 2382 1120 2420 vos
1146 2367 1359 2420 ventris
1385 2372 1441 2421 et
1469 2367 1741 2437 corporis,
1764 2370 1821 2420 et
1848 2383 1953 2437 per
1976 2367 2126 2421 hanc
2226 2361 2705 2437 strijamruescius
2723 2366 2811 2419 sui
2832 2366 3158 2437 advocatur,
3179 2368 3236 2420 et
3254 2364 3390 2437 illud
3412 2363 3562 2437 quod
3585 2379 3654 2416 ex
3676 2361 3870 2437 omni-

493 2434 791 2488 senteutiaa
833 2439 1031 2491 vestrae
1059 2437 1332 2492 vilitatem
1374 2432 1671 2492 declaratis
1716 2432 2001 2507 mancipia
2028 2454 2126 2492 vos
2226 2432 2509 2490 bus'orbis
2539 2436 2864 2491 cardinibus
2890 2436 3125 2491 devotos
3147 2432 3386 2491 attrahit
3415 2432 3663 2505 positum
3687 2432 3863 2507 iuvi-

493 2521 617 2559 esse
644 2510 894 2560 terrena.
928 2508 1209 2578 Scriptum
1244 2514 1329 2562 est
1357 2508 1511 2562 enim
1542 2525 1553 2562 :
1592 2530 1620 2557 «
1652 2503 1926 2563 Animalis
1954 2509 2126 2563 homo
2227 2507 2458 2561 ciuitate
2494 2507 2784 2574 transitur,
2815 2507 3180 2562 ecclesiarum
3218 2503 3659 2578 fundamentum
3696 2503 3865 2558 adire

494 2593 609 2630 non
649 2577 896 2701 percipit
927 2595 994 2633 ea
1020 2577 1146 2650 quae
1177 2584 1310 2633 sunt
1357 2580 1586 2648 spiritus
1617 2579 1666 2649 (Ι
1704 2583 1822 2637 Cor.
1854 2596 1910 2641 ιι,
1954 2579 2060 2650 14).
2094 2601 2123 2628 ››
2227 2594 2342 2632 non
2388 2578 2760 2650 permittitur,
2790 2584 3130 2633 structuram
3176 2577 3477 2632 mediocris
3518 2579 3656 2630 tunc
3699 2591 3867 2645 spem

494 2649 623 2701 Post
693 2665 773 2701 asc
797 2649 970 2701 versis
996 2650 1055 2701 in
1076 2651 1272 2701 fugam
1301 2650 1591 2701 ordinibus
1616 2650 1947 2701 lvmnhatici
1966 2666 2128 2701 more
2226 2648 2513 2701 bonorum
2544 2649 2834 2701 fructuum
2862 2649 3108 2701 perdidit
3132 2666 3162 2701 a
3188 2649 3378 2701 radice
3410 2650 3729 2701 separatus.
3760 2645 3864 2700 Di-

492 2649 623 2701 Post
649 2645 773 2702 haec
797 2645 972 2722 versis
988 2645 1056 2722 in
1076 2651 1273 2722 fugam
1301 2645 1591 2722 ordinibus
1616 2645 1947 2721 lymphatici
1966 2645 2128 2706 more
2226 2645 2519 2722 bonorum
2544 2649 2834 2703 fructuum
2860 2649 3108 2722 perdidit
3132 2666 3162 2722 a
3188 2649 3378 2722 radice
3410 2650 3729 2722 separatus.
3760 2645 3864 2722 Di:

492 2666 623 2701 rosr
652 2666 773 2702 neec
797 2666 970 2703 νει-διδ
996 2667 1055 2703 1n
1076 2666 1273 2722 rugam
1301 2666 1591 2705 Ol‘dlnlDuS
1616 2666 1947 2721 lympnaum
1966 2666 2128 2706 more
2228 2666 2513 2703 nouorum
2544 2666 2834 2703 Iructuum
2903 2666 3108 2704 erolau
3132 2666 3162 2702 a
3188 2666 3378 2703 raalce
3410 2666 3729 2718 separatus.
3760 2666 3864 2700 m-

491 2734 784 2791 sermoues
809 2720 1105 2775 addidistis
1135 2739 1148 2775 :
1182 2723 1331 2791 Ergo
1368 2721 1608 2776 concilia
1639 2721 2002 2775 sacerdotum
2033 2738 2126 2775 ec-
2228 2720 2366 2774 catis
2389 2720 2626 2773 forsitan
2658 2666 2897 2791 apostoii
2924 2720 3095 2790 genio
3132 2720 3375 2790 decerpi,
3404 2719 3449 2772 si
3474 2722 3710 2791 putatur
3731 2716 3865 2771 coeli

492 2790 816 2870 clesiasticis
835 2791 1058 2872 legibus
1085 2788 1395 2872 quotannis
1415 2793 1641 2872 decreta
1660 2809 1761 2872 per
1781 2791 2124 2872 provincias,
2228 2791 2362 2872 civis
2394 2795 2679 2872 terrarum
2686 2788 2845 2872 glocis
2862 2788 3114 2872 includi.
3145 2788 3363 2872 Tamen
3388 2788 3649 2872 quamvis
3663 2788 3866 2872 ibene-

491 2861 629 2934 quia
650 2860 1014 2934 praesentiam
1036 2860 1199 2934 papae
1218 2880 1335 2916 non
1356 2863 1570 2916 habent
1590 2860 1988 2931 valitudinem,
2005 2860 2130 2933 per-
2229 2861 2400 2934 dictio
2429 2862 3035 2934 poscentibusubique
3064 2865 3387 2934 praestetur,
3406 2860 3683 2934 et_exiga_t
3706 2875 3868 2930 pra:-

494 2928 1906 3003 dideruut.Legite,ins'auissimi,aliquandoinillis
1920 2928 2131 3003 praeter
2229 2928 2466 3003 sentiam
2496 2933 2765 3003 martyris
2789 2928 2960 3000 ﬁdes,
2986 2938 3041 2988 et
3064 2928 3295 2988 devotio
3328 2928 3866 3003 supplicantisgine-

494 3002 791 3074 apostolici
822 3002 997 3074 apicis
1023 3006 1380 3058 sanctionem
1410 3001 1629 3074 aliquid
1658 3001 2048 3070 constitutum,
2073 3008 2131 3059 et
2231 3002 2352 3073 gari
2367 3020 2485 3057 non
2509 3001 2695 3073 poteSt
2713 3003 3025 3073 diligentia
3044 3003 3219 3058 natali
3246 3004 3364 3059 solo
3386 3001 3488 3057 suo
3509 3001 3868 3074 plusitribui,

494 3087 609 3125 non
637 3072 707 3125 de
736 3073 1051 3155 majoribus
1095 3075 1342 3155 negotiis
1379 3075 1473 3155 ad“
1492 3072 1874 3155 collati-onem,
1905 3075 1951 3128 si
1983 3075 2129 3155 quid
2230 3072 2285 3127 et
2315 3072 2591 3155 majorem
2621 3072 2885 3155 affectum
2928 3075 3408 3155 locanimpetr‘are,
3437 3072 3523 3155 de
3545 3072 3871 3155 quibusuad

495 3144 824 3216 occurrerit,
856 3145 1109 3214 prmfatze
1141 3145 1286 3200 sedis
1334 3145 1568 3199 arbitrio
1612 3146 1780 3199 fuisse
1820 3144 2123 3201 servatum.
2151 3191 2199 3216 η
2230 3160 2478 3215 superna
2502 3146 2793 3200 transitur.
2826 3146 3008 3211 Quam
3045 3144 3219 3200 fidem
3250 3144 3578 3216 allegationi
3610 3144 3866 3216 curatio-

492 3213 748 3288 Sic_enim
772 3191 949 3288 habes
969 3234 979 3270 :
1003 3216 1061 3270 Si
1089 3217 1215 3286 quis
1243 3216 1641 3287 episcoporum
1666 3216 1884 3287 judicio
1908 3217 2128 3288 provin-
2148 3191 2202 3265 C
2227 3191 2366 3269 nutu
2389 3216 2694 3288 multitudo
2714 3191 3154 3288 jamwpraestitit,
3179 3222 3235 3272 et
3263 3191 3439 3270 ιήίῐῗπ
3457 3220 3583 3288 post
3606 3214 3869 3288 obsidio-

493 3284 622 3338 ciali
650 3285 937 3356 depositus
978 3284 1169 3353 fuerit,
1205 3284 1523 3341 Romanum
1569 3284 1794 3358 papam,
1828 3288 1875 3341 si
1908 3284 2124 3357 ’placet,
2227 3304 2364 3341 nem
2392 3284 2757 3357 diabolicam,
2789 3284 3025 3342 testibus
3048 3288 3171 3358 jam
3205 3287 3433 3342 sanatis.
3456 3284 3585 3340 Haec
3605 3285 3741 3340 licet
3759 3301 3872 3356 per

496 3373 689 3429 rursus
715 3358 980 3429 appellet,
1003 3364 1061 3413 et
1089 3358 1230 3429 ipse,
1255 3359 1300 3412 si
1318 3359 1562 3424 videtur,
1581 3366 1810 3429 reparet
1827 3359 2047 3429 judicia
2065 3359 2126 3413 iu
2228 3358 2651 3429 redemptorem
2682 3362 2944 3413 nostrum
2972 3359 3028 3413 in
3064 3362 3181 3413 toto
3213 3359 3350 3413 orbe
3371 3358 3763 3429 celebrentur,
3779 3363 3871 3411 est

493 3427 868 3497 opitulatione
910 3427 1362 3499 damnatiJEcce
1410 3430 1594 3485 enode
1631 3427 1713 3484 est
1745 3427 1897 3501 quad
1931 3431 2004 3484 ad
2038 3431 2126 3501 la-
2226 3427 2550 3484 tamennon
2566 3429 3454 3501 modicamonumentiilliusper
3474 3428 3870 3501 frequentiam

493 3515 704 3569 qucum
760 3502 1140 3573 praeparastis,
1186 3498 1293 3555 nisi
1346 3502 1493 3555 forte
1541 3498 1871 3573 arctissimis
1920 3501 1978 3555 in
2031 3500 2127 3573 illa
2228 3506 2552 3573 comparata
2578 3500 2861 3573 nobilitas,
2881 3501 3013 3573 quia
3031 3517 3286 3572 pereum
3309 3498 3721 3573 quihominem
3743 3514 3873 3573 mu-

494 3574 653 3650 parte
683 3569 1362 3650 nexibus‘astringaruur,
1393 3572 1932 3650 et__repli_catiouum
1963 3572 2128 3650 nobis
2228 3569 2454 3650 tavit'in
2494 3573 2787 3650 angelum,
2812 3569 3091 3650 illustrari
3131 3569 3571 3650 potuitinatura
3597 3569 3867 3650 telluris.

493 3640 695 3714 itinera
723 3659 835 3696 non
862 3640 1176 3711 patescant,
1199 3644 1337 3697 dum
1367 3643 1522 3697 callis
1547 3640 1678 3698 ante
1700 3644 1945 3714 praevius
1972 3644 2127 3697 idem
2228 3643 2378 3714 Hauc
2407 3640 2683 3697 visitatori
2711 3648 2892 3698 vestro
2918 3640 3195 3698 invidistis
3222 3642 3495 3714 gratiam,
3513 3641 3871 3714 aestimantes

494 3716 549 3764 et
573 3712 663 3765 his
699 3714 917 3767 novella
962 3714 1368 3769 interclusione
1399 3714 1656 3781 vestitur,
1688 3711 1777 3768 his
1824 3715 1978 3769 enim
2024 3730 2128 3768 nos
2229 3712 2361 3783 quia
2392 3730 2655 3768 errorum
2683 3719 3003 3769 vestrorum
3034 3711 3280 3769 sectator
3307 3731 3429 3767 esse
3467 3711 3792 3781 desisteret,
3823 3712 3873 3765 si

495 3783 705 3857 eloquii
734 3785 1001 3857 vepribus
1032 3786 1171 3857 dum
1202 3786 1520 3855 gradimur,
1538 3802 1639 3855 per
1659 3786 1826 3855 plana
1849 3785 2125 3857 retinetis,
2226 3785 2550 3857 reverendae
2575 3785 2848 3855 passionis
2870 3787 3189 3857 penetralia
3208 3784 3550 3857 contigisset.
3580 3784 3722 3838 Ecce
3750 3798 3870 3837 non

492 3870 623 3906 cum
651 3854 835 3908 dicitis
860 3857 1049 3909 Jesum
1078 3854 1412 3925 principem,
1434 3872 1612 3927 quare
1643 3854 1981 3911 attributum
2001 3856 2129 3909 visi-
2226 3855 2449 3927 habetis
2467 3856 2524 3909 in
2544 3854 2705 3927 regia
2725 3854 3057 3912 auctoritate
3083 3856 3419 3927 subsidium.
3445 3858 3737 3927 Eccepost
3759 3870 3871 3909 οω-

494 3928 739 3999 tatorem
790 3931 984 3999 contra
1025 3927 1432 3999 ecclesiasticas
1453 3925 1685 3999 regulas
1727 3927 1915 3999 prima
1941 3927 2125 3999 volui-
2225 3926 2427 3999 lestem
2453 3925 2893 3999 commotionem
2915 3929 3068 3999 juste
3092 3944 3190 3981 vos
3224 3933 3280 3982 et
3305 3925 3656 3998 principalis,
3687 3941 3867 3996 quam

493 4011 621 4070 mus
653 3995 834 4070 fronte
865 3996 1263 4070 discedere,_et
1296 3997 1436 4050 nihil
1463 3998 1708 4070 amplius
1730 3995 1951 4070 liceret
1974 3998 2130 4070 hunc
2233 3997 2427 4070 sperni
2446 3997 2673 4066 fecistis,
2708 3995 2950 4053 censura
2982 3999 3256 4070 percellit.

494 4065 645 4141 vitiis
675 4082 748 4141 ne
779 4066 1099 4141 duresceret
1124 4067 1341 4141 lolium,
1378 4084 1448 4121 ne
1476 4065 1715 4141 profana
1729 4069 1939 4141 messis
1971 4069 2130 4123 nulla
2302 4067 2674 4141 Videamussi
2697 4075 2954 4140 superest
2983 4065 3187 4141 aliqua
3212 4070 3281 4123 de
3311 4066 3563 4141 regulari
3593 4066 3863 4141 proposi-

494 4135 809 4211 discipliuze
851 4140 983 4191 ante
1029 4138 1413 4211 maturitatem
1458 4135 1673 4211 succisa
1694 4138 1857 4211 ifalce
1892 4140 2126 4194 decum-
2228 4138 2382 4211 tione
2404 4139 2674 4211 defensio.
2700 4135 3028 4196 Visitatores
3054 4135 3344 4211 inquiunt,
3366 4135 3423 4193 et
3443 4138 3565 4192 aliis
3586 4135 3871 4207 episcopis

492 4207 749 4282 berettet
774 4212 1070 4282 putaretur
1094 4226 1210 4263 non
1241 4209 1413 4265 licere
1439 4210 1591 4282 quod
1605 4210 1829 4279 judices
1851 4227 1965 4266 non
1986 4217 2129 4265 veta-
2231 4209 2388 4264 dedit
2412 4210 2555 4280 ipse,
2588 4217 2645 4266 et
2667 4212 2889 4282 justum
2919 4219 3022 4280 est,
3054 4216 3119 4266 ut
3135 4207 3277 4266 facti
3307 4211 3392 4265 sui
3416 4210 3546 4279 lege
3573 4213 3867 4282 teneatur,

493 4280 837 4354 bant._._Uude
862 4284 1181 4354 rexiaper'to
1218 4285 1437 4354 constat
1456 4279 1626 4354 'nulla
1657 4298 1754 4336 vos
1793 4286 1950 4354 extra
1981 4299 2125 4354 prze-
2232 4279 2553 4354 nouvo’siin
2578 4279 2685 4337 hoc
2714 4283 2883 4354 titulo
2923 4283 3183 4338 falsitatis
3213 4284 3450 4354 incesso,
3480 4284 3537 4334 et
3568 4279 3669 4333 diu
3698 4295 3867 4354 meu-

494 4350 764 4404 stantiam
818 4351 1056 4425 piissimi
1110 4352 1262 4420 regis
1314 4369 1485 4423 quam
1536 4352 1750 4425 frustra
1794 4350 2129 4425 deside—ratis
2230 4351 2402 4425 daciis
2425 4353 2773 4409 adhaerentia
2798 4354 2967 4408 verba
2988 4371 3107 4408 non
3128 4353 3484 4425 arguo.Dico
3511 4355 3707 4425 tamen
3728 4350 3870 4404 lato-

494 4437 659 4494 noxae
688 4420 964 4492 copulari,
996 4420 1388 4494 exemplorum
1418 4424 1752 4478 auctoritate
1778 4424 1980 4479 fulciri.
2230 4440 2352 4477 rem
2384 4424 2533 4494 juris
2577 4426 2936 4479 diffinitionis
2981 4442 3118 4491 suae,
3150 4420 3258 4479 nisi
3284 4423 3419 4478 velit
3453 4420 3717 4494 terminis
3744 4436 3867 4475 non

566 4493 837 4567 superest
876 4498 948 4567 ut
968 4499 1024 4548 et
1052 4492 1241 4567 ipsum
1286 4497 1519 4567 doceam
1562 4494 1623 4548 in
1673 4495 1763 4549 his
1806 4495 2127 4551 excessibus
2229 4492 2466 4567 includi,
2497 4500 2555 4549 et
2581 4496 2687 4550 nisi
2715 4496 2977 4567 princeps
3014 4496 3227 4567 fastigii
3262 4510 3483 4567 summa
3500 4492 3863 4567 moderetur,

495 4565 638 4634 quod
670 4565 824 4630 bono
854 4565 1236 4640 universitatis
1253 4566 1503 4640 contigit
1528 4583 1643 4640 non
1659 4568 1875 4640 teneri,
1895 4568 2027 4640 quia
2050 4567 2130 4640 di:
2148 4568 2207 4640 D
2230 4566 2441 4640 frustra
2462 4567 2536 4640 ad
2556 4567 2698 4640 illud
2717 4565 2799 4622 _de
2823 4567 3039 4640 clericis
3066 4565 3217 4639 quod
3238 4565 3474 4640 dederit,
3489 4565 3584 4633 jus
3603 4566 3865 4640 vocatur.

497 4641 713 4690 rectum
738 4638 1229 4708 nonioccasionem
1252 4638 1387 4705 litis,
1406 4634 1514 4692 nec
1536 4637 1793 4691 fomitem
1808 4634 2010 4708 jurgii,
2033 4637 2131 4691 sed
2154 4634 2193 4640 ⁷
2231 4637 2341 4708 Lex
2364 4638 2663 4708 probitatis
2688 4643 2745 4693 et
2771 4639 2977 4693 mentis
2995 4634 3234 4708 est—quae
3261 4636 3556 4708 hominem
3579 4634 3869 4708 viventem

497 4654 713 4690 rectum
738 4654 851 4689 non
873 4654 1229 4691 occaSIonem
1252 4654 2010 4708 uus,uec10muemjurgu,
2033 4654 2131 4691 sea
2231 4654 2341 4690 Lex
2404 4654 2663 4692 ronuaus
2688 4654 2745 4693 et
2771 4654 2977 4693 mentis
2995 4654 3080 4693 est
3105 4655 3234 4708 quae
3262 4654 3556 4692 nominem
3579 4654 3868 4688 Viventem

496 4723 727 4781 causam
768 4707 1518 4781 voluituesseconcordiae,
1560 4709 1887 4781 praevidens
1921 4709 2132 4781 scilicet
2231 4654 2504 4781 sineqege
2532 4710 2789 4781 castigat,
2824 4710 3055 4780 proprie
3098 4705 3699 4781 moribusimpendit,
3731 4705 3868 4781 quia

494 4778 645 4851 quod
672 4778 781 4851 nisi
805 4778 1122 4851 simplicem
1140 4780 1462 4849 jussionum
1489 4776 1725 4834 suarum
1754 4780 1995 4851 tutelam
2012 4780 2131 4851 val-
2229 4776 2549 4851 necessitati
2570 4776 2875 4835 nonvdebet
2907 4776 3286 4851 disciplinam.
3314 4776 3572 4851 Aliorum
3591 4777 3739 4851 forte
3756 4776 3870 4831 ho-

496 4850 659 4917 laret,
692 4850 802 4923 cito
844 4847 930 4903 in'
952 4847 1156 4903 escam'
1183 4851 1417 4923 dissidii
1439 4851 1617 4905 toxica
1634 4856 1829 4923 vestra
1870 4850 2126 4923 subripej
2231 4850 2452 4923 miuum
2471 4867 2669 4905 causas
2697 4852 2843 4905 Deus
2864 4847 3103 4906 voluerit
3122 4868 3226 4923 per
3245 4850 3510 4923 homines
3531 4847 3869 4923 terminare,

496 4924 643 5001 rcn‘t.
689 4920 975 5001 Scriptum
1020 4922 1288 5001 cst‘euim
1317 4922 1456 5001 :_Vir
1482 4922 1726 5001 simplex
1762 4921 1944 4974 credit
1964 4918 2130 5001 omni
2230 4921 2331 5001 sed
2347 4921 2537 5001 istius
2551 4924 2812 5001 praesulis
2835 4940 2936 5001 suo
2960 4924 3079 5001 sine
3106 4918 3422 5001 quaestione
3453 4918 3765 4973 reservavit
3785 4934 3873 5001 a_r-

495 4992 682 5055 verbo,
718 4990 928 5046 idcirco
961 4993 1216 5064 mandati
1240 4993 1480 5047 limitem
1509 4993 1652 5057 fixit,
1678 5008 1853 5064 quem
1882 4992 2039 5064 nulla
2060 4991 2125 5064 lis
2229 4991 2419 5059 bitrio,
2450 4990 2630 5064 voluit
2667 4994 2819 5048 beati
2858 4994 3010 5048 Petri
3056 4990 3293 5064 apostoli
3337 4990 3869 5064 successoresccelo

492 5068 649 5134 ceret
665 5063 1115 5133 transgressione
1137 5064 1354 5131 violari,
1380 5060 1787 5134 prmfatum’ad
1808 5062 1961 5116 beati
1982 5063 2131 5134 Petri
2230 5066 2453 5117 tantum
2471 5063 2678 5119 debere
2698 5060 3107 5132 innocentiam,
3135 5070 3191 5119 et
3211 5063 3637 5134 subtilissimum
3657 5060 3871 5134 discus-

496 5133 785 5187 basilicam
811 5131 945 5188 mox
971 5136 1209 5189 Romam
1237 5131 1438 5189 fuisset
1467 5134 1800 5205 perductus,
1836 5133 2130 5205 mandavit
2230 5134 2369 5187 soris
2421 5134 2686 5205 indagini
2739 5135 3068 5190 inviolatam
3096 5131 3382 5190 exhibere
3430 5131 3864 5205 conscientiam.

494 5219 792 5275 occurrere
845 5205 1060 5259 faciens
1104 5207 1172 5260 de
1220 5204 1528 5261 sacerdotis
1571 5206 1698 5275 voto
1748 5203 1898 5273 regis
1946 5204 2126 5274 impe-
2229 5205 2411 5259 Nolite
2450 5203 2735 5261 aastimare
2764 5223 2859 5260 eas
2899 5207 3121 5262 animas
3163 5207 3233 5260 de
3282 5203 3718 5275 inquisitoribus
3750 5217 3868 5256 non

495 5274 665 5348 rium.
697 5275 831 5348 Quis
860 5277 1013 5330 enim
1042 5293 1158 5331 non
1184 5279 1414 5348 putaret
1437 5274 1766 5348 pontificem
1795 5277 1999 5348 sponte
2027 5293 2126 5345 pa-
2229 5276 2439 5348 habere
2466 5276 2837 5333 formidinem
2858 5294 3000 5346 quas
3017 5280 3164 5332 Deus
3184 5293 3303 5348 pra:
3330 5274 3545 5330 caeteris
3566 5291 3670 5348 suo
3689 5288 3871 5348 reser-

490 5345 761 5420 riturum,
791 5346 850 5420 in
876 5363 943 5401 ea
972 5351 1135 5420 parte
1166 5344 1357 5420 quam
1387 5344 1557 5420 licere
1587 5345 1694 5399 sibi
1726 5345 1986 5420 princeps
2012 5344 2129 5420 non
2229 5347 2382 5420 vavit
2421 5349 2692 5420 examini.
2724 5351 2847 5405 Non
2876 5344 3049 5404 habet
3077 5344 3225 5420 apu'd
3267 5348 3432 5420 ilium
3462 5345 3691 5420 reus‘de
3724 5344 3866 5398 alle-

490 5416 749 5484 credidit,
778 5418 951 5491 etiam
972 5416 1027 5472 si
1052 5416 1291 5491 vetaret,
1323 5417 1515 5491 ibique
1546 5433 1760 5491 papam
1790 5416 1860 5471 ab
1889 5433 1955 5471 eo
1978 5418 2127 5471 salu-
2232 5418 2477 5491 gationis
2525 5419 2706 5491 nitore
2749 5420 3088 5488 subsidium,
3114 5416 3368 5491 'quando
3416 5417 3537 5488 ipso
3587 5416 3870 5491 factorum

491 5425 749 5484 credidit,
778 5425 948 5473 etiam
980 5425 1027 5472 si
1052 5425 1291 5486 vetaret,
1323 5425 1515 5487 ibique
1546 5433 1760 5487 papam
1790 5425 1860 5471 ab
1889 5433 1955 5471 eo
1978 5425 2127 5471 salu-
2232 5425 2477 5489 gatiouis
2525 5425 2581 5473 ui
2610 5436 2706 5475 ore
2749 5425 3088 5488 subsidium,
3136 5425 3368 5491 quando
3416 5425 3537 5488 ipso
3587 5425 3867 5471 factorum

491 5491 676 5543 tatum
698 5505 795 5544 ore
813 5490 983 5559 jussit
1010 5489 1190 5555 affari,
1215 5493 1279 5543 ut
1306 5488 1561 5568 traderet
1584 5488 1954 5560 coepiscopus
1973 5505 2130 5543 man-
2230 5489 2411 5544 utitur
2440 5425 2750 5615 testeaquo
2767 5491 2982 5561 judice,
3007 5491 3158 5546 dicas
3182 5489 3440 5557 forsitan,
3462 5487 3726 5542 omnium
3745 5486 3867 5568 ani-

491 5559 641 5615 cioia
677 5561 849 5614 nullis
879 5559 1176 5614 subdenda
1201 5563 1535 5615 tormentis:
1569 5560 1845 5615 servanda
1875 5561 2130 5615 profecto
2230 5577 2458 5615 marum
2512 5562 2611 5615 tali
2689 5566 2812 5615 erat
2868 5562 2928 5615 in
2983 5562 3080 5615 illa
3131 5560 3540 5615 disceptatione
3590 5558 3867 5613 conditio.

489 5559 641 5631 cipia
677 5557 849 5614 nullis
879 5559 1176 5614 subdenda
1201 5558 1535 5627 tormentis;
1569 5557 2130 5631 servanda'profecto
2230 5577 2458 5615 marum
2512 5557 2812 5616 talis—erat
2868 5562 2928 5616 in
2971 5557 3080 5616 illa
3131 5560 3540 5631 disceptatione
3590 5557 3868 5631 conditio.

488 5631 560 5685 ad
583 5630 1060 5703 disceptationem
1085 5630 1377 5703 synodalis
1408 5631 1703 5686 examinis.
1738 5631 1782 5687 Ο
1811 5628 2131 5687 castitatem
2230 5632 2533 5703 Replicabo
2564 5632 2663 5685 uni
2689 5633 2903 5688 dictum
2937 5649 2949 5687 :
2979 5635 3061 5688 Tu
3104 5649 3165 5687 es
3196 5628 3392 5687 Pet—rus
3424 5636 3481 5685 et
3511 5645 3684 5699 super
3720 5628 3871 5683 hanc

490 5703 763 5774 praecepti
801 5718 929 5774 quia
976 5701 1115 5774 dum
1157 5701 1357 5757 faciem
1405 5703 1783 5774 praesentibus
1830 5703 2134 5774 praeferret
2233 5701 2457 5774 petram
2501 5703 2793 5759 aedificabo
2839 5704 3146 5759 Ecclesiam
3177 5719 3389 5769 meam,
3411 5706 3475 5774 et
3508 5715 3870 5774 quascunque

492 5770 941 5855 ἱεωροὶσῷιιέλίη
962 5773 1233 5854 umbram
1252 5770 1716 5855 eogit'antiquam
1739 5770 1868 5844 quas
1885 5773 2033 5855 rapit
2044 5775 2134 5855 iu-
2231 5770 2465 5855 solveris
2484 5780 2912 5855 superterram,
2930 5780 3101 5855 erunt
3118 5776 3299 5829 soluta
3326 5776 3383 5828 et
3406 5773 3465 5827 in
3486 5770 3628 5855 cosio
3646 5772 3866 5855 (Μαΐῳ.

496 5840 633 5893 men
687 5843 966 5896 veteribus
1018 5843 1076 5898 in
1121 5840 1411 5916 auspicato
1466 5840 1776 5916 splendore
1840 5840 2127 5899 novitatis.
2233 5847 2450 5911 xvi,l8,
2483 5840 2588 5914 19$.
2613 5846 2675 5899 Et
2698 5840 3240 5902 rursus'sauctorum
3270 5861 3407 5901 voce
3428 5842 3769 5917 pontificum
3791 5840 3871 5896 di-
