4040 6306
196 344 334 398 1017

187 451 471 521 gnitatem
517 449 664 522 sedis
698 449 1073 522 ejusfactam
1102 456 1221 507 toto
1249 452 1386 507 orbe
1411 454 1817 522 venerabilem,

189 520 327 576 dum
356 520 751 594 illiquidquid
776 521 1035 594 tidelium
1062 529 1166 593 est,
1196 523 1409 594 ubique
1440 520 1818 594 submittitur,

187 593 328 668 dum
360 592 534 668 totius
568 592 818 668 corporis
866 600 1037 665 caput
1064 592 1185 668 esse
1217 592 1575 667 designatur,
1609 597 1678 652 de
1709 592 1823 668 qua

185 665 332 738 mihi
360 664 591 738 videtur
617 664 830 738 dictum
861 664 977 738 per
996 664 1390 738 prophetam}
1424 668 1482 722 Si
1507 668 1601 722 hic
1626 664 1821 722 humi-

185 735 383 805 liatur,
431 735 505 790 ad
532 735 708 807 cujus
749 735 1093 807 confugiétis
1106 735 1420 806 auxilium,
1449 741 1506 793 et
1528 739 1629 794 ubi
1657 739 1824 794 relin-

184 807 375 878 quetis
395 806 645 877 gloriam
668 806 948 862 vestram?
969 808 1115 872 Quid
1129 809 1176 863 si
1190 808 1488 864 immunda
1506 809 1652 864 mihi
1670 811 1824 865 labia

188 878 451 947 habenti,
486 882 543 931 et
566 878 738 951 nuilis
755 894 1024 951 succensa
1047 880 1402 951 carbonibus,
1425 884 1491 935 ut
1504 881 1661 936 Isaia:
1681 899 1820 936 con-

186 966 411 1022 cessum
430 956 534 1022 est,
554 952 619 1022 ut
648 949 737 1022 his
752 949 972 1022 ablutis
1004 950 1190 1022 ipsum
1222 951 1293 1005 ad
1307 949 1681 1022 poSsessionis
1704 969 1822 1007 suae

187 1020 421 1106 tuenda.
434 1020 731 1106 privilegia
750 1021 982 1106 i’etrum
1001 1020 1329 1106 apostcluni
1354 1023 1549 1106 liceret
1564 1041 1819 1106 evocare,

186 1091 345 1165 quod
370 1091 453 1165 ait
471 1091 733 1165 precibus
752 1092 1012 1146 humana
1025 1091 1162 1148 voce
1180 1094 1550 1165 loqueretur?
1572 1096 1754 1159 Quem
1775 1091 1822 1149 si

189 1162 482 1238 audiretis,
498 1162 620 1216 haec
632 1162 842 1238 diceret
864 1181 875 1217 :
892 1184 925 1238 _«
938 1165 1060 1238 Filii
1073 1162 1380 1238 hominum
1391 1184 1496 1238 usq
1503 1183 1686 1238 uequo
1700 1183 1822 1237 gra-

188 1250 285 1308 ves
298 1234 501 1308 corde,
522 1238 583 1308 ut
601 1234 737 1304 quid
748 1234 979 1308 diligitis
993 1235 1302 1308 vanitatem
1321 1243 1378 1291 et
1394 1234 1647 1308 quaeritis
1665 1234 1823 1293 nien-

190 1304 437 1359 dacium.
471 1306 678 1360 Scitote
717 1304 992 1376 quoniam
1020 1307 1342 1376 miriﬁcavit
1369 1304 1646 1363 Dominus
1677 1310 1819 1365 San-

190 1309 437 1359 dacium.
471 1309 678 1360 Scitote
717 1309 992 1376 quoniam
1020 1309 1146 1375 mir'
1176 1309 1342 1362 'cavit
1369 1309 1646 1363 Dominus
1677 1310 1819 1365 San-

189 1380 346 1430 ctum
387 1392 558 1429 suum
600 1377 768 1456 .(Psal.
800 1393 873 1446 1v,
905 1379 1044 1448 3-4).
1081 1309 1294 1503 ddum
1333 1381 1583 1435 stabilita
1614 1381 1823 1436 Christi

189 1448 454 1501 manibus
483 1448 689 1503 cupitis
716 1447 1091 1503 fundamenta
1146 1451 1391 1503 ubruere
1413 1452 1440 1503 ?
1470 1452 1823 1503 Dehonestat

187 1448 454 1501 manibus
483 1448 689 1518 cupitis
716 1447 1091 1504 fundamenta
1116 1447 1391 1505 gubruere
1413 1452 1440 1504 ?
1470 1452 1823 1506 Dehonestat

189 1518 503 1593 venerandi
523 1518 901 1593 reverentiam
927 1521 1190 1593 nominis,
1216 1522 1314 1593 qui
1340 1522 1659 1593 adjutorem
1682 1540 1741 1577 se
1763 1523 1822 1577 in

185 1589 274 1663 his
304 1607 435 1661 quae
462 1590 644 1644 Deum
664 1589 839 1663 jactat
864 1592 1161 1646 commissa
1182 1589 1500 1663 pollicetur.
1517 1598 1821 1650 Contume-

185 1662 275 1726 lite
306 1677 492 1736 genus
527 1666 612 1716 est
636 1661 827 1736 quasi
852 1662 910 1716 in
940 1663 1138 1736 solatio
1166 1661 1360 1736 adesse
1389 1665 1636 1732 sublimi,
1659 1666 1824 1736 juxta

186 1733 521 1802 Apostolum
543 1752 613 1806 :A«
634 1733 716 1806 'l‘u
734 1733 858 1806 quis
878 1735 1081 1806 es,rqui
1092 1734 1312 1806 judicas
1331 1736 1580 1791 alienum
1600 1733 1824 1792 servum

191 1806 356 1877 (Rom.
399 1820 513 1870 xlv,
559 1804 814 1877 4)._Quid
855 1804 1105 1860 auribus
1135 1806 1418 1877 imperitis
1457 1807 1717 1877 illuditis,
1766 1811 1824 1861 et

187 1874 789 1959 graviorem‘vindictae
808 1877 1054 1959 speciem
1068 1874 1252 1932 facitis
1273 1894 1389 1959 esse
1411 1894 1582 1959 quain
1601 1874 1820 1959 cuip‘m?

188 1947 246 2001 Si
272 1945 470 2000 odium
499 1945 716 2000 debetis
742 1945 1062 2002 excessibus
1085 1964 1184 2003 vos
1210 1945 1508 2005 mundate.
1543 1951 1656 2004 Cur
1683 1945 1821 2004 libe-

186 2018 305 2071 rius
325 2016 724 2093 condemnatis
739 2019 957 2093 scelera
976 2036 1147 2093 quam
1162 2019 1387 2074 vitetis?
1410 2021 1509 2093 sui
1520 2021 1821 2093 impugna-

186 2093 277 2143 tor
302 2091 412 2163 est,
438 2088 539 2159 qui
563 2088 952 2145 fornicationis
981 2088 1181 2163 efﬁciis
1218 2094 1385 2163 urget
1420 2088 1717 2163 adulteria;
1763 2095 1822 2146 et

185 2176 292 2231 per
319 2159 648 2235 animarum
665 2164 872 2235 stupra
883 2161 1067 2235 carnis
1086 2159 1644 2235 accusat.\Scriptum
1664 2159 1821 2218 nem-

186 2230 257 2302 pe
288 2230 548 2305 retinetis
576 2249 590 2284 :
622 2249 651 2283 ί(
679 2231 955 2305 maledicti
982 2250 1182 2288 omnes
1207 2233 1306 2305 qui
1333 2230 1695 2290 fornicamur
1722 2235 1821 2289 abs

188 2303 443 2376 te_(Ps_at.
484 2317 651 2376 Lxxn,
677 2304 784 2376 27).
819 2324 867 2376 »ί
889 2304 1125 2376 Ecedera
1150 2303 1287 2376 ergo
1317 2322 1350 2358 a
1379 2306 1563 2361 nitore
1589 2306 1821 2360 Domini

187 2373 272 2447 sui
310 2372 672 2447 obligatione
707 2374 1057 2447 dissolvitur,
1102 2376 1201 2447 qui
1220 2372 1460 2431 statutis
1501 2378 1821 2432 coelestibus

189 2444 382 2499 minus
407 2460 568 2519 mera
596 2444 1272 2519 ﬁdeidependitofiicia;
1326 2449 1694 2519 possessionis
1720 2465 1819 2503 ve-

189 2518 350 2591 strae,
397 2514 557 2591 vobis
595 2514 859 2591 ut__video
885 2518 1108 2591 claritas
1136 2514 1618 2591 movit—invidiam
1648 2536 1819 2591 quam

186 2586 456 2661 simulata
477 2586 537 2661 iu
558 2587 692 2661 mali
705 2589 1049 2661 possessoris
1066 2589 1461 2660 indignatione
1478 2586 1816 2661 transfertis,

188 2658 327 2734 dum
340 2657 629 2734 desudatis
641 2658 719 2711 im
724 2659 1173 2734 pendiis,Arcem
1186 2657 1299 2734 qua
1310 2662 1494 2716 fuistis
1507 2657 1817 2734 conspicui,

187 2729 401 2806 crebris
425 2728 832 2806 labefactatam
848 2728 1584 2806 ictibus,_nisi_obsisterem,
1606 2728 1819 2806 propo-

186 2800 377 2876 suistis
405 2799 683 2876 subruere
701 2803 758 2854 et
776 2801 914 2876 creto
932 2803 1236 2876 stabilitam
1261 2799 1583 2860 machinam
1605 2799 1823 2876 quanta

187 2873 258 2926 sit
284 2871 601 2952 obtendere
626 2887 729 2952 per
748 2873 999 2952 ruinam.
1026 2875 1215 2952 Nolite
1234 2877 1550 2945 praestolari
1577 2871 1646 2952 de
1662 2876 1820 2931 clade

187 2942 752 3018 vestramvictoriem
763 2961 781 3013 ς
800 2945 973 2999 nolite
987 2942 1343 3018 triumphum
1357 2947 1682 3018 superando
1697 2963 1821 3018 per-

187 3014 320 3090 dere
336 3014 798 3090 meislaboribus,
815 3032 944 3090 meo
964 3014 1180 3090 sudore
1187 3014 1491 3090 quaesitum
1508 3036 1521 3086 ;
1539 3014 1820 3090 quidquid

187 3085 260 3170 ad
279 3085 645 3170 triumphum
675 3086 849 3155 ducit,
880 3087 1122 3170 obtinui,
1151 3085 1430 3170 quidquid
1450 3085 1820 3170 ves—illustres

187 3157 403 3229 faceret
430 3158 491 3210 in
514 3157 647 3229 sede
666 3159 945 3229 congessi.
970 3159 1137 3213 Vobis
1160 3157 1362 3214 tribuit
1381 3161 1700 3216 claritatem
1725 3161 1821 3215 fax

187 3228 295 3303 ista
325 3244 504 3300 quam
533 3223 1035 3303 viperino'liquore
1054 3232 1267 3303 putatis
1281 3231 1589 3303 exstingui.
1616 3234 1677 3286 In
1695 3249 1821 3303 per—
1840 3223 1896 3299 C

189 3299 400 3354 niciem
426 3299 719 3374 propriam
747 3299 1094 3374 accenditur,
1116 3302 1215 3373 qui
1246 3301 1325 3356 sic
1351 3299 1508 3357 saevit
1531 3304 1591 3357 in
1623 3299 1819 3374 gratiae

191 3371 602 3445 suas_germina
627 3375 691 3424 ut
713 3372 934 3445 plantas
963 3371 1234 3443 abscidat,
1266 3374 1502 3429 liberior
1521 3371 1680 3445 justo
1707 3375 1819 3428 ira-

187 3442 403 3497 cundia
421 3443 739 3516 plusquam
759 3443 898 3497 alios
916 3444 1138 3499 lacessit
1159 3442 1470 3500 auctorem.
1494 3442 1820 3516 Symmachi

186 3530 333 3588 quos
372 3514 585 3588 vocatis
606 3529 865 3588 excessus
897 3515 942 3569 si
967 3520 1099 3570 sunt
1123 3516 1221 3570 illa
1241 3533 1355 3588 qua
1383 3522 1441 3572 et
1466 3514 1564 3572 vos
1590 3533 1819 3587 exspec-

187 3585 401 3659 tatione
428 3585 685 3639 sustineo
716 3586 876 3659 nefas
896 3590 981 3640 est
1006 3585 1336 3658 peccantem
1366 3585 1709 3659 patientiam
1721 3589 1819 3659 ju-

191 3657 330 3711 dicis
356 3673 474 3730 non
494 3672 710 3730 amare.
734 3658 880 3730 Quid
896 3657 1305 3714 nisi’ultionem
1324 3657 1544 3730 flagitat
1560 3660 1660 3730 qui
1683 3657 1822 3715 dum

192 3744 327 3798 reus
348 3733 410 3798 et
434 3728 557 3798 ipse
577 3728 668 3795 sit,
694 3728 960 3783 vindictae
986 3730 1044 3784 in
1070 3732 1317 3785 alterum
1343 3728 1532 3786 moras
1560 3728 1823 3786 accusat?

188 3797 386 3871 253
420 3797 554 3874 Rrec
573 3799 685 3853 illis
709 3816 742 3853 a
767 3817 860 3856 me
888 3818 995 3855 vox
1027 3801 1270 3858 debetur
1299 3803 1518 3871 studiis,
1552 3804 1822 3874 quoniam

188 3870 371 3943 Deum
400 3870 610 3926 dixisse
636 3874 804 3926 teneo
826 3889 1076 3943 pronum
1104 3874 1396 3929 hominem
1421 3870 1540 3929 esSe
1567 3870 1629 3929 in
1649 3875 1823 3929 mali-

187 3941 443 4017 tiam,‘et
469 3958 705 3997 omnem
726 3941 957 4017 carnem
986 3945 1233 3999 amicam
1256 3962 1376 4000 esse
1396 3946 1659 4017 peccatis.
1681 3946 1822 4001 Nolo

193 4012 502 4089 occasione
544 4030 809 4089 personat
851 4015 1172 4089 innumeris
1196 4012 1421 4089 datura
1460 4018 1820 4089 dignitatem,

190 4085 294 4157 ﬁat
323 4084 383 4157 in
411 4084 732 4157 abjeCtione
749 4087 1049 4157 possessio,
1080 4104 1153 4142 ne
1173 4088 1312 4143 dum
1331 4090 1508 4143 homo
1526 4084 1826 4144 incessitur

189 4155 501 4232 l_ex_d_ivina
527 4155 854 4232 frangatur;
886 4155 1292 4232 mihi'_credite,
1322 4160 1369 4214 si
1396 4165 1529 4215 sunt
1558 4161 1664 4215 ista
1696 4177 1825 4232 quae

192 4226 397 4302 dicitis.
426 4226 687 4302 Respicio
710 4229 843 4302 quia
868 4233 925 4284 et
953 4230 1014 4302 in
1040 4229 1151 4284 illis
1180 4226 1387 4302 quibus
1420 4233 1500 4285 nil
1542 4232 1652 4286 tale
1678 4226 1826 4286 dice-

190 4297 364 4354 batur
383 4297 1019 4373 quidfuisset,_inspexi.
1040 4297 1217 4357 Errat
1231 4302 1329 4373 qui
1348 4302 1467 4356 falli
1495 4303 1605 4357 Deo
1630 4303 1823 4372 proxi-

190 4387 356 4444 mum
384 4370 565 4426 credit
598 4388 625 4444 :7
649 4392 677 4421 «
703 4371 837 4426 Mihi
866 4370 1132 4443 vindicta,
1172 4370 1277 4444 ego
1319 4370 1653 4439 retribuam,
1691 4373 1827 4428 dicit

193 4442 467 4517 Dominus
501 4443 690 4517 _(Helir.
734 4460 834 4511 xn,
878 4444 986 4516 l9),
1021 4466 1050 4495 »
1088 4442 1185 4500 vos
1215 4442 1405 4517 potius
1437 4445 1576 4500 olim
1602 4444 1825 4517 ﬁlii,de

194 4513 400 4585 quibus
428 4513 701 4588 spiritalis
733 4513 997 4588 ventrem
1026 4513 1234 4588 partus
1255 4517 1532 4572 onerabat
1559 4517 1633 4571 ad
1661 4516 1821 4587 adju-

1842 1854 1898 1925 B

193 4590 380 4673 ratam
405 4586 772 4673 cpncordiam
801 4586 1009 4673 redite.-
1027 4586 1131 4643 Pio
1153 4605 1249 4670 vos
1271 4589 1419 4673 sinu,
1447 4589 1592 4643 sicut
1610 4586 1823 4673 habile:
1843 4600 1904 4673 D

194 4656 273 4711 rit
317 4657 594 4733 hactenus
623 4657 870 4733 Ecclesia
897 4661 1083 4714 mater
1116 4660 1379 4733 accipiat,
1406 4656 1705 4733 nunquam
1743 4662 1828 4715 est

193 4744 325 4783 sera
353 4728 664 4803 correctio,
680 4729 797 4785 Scit
820 4731 917 4785 diu
939 4728 1274 4803 exspectare
1296 4728 1606 4787 immodico
1633 4731 1828 4786 labore

194 4800 487 4872 quassitos,
515 4801 695 4855 nescit
721 4818 827 4876 pro
848 4800 1061 4876 viribus
1079 4803 1375 4874 despicere
1403 4821 1615 4876 magno
1642 4803 1827 4876 pretio

195 4876 553 4944 comparatos
568 4889 585 4940 ;
618 4872 812 4928 multis
827 4874 1097 4944 gradibus
1113 4872 1374 4930 recursus
1386 4879 1470 4931 est
1482 4872 1552 4930 ad
1565 4872 1804 4931 salutem
1813 4915 1825 4929 .

194 4942 411 5017 Praeter
427 4942 1036 5015 desperantem—nullus
1055 4946 1395 5017 excluditur,
1417 4947 1635 5002 fructus
1652 4947 1831 5002 venias

198 5014 496 5091 proximus
530 5014 632 5091 est
663 5033 919 5091 coronae.
968 5018 1151 5091 Nolite
1180 5014 1591 5091 Symmachum
1619 5034 1832 5091 papam

197 5086 478 5158 pressuris
506 5086 705 5142 vestris
733 5088 955 5159 juvare.
997 5089 1052 5145 Si
1082 5086 1345 5159 reus'est,
1399 5090 1543 5145 mihi
1598 5086 1828 5159 credite,

197 5174 330 5233 eum
352 5158 654 5214 cessaverit
667 5158 936 5233 humanae
952 5158 1407 5233 impugnationis
1423 5158 1828 5229 ministerium,

198 5229 458 5304 divinum
501 5246 639 5304 mox
676 5232 941 5288 succedet
965 5229 1286 5289 arbitrium.
1332 5235 1532 5289 Nonne
1586 5233 1832 5304 splendi-

200 5300 420 5356 dissimi
437 5302 750 5376 cognitoris
770 5304 931 5358 lance
958 5305 1232 5376 pradicto
1259 5311 1357 5361 aut
1383 5321 1550 5376 poena
1568 5300 1829 5372 debetur,

200 5376 301 5428 aut
329 5375 658 5445 praemium.
689 5375 1059 5447 Syllogismos
1083 5394 1117 5431 a
1135 5394 1228 5432 me
1253 5375 1580 5432 sermonum
1595 5379 1652 5430 et
1670 5377 1831 5430 sche-

199 5449 357 5518 mata
393 5462 512 5500 non
552 5447 840 5518 quaeratis.
886 5448 1136 5518 Antiquo
1182 5449 1367 5504 adhuc
1408 5452 1538 5502 utor
1569 5447 1679 5501 reti
1705 5450 1835 5518 post

201 5515 518 5591 hominem,
552 5515 610 5591 et
635 5517 859 5591 irrisam
878 5535 913 5572 a
933 5515 1284 5591 sapientibus
1304 5519 1494 5575 saeculi
1512 5515 1834 5591 cymbuiam

203 5604 337 5672 neu.
360 5588 592 5672 reliqui.
644 5589 742 5671 Illa
788 5606 882 5645 me
914 5588 1042 5672 sper
1082 5591 1476 5672 mundi_freta
1531 5588 1812 5672 sustentat

204 5659 354 5733 ditat
368 5630 679 5730 probatum
716 5661 774 5715 in
804 5630 1124 5733 captionem
1154 5663 1455 5719 hominum
1493 5666 1643 5719 recte
1682 5630 1837 5733 quod

205 5731 471 5816 cernitis;
506 5732 692 5816 redite.
709 5749 846 5804 ergo
869 5731 1007 5816 quia
1033 5734 1168 5816 fuga
1193 5751 1294 5816 vos
1324 5753 1428 5791 nec
1450 5735 1593 5816 dum
1621 5731 1833 5801 essetis,

205 5806 464 5889 agrestes.
491 5803 728 5889 eripuit;
767 5803 978 5861 currite
1020 5806 1089 5861 ad
1108 5803 1284 5875 ovile,
1316 5824 1422 5889 nec
1450 5808 1837 5889 luporumyos

208 5875 499 5948 exponatis
526 5875 767 5945 insidiis,
795 5894 867 5932 ne
906 5895 1007 5949 per
1034 5895 1255 5935 moram
1291 5875 1563 5938 amittatis
1590 5877 1837 5950 gratiam

1430 342 1904 403 DECRETALIUM
1942 342 2329 401 COLLECTIO.

3425 352 3558 410 1018

1921 457 2123 525 sponte
2150 453 2524 526 venientium,
2549 453 2687 524 quia
2716 458 3132 526 comtemptam
3161 457 3560 516 invitationem

1923 526 2221 605 gehenna‘
2244 525 2646 605 subsequitur...
2686 526 2836 605 Ergo
2875 526 2925 605 si
2962 525 3560 605 quiddnicedinisut

1920 595 2099 668 patet,
2131 595 2325 668 debui,
2357 596 2403 650 si
2430 595 2569 668 quid
2595 595 2960 668 districtionis
2978 595 3050 650 iit
3077 600 3382 655 attributus
3410 603 3556 658 adeo

1922 666 2198 740 magister
2221 666 2482 742 implevi,
2523 667 2814 742 providete
2839 684 2911 723 ne
2940 668 3155 742 diutius
3183 674 3560 742 qualemcun-

1921 738 2045 811 que
2084 738 2265 792 crucis
2311 739 2779 811 meaesangulum
2824 756 2956 794 rara
3001 738 3302 796 levitaer
3348 760 3566 801 corona

1922 810 2257 887 circumdet,
2286 826 2359 887 ne
2398 810 2665 887 dolenda_
2690 810 2860 887 etiam
2881 812 3183 887 extraneis
3220 813 3561 887 in_longum

1923 881 2165 935 solitudo
2187 881 2533 947 dominetur,
2560 897 2633 935 ne
2651 880 2814 936 labor
2834 882 2982 936 uteri
3010 884 3128 937 mei
3159 880 3466 941 sterilitatis
3501 887 3562 942 in

1922 958 1979 1006 te
2007 952 2277 1029 hostilem
2312 953 2623 1029 peperisset
2640 952 2939 1029 familiam,
2963 956 3025 1007 et
3044 971 3350 1029 numerosa
3369 959 3560 1029 proles

1921 1040 2026 1094 per
2046 1023 2303 1078 sinistros
2325 1027 2483 1077 actus
2502 1023 2973 1096 infecunditatem
2998 1026 3250 1096 parentis
3273 1023 3555 1084 ostendat.

1993 1097 2175 1149 Pauca
2212 1097 2346 1170 sunt
2374 1110 2514 1170 quae
2535 1095 2901 1170 asserui_,__sed
2931 1095 3142 1170 quanta
3177 1114 3244 1170 ex
3290 1099 3372 1154 eis
3413 1118 3555 1170 pen-

1924 1166 2097 1220 deant
2107 1165 2409 1220 zestimatei
2431 1187 2459 1215 ι(
2474 1166 2690 1233 Venite,
2704 1166 2827 1234 ﬁlii,
2842 1165 3054 1234 audite,
3070 1184 3162 1223 me
3176 1165 3443 1225 timorem
3456 1174 3557 1226 Do-

1921 1237 2065 1290 mini
2091 1237 2385 1313 do_cu_i_v_os
2412 1238 2576 1307 (Psal.
2609 1254 2796 1313 xxxm,
2821 1241 2903 1313 12)
2930 1255 2942 1304 ;
2968 1257 2995 1289 »
3030 1240 3270 1313 Romam
3296 1243 3558 1313 respicite

1924 1324 2097 1384 quam
2128 1308 2205 1384 ab
2228 1308 2509 1363 idolorum
2538 1308 2812 1384 servitute
2822 1309 3137 1384 _sine_auri,
3184 1311 3303 1366 sine
3329 1308 3559 1384 argenti

1920 1379 2106 1454 pretio
2150 1379 2393 1434 liberam
2436 1379 2735 1454 sanguinis
2777 1380 2982 1454 Christi
3020 1382 3152 1454 fecit
3194 1379 3427 1454 effusio:
3463 1386 3556 1440 cui

1922 1451 2097 1505 etiam
2126 1467 2317 1533 meam
2339 1451 2549 1533 servuli
2565 1450 2650 1504 sui
2670 1456 2918 1533 mortem
2933 1452 3104 1533 jussit
3127 1450 3557 1533 impendi,'_quaa

1922 1538 2026 1592 per
2045 1522 2222 1595 multa
2244 1525 2500 1593 tempora
2523 1522 2753 1595 famosis
2772 1523 2987 1595 cultum
3008 1522 3256 1578 delubris
3278 1522 3553 1595 exhibuit,

1923 1609 2052 1669 quas
2073 1592 2180 1669 diu
2207 1592 2480 1648 venerata
2497 1592 3026 1669 estAinsimaginibus
3048 1595 3398 1669 daemonum,
3424 1592 3554 1669 quae

1922 1664 1983 1717 in
2015 1664 2312 1719 laborante
2355 1680 2555 1737 census
2578 1663 2866 1718 indiderat
2905 1680 3107 1719 manus
3132 1663 3411 1737 magistra
3435 1663 3551 1723 ter-

1922 1751 2135 1804 rorem,
2178 1752 2305 1810 quaa
2338 1735 2588 1810 suspexit
2629 1738 2974 1810 potestatem
3029 1735 3333 1810 numinum
3389 1755 3551 1810 emp-

1923 1809 2043 1881 tam
2074 1809 2261 1881 pretio
2289 1807 2679 1881 metallorum,
2714 1806 2805 1881 cui
2831 1807 3189 1881 sublimiores
3217 1808 3353 1864 deos
3377 1806 3553 1881 pepe-

1920 1878 1997 1961 rit
2025 1877 2616 1961 exercitatiormanus
2643 1877 2894 1961 artiticis,
2925 1882 2982 1961 et
3005 1878 3361 1961 divinitatem
3377 1877 3554 1961 quam

1921 1949 2094 2003 homo
2125 1965 2230 2019 per
2253 1948 2533 2003 fabricam
2561 1949 2800 2002 contulit
2832 1950 2984 2019 apud
3029 1950 3294 2005 homines
3322 1948 3428 2005 Dei
3452 1953 3556 2008 ha-

1921 2020 2109 2075 buerit
2136 2021 2388 2093 formam
2416 2020 2723 2093 major_em._
2747 2021 2887 2073 Ecce
2910 2021 3033 2093 jam
3057 2021 3278 2076 Christo
3303 2024 3554 2093 propitio

1919 2092 1991 2165 ed
2036 2108 2209 2165 n_ova_s
2253 2092 2511 2145 fornaces
2534 2090 2862 2165 simulacra
2906 2090 3220 2147 redierunt.
3254 2090 3554 2165 Ecce—jam

1922 2162 1992 2236 de
2036 2162 2289 2236 obsoleta
2325 2160 2725 2236 superstitione
2766 2178 2899 2215 usus
2942 2166 3131 2216 vester
3156 2165 3374 2236 accepit
3399 2160 3556 2236 quod

1920 2234 2164 2287 laetetur.
2191 2234 2336 2287 Dum
2361 2232 2430 2287 de
2454 2232 2634 2287 veteri
2649 2233 2899 2287 Tonante
2928 2249 3075 2287 nova
3092 2232 3309 2290 meritd
3325 2232 3555 2292 vas—cule

1920 2308 2333 2379 praeparantur.
2360 2304 2547 2379 _Qu_id_
2566 2304 2715 2358 hanc
2758 2303 3082 2379 adnitimini
3129 2305 3552 2379 interrumpere

1922 2374 2223 2446 quietem?
2267 2374 2414 2439 Quid
2456 2375 2651 2430 ludere
2690 2375 2849 2428 vanis
2874 2375 3289 2431 intentionibus
3316 2374 3553 2434 felicita-

1918 2450 2039 2501 tem
2056 2447 2083 2501 ?
2110 2446 2539 2503 Excusationem
2569 2462 2687 2500 non
2711 2446 2884 2499 habet
2909 2446 3070 2501 furor
3094 2446 3199 2501 iste
3227 2449 3273 2502 si
3299 2450 3546 2505 creditis.

1920 2519 2054 2591 Non
2087 2516 2323 2591 interest
2348 2517 2553 2588 quibus
2576 2516 2883 2591 itineribus
2903 2517 2976 2571 ad
3000 2519 3205 2591 mundi
3228 2520 3553 2591 principem

1920 2588 2138 2655 tendat,
2175 2588 2278 2660 qui
2298 2587 2551 2660 asancta
2579 2587 2797 2660 unitate
2830 2588 3135 2660 discordat.
3169 2587 3550 2660 Pingues—ho-

1919 2659 2054 2713 stias
2086 2660 2216 2715 litat
2253 2658 2474 2714 diabolo
2517 2658 2617 2730 qui
2660 2658 2956 2713 contristat
2997 2658 3323 2716 Ecclesiani.
3368 2664 3552 2718 Vanas

1921 2747 2058 2802 ergo
2096 2730 2396 2801 repudiate
2420 2730 2765 2802 tendiculas,
2801 2730 3115 2802 simplicem
3144 2732 3320 2787 habet
3351 2733 3550 2789 defen-

1921 2801 2141 2876 sionem
2177 2801 2623 2876 pacisaﬂ‘ectus.
2671 2801 2860 2876 Nimis
2905 2801 3154 2876 armatus
3196 2808 3284 2857 est
3318 2805 3416 2876 qui
3458 2806 3557 2862 illa

1922 2890 2051 2944 quas
2074 2872 2425 2928 adversarius
2445 2872 2763 2927 concordia:
2785 2873 3070 2944 ministrat
3086 2875 3197 2929 tela
3217 2872 3549 2931 contemnit.

1922 2943 2142 3000 Sufﬁcit
2189 2949 2383 2999 contra
2425 2943 2620 2999 omnia
2647 2943 2840 3014 jacula
2872 2944 3201 3015 jurgiorum
3242 2946 3374 3001 ﬁdei
3399 2949 3556 3003 nuda

1920 3015 2217 3098 oppositio.
2452 3014 2750 3098 Eulalii_et
2797 3014 3073 3098 Bonitacii
3100 3019 3387 3098 tempora,
3415 3019 3556 3098 dum

1919 3086 2203 3142 malorum
2231 3087 2432 3141 solatia
2451 3086 2708 3159 quaeritis
2728 3087 3001 3142 revocatis
3020 3087 3082 3142 in
3097 3086 3388 3144 medium?
3410 3090 3558 3154 Quid

1919 3159 2287 3232 incrementis
2308 3174 2639 3232 excessuum
2658 3159 3018 3229 praesentatis
3037 3162 3253 3232 vetusta
3266 3162 3549 3232 contagia,

1922 3233 1980 3283 et
2004 3247 2104 3302 per
2132 3230 2784 3302 iniquamivoluntatem
2823 3230 3097 3302 senectuti
3131 3231 3191 3284 in
3228 3230 3555 3302 operiendis

1921 3299 2133 3356 delictis
2155 3300 2341 3355 facitis
2364 3300 2443 3354 nil
2463 3300 2673 3354 licere?
2701 3299 2828 3354 Alia
2846 3306 2983 3355 tunc
3001 3301 3110 3355 fuit
3139 3299 3310 3356 causa
3338 3303 3548 3358 discor-

1923 3372 2054 3441 diae,
2101 3378 2158 3426 et
2196 3372 2293 3425 ubi
2322 3371 2625 3443 narrando
2666 3374 2896 3443 cogeret
2932 3371 3215 3427 sustinere
3254 3376 3555 3443 transacta,

1921 3433 2221 3517 ostendere
2248 3442 2405 3496 vobis
2432 3443 2659 3517 nullum
2686 3433 2910 3517 evvenire
2933 3443 3198 3517 solatium
3222 3444 3292 3498 de
3314 3433 3553 3517 compa:

1922 3515 2143 3569 ratione
2187 3515 2502 3582 factorum,
2564 3512 2701 3585 quia
2748 3513 2873 3567 illos
2920 3530 3062 3584 quos
3113 3514 3185 3568 ad
3229 3504 3581 3585 pontiﬁcale'

1921 3585 2215 3656 fastigium
2273 3584 2577 3658 intentioni
2644 3584 2961 3658 obsequens
3022 3585 3213 3658 fervor
3232 3584 3247 3585 '7
3267 3594 3555 3658 evexerat,

1921 3655 2195 3728 utrosque
2223 3656 2427 3727 repuli.
2454 3657 2615 3728 Hunc
2641 3656 2809 3728 elegi,
2839 3655 2972 3727 quia
2999 3672 3067 3711 ex
3093 3656 3202 3711 illis
3230 3660 3375 3713 teste
3404 3655 3559 3715 exitu

1921 3727 2279 3784 nemo’mihi
2307 3727 2517 3798 placuit
2545 3727 2613 3781 de
2637 3727 2759 3781 istis
2788 3730 2988 3799 eontra
3016 3729 3245 3799 regulas
3274 3729 3557 3786 nitentem

1923 3801 2231 3872 profugum
2266 3794 2407 3874 feci;
2437 3801 2791 3874 sprevectum
2811 3794 3110 3870 ‘legitime'
3122 3801 3556 3874 mundoimpw

1966 3869 2136 3927 nante
2164 3870 2398 3944 servavif
2433 3869 2594 3944 Scitis
2623 3869 2751 3937 ista,
2782 3869 3067 3925 necinova
3088 3876 3238 3944 sunt,
3264 3870 3399 3944 quia
3420 3869 3559 3928 dum

1927 3941 2019 3999 ille
2065 3942 2335 4011 truditur,
2383 3941 2486 3997 iste
2533 3941 2815 4010 firmatur,
2863 3947 3051 3996 vester
3097 3942 3239 3997 mihi
3281 3941 3562 4001 'militavit

1925 4031 2206 4071 assensus.
2248 4014 2461 4069 Deinde
2501 4030 2603 4068 cur
2638 4013 2698 4067 in
2728 4013 3042 4084 perniciem
3077 4018 3322 4070 vestram
3353 4016 3558 4071 lagditis

1927 4086 2270 4142 sacerdotale
2299 4085 2602 4158 concilium
2621 4085 2648 4139 ?
2677 4086 2788 4140 Cur
2817 4085 3079 4158 laceratis
3106 4087 3467 4158 sententiam,
3500 4089 3563 4144 in

1924 4158 2389 4238 qua_inspir_ante
2429 4156 2647 4238 Christo
2686 4157 2911 4238 eracula
2956 4174 3203 4238 superna
3228 4156 3559 4238 patuerunt,

1925 4227 1981 4284 et
2045 4227 2195 4283 inter
2245 4229 2427 4299 Deum
2475 4231 2646 4299 atque
2670 4296 2682 4299 Α
2704 4227 2966 4299 homines
3015 4227 3297 4299 interpres
3352 4227 3563 4285 exstitit

1923 4301 2121 4379 lingua
2138 4298 2514 4379 pontificum?
2543 4296 2690 4379 Quid
2712 4298 2995 4379 generalis
3017 4296 3279 4379 Ecclesiae
3302 4300 3562 4356 dolorem

1924 4368 2433 4439 facitisjquamvis
2471 4370 2529 4422 in
2569 4368 2886 4439 principali,
2921 4374 3115 4424 tamen
3152 4370 3213 4425 in
3252 4387 3369 4425 una
3397 4389 3557 4427 com-

1924 4441 2165 4496 missum
2178 4439 2208 4494 ‘?
2225 4440 2327 4493 Illa
2344 4440 2501 4495 enim
2522 4440 2646 4494 coeli
2667 4439 2825 4493 curia
2844 4439 3135 4495 variorum
3151 4442 3375 4497 dotibus
3390 4447 3561 4499 aucta

1925 4513 2221 4578 curalium,
2251 4514 2308 4565 et
2337 4511 2521 4583 multo
2548 4510 2949 4583 Redemptoris
2973 4512 3156 4567 nostri
3185 4530 3343 4583 auro,
3372 4518 3557 4570 ostro-

1926 4601 2035 4658 que
2084 4583 2363 4658 decorata,
2406 4581 2550 4658 nihil
2586 4582 2647 4635 in
2692 4582 2790 4658 ilia
2833 4582 3180 4658 discussione
3224 4581 3454 4658 auctore
3497 4603 3559 4641 se

1926 4653 2181 4730 protulit,
2207 4654 2305 4730 sed
2325 4670 2430 4730 per
2446 4654 2719 4730 humana:
2734 4653 2945 4730 tinguae
2959 4655 3343 4711 ministerium
3364 4657 3559 4730 divine

1926 4724 2191 4801 militavit
2213 4725 2481 4801 imperio,
2498 4724 2783 4801 intellexit
2798 4724 2926 4801 non
2950 4743 3071 4801 esse
3092 4744 3262 4782 suum
3283 4729 3563 4801 quidquid

1928 4799 2173 4872 impulsa
2198 4796 2511 4872 constituit,
2540 4796 2697 4867 ,nihil
2725 4797 2893 4872 habet
2912 4797 2972 4853 in
2998 4798 3093 4853 illa
3120 4796 3421 4871 sententia,
3437 4796 3560 4855 nisi

1929 4868 2083 4943 unde
2100 4870 2280 4925 solata
2297 4868 2595 4943 devotione
2617 4869 2954 4940 gratuletur,
2978 4872 3352 4943 peregrinum
3382 4868 3559 4943 stylus

1931 4942 2108 5024 sensit
2133 4941 2443 5024 eicquium,
2470 4939 2605 5024 inde
2630 4939 2871 5024 sumens
2884 4939 3371 5024 ‘glciriamsolam,
3407 4939 3563 5015 quod

1928 5017 2118 5071 infusa
2144 5011 2257 5069 sibi
2279 5018 2336 5068 et
2375 5011 2616 5068 servavit
2643 5018 2699 5067 et
2727 5011 2922 5067 coluit;
2952 5014 3118 5078 Quod
3146 5014 3233 5069 his
3266 5015 3336 5069 de
3359 5011 3562 5071 exem-

1930 5089 2039 5160 plis
2060 5084 2403 5158 evangelicis
2416 5084 2751 5156 prazparasti
2766 5085 3135 5160 calumniam,
3157 5086 3301 5141 sicut
3317 5086 3387 5160 de
3401 5087 3565 5143 vobis

1932 5156 2361 5232 scriptum'est:
2390 5178 2417 5206 «
2448 5156 2882 5232 erraveruntin
2898 5157 3198 5232 ebrietate,
3232 5158 3566 5215 nescierunt

1932 5227 2239 5297 videntem,
2273 5228 2677 5300 ignoraverunt
2707 5227 2990 5302 judicium
3026 5227 3394 5302 (Isaiyxxvm,
3429 5234 3500 5301 7).
3531 5252 3562 5282 »

1932 5306 2076 5358 Nam
2096 5302 2347 5374 profanis
2366 5305 2714 5374 memoratos
2733 5300 2920 5356 verbis
2940 5300 3174 5374 creditis,
3198 5307 3255 5357 et
3278 5300 3565 5358 inscitiam

1934 5371 2172 5447 proditis
2200 5378 2257 5428 et
2279 5373 2542 5447 livorem.
2571 5371 2668 5426 Isti
2694 5386 2831 5442 ergo
2858 5373 3342 5447 resurrectionem
3363 5391 3562 5447 corpo-

1932 5443 2011 5501 ris
2057 5463 2231 5517 quam
2274 5443 2590 5517 praedicant
2642 5459 2759 5517 nen
2801 5443 3117 5517 credentes,
3151 5445 3431 5501 hmreticis
3462 5443 3566 5517 ini-

1933 5514 2127 5573 scuere
2145 5514 2456 5588 contagiis;
2476 5514 2567 5588 isti
2588 5514 2863 5588 quidquid
2882 5514 3150 5588 abjurant
3168 5517 3382 5587 linguis
3396 5516 3566 5571 corde

1934 5595 2240 5644 sectantur.
2278 5585 2428 5658 Ergo
2467 5586 2601 5658 quia
2637 5585 2904 5658 dixerunt
2932 5585 3064 5641 eum
3089 5585 3411 5642 timendum
3445 5604 3567 5642 esse

1934 5660 2031 5733 qui
2067 5664 2257 5733 potest
2294 5656 2568 5733 occidere,
2616 5664 2674 5712 et
2704 5656 2959 5712 animam
2998 5658 3225 5733 mittere
3255 5658 3315 5712 in
3336 5658 3563 5733 gehen-

1933 5729 2087 5799 nam;
2109 5731 2423 5785 ideoaﬁde
2460 5730 2647 5784 aliena
2679 5734 3009 5784 texuerunt.
3042 5730 3179 5783 Ecce
3217 5729 3566 5801 profundam

1936 5802 2299 5875 imperitiam.
2328 5803 2411 5875 En
2436 5801 2667 5875 beatum
2693 5802 2915 5875 Lucam,
2932 5801 3093 5875 cujus
3117 5801 3355 5872 potestis
3379 5818 3565 5875 asser-

1935 5872 2091 5931 tione
2122 5872 2395 5939 convinci,
2429 5872 2566 5943 quid
2596 5873 2804 5930 clamat
2838 5892 2850 5928 :
2884 5872 3100 5930 Timete
3142 5890 3277 5929 eum
3311 5873 3412 5948 qui
3441 5881 3573 5948 post
