4040 6308
233 349 358 401 1021

222 524 950 613 sita,_‘relega‘mus,.tamen
976 524 1182 613 quibus
1213 524 1585 613 mutatasunt
1609 539 1714 613 ista
1742 524 1863 596 siue-

225 597 504 670 cassibus.
553 600 691 654 Ecce
723 600 848 670 jam
890 603 950 656 in
991 597 1098 658 illo
1130 608 1374 662 sacrario
1405 609 1681 670 libertatis
1718 612 1860 666 nihil

225 669 429 721 servile
461 669 529 722 de
554 669 842 726 idolorum
872 675 1115 730 cultibus
1155 669 1652 737 invenitur.iEcce
1689 683 1862 737 bono-

225 755 355 791 rum
377 755 612 814 corona,
637 742 786 797 orbis
808 745 1032 814 genius,
1049 746 1150 801 flos
1166 749 1456 804 Romanus
1475 742 1572 814 qui
1593 753 1686 806 diu
1699 770 1861 808 vene-

224 814 382 889 ratus
429 815 514 865 est
549 813 754 894 plenus
795 817 1092 894 sanctitate
1124 820 1304 894 calcat
1331 813 1549 876 altaria.
1579 825 1716 877 Ecce
1738 825 1860 894 jam

225 880 383 965 curia
424 880 566 936 meai
591 885 681 965 ad.
709 886 913 941 coelum
954 894 1202 965 vocatur,
1251 892 1532 965 laudatur,
1565 880 1857 965 accipitur.

224 952 340 1046 l\:ec
368 968 599 1046 possum
628 955 816 1035 dicere
842 959 1151 1046 perdidisse
1179 952 1272 1016 me
1297 952 1713 1046 sobo‘leinpos‘t
1739 984 1860 1046 gra-

224 1023 367 1100 tiam
396 1023 663 1094 baptismi
694 1023 863 1097 quam
891 1031 1188 1100 repentina
1212 1049 1368 1088 mors
1395 1023 1642 1091 abstulit.
1662 1023 1859 1092 Multos

223 1094 583 1179 trabearum,
603 1101 658 1150 et
676 1094 1642 1179 curulium-possessoressupremus
1661 1125 1861 1179 regna-

223 1170 317 1246 tor
358 1166 485 1246 sine
523 1168 820 1246 dispendio
875 1166 1076 1246 cuit-us,
1126 1179 1224 1228 aut
1279 1166 1574 1246 dignitatis
1633 1166 1855 1246 amplc-

226 1236 419 1291 ctitur.
449 1239 599 1292 l’ene
615 1236 738 1309 jam
767 1244 975 1320 terreni
999 1236 1392 1320 muniﬁcentia
1418 1250 1694 1320 triumphi
1717 1236 1857 1306 divi-

223 1323 366 1392 num
409 1325 748 1392 mereamur
807 1312 1093 1392 affectum,
1132 1320 1188 1372 et
1235 1319 1304 1372 ad
1356 1320 1564 1375 Christi
1595 1312 1858 1392 gloriam

224 1379 627 1460 proficit-quod
653 1379 1124 1461 mundostudetis
1151 1404 1272 1461 esse
1299 1379 1666 1461 venerabiles,
1692 1410 1854 1448 meu-

223 1449 338 1525 tior
367 1450 476 1525 nisi
490 1449 691 1525 egena
721 1456 955 1525 agmina
984 1460 1304 1515 consulatus
1346 1463 1526 1517 nostri
1569 1463 1627 1517 in
1651 1449 1854 1519 [subsi-

222 1521 314 1574 dio
365 1521 724 1602 miseriarum
762 1521 1132 1602 'prwstolatur
1180 1532 1528 1602 adventum,
1602 1539 1658 1589 et
1703 1537 1852 1590 enim

221 1608 483 1667 purpura
508 1599 692 1667 vestra
716 1613 828 1667 quo
859 1600 994 1653 anni
1025 1601 1356 1656 vocabulum
1388 1599 1693 1660 nobilitatis
1720 1607 1853 1661 sub-

221 1663 531 1748 ripientem
585 1663 807 1748 miseris
853 1671 1322 1748 vestimentorum
1374 1676 1644 1748 largitate
1694 1679 1856 1748 pellit

219 1735 497 1809 algorem,
545 1753 722 1809 prope
747 1738 872 1809 jam
916 1741 1128 1798 iterum
1169 1735 1598 1802 necessitatibus
1625 1735 1856 1804 fuerunt

220 1806 518 1883 auxilium.
547 1806 764 1883 decora
794 1810 1096 1883 fastorum,
1137 1819 1195 1869 et
1230 1816 1288 1869 in
1316 1819 1488 1872 veteri
1515 1819 1853 1875 infidelitate

1457 358 1928 421 DECRETALIUM
1966 364 2346 425 COLLECTIO.

228 454 498 543 maeroris
541 456 729 513 attulit
761 457 1002 543 perdita,
1041 476 1213 543 quam
1249 463 1629 543 jucunditatis
1679 470 1868 540 acqui-

3461 388 3596 442 1022

1888 476 2072 558 Adus
2112 476 2258 532 dixit
2307 495 2319 532 :
2369 478 2489 534 haec
2532 479 2738 537 futuris
2791 486 3145 557 temporibus
3195 497 3598 548 conserventur

1960 573 2132 640 atque
2172 571 2242 626 ab
2283 573 2551 628 omnibus
2587 578 2854 632 teneatur
2893 585 2948 634 et
2974 581 3033 634 in
3066 583 3336 638 omnibus
3364 601 3593 641 serven-

1958 665 2070 714 tur.
2101 661 2198 714 Hic
2225 661 2448 717 libellus
2473 664 2844 736 integerrime
2867 670 3214 738 synodaliter
3235 673 3305 726 ab
3327 675 3590 730 omnibus

1959 751 2222 803 teneatur
2250 755 2422 822 atque
2460 753 2610 807 inter
2647 758 2866 825 quarta
2904 761 2961 811 et
2989 759 3204 830 quintae
3239 763 3595 832 synodorum

1959 846 2287 898 nostrorum
2317 846 2565 901 actiones
2584 848 3002 920 interponatur,
3040 857 3096 907 et
3117 853 3200 908 ita
3224 855 3365 911 sicut
3387 858 3593 913 harum

1959 937 2307 1006 synodorum
2335 939 2561 994 decreta
2590 941 2891 1011 habeatur,
2931 945 3067 1016 quia
3107 950 3363 1019 synodali
3399 955 3589 1006 aucto-

1959 1029 2125 1084 ritate
2156 1032 2508 1103 conscriptus
2537 1039 2641 1102 est,
2677 1041 2733 1090 et
2760 1037 3076 1094 roboratus.
3109 1041 3192 1095 Ad
3224 1059 3353 1114 quae
3379 1045 3588 1100 beatis-

1958 1123 2134 1177 simus
2172 1141 2320 1195 papa
2359 1128 2658 1198 respondit
2693 1130 2858 1199 juxta
2902 1137 3143 1188 vestram
3200 1137 3459 1191 omnium
3489 1139 3592 1194 fiat

1957 1217 2327 1287 voluntatem,
2384 1224 2441 1274 et
2494 1226 2554 1275 ut
2602 1222 2890 1292 judicatus
2945 1228 3248 1297 apostolica
3303 1231 3587 1287 habeatur

1959 1311 2270 1366 auctoritas
2299 1316 2355 1366 et
2384 1313 2535 1369 inter
2553 1318 2862 1386 apostolica
2885 1321 3040 1390 quod
3056 1321 3238 1377 dicitis
3258 1324 3586 1395 interpona-

1955 1407 2051 1458 tur
2069 1405 2315 1474 decreta,
2365 1411 2422 1461 et
2455 1409 2602 1484 sicut
2640 1415 2842 1466 caetera
2877 1415 3190 1484 apostolica
3225 1418 3295 1470 ab
3323 1419 3586 1474 omnibus

1955 1501 2224 1553 teneatur
2277 1500 2657 1569 decreta.lAd
2709 1522 2838 1576 quae
2887 1525 3089 1562 omnes
3142 1513 3230 1564 ter
3285 1528 3398 1566 una
3447 1530 3583 1568 voce

1956 1593 2379 1662 responderunt
2425 1595 2695 1666 dicentes,
2736 1602 2802 1653 ut
2837 1600 2939 1655 ﬁat
2963 1618 3254 1671 rogamus.
3299 1607 3428 1659 Post
3457 1623 3584 1678 quae

1955 1686 2327 1741 acclamatum
2346 1692 2432 1742 est
2458 1689 2529 1743 ab
2557 1691 2822 1747 omnibus
2848 1693 3123 1765 episcopis
3141 1701 3196 1751 et
3221 1699 3580 1770 presbyteris.

1953 1779 2037 1832 llli
2058 1778 2155 1850 qui
2177 1797 2384 1853 papam
2405 1783 2817 1854 Symmachum
2835 1793 3259 1859 accusaverunt,
3277 1795 3334 1846 et
3349 1793 3584 1848 damna-

220 1876 488 1959 deposita‘
504 1878 564 1932 in
593 1860 1853 1959 iiiiﬁre—[Sitiﬁféiie'éeﬁéus'Hisp‘éiid‘iéuéiﬁ‘:
1873 1860 1928 1932 B
1952 1871 2169 1928 tionem
2208 1874 2259 1929 ei
2298 1875 2511 1931 inferre
2541 1881 2927 1948 mutaverunt:
2963 1887 3020 1936 et
3049 1882 3128 1937 illi
3155 1885 3252 1955 (ἰαί
3280 1901 3408 1940 eum
3428 1887 3580 1956 indi'

219 1949 450 2030 ciuntur
475 1949 634 2030 lucra
651 1949 1178 2030 _animarum._Ecce
1206 1974 1359 2012 nunc
1386 1960 1458 2013 ad
1484 1949 1849 2030 gestatoriam

218 2019 420 2073 sellam
447 2023 770 2091 apostolicze
799 2026 1162 2081 confessionis
1207 2030 1319 2083 uda
1353 2019 1588 2087 mittunt
1631 2034 1851 2089 lumina

219 2091 568 2168 candidatps,
602 2096 662 2168 et
678 2094 950 2168 uberibus
977 2099 1182 2168 gaudio
1205 2106 1463 2168 exactqre
1491 2103 1719 2158 fletibus
1741 2107 1850 2160 col-

216 2161 332 2216 lata
359 2163 460 2216 Dei
483 2163 937 2247 ben‘eﬁcio‘dona
978 2161 1548 2247 ge_minantur."Quis
1593 2177 1848 2247 tempore

216 2249 329 2314 quo
376 2234 845 2314 pretiosisverba
896 2234 1150 2314 partibus
1204 2259 1318 2314 quo
1345 2234 1563 2314 prolem
1590 2234 1848 2302 nostram

213 2308 431 2389 aeterna
458 2306 707 2386 genitrix
729 2306 929 2389 rursus
951 2311 1205 2381 paritura
1220 2306 1387 2389 'nuric
1414 2317 1663 2389 suscipit,
1687 2320 1847 2389 cujus

217 2379 353 2456 post
391 2379 642 2456 primam
681 2379 1045 2456 nativitatem
1077 2386 1392 2454 grandaevis
1439 2379 1663 2442 ﬂetibus
1689 2379 1847 2445 alvus

218 2447 505 2529 impletur,
550 2465 678 2520 quze
730 2450 876 2505 mihi
904 2447 1145 2529 prolem
1178 2459 1587 2529 _regenerando
1617 2460 1846 2515 dulcem

215 2517 350 2596 fecit
375 2535 496 2573 esse
517 2517 694 2590 quam
720 2517 946 2596 peperi;
968 2541 1096 2596 quae
1125 2527 1196 2581 ad
1227 2517 1291 2582 se
1309 2531 1596 2584 venientes
1622 2532 1845 2587 senium

212 2588 344 2668 {facit
370 2588 769 2668 _exuer_e_et-
794 2588 932 2648 vitta
955 2588 1235 2668 principia
1264 2600 1451 2654 redire
1483 2602 1800 2658 confractos
1817 2606 1844 2658 ?

212 2659 347 2740 Quis
369 2661 514 2740 hanc
542 2663 901 2740 felicitatem,
913 2659 1075 2740 rogo,
1104 2659 1564 2740 interpellatione
1591 2675 1846 2730 commit-

213 2733 340 2816 tat?
377 2733 510 2796 Quis
541 2751 657 2816 per.
685 2733 1025 2816 discordiam
1047 2733 1320 2816 viperina
1349 2749 1539 2816 mente
1567 2747 1845 2816 composi-

213 2803 331 2856 tam
357 2819 494 2882 aure
518 2803 660 2858 mihi
689 2807 876 2861 saeculi
895 2809 1060 2879 jubet
1077 2803 1264 2882 perire
1284 2813 1598 2869 beneﬁcia?
1627 2803 1762 2880 Quis
1781 2817 1839 2870 in

213 2875 583 2957 renovatione
610 2875 1044 2957 Ameadoccasum
1081 2875 1472 2957 clandestinus
1502 2875 1759 2957 inspirat,
1787 2894 1843 2944 et

211 2961 314 3030 per
343 2946 567 3001 blandae
603 2947 809 3030 frontis
838 2952 1434 3030 speciem_inimiciti_is
1472 2946 1619 3012 vires
1653 2946 1842 3030 acqui-

213 3015 305 3082 rit,
320 3033 690 3100 generosam.
706 3020 764 3074 in
793 3015 889 3076 tali
914 3025 1144 3094 negotio
1169 3027 1495 3097 prosapiam
1526 3047 1638 3082 non
1667 3015 1842 3100 agno-

211 3103 305 3141 sco
372 3089 425 3168 Si
447 3089 547 3168 qui
567 3093 700 3168 sunt
725 3087 1301 3168 tamenisuvmmorum
1325 3087 1463 3168 quos
1479 3100 1682 3154 vilibus
1703 3087 1842 3156 tem-

253 3160 447 3234 estatis
519 3161 688 3231 hujus
736 3166 1002 3234 procella
1055 3168 1284 3222 sociavit
1338 3160 1461 3224 aliis
1518 3173 1842 3226 auctoribus

231 3229 535 3311 acinorum
548 3229 980 3311 participatione
995 3240 1382 3311 maculantur.
1415 3243 1692 3311 Splendor
1717 3261 1842 3298 san-
1862 3237 1918 3311 C

211 3301 429 3385 guinis,
489 3301 569 3358 et_
610 3304 667 3385 si.
716 3301 1181 3385 communionem
1226 3301 1535 3385 criminum
1580 3314 1838 3385 incurrit,

211 3374 391 3452 nescit
415 3376 617 3452 tamen
637 3375 838 3452 ducem
865 3395 923 3433 se
954 3381 1211 3450 prmbere
1244 3384 1631 3452 peccantibus.
1662 3374 1842 3440 Habet

210 3443 450 3534 forsitan
503 3450 727 3534 reatum
783 3449 852 3504 de
887 3443 1161 3534 ‘néglec‘ta
1205 3443 1500 3534 cautione,_
1528 3472 1642 3534 non
1669 3457 1841 3534 habet

207 3514 449 3595 dignum
489 3519 828 3595 supplicium
863 3522 941 3595 _de
983 3514 1277 3595 Vscelerum
1323 3514 1668 3595 principatu.
1694 3514 1838 3595 iSub

208 3587 457 3669 quadam
489 3587 832 3669 verecundia
850 3593 1118 3669 jungitur
1148 3587 1608 3667 delinquentibus
1637 3587 1736 3669 qdi
1765 3600 1839 3654 ad
1891 3655 1898 3660 ,

207 3657 400 3712 adulta
424 3657 1004 3740 jurgiaconvocatur:
1045 3666 1162 3720 Non
1193 3657 1452 3722 merctur
1483 3657 1836 3740 desperatio-

206 3745 342 3812 nem
371 3731 602 3812 perditi,
631 3732 828 3812 inquo
856 3735 1038 3812 facilis
1058 3740 1283 3812 tantum
1305 3731 1604 3794 crudelitas
1622 3742 1835 3812 impro-

204 3799 396 3856 batur.
453 3802 559 3882 Vos
605 3799 792 3882 potius
838 3807 1001 3862 video
1054 3809 1353 3882 triviorum
1400 3812 1678 3882 germina.
1705 3799 1838 3868 ‘Vos

207 3888 459 3942 agnosco
505 3873 564 3927 in
606 3873 814 3946 quibus
852 3884 1068 3933 naturae
1094 3881 1275 3935 vilitas
1305 3873 1704 3938 conienientes
1731 3885 1835 3940 sibi

204 3959 398 3998 mores
418 3946 664 4027 peperit,
677 3964 831 4027 quos
863 3950 1233 4027 degenerasse
1261 3953 1713 4027 claritasfuerat,
1740 3957 1836 4027 qui

204 4031 312 4097 per
336 4015 598 4071 mentitas
626 4015 1177 4097 titulum_religionis
1207 4025 1464 4095 gaudetis
1494 4015 1837 4097 impunitate

204 4085 496 4169 vitiorum,
513 4104 755 4169 quorum
767 4091 922 4169 labia
942 4085 1243 4169 nunquam
1257 4099 1357 4150 aut
1368 4085 1655 4169 honorum
1668 4115 1837 4169 sapor

205 4157 415 4240 tetigit,
464 4157 563 4213 aut
604 4161 837 4240 quietis,
885 4165 982 4240 qui
1014 4157 1114 4240 fas
1143 4183 1314 4220 omne
1346 4168 1554 4240 origini
1583 4157 1835 4240 parendo

203 4227 442 4299 violatis,
499 4227 642 4302 quos
697 4233 768 4288 de
817 4227 1056 4310 latebris
1106 4241 1162 4310 et
1209 4227 1487 4309 specubus
1531 4227 1834 4310 productos

202 4317 456 4371 prmsens
475 4318 642 4358 causa
661 4307 1007 4362 monstravit.
1030 4309 1163 4372 Quis
1183 4307 1313 4363 ante
1336 4307 1835 4366 concinnationem

204 4373 338 4450 mali
392 4373 563 4444 hujus
595 4375 695 4446 qui
734 4378 951 4432 caeteris
980 4380 1213 4450 agnovit
1239 4380 1338 4435 diu
1367 4381 1581 4436 favistis
1619 4387 1834 4437 secreta

203 4444 412 4525 quibus
438 4461 539 4500 vos
559 4444 1088 4525 noxgenerationis
1102 4451 1414 4508 abdiderat.
1432 4453 1629 4525 Reddite
1646 4454 1834 4525 potius

204 4515 276 4569 ad
299 4515 542 4590 amicam
567 4515 897 4590 cacitatem,
924 4522 1084 4575 nobis
1107 4539 1360 4578 serenam
1392 4530 1447 4580 et
1465 4515 1730 4580 diurnam
1751 4525 1833 4580 lu-

200 4602 323 4640 cem
353 4588 683 4688 relinquite.
710 4588 1077 4688 Conc‘Ordia‘m
1089 4595 1406 4688 lEcclesise,‘
1427 4599 1526 4678 aut
1553 4597 1829 4668 absentia,
1851 4615 1911 4688 D

200 4665 295 4688 σπι
325 4675 516 4688 ann-san
543 4677 672 4688 ιιι-ιιι
700 4679 842 4688 ...ι-...ιη
876 4670 960 4688 AL-
1049 4683 1061 4688 -
1120 4682 1279 4688 -_--_
1317 4684 1385 4688 ____
1414 4673 1478 4688 ι--
1507 4686 1564 4688 _-_
1584 4687 1598 4688 κ
1639 4686 1767 4688 ,,,,,-_
1792 4686 1802 4688 _

197 4665 298 4712 aut
325 4659 674 4715 correctione
700 4668 983 4724 praestate.
1011 4666 1066 4720 Si
1086 4668 1286 4721 tamen
1317 4659 1481 4722 vultis
1507 4686 1602 4723 vos
1637 4659 1834 4724 nume,-

198 4730 311 4783 rari
331 4730 484 4785 inter
507 4730 837 4856 splendidas
861 4737 1158 4807 prosapias
1179 4741 1412 4794 actuum
1433 4741 1831 4797 emendatione

203 4816 526 4856 cognoscan
559 4845 571 4856 .

203 4816 571 4872 cognoscant.

233 4961 432 5042 Inm‘pjt
461 4965 601 5018 act-io
623 4965 832 5042 guintae
854 4967 1050 5036 synodi
1076 4984 1273 5025 ccxvm
1302 4969 1672 5042 episcoporum
1700 4972 1796 5026 sub

364 5035 682 5104 Symmacho
700 5055 871 5108 papa,
886 5035 1135 5111 tempore
1165 5035 1661 5111 Theoderici-regis.

267 5156 401 5210 Post
441 5158 807 5214 consulatum
839 5162 1048 5217 Ameni
1086 5179 1216 5217 cum
1247 5162 1307 5217 in
1341 5178 1520 5216 unum
1545 5166 1832 5218 annuente

199 5249 441 5306 Domino
469 5255 600 5307 ante
635 5253 1050 5312 confessionem
1081 5257 1236 5312 beati
1267 5257 1417 5313 Petri
1447 5257 1832 5328 apostolorum

198 5343 474 5417 principis
493 5344 919 5422 resedissemus,
945 5353 1142 5406 sancta
1159 5351 1405 5423 synodus
1423 5347 1581 5420 dixit,
1604 5350 1831 5405 libellus

195 5439 297 5511 qui
345 5441 601 5512 synodali
645 5445 982 5500 auctoritate
1031 5451 1231 5501 contra
1277 5463 1371 5501 eos
1423 5444 1520 5517 qui
1564 5444 1831 5499 adversus

192 5537 458 5605 quartam
495 5539 753 5592 nostram
784 5538 1064 5610 synodum
1112 5558 1240 5612 quae
1283 5540 1478 5595 habita
1516 5545 1601 5594 est
1634 5539 1830 5594 Romae

191 5625 439 5695 palmari
486 5626 695 5683 mutire
731 5633 1218 5701 pra-sumpserunt
1263 5631 1333 5684 ab
1385 5628 1647 5686 Ennodio
1686 5644 1826 5682 con-

191 5720 434 5791 scriptus
463 5726 548 5776 est
566 5739 758 5777 coram
780 5724 1046 5778 omnibus
1072 5724 1380 5795 deferatur,
1414 5731 1470 5781 et
1488 5725 1547 5778 in
1575 5735 1825 5794 praesen-

193 5819 273 5874 tia
295 5819 556 5875 omnium
583 5821 809 5893 legatur
833 5826 1004 5895 atque
1047 5823 1370 5879 roboretur.
1406 5823 1529 5888 Quo
1569 5821 1826 5887 recitato,

195 5918 250 5969 et
278 5912 350 5968 ab
377 5914 647 5970 omnibus
678 5933 925 5974 consona
954 5934 1088 5974 voce
1114 5917 1376 5974 roborato
1426 5920 1621 5972 sancta
1657 5931 1826 5988 syno-

1950 1972 2244 2038 caverunt,
2278 1971 2376 2023 aut
2401 1973 2601 2024 contra
2631 1977 2883 2028 nostram
2905 1977 3189 2045 synodum
3221 1980 3453 2048 garrire,
3487 1985 3586 2035 aut

1948 2059 2193 2115 scribere
2219 2070 2722 2134 praesumpserunt,
2743 2071 2808 2120 ut
2835 2067 3180 2123 damnentur
3206 2088 3494 2142 rogamus.
3516 2076 3583 2129 Et

1948 2153 2119 2223 paulo
2148 2159 2277 2225 post
2297 2173 2499 2211 omnes
2520 2159 2773 2230 episcopi
2795 2164 2851 2216 et
2875 2162 3192 2234 presbyteri
3211 2181 3348 2219 voce
3368 2182 3580 2237 magna

1947 2247 2257 2303 clamantes
2304 2249 2573 2306 dixerunt
2613 2269 2627 2306 :
2675 2254 2908 2323 Exaudi,
2957 2256 3198 2327 Christe,
3239 2259 3578 2330 Symmacho

1945 2357 2111 2411 papae
2140 2343 2284 2412 vita;
2320 2343 2535 2399 dictum
2564 2349 2648 2400 est
2670 2347 2862 2403 octies.
2885 2349 3054 2420 Cujus
3079 2351 3272 2407 sedem
3299 2358 3354 2408 et
3377 2371 3576 2424 annos,

1947 2433 2163 2489 dictum
2189 2441 2272 2490 est
2298 2436 2514 2505 decies;
2551 2443 2616 2493 ut
2640 2440 2738 2495 fiat
2765 2457 3056 2513 rogamus,
3089 2445 3300 2511 dictum
3329 2452 3414 2501 est
3442 2449 3577 2504 duo-

1945 2527 2146 2583 decies.
2179 2529 2390 2593 Quibus
2419 2533 2671 2602 cessatis,
2721 2534 3091 2605 Symmachus
3133 2538 3429 2610 episcopus
3469 2543 3573 2596 Ec-

1932 2609 2129 2675 clesiae
2163 2623 2458 2678 catholicze
2485 2625 2644 2681 urbis
2682 2628 2878 2682 Romae
2909 2629 3052 2684 dixit
3084 2647 3097 2684 :
3130 2609 3407 2695 Quoniam
3450 2635 3570 2690 fra-

1940 2713 2177 2770 ternitas
2222 2720 2409 2771 vestra
2453 2719 2727 2791 singulari
2777 2721 3066 2777 charitatis
3107 2725 3314 2795 studio,
3364 2726 3460 2797 pio
3508 2746 3572 2782 ac

1941 2807 2195 2878 vigilanti
2252 2809 2496 2891 affectu,
2570 2813 2869 2869 indefessis
2917 2816 3201 2872 laboribus
3255 2836 3318 2873 ac
3372 2821 3572 2891 spiritu

1939 2901 2118 2956 vivaci
2156 2886 2467 2973 studuistis,
2508 2909 2820 2963 venerandi
2855 2913 3067 2980 patres,
3110 2914 3350 2967 tutelam
3379 2930 3569 2969 rerum

1942 2995 2450 3053 ecclesiasticarum
2495 2999 2707 3069 fovere,
2765 3002 2958 3057 sedem
3010 3005 3380 3076 apostolicam
3425 3007 3572 3079 (quae

1941 3088 2123 3143 solida
2146 3090 2295 3144 Petri
2327 3092 2686 3148 confessione
2730 3095 2978 3151 stabilita
3015 3099 3112 3168 est)
3145 3101 3291 3154 tueri
3316 3100 3571 3170 viriliter,

1942 3181 2033 3236 cui
2064 3182 2196 3238 licet
2223 3184 2447 3256 indigni
2472 3187 2717 3242 Domino
2750 3189 2829 3243 sic
2859 3189 3195 3261 disponente
3227 3209 3570 3263 praesumus,

1941 3291 2004 3329 ac
2030 3276 2372 3346 pravitatem
2395 3284 2648 3334 nostram
2667 3281 3014 3351 jamdudum
3039 3285 3231 3339 multis
3256 3287 3573 3342 afﬂictioni-

1939 3368 2045 3422 bus
2075 3368 2385 3441 impulsam
2416 3372 2563 3427 virili
2594 3375 2948 3444 protectione
2979 3377 3312 3434 defendistis
3342 3381 3567 3436 oblocu-

1938 3462 2158 3517 toribus
2187 3468 2243 3518 et
2270 3466 2691 3522 susurrantibus
2728 3469 3066 3540 resistendo,
3101 3471 3197 3543 qui
3234 3473 3394 3528 novis
3424 3491 3570 3529 sem-

1937 3572 2042 3626 per
2066 3556 2308 3624 insidiis,
2327 3575 2554 3630 semper
2578 3561 2792 3632 aliquid
2822 3563 3123 3618 adversum
3145 3581 3246 3620 nos
3268 3571 3324 3621 et
3352 3568 3568 3624 famam

1939 3653 2192 3704 nostram
2251 3651 2586 3721 moliuntur,
2639 3671 2783 3725 quos
2835 3655 3065 3726 spiritus
3114 3659 3209 3713 ille
3249 3660 3565 3731 divisionis,

1936 3744 2223 3798 continuis
2260 3746 2507 3817 exagitat
2547 3748 2771 3816 aculeis,
2814 3749 3019 3820 quibus
3050 3756 3136 3806 est
3166 3769 3280 3824 pax
3309 3753 3566 3824 inimica,

1936 3840 1994 3890 et
2021 3837 2303 3892 discordia
2341 3839 2592 3909 placens.
2635 3843 2702 3896 Et
2741 3843 2872 3914 quia
2905 3847 3094 3899 vestra
3118 3845 3342 3902 bonitas
3369 3865 3567 3904 curam

1936 3931 2276 4001 provisionis
2306 3936 2517 3988 nostrae
2542 3935 2658 3988 suis
2689 3937 3183 3993 exhortationibus
3209 3940 3480 4008 incitavit,
3515 3949 3572 3998 et

1935 4025 2176 4096 parilem
2188 4026 2336 4080 circa
2346 4028 2606 4084 Ecclesize
2622 4031 3116 4102 tranquillitatem,
3141 4034 3364 4089 Domini
3387 4037 3565 4091 nostri

1936 4120 2476 4191 contemplationem
2497 4123 2676 4177 animi
2701 4128 2931 4194 praestet
2957 4126 3299 4197 flagitamus,
3333 4135 3396 4184 ut
3422 4131 3569 4185 circa

1933 4210 2316 4281 insidiatores,
2342 4219 2397 4268 et
2410 4221 2805 4284 persecutores
2828 4221 3050 4273 nostros
3071 4221 3266 4274 mitius
3287 4223 3486 4292 agatis,
3512 4227 3568 4278 et
3649 4277 3652 4280 .

1932 4304 2063 4359 licet
2085 4306 2237 4375 juste
2269 4307 2614 4362 damnentur
2638 4313 2872 4381 propter
2890 4312 3342 4368 misericordiam
3369 4318 3566 4371 tamen

1932 4403 2337 4454 conserventur
2361 4405 2425 4454 ut
2453 4401 2512 4455 in
2543 4402 2705 4456 nobis
2727 4403 2824 4457 illa
2853 4405 3074 4459 Domini
3098 4406 3416 4462 declaretur
3437 4426 3564 4465 sen-

1931 4491 2130 4560 tentia,
2155 4509 2271 4564 qua
2289 4493 2641 4565 praecipitur,
2661 4495 2740 4550 ita
2758 4497 3028 4552 fratribus
3048 4498 3279 4569 dimitti,
3300 4501 3443 4556 sicut
3459 4503 3567 4559 sibi

1935 4602 1968 4640 a
1984 4586 2226 4641 Domino
2241 4587 2480 4658 cupiunt
2496 4587 2728 4643 dimitti.
2752 4591 2832 4644 De
2849 4597 3053 4647 caetero
3070 4609 3204 4648 vero
3222 4611 3292 4649 ne
3311 4612 3566 4667 unquam

1933 4680 2091 4749 talia,
2123 4697 2242 4736 non
2269 4681 2632 4737 solummodo
2656 4683 2714 4736 in
2750 4685 3074 4754 apostolicae
3102 4687 3247 4742 sedis
3275 4691 3515 4760 praesule
3533 4708 3566 4746 a

1932 4791 2217 4848 quoquam
2247 4779 2692 4847 praisumantur,
2732 4778 2833 4832 sed
2854 4795 2959 4833 nec
2993 4780 3050 4834 in
3071 4781 3187 4835 ullo
3207 4782 3561 4841 Christiano-

1931 4886 2061 4925 rum
2078 4870 2342 4941 episcopo
2357 4874 2723 4942 usurpentur.
2739 4873 2860 4927 Non
2879 4889 3017 4945 ergo
3039 4891 3271 4930 necesse
3287 4881 3374 4931 est
3392 4895 3566 4951 super

1933 4965 2019 5020 his
2038 4981 2187 5020 nova
2210 4965 2440 5033 cudere,
2475 4965 2573 5020 sed
2603 4968 2792 5020 vetera
2821 4967 3061 5023 recitare
3098 4971 3270 5040 atque
3309 4971 3566 5032 ﬁrmare;

1935 5061 2028 5115 Est
2057 5059 2212 5115 enim
2240 5075 2273 5113 a
2295 5059 2490 5114 multis
2514 5061 2964 5116 antecessoribus
2989 5062 3196 5118 nostris
3215 5066 3565 5136 synodaliter

1932 5154 2230 5209 decretum
2256 5157 2424 5225 atque
2451 5153 2747 5209 ﬁrmatum
2783 5158 2847 5209 ut
2885 5171 3014 5210 oves
3063 5173 3192 5228 quas
3220 5160 3433 5229 pastori
3463 5177 3562 5218 suo

1932 5249 2249 5304 commissa:
2293 5249 2524 5304 fuerunt
2567 5265 2702 5303 eum
2742 5265 2845 5304 nec
2891 5251 3327 5322 reprehendere,
3376 5255 3486 5310 nisi
3531 5276 3563 5310 a

1929 5347 2083 5399 recta
2126 5343 2235 5398 fide
2278 5343 2700 5411 exorbitaverit,
2747 5349 3117 5416 przesuman't,
3148 5363 3254 5401 nec
3279 5349 3563 5405 ullatenus

1933 5455 2035 5509 pro
2067 5453 2410 5509 quacunque
2436 5453 2500 5491 re
2530 5437 2661 5504 alia,
2692 5437 2799 5491 nisi
2829 5455 2931 5507 pro
2961 5455 3066 5492 sua
3092 5440 3369 5510 injustitia
3394 5461 3558 5499 accu-

1930 5548 2056 5586 sare
2083 5532 2346 5602 audeant,
2370 5531 2640 5604 quoniam
2665 5531 2903 5602 pastoris
2923 5535 3080 5586 actus
3103 5535 3291 5605 gladio
3314 5535 3425 5590 oris
3447 5553 3560 5592 non

1930 5627 2064 5679 sunt
2102 5625 2366 5693 feriendi,
2405 5642 2733 5698 quanquam
2769 5625 2875 5680 rite
2919 5625 3372 5696 reprehendendi
3405 5630 3554 5685 cesti-

1930 5722 2182 5788 mentur,
2233 5735 2338 5774 nec
2367 5719 2513 5774 ullos
2537 5721 2832 5792 episcopos
2856 5720 2969 5775 suis
2997 5720 3165 5775 rebus
3195 5723 3555 5792 exspoliatos,

1928 5813 2016 5868 vel
2063 5829 2096 5866 a
2135 5811 2361 5866 sedibus
2409 5812 2461 5865 vi
2505 5816 2605 5868 aut
2629 5815 2783 5881 dolo,
2818 5819 2913 5869 aut
2955 5831 3295 5888 quocunque
3323 5816 3560 5889 ingenio

1928 5908 2139 5981 pulsos,
2173 5906 2317 5961 sicut
2345 5908 2402 5961 et
2427 5921 2526 5960 vos
2552 5906 2621 5960 de
2645 5907 2809 5962 nobis
2829 5907 3148 5980 judicastis,
3171 5915 3270 5967 aut
3299 5912 3369 5968 ad
3401 5929 3562 5986 syno-
