4040 6310
486 331 615 384 1023

1376 326 1659 383 ΑΡΡΕΝΙ).
1702 326 1789 381 ΑΙ)
1828 323 1992 382 S/EC.
2034 323 2123 380 IX.
2149 351 2219 364 —
2254 320 2501 381 ISIDORI
2537 316 2959 381 MERCATOBIS

3710 314 3849 373 l02’r

481 436 617 490 dum
644 439 759 490 tam
792 436 1195 506 provincialem
1224 450 1401 506 quam
1434 436 1766 505 generalem
1793 450 1956 506 posse
1976 451 2109 489 con-
2129 444 2189 517 Α
2207 433 2329 504 pari
2356 432 2701 488 adunatione
2733 431 3119 486 manifestate.
3151 429 3411 499 Cumque
3440 425 3851 493 surrexissent,

484 545 703 595 vocare,
734 535 832 584 aut
860 530 918 583 in
944 529 1131 600 aliquo
1150 528 1413 599 judicare
1435 534 1739 599 antequam
1762 534 1965 583 cuncta
1986 546 2112 599 quae

485 623 564 678 eis
591 623 777 677 ablata
803 628 936 677 sunt
961 622 1182 692 legibus
1212 622 1479 693 potestati
1509 639 1711 677 eorum
1744 622 1978 694 paciﬁca
2009 640 2114 695 per

484 716 674 770 omnia
696 715 1137 786 reintegrentur,
1154 716 1536 770 decernimus.
1553 716 1713 770 Prius
1734 732 1869 786 ergo
1887 719 2113 787 oportet

486 809 683 864 omnia
701 808 815 863 illis
839 809 1060 880 legibus
1080 809 1483 880 redintegrari,
1503 812 1561 864 et
1578 810 1853 865 Ecclesias
1871 827 1998 881 quae
2019 827 2111 864 su-

481 904 648 958 blatae
668 902 773 956 sibi
814 908 945 957 sunt
978 920 1108 957 cum
1139 903 1293 958 omni
1325 903 1622 974 privilegio
1652 920 1753 957 suo
1783 904 2025 971 restitui,
2059 908 2116 959 et

487 996 848 1068 postmodum
885 1013 1002 1051 non
1050 997 1155 1051 sub
1202 1001 1443 1067 angusto
1480 997 1758 1067 temporis
1785 996 1982 1068 spatio,
2015 998 2114 1051 sed

488 1092 715 1144 tantum
736 1089 1008 1161 temporis
1034 1090 1283 1162 spatium
1310 1091 1391 1145 eis
1417 1091 1801 1161 indulgeatur,
1831 1095 2113 1161 quantum

489 1184 783 1255 exspoliati
813 1184 901 1237 vel
947 1185 1167 1255 expulsi
1206 1201 1327 1238 esse
1379 1184 1663 1252 videntur,
1699 1189 2004 1256 antequam
2045 1185 2117 1239 ad

488 1278 770 1347 synodum
800 1284 1203 1346 convocentur,
1237 1282 1293 1332 et
1323 1278 1394 1332 ab
1422 1278 1685 1333 omnibus
1716 1278 1953 1349 quisque
1983 1295 2112 1349 pro-

490 1370 685 1425 vincia:
711 1388 827 1425 suae
857 1367 1132 1442 episcopis
1160 1372 1445 1427 audiatur.
1496 1373 1634 1425 Nam
1676 1388 1782 1425 nec
1825 1371 2115 1426 convocari

491 1464 564 1518 ad
595 1482 840 1531 causam,
874 1481 978 1519 nec
1009 1465 1303 1535 dijudicari
1329 1468 1534 1536 potest,
1558 1466 1891 1536 exspoliatus
1920 1466 2006 1519 vel
2026 1481 2118 1519 ex-

490 1560 707 1629 pulsus,
736 1559 873 1630 quia
894 1575 1011 1612 non
1038 1562 1122 1613 est
1142 1558 1503 1629 privilegium
1530 1575 1644 1629 quo
1667 1559 1966 1631 exspoliari
1996 1575 2119 1629 pos-

492 1652 563 1704 sit
600 1653 723 1722 jam
761 1653 1027 1706 nudatus.
1070 1653 1230 1707 Unde
1273 1657 1329 1707 et
1361 1653 1676 1724 antiquitus
1705 1653 2003 1707 decretum
2033 1657 2119 1707 est

492 1762 692 1799 omnes
718 1744 1100 1815 possessiones
1131 1749 1187 1799 et
1216 1746 1410 1799 omnia
1438 1745 1544 1800 sibi
1563 1747 1785 1802 sublata
1808 1753 1976 1819 atque
1996 1747 2116 1801 fru-

2213 530 2270 581 et
2292 526 2463 598 paulo
2486 526 2838 596 postiterum
2853 522 3247 579 consedissent
3268 537 3379 576 una
3399 535 3535 575 voce
3550 519 3851 575 dixerunt:

2212 620 2265 676 Si
2312 619 2438 690 quis
2477 620 2600 673 haec
2646 636 2774 689 quae
2812 617 2983 672 hodie
3014 617 3073 671 in
3102 618 3208 671 hac
3236 618 3433 670 sancta
3460 613 3678 686 synodo
3710 629 3852 684 pro-

2213 714 2392 768 hibita
2418 717 2551 767 sunt
2579 712 2891 784 infringere
2920 710 3370 782 praesumpserit,
3403 714 3504 763 aut
3532 706 3855 763 voluntarie

2215 807 2531 877 transgredi
2557 805 2887 872 tentaverit,
2922 804 3234 859 sivclericus
3259 809 3360 871 est,
3405 802 3586 874 gradu
3616 800 3856 873 proprio

2212 902 2442 975 penitus
2479 905 2683 969 careat,
2724 900 2773 954 si
2813 916 2948 954 vero
2979 898 3292 954 monachus
3324 902 3422 951 aut
3452 895 3628 951 laicus
3655 894 3852 959 fuerit,

2215 995 2612 1051 communione
2639 994 2912 1066 privetur,
2935 996 2993 1047 et
3016 993 3063 1047 si
3082 1009 3198 1047 non
3219 989 3630 1059 emendaverit,
3664 988 3853 1042 vicino

2214 1090 2580 1145 anathemate
2603 1057 2875 1157 feriatur.‘
2893 1089 3145 1143 Secretas
3170 1102 3303 1141 vero
3344 1084 3578 1138 insidias
3612 1084 3699 1138 vel
3735 1098 3857 1136 ma-

2217 1183 2448 1237 nifestas
2495 1182 2856 1254 pontiﬁcibus
2891 1198 2924 1235 a
2972 1180 3408 1252 quibuscumque
3434 1177 3637 1246 illatas,
3667 1176 3756 1231 vel
3782 1192 3854 1230 ea

2215 1294 2343 1348 quae
2369 1278 2538 1348 hujus
2569 1279 2778 1330 sancta
2806 1274 3007 1347 synodi
3034 1274 3320 1329 sententia
3350 1271 3766 1343 complectitur,
3804 1270 3855 1323 si

2216 1370 2341 1441 quis
2359 1370 2433 1424 ad
2463 1370 2717 1423 Ecclesiae
2743 1367 3041 1439 pertulerit
3070 1367 3358 1433 notitiam,
3386 1368 3634 1437 ponatur
3657 1364 3852 1418 hono-

2215 1480 2296 1529 re,
2344 1469 2400 1518 et
2446 1463 2506 1517 hi
2546 1462 2642 1534 qui
2668 1462 2903 1516 adversa
2938 1462 3019 1515 eis
3048 1461 3384 1527 moliuntur,
3412 1459 3558 1513 sicut
3584 1476 3617 1512 a
3642 1457 3857 1512 sanctis

2216 1557 2478 1613 Patribus
2509 1556 2728 1610 dudum
2757 1561 3032 1611 statutum
3066 1558 3169 1622 est,
3199 1558 3255 1608 et
3298 1553 3470 1607 hodie
3512 1551 3766 1623 synodali
3797 1557 3858 1604 et

2218 1652 2525 1722 apostolica
2555 1649 2889 1705 auctoritate
2920 1650 3201 1716 ﬁrmatur,
3230 1647 3459 1718 penitus
3487 1646 3854 1717 abjicientur,

2222 1750 2278 1800 et
2307 1744 2497 1799 exsilio
2519 1744 2633 1798 suis
2654 1743 2919 1798 omnibus
2944 1742 3196 1796 sublatus
3223 1746 3498 1813 perpetuo
3524 1739 3857 1807 tradantur,

495 1842 616 1892 ctus
641 1844 872 1893 cunctos
899 1843 1030 1893 ante
1065 1843 1433 1893 contestatam
1463 1840 1622 1894 litem
1652 1844 1991 1911 praeceptor,
2023 1820 2198 1895 autB
2222 1838 2343 1893 haec
2386 1854 2519 1892 vero
2562 1854 2690 1909 quae
2734 1837 2794 1890 in
2832 1837 2941 1890 hac
2968 1838 3165 1889 sancta
3202 1834 3420 1906 synodo
3460 1835 3669 1888 statuta
3696 1834 3855 1898 sunt,

489 1932 721 2004 primas,
768 1932 1082 2002 possessori
1120 1933 1399 1987 restituat.
1441 1934 1508 1986 Et
1549 1933 1685 1987 alibi
1713 1935 1987 2005 scriptum
2018 1935 2120 1988 ha-

491 2026 659 2081 betur
682 2042 694 2078 :
717 2026 812 2079 ille
841 2026 939 2097 qui
964 2026 1289 2080 violentiam
1311 2027 1563 2097 pertulit,
1597 2028 1863 2082 universa
1887 2028 1948 2082 in
1973 2031 2119 2082 statu

495 2136 608 2190 quo
631 2117 858 2174 fuerant
872 2119 1126 2189 recipiat,
1150 2125 1207 2174 et
1233 2136 1363 2191 quae
1388 2120 1641 2191 possedit
1661 2138 1890 2177 securus
1904 2125 2117 2177 teneat.

494 2214 562 2267 Et
586 2213 721 2267 alibi
749 2213 808 2268 in
838 2213 1205 2284 synodalibus
1240 2215 1472 2269 Patrum
1514 2215 1773 2283 decretis,
1821 2221 1877 2270 et
1917 2232 2121 2287 regum

494 2307 693 2360 edictis
722 2307 932 2377 legitur
961 2311 1255 2376 statutum,
1289 2308 1734 2379 redintegranda
1763 2313 1896 2364 sunt
1926 2310 2123 2364 omnia

497 2400 843 2472 exspoliatis,
872 2401 957 2455 vel
986 2400 1182 2471 ejectis
1206 2401 1485 2472 episcopis
1512 2403 1948 2473 praesentialiter
1974 2402 2123 2457 ordi-

497 2496 729 2549 natione
760 2494 1115 2565 pontiﬁcum,
1149 2497 1205 2549 et
1230 2495 1288 2547 in
1321 2512 1520 2549 eorum
1547 2496 1700 2550 unde
1730 2496 2125 2552 abscesserunt

494 2591 771 2659 potestate
784 2588 1040 2642 funditus
1071 2588 1388 2643 revocanda
1417 2605 1772 2660 quaecunque
1798 2590 2121 2644 conditione

495 2682 792 2755 temporis,
824 2687 922 2737 aut
951 2681 1104 2750 dolo,
1134 2687 1233 2736 aut
1260 2683 1602 2753 captivitate,
1634 2686 1733 2737 aut
1759 2684 1967 2739 virtute
1995 2701 2122 2739 ma-

489 2777 706 2846 jorum,
736 2779 834 2829 aut
858 2792 963 2847 per
980 2792 1352 2847 quascunque
1369 2776 1606 2847 injustas
1625 2794 1817 2832 causas
1836 2794 1926 2832 res
1947 2778 2122 2833 eccle-

495 2869 594 2923 siae
638 2869 722 2924 vel
747 2869 1008 2940 proprias
1038 2874 1135 2923 aut
1163 2869 1501 2924 substantias
1530 2870 1840 2941 perdidisse
1870 2888 2000 2926 suas
2028 2888 2125 2926 no-

495 2971 749 3032 scuntur,
774 2965 906 3016 ante
932 2963 1367 3031 accusationem,
1402 2968 1501 3018 aut
1515 2965 1839 3035 regularem
1864 2966 1936 3020 ad
1962 2983 2126 3037 syno-

500 3058 641 3111 dum
680 3055 1036 3115 vocationem
1081 3073 1299 3124 eorum,
1355 3061 1412 3111 et
1454 3058 1697 3129 reliqua.
1738 3060 1832 3112 Est
1858 3059 2034 3115 etiam
2064 3061 2125 3115 in

498 3150 747 3222 antiquis
788 3149 1049 3205 Ecclesiae
1103 3150 1325 3205 statutis
1369 3151 1680 3221 decretum,
1720 3156 1784 3207 ut
1809 3152 1907 3224 qui
1938 3154 2125 3208 aliena

497 3212 730 3310 invadit,
765 3260 882 3298 non
918 3247 1076 3298 exeat
1103 3243 1439 3314 impunitus,
1481 3245 1577 3299 sed
1608 3212 1737 3300 cum
1777 3212 2123 3318 niultiplica-
2146 3212 2201 3287 Ο

497 3339 655 3394 tione
675 3337 868 3392 omnia
883 3336 1162 3393 restituat.
1190 3338 1345 3392 Unde
1372 3342 1429 3392 et
1444 3338 1505 3393 in
1526 3339 1831 3410 Evangelio
1851 3340 2126 3411 scriptum

499 3439 626 3503 est}:
659 3454 686 3482 ‹‹
716 3432 879 3496 Quod
921 3432 967 3485 si
1013 3432 1224 3503 aliquid
1270 3432 1622 3501 defraudavi,
1668 3434 1842 3489 reddo
1885 3435 2127 3507 quadru-

497 3527 660 3599 plum
705 3526 850 3596 (Luc.
900 3542 1008 3592 nx,
1059 3526 1133 3597 8).
1182 3548 1209 3574 ››
1241 3528 1306 3581 Et
1341 3526 1402 3581 in
1430 3527 1651 3597 legibus
1677 3528 1866 3583 saeculi
1893 3532 2125 3584 cautum

496 3621 738 3676 habetur
767 3638 779 3674 :
810 3621 916 3684 Qui
941 3638 1067 3675 rem
1093 3621 1336 3692 subripit
1355 3622 1618 3690 alienam,
1646 3623 1728 3677 illi
1755 3624 1915 3694 cujus
1932 3640 2023 3677 res
2047 3624 2128 3678 di-

496 3719 661 3786 repta
686 3720 742 3770 et
767 3716 826 3769 in
854 3715 1238 3786 undecuplum
1257 3732 1386 3786 quae
1409 3716 1628 3771 sublata
1659 3721 1811 3786 sunt,
1848 3719 2124 3773 restituat.

496 3812 564 3864 Et
605 3809 663 3863 in
706 3810 829 3879 lege
872 3808 1062 3863 divina
1105 3810 1318 3879 legitur
1349 3827 1361 3863 :
1394 3831 1421 3859 ‹‹
1448 3810 1768 3866 Maledictus
1807 3812 1993 3867 omnis
2029 3813 2129 3884 qui

500 3903 769 3958 transfert
789 3902 1064 3956 terminos
1084 3902 1332 3972 proximi
1355 3904 1469 3971 sui;
1501 3909 1558 3958 et
1573 3905 1708 3960 dicit
1732 3907 1921 3961 omnis
1942 3922 2127 3977 popu-

499 3997 587 4051 lus
617 4012 630 4049 :
660 3999 841 4049 Amen
887 3996 1058 4063 (Deut.
1091 4012 1254 4064 xxvn,
1294 3996 1395 4065 l7).
1427 4018 1455 4045 ››
1488 3997 1643 4052 Talia
1670 4016 1807 4070 ergo
1839 4017 1957 4055 non
1981 4017 2124 4071 prae-

500 4092 799 4144 sumantur
826 4088 1039 4159 absque
1054 4089 1170 4143 ulla
1196 4089 1431 4160 ultione,
1466 4107 1569 4146 nec
1598 4097 1970 4148 exerceantur
2002 4094 2125 4148 abs-

502 4200 611 4255 que
652 4199 755 4237 sua
798 4183 1183 4238 damnatione.
1228 4185 1656 4241 Accusatoribus
1705 4203 1839 4242 vero
1881 4187 2128 4243 inimicis

494 4279 582 4333 vel
631 4278 701 4332 de
747 4277 967 4331 inimici
1014 4278 1187 4333 domo
1243 4278 1680 4352 prodeuntibus,
1732 4282 1821 4337 vel
1876 4282 1974 4355 qui
1999 4300 2130 4338 cum

495 4372 746 4427 inimicis
795 4371 1183 4427 immorantur
1249 4379 1347 4429 aut
1402 4376 1648 4446 suspecti
1696 4381 1829 4432 sunt
1879 4395 1953 4432 ne
2005 4395 2125 4433 cre-

500 4468 689 4535 datur,
723 4483 795 4521 ne
822 4466 955 4521 irati
983 4484 1188 4523 nocere
1213 4468 1463 4539 cupiant,
1493 4486 1562 4524 ne
1594 4470 1713 4525 laesi
1733 4472 1927 4527 ulcisci
1949 4488 2006 4528 se
2032 4490 2126 4528 ve-

502 4561 626 4616 lint.

576 4655 723 4720 Quid
737 4655 809 4710 ad
823 4655 945 4709 haec
962 4655 1134 4722 vobis,
1155 4656 1469 4712 charissimi
1482 4660 1709 4727 fratres,
1723 4660 1989 4715 videntur
2001 4677 2132 4731 pru-

504 4750 693 4805 dentia
733 4755 914 4804 vestra
962 4766 1064 4821 pro
1110 4751 1483 4831 ecclesiastica
1512 4753 1701 4824 quiete
1727 4755 1816 4808 vel
1842 4755 2128 4810 indemni-

499 4848 614 4899 tate
653 4844 901 4899 universi
942 4844 1469 4940 edicite.\Universa
1499 4847 1744 4918 synodus
1785 4848 1963 4903 dixit:
1995 4850 2127 4921 Epi-

496 4938 790 5010 scopalem
820 4938 1271 5009 persecutionem
1304 4945 1360 4994 et
1380 4940 1747 4996 ecclesiarum
1767 4943 1851 4996 vel
1872 4943 2133 4999 vastatio-

499 5049 634 5087 nem
662 5037 831 5104 atque
860 5048 1152 5086 servorum
1186 5033 1284 5088 Dei
1314 5033 1747 5091 insectationem
1764 5036 1892 5092 fulti
1922 5038 2127 5109 praedi-

502 5130 596 5181 cta
616 5125 951 5180 auctoritate
978 5130 1037 5179 et
1066 5127 1324 5182 omnium
1344 5132 1673 5184 sanctorum
1688 5133 1916 5187 Patrum
1934 5134 2128 5205 prohi-

499 5220 736 5289 bitione,
786 5225 1079 5291 vestraque
1122 5222 1516 5278 consolatione
1559 5227 1853 5281 communi
1885 5232 2130 5285 tractatu

503 5313 722 5386 pariter
765 5313 821 5367 in
845 5314 1104 5369 futurum
1130 5316 1361 5372 robuste
1381 5335 1447 5372 ac
1472 5320 1747 5375 veraciter
1766 5328 2130 5394 amputantes

503 5410 949 5479 sanctorumque
986 5411 1216 5465 Patrum
1260 5412 1469 5467 statuta
1510 5414 1803 5471 ﬁrmantes
1849 5417 2130 5489 expressis

502 5501 801 5557 sententiis
853 5502 1158 5572 sancimus,
1212 5521 1281 5560 ne
1323 5522 1580 5578 unquam
1618 5510 1753 5564 talia
1777 5528 1810 5564 a
1838 5528 2127 5582 quoquam

502 5596 734 5665 nostris,
761 5600 861 5651 aut
887 5598 1093 5651 futuris
1115 5600 1466 5669 temporibus
1489 5609 1929 5672 praesumantur.
1960 5607 2027 5662 Et
2051 5607 2126 5662 si-

501 5689 677 5745 lentio
716 5691 885 5758 facto,
925 5691 1299 5762 Symmachus
1351 5694 1647 5766 episcopus
1677 5698 1934 5753 Ecclesiae
1975 5701 2129 5757 urbis

506 5779 702 5831 Romae
729 5778 873 5833 dixit
903 5796 916 5832 :
945 5779 1105 5842 Quod
1126 5779 1172 5831 si
1189 5779 1366 5850 aliqui
1386 5781 1507 5836 haec
1534 5787 1868 5856 transgressi
1894 5788 2126 5861 fuerint,

506 5871 567 5924 et
591 5869 724 5924 talia
744 5871 1238 5941 praesumpserint,
1268 5873 1403 5943 quid
1430 5890 1599 5945 super
1616 5878 1705 5932 his
1721 5879 1881 5935 vobis
1908 5882 2132 5942 videtur

2221 1938 2278 1987 et
2304 1948 2369 1986 ea
2395 1948 2524 2002 quae
2554 1930 2610 1984 in
2642 1931 2830 1985 libello
2857 1946 3032 2001 quem
3060 1929 3352 1983 Ennodius
3380 1932 3569 1981 nostra
3600 1925 3853 1980 auctori-

2222 2029 2338 2080 tate
2393 2025 2742 2095 conscripsit,
2788 2024 2934 2078 sicut
2972 2024 3031 2077 in
3082 2022 3389 2094 praesentia
3418 2024 3612 2075 nostra
3642 2020 3859 2073 reiecta

2220 2123 2373 2187 sunt,
2402 2124 2465 2174 ut
2501 2119 2746 2190 propriis
2786 2118 3049 2171 manibus
3071 2117 3432 2184 roborentur,
3463 2130 3741 2186 rogamus
3768 2118 3857 2167 at-

2221 2231 2331 2285 que
2345 2214 2403 2268 in
2424 2216 2767 2284 perpetuum
2787 2215 3213 2280 conserventur,
3236 2211 3381 2264 sicut
3394 2209 3730 2280 praedictum
3750 2212 3858 2273 est,

2221 2311 2404 2363 vestra
2428 2306 2733 2379 apostolica
2749 2304 3087 2360 auctoritate
3106 2304 3427 2359 ﬁrmentur.
3455 2302 3567 2357 Sed
3588 2302 3856 2373 Symma-

2222 2403 2361 2456 chus
2381 2400 2646 2455 Ecclesiae
2662 2399 2817 2454 urbis
2833 2400 3029 2454 Romae
3046 2398 3335 2453 catholicae.
3354 2397 3652 2468 episcopus
3675 2395 3817 2449 dixit
3841 2411 3855 2449 :

2222 2494 2669 2549 Acclamationes
2709 2498 2925 2547 vestras
2968 2491 3281 2564 synodique
3301 2490 3583 2561 judicium
3613 2506 3865 2560 praesen-

2225 2588 2300 2643 tia
2326 2588 2639 2659 suscipient
2665 2592 2840 2657 gesta.
2869 2586 3206 2657 Adjecitque
3238 2590 3295 2640 et
3326 2584 3464 2639 dixit
3493 2601 3506 2638 :
3543 2585 3621 2638 Ea
3643 2599 3774 2655 quae
3790 2582 3861 2636 ad

2223 2681 2616 2753 suscipiendos
2665 2684 2977 2736 veternosus
3029 2679 3492 2751 praesumptionis
3518 2694 3742 2732 errores
3773 2677 3863 2730 vel

2222 2776 2461 2831 infensa:
2507 2773 2698 2847 255
2744 2774 3106 2845 pontiﬁcibus
3139 2772 3600 2845 praesumptionis
3624 2770 3862 2825 morbos

2224 2871 2430 2942 quibus
2453 2874 2630 2923 status
2645 2868 2822 2939 afﬂigi
2856 2869 3000 2923 solet
3022 2867 3282 2924 Ecclesia».
3303 2881 3713 2935 servorumque
3738 2865 3864 2936 ejus

2225 2964 2558 3019 deliberatio
2608 2963 2878 3034 religioni
2924 2978 3180 3033 congrua
3231 2960 3474 3033 pacique
3539 2959 3859 3026 constituit,

2226 3062 2499 3129 perpetua
2528 3057 2838 3112 sortientur
2877 3056 3166 3124 ﬁrmitate,
3196 3061 3263 3110 ut
3292 3058 3584 3109 annuente
3612 3053 3865 3107 Domino

2225 3168 2396 3224 quem
2413 3151 2709 3207 custodem
2729 3167 2923 3205 rerum
2937 3153 3155 3204 constat
3171 3165 3292 3203 esse
3312 3149 3596 3203 bonarum
3623 3147 3866 3218 synoda-

2226 3245 2294 3299 lis
2335 3245 2614 3300 ordinatio
2643 3246 2852 3316 vigeat,
2887 3249 3057 3316 atque
3088 3244 3277 3298 omnis
3306 3242 3405 3314 qui
3440 3240 3561 3295 sine
3599 3256 3865 3312 personae

2227 3339 2463 3410 alicujus
2492 3338 2854 3394 distinctione
2889 3337 3082 3392 venire
3120 3335 3567 3408 praesumpserit,
3598 3334 3869 3405 imposita

2225 3433 2487 3505 superius
2530 3433 2881 3487 districtione
2926 3433 3243 3502 plectetur,
3301 3430 3559 3484 universa
3608 3428 3866 3499 synodus

2227 3528 2369 3583 dixit
2387 3545 2399 3582 :
2428 3528 2497 3582 Ut
2515 3528 2915 3597 ﬁatrogamus,
2935 3525 3151 3581 dictum
3169 3528 3255 3579 est
3270 3524 3489 3593 decies;
3514 3531 3578 3578 ut
3592 3522 3869 3577 scandala

2227 3626 2593 3694 amputentur
2609 3627 2665 3676 et
2682 3621 2900 3675 insidiae
2919 3624 3089 3692 atque
3108 3619 3486 3674 detractiones
3500 3634 3637 3688 erga
3651 3617 3869 3689 episco-

2228 3734 2328 3788 pos
2358 3718 2606 3771 vitentur
2631 3733 2915 3787 rogamus,
2936 3716 3149 3770 dictum
3174 3717 3258 3769 est
3278 3712 3601 3768 duodecies.
3624 3714 3693 3766 Et
3716 3712 3868 3767 facto

2228 3811 2453 3865 silentio
2498 3811 2746 3865 universi
2791 3811 2851 3865 in
2893 3814 3085 3864 sancta
3133 3809 3350 3880 synodo
3389 3807 3727 3878 congregati
3754 3807 3868 3861 cla-

2229 3909 2451 3960 mantes
2477 3906 2744 3960 dixerunt
2772 3922 2785 3959 :
2818 3903 3053 3973 Exaudi,
3084 3902 3326 3973 Christe,
3357 3901 3702 3974 Symmacho
3729 3902 3865 3969 vita,

2229 4000 2444 4053 dictum
2492 4004 2578 4053 est
2625 4000 2827 4066 octies;
2874 4000 2966 4054 hic
3020 4003 3105 4055 est
3148 4015 3257 4070 pax
3307 4013 3437 4051 cum
3493 3996 3862 4067 Symmacho.

2230 4094 2443 4148 dictum
2487 4098 2571 4148 est
2617 4093 2827 4148 novies.
2876 4094 3048 4164 Cujus
3095 4092 3291 4148 sedem
3321 4097 3379 4146 et
3408 4106 3613 4160 annos,
3649 4090 3868 4145 dictum

2231 4191 2316 4242 est
2342 4188 2554 4257 decies;
2580 4193 2641 4243 ut
2663 4188 2731 4243 de
2757 4188 3023 4260 praesenti
3049 4188 3165 4257 ﬁat,
3190 4187 3406 4242 dictum
3422 4190 3509 4240 est
3532 4184 3865 4240 duodecies.

2234 4285 2298 4337 Et
2318 4283 2485 4354 paulo
2511 4288 2639 4354 post
2653 4299 2783 4337 cum
2803 4283 3162 4351 resedissent,
3186 4282 3331 4336 facto
3352 4278 3576 4335 silentio
3598 4279 3868 4333 universa

2231 4378 2480 4448 synodus
2523 4377 2662 4432 dixit
2694 4394 2707 4432 :
2734 4376 2998 4448 Quisquis
3042 4376 3379 4430 clericorum
3413 4377 3512 4429 aut
3539 4373 3865 4428 monacho-

2227 4488 2381 4541 rum,
2412 4476 2510 4526 aut
2536 4470 2810 4526 laicorum
2836 4475 2952 4525 tam
2984 4470 3214 4542 majoris
3241 4467 3453 4524 ordinis
3481 4483 3659 4538 quam
3688 4467 3869 4522 etiam

2149 4565 2533 4667 Dinferioris,
2580 4568 2710 4637 post
2750 4566 2898 4620 hanc
2945 4566 3194 4620 formam
3242 4562 3402 4618 nobis
3441 4562 3730 4665 prolatam
3776 4561 3866 4615 his

2233 4660 2471 4715 decretis
2508 4660 2794 4715 contraire
2834 4658 3280 4731 praesumpserit,
3325 4656 3548 4712 statutis
3574 4656 3866 4710 canonicis

2229 4755 2382 4809 velut
2411 4753 2802 4809 schismaticus
2840 4740 3314 4826 percellaturJEt
3359 4751 3860 4821 subscripserunt:

2229 4850 2411 4904 Celius
2456 4848 2846 4921 Symmachus,
2892 4848 3190 4919 episcopus
3214 4851 3420 4902 sanctae
3468 4845 3733 4900 Ecclesiae
3773 4862 3862 4899 ca-

2230 4943 2450 4998 tholicae
2479 4944 2631 4999 urbis
2659 4945 2857 4999 Romae
2886 4944 3017 4997 huic
3051 4944 3258 4997 statuto
3286 4959 3321 4996 a
3350 4940 3512 4996 nobis
3543 4940 3863 5011 inspirante

2232 5038 2469 5092 Domino
2539 5044 2704 5109 pacto
2765 5038 3105 5109 subscripsi;
3162 5035 3498 5091 Laurentius
3562 5036 3865 5106 episcopus

2230 5132 2489 5187 Ecclesiae
2524 5133 2953 5188 Mediolaneusis
2991 5133 3125 5187 huic
3164 5135 3373 5186 statuto
3413 5148 3447 5185 a
3484 5129 3650 5184 nobis
3680 5128 3859 5200 inspi-

2228 5231 2391 5282 rante
2436 5227 2678 5283 Domino
2725 5232 2956 5299 peracto
2998 5225 3323 5298 subscripsi.
3371 5227 3568 5280 Petrus
3599 5222 3861 5277 Ecclesia:

2230 5322 2572 5377 Ravennatis
2597 5323 2731 5378 huic
2764 5327 2975 5379 statuto
3006 5340 3041 5377 a
3077 5322 3238 5377 nobis
3274 5320 3589 5393 inspirante
3618 5318 3862 5372 Domino

2229 5420 2461 5485 peracto
2487 5416 2814 5489 subscripsi.
2831 5417 3074 5472 Eulalius
3089 5416 3388 5488 episcopus
3402 5411 3662 5469 Ecclesiae
3692 5412 3861 5483 Syra-

2228 5525 2452 5565 cusanae
2483 5511 2614 5565 huic
2640 5514 2909 5566 statutoa
2936 5511 3102 5567 nobis
3121 5510 3437 5582 inspirante
3463 5507 3710 5561 Domino
3730 5522 3860 5579 per-

2228 5607 2354 5659 acto
2384 5605 2709 5675 subscripsi.
2750 5606 2899 5660 Felix
2932 5606 3232 5678 episcopus
3274 5600 3698 5659 Terracinensis
3729 5601 3861 5657 sub-

2228 5699 2443 5770 scripsi.
2492 5699 2816 5771 Stephanus
2859 5700 3159 5772 episcopus
3195 5698 3454 5754 Ecclesiae
3479 5695 3862 5751 Cordubensis

2228 5793 2552 5864 subscripsi.
2594 5794 2936 5849 Fortunatus
2974 5795 3273 5866 episcopus
3311 5790 3569 5848 Ecclesiae
3604 5789 3863 5845 Valensis

2228 5886 2550 5959 subscripsi.
2570 5888 2858 5961 Benignus
2883 5889 3229 5963 Equivensis,
3248 5890 3491 5945 Joannes
3508 5884 3863 5958 Spolitanus,
