4040 6320
531 337 664 388 1027

1427 330 1708 387 ΑΡΡΕΝΙ).
1749 333 1836 386 AD
1873 332 2032 387 SEC.
2080 331 2164 386 IX.
2195 359 2263 371 --
2302 330 2544 387 ISIDORI
2582 331 3005 388 MERCATORIS

3763 333 3898 387 1028

531 441 896 512 negligentia;
925 440 1303 495 sacerdotum.
1333 442 1480 494 Sane
1519 446 1680 495 reatu
1719 440 1936 510 majore
1975 439 2156 494 delin-
2181 439 2528 526 Aomnibus
2571 455 2930 511 summopere
2973 437 3240 494 convenit
3281 437 3580 492 observare
3633 443 3696 494 ut
3740 439 3903 493 obla-

529 534 654 605 quit
687 534 785 606 qui
812 535 1033 605 potiore
1060 533 1274 588 honore
1301 533 1620 605 perfruitur
1649 537 1706 588 et
1733 533 1994 604 graviora
2026 532 2163 588 facit

528 628 667 682 vitia
685 627 1079 698 peccaminum
1100 627 1417 682 sublimitas
1438 626 1802 698 dignitatum.
1824 627 1954 682 Ideo
1974 631 2160 682 tacere

533 738 645 775 non
672 721 943 775 debemus
968 720 1064 776 sed
1091 737 1158 775 ea
1183 737 1310 792 quas
1356 721 1677 776 necessaria
1705 721 1828 776 fore
1857 721 2157 792 agnoveri-

531 831 680 881 mus,
711 813 946 868 viriliter
983 815 1272 885 corrigere
1300 819 1358 869 et
1384 815 1693 870 emendare
1736 820 2077 887 satagamus,
2106 818 2163 870 et

531 924 599 962 ea
625 924 752 979 quae
779 907 981 962 nociva
1023 913 1156 962 sunt
1199 908 1528 980 exstirpare,
1556 913 1730 980 prout
1757 909 2031 963 Dominus
2061 908 2158 963 de-

533 1001 702 1069 derit,
737 1018 857 1055 non
899 1001 1284 1072 negligamus.
1332 1001 1415 1056 Ab
1459 1001 1741 1056 universis
1789 1002 2067 1074 episcopis
2107 1006 2164 1057 et

532 1094 880 1166 presbyteris
960 1095 1334 1150 acclamatum
1405 1102 1488 1150 est
1539 1113 1552 1150 :
1613 1096 1851 1163 Exaudi,
1921 1095 2160 1162 Christe,

534 1189 877 1259 Symmacho
926 1205 1090 1260 papae
1134 1189 1274 1259 vita;
1328 1189 1544 1244 dictum
1609 1193 1693 1244 est
1757 1190 1986 1261 septies.
2039 1191 2164 1244 Haec

533 1283 957 1348 confirmamus,
988 1286 1044 1335 et
1084 1282 1202 1336 haec
1239 1282 1544 1351 docemus;
1576 1282 1793 1337 dictum
1838 1288 1922 1338 est
1967 1284 2160 1338 octies.

532 1377 813 1432 Doctrinae
861 1381 1058 1431 vestrae
1101 1376 1310 1447 gratias
1356 1375 1580 1448 agimus
1627 1377 1918 1448 ingentes;
1950 1377 2165 1432 dictum

533 1475 618 1526 est
644 1469 845 1524 decies.
892 1471 1000 1524 Ista
1039 1473 1344 1524 teneantur
1367 1473 1423 1524 et
1448 1470 1553 1524 ista
1597 1469 1966 1525 observentur
1992 1486 2161 1542 roga-

535 1581 692 1632 mus;
731 1563 947 1618 dictum
997 1568 1082 1618 est
1122 1563 1442 1618 duodecies.
1495 1563 1713 1635 Dignus
1757 1581 1924 1635 papa,
1959 1564 2166 1635 dignus

535 1659 748 1712 doctor.
815 1658 882 1710 Et
945 1657 1090 1710 facto
1143 1657 1390 1724 silentio,
1437 1657 1811 1728 Symmachus
1873 1658 2166 1730 episcopus

533 1751 720 1806 dixit:
761 1750 1093 1805 Communis
1137 1750 1297 1804 dolor
1327 1753 1383 1804 et
1430 1751 1714 1821 generalis
1764 1755 1852 1806 est
1899 1753 2164 1823 gemitus,

2260 531 2447 586 tiones
2485 530 2737 590 ﬁdelium
2774 549 2807 586 a
2837 532 3070 588 nemine
3110 535 3551 603 praesumantur,
3579 534 3640 586 et
3682 532 3900 604 absque

2260 641 2539 680 consensu
2560 630 2617 681 et
2631 627 2917 680 voluntate
2944 625 3197 698 episcopi
3218 625 3278 680 in
3304 625 3464 696 cujus
3484 625 3904 696 dignoscuntur

2263 735 2382 774 esse
2425 718 2699 789 parochia
2743 725 2799 774 et
2841 723 3120 790 potestate
3168 719 3458 790 possidere
3487 720 3573 774 vel
3615 720 3899 774 dominari

2260 817 2581 880 tententur;
2609 813 2888 884 quoniam
2931 812 3194 868 nonnulli
3237 829 3528 868 memores
3554 813 3641 868 sui
3671 830 3776 885 pro
3807 831 3897 868 re-

2263 905 2535 960 missione
2580 907 2982 978 peccaminum
3025 923 3260 962 suorum
3296 912 3353 962 et
3381 911 3655 979 paternas,
3683 909 3815 963 vitae
3843 909 3904 962 in

2263 1000 2550 1055 creatione
2579 1000 2648 1055 de
2678 1001 3038 1056 facultatibus
3082 1001 3198 1055 suis
3227 1004 3346 1055 tam
3389 1017 3584 1056 rerum
3631 1001 3903 1056 immobi-

2263 1093 2402 1148 lium
2415 1094 2679 1164 quaedam
2690 1111 2822 1150 vero
2836 1110 2938 1166 per
2949 1095 3257 1166 scripturas
3267 1095 3527 1151 Ecclesiis
3539 1095 3907 1150 tradiderunt

2265 1191 2322 1242 et
2341 1188 2457 1242 Deo
2484 1189 2723 1243 creatori
2743 1205 2844 1244 suo
2867 1190 3277 1260 perpetualiter
3299 1189 3563 1244 habenda
3584 1189 3900 1252 dederunt;

2266 1297 2380 1352 quo
2408 1283 2610 1336 contra
2639 1282 2883 1337 adversis
2926 1283 3108 1337 Deum
3147 1283 3336 1337 minus
3366 1283 3714 1351 timentibus,
3745 1287 3901 1337 eate-

2267 1391 2374 1429 nus
2441 1375 2738 1430 mortifera
2803 1376 3107 1431 calliditate
3169 1379 3460 1446 tenentur,
3530 1380 3594 1430 ut
3653 1375 3901 1430 aliorum

2265 1468 2478 1522 oblatio
2523 1469 2633 1523 illis
2670 1469 2951 1540 pertineat
2978 1469 3049 1524 ad
3075 1469 3322 1524 ruinam.
3354 1472 3464 1526 Nec
3493 1469 3698 1525 intueri
3727 1471 3903 1524 corde

2266 1567 2503 1632 possunt
2543 1562 2696 1618 diem
2731 1563 2955 1634 judicii,
2985 1563 3123 1618 dum
3153 1563 3346 1618 nimiae
3375 1563 3700 1635 cupiditatis
3743 1564 3901 1618 dele-

2267 1660 2491 1710 ctantur
2514 1657 2736 1711 ardore.
2780 1657 2939 1712 Unde
2967 1673 3268 1728 precamur
3297 1663 3356 1712 ut
3403 1657 3776 1728 antiquorum
3807 1661 3905 1712 Pa-

2267 1751 2421 1803 trum
2446 1751 2674 1821 regulas
2699 1767 2828 1822 quae
2863 1751 3036 1805 modo
3068 1756 3306 1822 propter
3327 1751 3592 1822 injuriam
3623 1769 3900 1823 quorum-

536 1843 688 1916 quod
709 1844 856 1897 intra
873 1843 1177 1898 Ecclesiam
1199 1844 1410 1899 nostris
1429 1849 1486 1898 et
1501 1845 1795 1899 retroactis
1816 1847 2167 1917 temporibus
2186 1837 2244 1909 B
2268 1843 2398 1897 dam
2444 1844 2607 1914 quasi
2636 1843 2827 1899 oblitas
2858 1845 3162 1914 habentur,
3192 1845 3495 1913 renovetis,
3523 1851 3589 1899 ut
3615 1845 3728 1900 tale
3753 1846 3906 1916 judi-

538 1938 608 1991 de
652 1936 947 1992 invasione
988 1953 1182 1990 rerum
1231 1937 1737 1993 ecclesiasticarum
1776 1943 1832 1994 et
1869 1940 2166 1995 vexatione

537 2030 893 2085 sacerdotum
925 2029 1312 2101 cognovimus,
1337 2048 1465 2102 quae
1487 2049 1577 2085 res
1604 2049 1720 2102 non
1750 2049 1850 2087 nos
1880 2033 2045 2101 solos,
2069 2034 2167 2089 sed

535 2141 736 2180 omnes
787 2123 1018 2178 Domini
1069 2124 1254 2195 tangit
1303 2123 1768 2195 sacerdotesJEt,
1800 2125 1933 2182 licet
1972 2127 2095 2181 haec
2136 2145 2168 2181 a

534 2218 1046 2291 praidecessoribus
1078 2218 1286 2272 nostris
1309 2217 1436 2289 jam
1459 2217 1751 2290 prohibita
1781 2224 1932 2288 sunt,
1955 2224 2012 2275 et
2031 2221 2169 2276 tales

537 2317 975 2384 prasumptores
1000 2313 1271 2379 damnati,
1303 2315 1360 2367 et
1384 2329 1413 2366 a
1447 2314 1653 2368 sanctis
1683 2315 1998 2369 canonibus
2027 2332 2164 2370 ana-

536 2406 909 2473 thematizati,
931 2422 1001 2460 ne
1017 2411 1209 2461 tamen
1232 2406 1419 2461 denuo
1438 2413 1880 2478 prtesumantur,
1895 2414 1980 2464 est
1997 2409 2167 2464 etiam

535 2517 708 2573 super
733 2500 820 2555 his
850 2501 1167 2572 promenda
1199 2501 1502 2568 sententia,
1529 2505 1595 2556 ut
1625 2501 1720 2573 qui
1755 2519 1952 2557 eorum
1977 2520 2168 2558 casum

535 2612 652 2650 non
679 2594 903 2664 timent,
925 2595 1164 2650 timeant
1190 2596 1389 2650 saltem
1419 2611 1618 2649 eorum
1650 2601 1985 2667 perpetuam
2016 2597 2170 2652 dam-

536 2689 846 2755 nationem,
893 2691 951 2742 et
1001 2688 1155 2760 quod
1205 2705 1354 2760 saepe
1411 2689 1801 2760 praesumitur,
1851 2691 2056 2762 saepius
2109 2695 2170 2745 ut

445 2817 456 2827 ~
535 2782 866 2837 inhibeatur
904 2798 1130 2837 necesse
1158 2787 1262 2838 est.
1295 2782 1496 2837 Sancta
1542 2783 1795 2854 synodus
1824 2784 2005 2839 dixit:
2041 2787 2169 2840 Haec

536 2892 607 2931 ne
634 2876 777 2930 ﬁant
805 2876 992 2930 denuo
1020 2876 1276 2947 synodali
1306 2881 1589 2932 conventu
1615 2877 1852 2947 provida
1872 2878 2171 2934 beatudini

536 2972 738 3024 vestras
770 2969 1050 3023 sententia
1093 2969 1352 3024 enervari
1397 2970 1678 3041 convenit,
1709 2973 1768 3025 et
1790 2987 1862 3026 ne
1887 2972 1944 3026 in
1976 2988 2168 3027 exem-

539 3065 696 3134 plum
754 3068 1047 3117 remaneat
1101 3063 1484 3132 praesumendi
1540 3063 1793 3118 funditus
1851 3065 2165 3138 exstirpari.

539 3156 918 3227 Symmachus
948 3157 1247 3228 episcopus
1279 3157 1423 3212 dixit
1453 3174 1464 3212 :
1496 3159 1655 3213 Modo
1694 3158 1826 3230 quia
1855 3159 1998 3213 Deus
2028 3176 2170 3231 prae-

2269 1936 2419 1990 cium
2449 1954 2620 2008 super
2645 1938 2726 1993 eis
2751 1939 2867 2005 fiat,
2895 1941 2957 1992 ut
2982 1936 3174 2011 256
3199 1943 3300 1994 aut
3323 1939 3622 1993 manifeste
3644 1939 3905 1994 haeretici

2267 2031 2368 2102 qui
2398 2031 2699 2086 Ecclesiam
2724 2033 2823 2087 Dei
2849 2032 3134 2100 scindunt,
3169 2038 3224 2088 et
3252 2032 3705 2088 anathematizati
3730 2038 3905 2104 atque

2267 2124 2336 2178 ab
2362 2125 2604 2180 Ecclesia
2633 2126 2731 2180 Dei
2759 2130 3016 2180 extorres
3055 2126 3394 2196 habeantur,
3422 2131 3519 2182 aut
3543 2143 3649 2197 per
3687 2126 3906 2180 satisfa-

2268 2217 2516 2273 ctionem
2544 2219 2804 2274 Ecclesiae
2840 2221 2910 2274 ad
2936 2221 3353 2290 paenitentiam,
3381 2226 3437 2275 et
3473 2221 3709 2274 demum
3743 2219 3904 2290 juxta

2267 2312 2496 2382 regulas
2554 2313 2958 2368 ecclesiasticas
3020 2315 3093 2368 ad
3159 2314 3676 2369 reconciliationem
3759 2315 3903 2369 reci-

2268 2405 2518 2477 piantur.

2338 2501 2706 2571 Symmachus
2750 2501 3049 2573 episcopus
3094 2502 3356 2557 Ecclesiae
3409 2501 3704 2557 catholicas
3752 2503 3911 2558 urbis

2271 2595 2468 2648 Romaa
2494 2594 2638 2650 dixit
2666 2612 2679 2649 :
2712 2595 2805 2649 His
2833 2612 2970 2667 ergo
3014 2595 3120 2650 rite
3146 2595 3462 2666 perpensis,
3493 2612 3564 2650 ne
3597 2596 3680 2650 illi
3707 2597 3770 2650 in
3801 2597 3910 2651 rui-

2271 2704 2407 2742 nam
2429 2688 2684 2744 incidant
2710 2694 2768 2743 et
2793 2693 3074 2760 perpetuo
3105 2689 3451 2744 damnentur
3482 2689 3676 2757 exitio,
3703 2696 3764 2744 et
3785 2707 3910 2744 san-

2269 2785 2358 2835 cta
2410 2781 2656 2836 Ecclesia
2707 2783 2957 2854 pretioso
3012 2782 3219 2837 Christi
3273 2782 3549 2854 sanguine
3607 2783 3913 2854 redempta

2270 2878 2642 2942 restauretur,
2662 2875 2828 2947 eique
2850 2876 2944 2947 pie
2971 2877 3315 2931 famulantes
3342 2893 3459 2931 non
3480 2876 3910 2948 opprimantur.

2271 2969 2383 3024 Sed
2410 2969 2738 3024 releventur
2766 2987 3038 3024 mensura
3068 2987 3200 3024 cum
3233 2970 3333 3024 Dei
3359 2970 3537 3024 nostri
3573 2971 3912 3026 considera-

2270 3062 2426 3116 tione
2452 3079 2568 3116 una
2593 3079 2722 3117 cum
2748 3066 2947 3118 nostro
2982 3063 3201 3134 judicio
3240 3063 3544 3131 sancimus,
3574 3065 3640 3117 ut
3673 3064 3916 3134 quicun-

2270 3171 2381 3226 que
2410 3155 2715 3211 immemor
2741 3162 2840 3212 aut
2864 3174 3084 3212 memor
3125 3157 3386 3212 interitus
3421 3157 3507 3212 sui
3533 3174 3626 3210 res
3657 3159 3914 3213 ecclesia:

877 3209 909 3210 η
1454 3209 1463 3212 -
1496 3209 1644 3213 ____,
1702 3209 1826 3230 Ἰπ-
1855 3209 1995 3213 --π
2028 3209 2145 3231 Γ--
2287 3209 2307 3226 ι
2363 3209 2373 3210 ,
3423 3209 3506 3212 -s,

538 3249 781 3306 sentiam
802 3254 1046 3305 vestram
1068 3250 1315 3305 votivam
1345 3251 1489 3305 mihi
1519 3252 1814 3320 concessit,
1836 3269 2066 3308 necesse
2087 3257 2174 3308 est
2192 3209 2246 3283 Ο
2272 3249 2556 3322 delegatas
2577 3253 2635 3305 et
2654 3251 2894 3305 Domino
2922 3252 3157 3319 oblatas,
3177 3251 3392 3322 absque
3412 3251 3631 3322 proprii
3654 3251 3915 3323 episcOpi

540 3360 663 3400 rem
695 3343 817 3399 fieri
850 3343 1094 3413 ﬁrmam,
1131 3362 1302 3416 quam
1351 3345 1522 3400 credo
1571 3346 1961 3402 ecclesiasticis
2003 3347 2174 3402 facul-

538 3439 748 3496 tatibus
787 3439 1112 3506 convenire,
1142 3442 1207 3494 ut
1236 3445 1549 3511 agnoscant
1587 3456 1782 3496 omnes
1823 3458 1966 3513 quos
1999 3459 2175 3496 vanus

537 3534 699 3589 furor
724 3536 778 3588 et
804 3533 1044 3588 avaritia
1080 3532 1363 3603 excitavit,
1398 3533 1537 3588 talia
1565 3534 1776 3606 absque
1823 3535 2034 3590 ultione
2059 3553 2173 3590 non

541 3644 708 3700 posse
737 3627 1024 3699 prmsumi.
1058 3626 1259 3682 Sancta
1286 3628 1537 3699 synodus
1579 3628 1720 3684 dixit
1753 3646 1765 3684 :
1796 3629 2013 3684 Scimus
2042 3647 2169 3702 pro-

541 3721 814 3776 visionem
857 3724 1108 3776 vestram
1156 3721 1490 3776 nscessariis
1533 3722 1784 3777 studere.
1834 3725 1902 3778 Et
1949 3722 2077 3778 ideo
2115 3725 2174 3779 in

543 3819 727 3870 vestra
759 3819 842 3869 est
873 3817 1157 3885 potestate
1199 3815 1493 3886 sequenda
1542 3815 1865 3886 disponere.
1913 3817 2172 3888 Symma-

544 3909 685 3962 chus
700 3908 997 3978 episcopus
1016 3907 1308 3962 catholicae
1323 3908 1586 3962 Ecclesiae
1610 3909 1763 3962 urbis
1784 3910 1974 3964 Romae
1997 3911 2136 3966 dixit
2158 3929 2171 3966 :

546 4003 750 4071 Magna
800 3999 1031 4070 quidem
1080 4001 1407 4055 venerando
1456 4006 1511 4056 et
1554 4002 1890 4058 sacerdotali
1940 4004 2178 4060 debetur

549 4094 772 4149 cultura
790 4093 1089 4165 proposito
1120 4110 1252 4147 cum
1282 4093 1548 4150 imminet
1567 4095 1636 4150 de
1664 4096 1848 4151 studio
1877 4114 2006 4169 qua:
2024 4104 2178 4154 recta

549 4191 682 4243 sunt
705 4204 820 4242 non
847 4187 916 4242 de
947 4187 1280 4242 necessitate
1329 4187 1652 4260 disponere.
1681 4190 1786 4246 Sed
1815 4192 2087 4262 quoniam
2116 4193 2176 4246 in

546 4282 827 4355 aliquibus
856 4281 1042 4338 aliena
1065 4282 1504 4354 postulantibus,
1539 4283 1806 4338 vitiorum
1831 4290 2015 4340 mater
2042 4303 2174 4342 ava-

549 4377 703 4445 ritia,
734 4375 1044 4447 repudiatis
1090 4376 1408 4430 honestatis
1451 4377 1760 4448 repagulis,
1788 4383 1971 4435 totum
2018 4384 2180 4452 putat

551 4470 821 4544 expedire
863 4470 1180 4541 quodlibet;
1215 4474 1271 4524 et
1299 4470 1376 4524 ita
1420 4471 1559 4526 dum
1606 4473 1812 4542 praedae
1853 4474 2054 4542 inhiat,
2087 4491 2181 4545 pa-

2265 3343 2427 3413 jussu
2455 3343 2752 3414 possidens
2781 3344 3211 3416 praesumpserit
3240 3345 3504 3416 deinceps
3531 3347 3754 3414 tenere,
3773 3363 3915 3417 quo-

2272 3453 2494 3508 cunque
2541 3437 2599 3491 in
2630 3437 2754 3492 loco
2783 3441 2839 3492 et
2869 3438 3105 3493 veritate
3146 3442 3440 3509 comperta
3479 3454 3566 3492 res
3605 3437 3706 3491 Dei
3737 3440 3916 3493 servis

2275 3530 2389 3585 suis
2405 3531 2865 3599 dissimulaverit,
2880 3535 2979 3586 aut
2990 3532 3248 3587 renuerit
3263 3533 3596 3599 reformare,
3614 3532 3917 3587 liminibus

2274 3625 2518 3680 ecclesize
2559 3626 2628 3679 ab
2664 3625 2924 3697 episcopo
2970 3626 3228 3697 ejusdem
3277 3626 3382 3680 loci
3418 3627 3575 3696 prius
3605 3630 3913 3696 arceatur;

2272 3718 2510 3790 indigne
2540 3720 2695 3774 enim
2739 3721 2809 3775 ad
2847 3721 3024 3775 altare
3053 3720 3157 3774 Dei
3199 3736 3512 3791 properare
3556 3720 3920 3791 permittitur

2275 3813 2371 3884 qui
2397 3831 2486 3868 res
2511 3814 2914 3870 ecclesiasticas
2944 3815 3115 3869 audet
3143 3814 3434 3890 invadere,
3466 3819 3564 3869 aut
3594 3813 3830 3884 injuste,
3856 3815 3915 3868 id

2277 3911 2381 3976 est,
2415 3907 2538 3961 sine
2567 3908 2795 3964 licentia
2833 3908 3084 3980 episcopi
3115 3908 3424 3979 possidere,
3457 3911 3558 3962 aut
3600 3907 3800 3978 iniqua
3825 3909 3916 3962 vel

2274 4000 2485 4071 injusta
2516 4001 2846 4058 defensione
2881 4002 2940 4056 in
2973 4003 3053 4057 eis
3096 4002 3388 4074 perduret.
3421 4002 3722 4056 Necatores
3755 4003 3915 4056 enim

2277 4111 2592 4165 pauperum
2626 4096 2924 4166 judicandi
2964 4100 3096 4152 sunt
3122 4096 3353 4168 praefixo
3386 4101 3602 4165 tenore,
3633 4099 3691 4151 et
3721 4095 3768 4149 si
3798 4113 3917 4150 non

2279 4189 2711 4244 emendaverint
2739 4190 2938 4245 vitium
2965 4189 3339 4262 exstirpandi.
3364 4189 3542 4244 Debet
3571 4193 3766 4243 tamen
3791 4206 3918 4244 esse

2277 4282 2524 4354 provisio
2548 4289 2610 4338 ut
2629 4285 2936 4340 vindictam
2967 4285 3285 4340 admonitio
3311 4284 3604 4338 manifeste
3625 4285 3922 4355 praecedat

2281 4380 2336 4431 et
2357 4395 2448 4432 res
2475 4384 2775 4450 usurpatas
2794 4379 3003 4450 injuste
3034 4379 3132 4451 qui
3153 4379 3386 4433 abstulit
3405 4384 3504 4433 aut
3526 4378 3740 4449 injuste
3763 4379 3920 4432 abla-

2278 4477 2366 4526 tas
2392 4471 2619 4541 retinet,
2649 4473 2912 4544 aequitate
2942 4473 3336 4544 patrocinante
3376 4471 3598 4543 legibus
3626 4472 3914 4527 restituat.

549 4565 752 4621 tientia
801 4579 1064 4635 supernae
1125 4563 1362 4618 civitatis
1415 4564 1668 4620 abutitur
1724 4568 2179 4638 exspectantibus
2197 4586 2256 4657 D
2282 4565 2442 4628 Quod
2469 4566 2516 4620 si
2542 4567 2873 4637 neglexerit,
2900 4571 2958 4621 et
2981 4567 3283 4622 necessitas
3307 4566 3649 4638 compulerit
3677 4566 3918 4621 demum

550 4658 963 4714 correctionem
992 4658 1132 4712 coelo
1163 4657 1494 4713 moderante
1513 4659 1744 4730 judiciis
1772 4678 1830 4715 se
1861 4661 2181 4716 existimant

553 4770 665 4808 non
697 4751 896 4818 teneri,
925 4767 1055 4806 cum
1085 4751 1302 4806 clarum
1329 4752 1400 4805 sit
1431 4753 1584 4824 quod
1616 4754 1766 4824 apud
1793 4760 1972 4810 certos
1997 4755 2057 4808 in
2084 4771 2178 4809 oc-

552 4846 777 4901 casione
813 4844 1072 4914 rapiendi
1119 4845 1389 4914 procedat
1431 4845 1632 4901 divina:
1664 4864 1822 4901 mora
1859 4847 2177 4902 sententiae.

553 4940 664 4995 Sed
716 4937 878 4991 nobis
936 4954 1078 5008 quos
1147 4938 1442 5008 pastoralis
1509 4957 1642 4994 cura
1699 4946 1755 4994 et
1806 4941 2184 4999 ecclesiastica

555 5031 843 5101 astringit,
884 5047 990 5103 pro
1035 5032 1452 5104 dispensatione
1503 5036 1657 5087 certa
1705 5034 1847 5087 ratio
1893 5035 2184 5090 reddenda

555 5126 885 5180 substantiae
911 5142 1053 5197 opus
1083 5131 1186 5194 est,
1215 5133 1280 5182 ut
1314 5125 1756 5180 sollicitudinem
1781 5133 2037 5183 nostram
2066 5147 2182 5184 non

555 5221 741 5275 solum
764 5219 835 5274 ad
863 5220 1187 5291 praesentia,
1211 5221 1308 5274 sed
1327 5219 1504 5274 etiam
1523 5219 1597 5273 ad
1617 5220 1811 5276 futura
1831 5223 2037 5278 saecula
2057 5241 2184 5295 por-

555 5315 825 5386 rigamus,
851 5331 921 5368 ne
945 5314 1017 5368 ad
1037 5314 1247 5368 animm
1267 5317 1477 5367 nostra;
1503 5312 1849 5371 detrimenta
1869 5317 2182 5389 contingat,

553 5409 600 5464 si
621 5408 680 5462 hi
704 5407 801 5479 qui
824 5413 1064 5480 possunt
1080 5406 1308 5461 statutis
1327 5405 1536 5460 debere
1561 5407 1952 5466 innocentiam
1972 5428 2186 5482 praesu-

553 5508 768 5558 mentes
798 5503 867 5557 de
894 5502 1154 5556 libertate
1178 5499 1564 5571 deliquerunt,
1597 5518 1726 5558 cum
1757 5505 2021 5576 religiosa
2054 5523 2181 5578 pos-

554 5597 688 5651 sunt
715 5601 771 5651 et
813 5601 1002 5649 nostra
1040 5611 1390 5650 successores
1433 5597 1614 5651 nostri
1653 5601 1933 5669 potestate
1976 5601 2181 5668 fulciri,

555 5690 777 5761 legibus
839 5687 1222 5743 ecclesiasticis
1287 5690 1609 5746 servientes.
1681 5692 1880 5747 Sancta
1939 5695 2186 5764 synodus

557 5783 741 5836 dixit:
771 5782 990 5837 Scimus
1031 5781 1293 5852 spiritum
1335 5783 1428 5837 Dei
1459 5801 1557 5838 cor
1597 5790 1848 5840 vestrum
1897 5803 2018 5842 esse
2060 5805 2184 5842 suc-

555 5891 806 5942 censum,
843 5879 896 5926 et
941 5876 1211 5929 instinctu
1256 5875 1353 5929 Dei
1376 5892 1476 5930 vos
1505 5877 1582 5932 ita
1626 5879 1800 5950 loqui.
1831 5881 2186 5951 Quapropter

2280 4659 2612 4730 praedonem
2633 4660 2999 4715 sacerdotalis
3026 4661 3302 4716 districtio
3325 4666 3604 4715 maturata
3625 4661 3916 4730 percellat,

2279 4769 2468 4824 neque
2509 4754 2808 4827 quisquam
2839 4772 2941 4827 per
2969 4755 3227 4810 internas
3269 4772 3358 4809 res
3403 4756 3580 4809 Deum
3618 4754 3919 4809 defensare

2280 4847 2518 4915 nitatur,
2547 4849 2680 4919 quia
2711 4849 2809 4902 Dei
2829 4849 3083 4919 potentia
3108 4853 3446 4904 cunctorum
3472 4864 3788 4919 regnorum
3810 4852 3922 4902 ter—

2281 4940 2470 4995 minos
2491 4941 2770 5013 singulari
2789 4943 3176 4998 dominatione
3199 4942 3508 4998 concludit.
3530 4942 3689 5005 Quod
3708 4942 3757 4995 si
3777 4959 3921 5012 prm-

2283 5036 2843 5107 sumpseritetipsius
2858 5037 3136 5092 offensam
3154 5042 3211 5092 et
3225 5037 3509 5109 prmdicta:
3530 5036 3920 5091 damnationis

2283 5130 2600 5200 periculum
2616 5131 2941 5187 sustinebit.
2961 5131 3435 5203 Competitoribus
3459 5130 3634 5186 etiam
3655 5130 3920 5200 hujusce-

2285 5223 2438 5278 modi
2480 5225 2640 5280 frena
2680 5225 3050 5281 districtionis
3094 5226 3446 5297 imponimus
3481 5224 3578 5296 qui
3618 5223 3918 5278 facultates

2285 5318 2533 5373 ecclesiaa
2559 5320 2661 5374 sub
2687 5319 2874 5391 specie
2903 5320 3183 5392 largitatis
3209 5319 3386 5389 regiae
3413 5319 3499 5373 vel
3525 5319 3918 5389 cujuscunque

2283 5414 2577 5482 potestatis
2623 5413 2886 5485 improba
2938 5414 3301 5485 subreptione
3358 5411 3732 5483 pervaserint.
3783 5413 3920 5466 Sera

2283 5523 2532 5578 namque
2558 5508 2628 5562 de
2644 5508 2732 5562 his
2757 5508 2927 5562 rebus
2948 5507 3300 5579 paenitudine
3323 5521 3771 5572 commovemur,
3789 5521 3920 5558 cum

2278 5601 2400 5671 jam
2440 5602 2729 5658 transactis
2755 5602 3108 5673 temporibus
3131 5605 3330 5656 contra
3356 5599 3684 5671 hujusmodi
3721 5615 3917 5670 perso-

2287 5711 2388 5749 nas
2417 5711 2702 5749 canonum
2735 5695 2944 5751 suffulti
2971 5695 3236 5768 praesidio
3265 5712 3321 5749 se
3351 5693 3670 5749 sacerdotes
3698 5693 3918 5746 Domini

2286 5789 2506 5859 erigere
2534 5789 2883 5857 debuissent,
2902 5796 2968 5846 ut
2990 5807 3108 5846 non
3141 5788 3517 5844 mansuetudo
3538 5786 3918 5858 indulgentize

2285 5881 2355 5935 ad
2385 5882 2590 5936 similia
2622 5885 2999 5954 perpetranda
3025 5883 3421 5955 improborum
3460 5881 3698 5936 audacia
3732 5880 3917 5935 adhuc
