4040 6328
491 355 618 411 1031

1367 351 1649 407 APPEND.
1687 349 1776 406 AD
1811 347 1972 407 SzEC.
2016 350 2100 404 ΙΧ.
2134 376 2203 389 --
2241 347 2492 404 lSlDORl
2529 342 2956 403 MERCATORIS

3713 340 3856 391 1032

491 461 918 530 mus,mandata
931 459 1694 530 ejusfaciamusminus.Hac
1705 459 1858 514 enim
1876 459 2118 514 Charitas
2140 472 2200 544 Α
2220 475 2341 513 esse
2365 460 2606 513 testatus
2632 461 2717 511 est
2742 455 2974 526 dirigat,
2992 446 3061 544 fit
3090 450 3212 506 sine
3237 465 3353 522 quo
3386 446 3528 502 nihil
3544 460 3855 519 possumus

491 556 608 624 Dei,
638 557 702 608 ut
743 554 1008 608 mandata
1037 554 1158 624 ejus
1185 553 1591 621 custodiamus,
1627 558 1682 608 et
1706 553 1970 608 mandata
1996 553 2119 624 ejus

489 647 679 718 gravia
703 664 817 701 non
843 651 992 702 sunt.
1021 649 1209 702 Justus
1235 652 1319 702 est
1347 647 1502 702 enim
1530 647 1823 715 Dominus,
1846 652 1902 702 et
1927 646 2119 701 omnia

447 726 465 814 ξ
483 742 699 812 judicia
723 741 844 811 ejus
867 741 1022 811 justa
1049 744 1200 810 sunt,
1231 745 1402 812 atque
1431 757 1630 795 omnes
1660 740 1764 795 via
1793 741 1915 812 ejus
1942 741 2115 795 mise-

491 834 736 888 ricordia
764 839 820 889 et
847 834 1055 888 veritas
1076 837 1132 888 et
1149 834 1450 904 judicium,
1471 834 1531 888 in
1555 850 1730 888 manu
1757 835 1855 888 Dei
1875 837 2118 905 potestas

491 933 676 994 terra,
709 927 801 982 cui
828 927 1188 981 exsecrabilis
1215 931 1300 982 est
1323 927 1508 981 omnis
1539 927 1828 998 iniquitas,
1852 928 1912 982 in
1942 943 2118 982 manu

489 1021 588 1076 Dei
615 1024 861 1092 potestas
887 1020 1158 1088 hominis,
1190 1025 1247 1076 et
1271 1037 1441 1092 super
1468 1021 1672 1075 faciem
1699 1021 1899 1076 scribae
1929 1022 2118 1093 impo-

491 1120 588 1169 net
615 1115 888 1168 honorem
915 1130 1102 1168 suum.
1152 1114 1342 1174 Perdit
1372 1116 1519 1168 Deus
1563 1115 1901 1170 memoriam
1930 1131 2120 1186 super-

488 1209 694 1264 borum
722 1213 777 1263 et
800 1207 994 1279 iniqua
1020 1209 1369 1278 gerentium,
1395 1212 1452 1262 et
1474 1209 1748 1280 relinquit
1775 1188 2118 1264 memoriam

493 1301 793 1356 humilium
839 1305 895 1355 et
939 1301 1222 1355 bonorum
1267 1301 1599 1370 hominum;
1640 1302 1748 1355 hoc
1787 1305 1976 1356 autem
2017 1319 2120 1372 pro

492 1400 643 1450 certo
663 1396 838 1450 habet
856 1394 1043 1449 omnis
1059 1394 1156 1466 qui
1176 1399 1328 1449 recte
1349 1395 1483 1450 colit
1501 1396 1698 1465 Deum,
1717 1395 1850 1466 quia
1868 1395 1979 1450 vita
2000 1397 2120 1466 ejus

493 1490 538 1544 si
563 1489 622 1543 in
654 1489 988 1560 probatione
1022 1489 1214 1556 fuerit,
1247 1488 1627 1557 coronabitur,
1658 1494 1714 1544 et
1735 1489 1779 1542 si
1803 1489 1861 1542 in
1890 1489 2121 1543 tribula-

491 1583 669 1650 tione,
699 1582 1045 1637 liberabitur.
1091 1582 1150 1636 Si
1180 1599 1312 1637 vero
1340 1583 1398 1636 in
1427 1583 1781 1637 correctione
1825 1581 2014 1650 fuerit,
2047 1582 2118 1636 ad

493 1676 942 1730 misericordiam
968 1675 1278 1746 perveniet.
1308 1676 1490 1729 Omne
1519 1676 1671 1746 quod
1701 1675 2115 1747 irreprehensi-

493 1769 608 1824 bile
639 1773 722 1823 est
764 1769 1046 1823 catholica
1072 1768 1330 1823 defendit
1373 1769 1632 1824 Ecclesia.
1668 1771 1791 1824 Non
1818 1769 1950 1823 licet
1981 1785 2118 1841 ergo

2218 568 2322 623 per
2349 552 2538 624 ipsum
2564 551 2759 605 omnia
2787 542 3032 619 implere
3057 545 3363 600 valeamus.
3387 542 3656 597 Universa
3675 555 3856 611 syno-

2220 646 2326 701 dus
2357 661 2595 716 surgens
2622 641 2956 698 acclamavit
2988 657 3000 695 :
3040 640 3267 694 Placent
3293 635 3487 692 omnia
3508 652 3525 705 ;
3551 638 3615 688 ut
3640 649 3855 705 perpe-

2218 745 2318 794 tua
2343 739 2649 794 stabilitate
2669 737 2972 792 ﬁrmentur
2987 749 3287 805 rogamus;
3313 731 3530 785 dictum
3547 732 3634 783 est
3651 725 3854 783 octies.

2220 834 2288 888 Et
2313 832 2555 903 adjecit:
2585 830 2820 900 Exaudi,
2840 827 3083 895 Christe,
3113 825 3450 898 Symmacho
3479 823 3612 892 vita,
3633 820 3856 875 dictum

2219 930 2305 982 est
2327 926 2518 980 octies.
2549 926 2621 980 Ut
2647 925 2772 979 hac
2799 923 3146 977 intemerata
3172 920 3488 986 serventur,
3524 915 3741 970 dictum
3769 917 3858 968 est

2221 1020 2431 1074 decies.
2462 1021 2531 1074 Ut
2554 1019 2664 1073 ista
2693 1016 3032 1072 intemerato
3065 1015 3196 1085 jure
3223 1010 3619 1067 custodiantur
3643 1023 3853 1080 preca-

2220 1130 2369 1180 mur,
2398 1111 2610 1167 dictum
2638 1115 2722 1166 est
2746 1109 3065 1165 duodecies.
3091 1106 3198 1172 Qui
3228 1107 3350 1160 hac
3375 1106 3575 1175 sponte
3603 1101 3848 1156 violave-

2219 1207 2312 1275 rit,
2338 1211 2613 1278 perpetuo
2640 1205 3004 1260 anathemate
3031 1201 3268 1256 feriatur
3307 1214 3592 1270 rogamus,
3627 1195 3854 1250 dictum

2221 1303 2307 1356 est
2337 1299 2683 1372 quindecies.
2716 1299 2788 1352 Ut
2815 1297 3038 1352 decreta
3065 1299 3262 1349 nostra
3301 1291 3605 1347 conﬁrmes
3645 1304 3853 1361 preca-

2219 1411 2372 1462 mur,
2399 1394 2616 1448 dictum
2653 1396 2736 1448 est
2766 1390 2955 1445 decies
2991 1394 3046 1444 et
3077 1388 3274 1443 octies.
3318 1388 3387 1440 Et
3428 1386 3572 1440 facto
3604 1382 3851 1448 silentio,

2219 1487 2590 1558 Symmachus
2606 1485 2896 1557 episcopus
2907 1481 3166 1538 Ecclesiae
3183 1480 3471 1535 catholica
3484 1477 3637 1532 urbis
3652 1477 3854 1530 Roma

2222 1581 2366 1635 dixit
2381 1598 2392 1635 :
2409 1579 2852 1635 Acclamationes
2864 1579 3075 1632 vestras
3091 1574 3404 1648 synodique
3414 1573 3435 1643 j
3445 1571 3696 1627 udicium
3710 1586 3857 1641 pra-

2220 1675 2403 1730 sentia
2423 1680 2581 1745 gesta
2596 1672 2927 1743 suscipiunt,
2950 1675 3007 1726 et
3024 1669 3263 1740 adjecit:
3289 1671 3366 1724 Ea
3383 1683 3509 1739 qua
3533 1665 3605 1720 ad
3625 1664 3858 1735 sopien-

2221 1768 2408 1841 257
2444 1768 2542 1823 dos
2571 1771 2886 1822 veternosa
2913 1762 3376 1836 praesumptionis
3402 1776 3622 1816 errores
3645 1758 3738 1812 vel
3767 1757 3857 1810 in-

492 1861 823 1932 imperatori
842 1862 927 1916 vel
952 1861 1216 1932 cuiquam
1243 1861 1515 1932 pietatem
1543 1861 1881 1917 custodienti
1907 1861 2121 1934 aliquid
2142 1859 2198 1931 B
2220 1863 2394 1918 fensa
2430 1863 2601 1917 rebus
2641 1857 3028 1916 ecclesiasticis
3055 1857 3410 1927 aegritudinis
3436 1854 3688 1923 morbos,
3721 1851 3854 1923 qui-

493 1960 690 2010 contra
715 1955 989 2010 mandata
1017 1954 1210 2008 divina
1252 1972 1623 2026 prasumere,
1657 1973 1762 2010 nec
1807 1956 2119 2027 quidquam

490 2048 641 2120 quod
661 2048 1002 2120 evangelicis
1015 2047 1478 2120 propheticisque
1496 2054 1551 2104 et
1565 2048 1888 2119 apostolicis
1908 2049 2120 2120 regulis

491 2143 678 2196 obviat
715 2159 908 2214 agere,
942 2141 1221 2212 injustum
1261 2142 1416 2197 enim
1456 2142 1738 2213 judicium
1777 2145 1834 2197 et
1869 2142 2120 2198 deﬁnitio

492 2236 699 2306 injusta
724 2236 885 2308 regio
906 2241 1063 2290 metu
1081 2236 1165 2290 vel
1179 2236 1342 2306 jussu
1360 2253 1392 2290 a
1407 2235 1695 2307 judicibus
1723 2236 1981 2292 ordinata
2007 2253 2121 2291 non

492 2330 690 2396 valeat,
722 2346 826 2383 nec
864 2329 1176 2400 quidquam
1224 2329 1378 2401 quod
1420 2333 1619 2384 contra
1665 2331 1998 2401 evangelica
2032 2331 2122 2384 vel

492 2423 840 2496 prophetica
866 2426 965 2477 aut
1005 2423 1328 2494 apostolica
1359 2423 1631 2478 doctrina
1658 2424 2122 2479 constitutionem

494 2534 719 2586 eorum,
748 2517 859 2572 sive
888 2521 1211 2572 sanctorum
1237 2519 1469 2573 Patrum
1495 2523 1683 2574 actum
1712 2518 1902 2586 fuerit,
1927 2518 2119 2586 stabit,

490 2615 546 2666 et
589 2610 743 2682 quod
787 2610 856 2665 ab
883 2609 1206 2666 inﬁdelibus
1245 2616 1344 2666 aut
1386 2611 1665 2668 hareticis
1705 2613 1918 2667 factum
1953 2611 2124 2667 fuerit

495 2704 732 2760 omnino
767 2703 1092 2760 cassabitur.

564 2798 762 2852 Nociva
792 2814 928 2869 ergo
968 2799 1151 2852 sancti
1198 2798 1650 2869 pradecessores
1694 2799 1810 2855 mei
1843 2799 2122 2856 damnare

495 2891 847 2946 conﬁdenter
894 2892 1254 2962 studuerunt,
1283 2908 1529 2963 quorum
1569 2896 1626 2948 et
1665 2893 1939 2965 pusillitas
1969 2911 2119 2961 mea,

494 2985 629 3039 licet
669 2985 854 3055 impar
890 2990 946 3040 et
971 2985 1230 3052 minima,
1258 3001 1361 3056 pro
1405 2988 1662 3057 suscepto
1692 2989 1889 3042 tamen
1930 2987 2123 3043 divina

495 3077 825 3147 dignatione
880 3076 1198 3133 ministerio
1244 3077 1565 3149 pedissequi
1629 3080 1785 3150 cupit
1841 3080 2119 3150 existere;

492 3184 577 3224 va
609 3169 762 3224 enim
791 3170 899 3225 erit
925 3169 1086 3225 nobis
1110 3170 1207 3242 qui
1234 3170 1405 3242 hujus
1433 3171 1735 3227 ministerii
1765 3189 1907 3244 opus
1933 3190 2119 3228 susce-

2220 1958 2328 2012 bus
2351 1955 2682 2011 universalis
2709 1955 3064 2010 afﬁciebatur
3089 1951 3331 2009 Ecclesia
3361 1947 3692 2004 deliberatio
3715 1945 3854 2000 reli-

2223 2051 2378 2122 gioni
2405 2066 2657 2121 congrua
2683 2049 2926 2120 pacique
2965 2046 3255 2103 constituit
3297 2043 3568 2098 ﬁrmitate
3614 2043 3854 2112 perpete

2224 2144 2525 2215 socientur,
2558 2147 2619 2198 ut
2644 2145 2950 2214 prastante
2979 2143 3091 2196 Deo
3123 2156 3291 2212 quem
3334 2136 3628 2193 custodem
3655 2149 3854 2189 rerum

2222 2241 2446 2294 constat
2494 2254 2612 2292 esse
2654 2237 2936 2292 bonarum
2980 2235 3264 2307 synodalis
3313 2229 3595 2287 ordinatio
3633 2229 3852 2299 vigeat,

2222 2335 2391 2404 atque
2420 2331 2605 2386 omnis
2635 2331 2735 2402 qui
2766 2331 2886 2385 sine
2925 2345 3187 2402 persona
3214 2327 3453 2397 alicujus
3501 2321 3855 2379 districtione

2221 2426 2413 2482 venire
2467 2424 2912 2497 praesumpserit,
2958 2423 3139 2478 indita
3187 2419 3448 2493 superius
3497 2415 3854 2472 districtione

2223 2521 2517 2592 plectatur.
2542 2521 2609 2574 Et
2629 2519 3082 2589 subscripserunt
3104 2533 3116 2571 :
3138 2516 3322 2574 Celius
3341 2511 3718 2585 Symmachus
3739 2509 3856 2579 epi-

2223 2631 2428 2686 scopus
2454 2613 2716 2668 Ecclesia
2737 2612 3033 2668 catholica
3057 2610 3210 2666 urbis
3235 2611 3431 2665 Romae
3459 2606 3549 2660 his
3572 2603 3852 2659 constitu-

2222 2708 2294 2764 tis
2315 2707 2681 2781 synodalibus
2702 2723 2735 2761 a
2753 2723 2845 2762 me
2871 2705 3124 2778 probatis
3143 2711 3311 2776 atque
3335 2699 3573 2756 ﬁrmatis
3591 2713 3855 2753 annuens

2222 2803 2368 2869 sub.;
2388 2804 2588 2858 Petrus
2615 2801 2914 2873 episcopus
2941 2797 3280 2855 Ravennatis
3308 2794 3569 2852 Ecclesia
3593 2793 3682 2847 his
3713 2808 3850 2846 con-

2224 2896 2430 2953 stitutis
2473 2895 2842 2969 synodalibus
2867 2912 2900 2948 a
2929 2895 3092 2949 nobis
3119 2891 3373 2965 probatis
3405 2895 3573 2961 atque
3611 2883 3857 2941 ﬁrmatis

2221 3007 2477 3046 annuens
2505 2990 2660 3057 sub.;
2689 2988 3052 3045 Innocentius
3082 2985 3400 3041 Direntium
3427 2981 3851 3046 Tiberinorum,

2223 3085 2371 3139 Felix
2417 3083 2757 3151 Trarvensis,
2792 3082 3093 3139 Severinus
3142 3078 3576 3145 Tundaritanus,
3610 3073 3855 3130 Bonefa-

2223 3179 2342 3233 cius
2370 3176 2859 3248 Aquileianensis;
2910 3175 3152 3232 Silianus
3195 3172 3548 3238 Veliternius,
3576 3169 3858 3224 Maximus

495 3269 656 3335 ptum
711 3264 984 3318 habemus
1035 3264 1332 3319 veritatem
1405 3265 1704 3320 Salvatoris
1765 3267 1944 3322 nostri
1992 3268 2124 3323 Jesu
2142 3233 2198 3309 Ο
2223 3272 2511 3340 Bleranus,
2541 3271 2905 3327 Sebastianus
2932 3271 3210 3338 Furanus,
3237 3266 3539 3323 Emilianus
3569 3265 3853 3330 Furanus,

490 3357 695 3415 Christi
724 3374 894 3429 quam
925 3358 1163 3428 apostoli
1188 3359 1658 3430 praedicaverunt,
1689 3361 2000 3431 praedicare
2027 3379 2125 3417 ne-

492 3452 875 3533 glexerimus;
898 3468 983 3507 va
1011 3452 1165 3508 enim
1192 3452 1301 3507 erit
1325 3452 1487 3507 nobis
1509 3453 1554 3507 si
1580 3453 1806 3509 silentio
1830 3457 2123 3513 veritatem

491 3547 944 3619 oppresserimus
981 3546 1080 3618 qui
1106 3563 1345 3617 erogare
1396 3548 1796 3603 nummulariis
1826 3549 2121 3621 jubemur,

491 3641 548 3695 id
577 3643 677 3709 est,
708 3640 1058 3696 Christianos
1085 3642 1326 3712 populos
1351 3641 1610 3697 imbuere
1643 3646 1699 3698 et
1724 3643 1946 3700 docere.
1978 3645 2122 3709 Quid

492 3735 550 3788 in
589 3734 763 3806 ipsius
798 3733 1006 3790 Christi
1054 3734 1245 3789 futuro
1291 3735 1498 3790 dicturi
1539 3753 1734 3791 sumus
1763 3738 2044 3808 examine,
2078 3739 2125 3793 si

490 3844 816 3883 sermonum
845 3828 968 3897 ejus
994 3827 1293 3883 veritatem
1319 3829 1746 3900 confundimur,
1778 3832 2125 3901 pradicare?

490 3921 634 3985 Quid
653 3922 758 3975 erit
779 3921 848 3975 de
872 3921 1033 3974 nobis
1054 3937 1185 3975 cum
1217 3923 1534 3978 commissis
1564 3924 1726 3978 nobis
1749 3925 2052 3981 animabus
2070 3932 2126 3982 et

491 4013 564 4068 de
595 4014 782 4068 ofﬁcio
826 4017 1084 4084 suscepto
1114 4015 1397 4071 rationem
1418 4016 1604 4086 justus
1640 4017 1816 4088 judex
1856 4021 2000 4074 Deus
2034 4037 2126 4076 no-

494 4110 612 4162 ster
641 4106 938 4161 districtim
989 4107 1283 4178 exegerit?
1324 4108 1456 4163 ldeo
1496 4126 1600 4165 nos
1638 4117 1860 4182 oportet
1901 4130 2128 4186 semper

495 4200 697 4256 nociva
744 4217 1021 4267 resecare,
1061 4207 1134 4266 et,
1178 4201 1484 4258 auxiliante
1530 4205 1787 4275 Domino,
1829 4208 2126 4279 profutura

495 4296 745 4367 erigere.
806 4296 960 4350 Unde
1014 4296 1391 4368 objurgando,
1447 4298 1749 4369 hortando,
1809 4303 2122 4374 suadendo,

492 4389 862 4459 blandiendo,
893 4390 1254 4461 consulendo,
1286 4392 1555 4464 prodesse
1591 4395 1796 4466 quibus
1824 4413 2126 4467 possumus

494 4484 861 4552 festinemus;
886 4483 1084 4555 lingua
1102 4490 1296 4539 nostra
1311 4485 1473 4542 bonis
1495 4487 1812 4545 fomentum
1833 4490 1921 4560 sit,
1940 4493 2127 4563 pravis

495 4577 741 4646 aculeus,
797 4577 1028 4632 timidos
1079 4579 1369 4648 retundat,
1416 4580 1584 4637 iratos
1637 4584 1878 4656 mitiget,
1935 4585 2127 4657 pigros

493 4677 753 4741 exacuat,
787 4671 1009 4726 desides
1049 4673 1333 4728 hortando
1364 4677 1687 4748 succendat,
1719 4678 2127 4751 refugientibus

494 4765 761 4832 suadeat;
793 4766 1006 4836 asperis
1032 4766 1379 4836 blandiatur,
1415 4769 1743 4842 desperatos
1783 4775 2124 4843 consoletur,

498 4863 559 4915 ut
587 4861 721 4931 quia
747 4859 1008 4915 doctores
1049 4860 1291 4916 dicimur
1319 4863 1470 4917 viam
1509 4865 1705 4920 salutis
1735 4867 2128 4937 gradientibus

497 4953 887 5008 ostendamus.
931 4953 1118 5008 Simus
1161 4955 1220 5010 in
1279 4957 1538 5012 custodia
1581 4958 1898 5029 vigilantes,
1943 4961 2128 5016 aditus

495 5050 692 5102 contra
711 5047 889 5102 hostis
907 5047 1140 5103 insidias
1155 5049 1382 5104 solliciti
1397 5051 1738 5120 muniamus,
1757 5058 1814 5108 et
1833 5053 1880 5107 si
1899 5056 2126 5126 quando

496 5157 657 5196 ovem
680 5140 966 5212 perditam
987 5141 1056 5196 de
1079 5143 1396 5197 commissis
1417 5144 1685 5216 gregibus
1706 5161 1866 5201 error
1884 5149 2124 5206 abduxe-

495 5235 588 5304 rit,
625 5240 742 5288 toto
768 5234 924 5289 illam
956 5236 1157 5291 adnisu
1184 5237 1256 5292 ad
1291 5239 1478 5292 caulas
1514 5255 1780 5295 revocare
1815 5242 2126 5300 Dominicas

498 5329 931 5400 contendamus,
953 5333 1019 5385 ut
1033 5331 1102 5385 de
1126 5331 1363 5402 pastoris
1384 5332 1637 5402 nomine,
1658 5336 1808 5405 quod
1828 5337 2122 5410 habemus,

495 5441 614 5479 non
647 5423 1006 5494 supplicium,
1042 5424 1140 5478 sed
1172 5424 1474 5496 pramium
1514 5443 1952 5500 consequamur.
1985 5433 2126 5498 Quia

496 5535 634 5590 ergo
669 5517 727 5572 in
755 5517 843 5571 his
875 5516 1141 5572 omnibus
1187 5519 1391 5573 divina
1434 5521 1634 5590 gratia
1674 5523 1955 5594 adjutorio
1982 5544 2125 5600 opus

497 5616 580 5667 est
623 5610 1039 5681 omnipotentis
1069 5611 1165 5665 Dei
1194 5612 1433 5668 assiduis
1470 5616 1729 5686 precibus
1758 5621 2123 5677 clementiam

494 5722 811 5772 exoremus,
864 5708 1146 5775 quatenus
1198 5706 1269 5760 ad
1325 5707 1445 5762 hac
1498 5710 1660 5765 nobis
1710 5716 2016 5785 operanda,
2069 5722 2125 5772 et

496 5799 635 5851 velle
668 5797 897 5862 tribuat,
931 5801 987 5852 et
1015 5815 1178 5869 posse
1207 5801 1495 5871 concedat,
1523 5807 1694 5875 atque
1721 5807 1777 5860 in
1808 5825 1874 5862 ea
1906 5827 2009 5864 nos
2035 5810 2123 5866 via

493 5906 622 5943 cum
657 5890 837 5943 fructu
882 5891 1010 5944 boni
1057 5893 1257 5963 operis.
1289 5910 1457 5965 quam
1503 5914 1558 5950 se
1603 5903 1796 5968 pastor
1831 5908 2119 5970 pastorum

2222 3365 2527 3420 Mercurius
2553 3364 2835 3433 Ganinati,
2863 3363 3136 3418 Maximus
3164 3359 3491 3425 Ticinensis,
3516 3356 3672 3412 Felix
3701 3357 3851 3412 Atel-

2224 3461 2404 3526 lanus,
2443 3458 2742 3513 Cassianus
2784 3457 3131 3526 Mutinensis,
3179 3455 3438 3510 Rusticus
3479 3450 3853 3516 Fuxentinus,

2219 3553 2512 3608 Cerentius
2547 3551 2866 3619 Siculensis,
2894 3550 3255 3622 Propinquus
3284 3546 3574 3617 Tabensis,
3609 3545 3854 3614 Stepha-

2224 3663 2332 3701 nus
2377 3646 2713 3714 Venusinus,
2751 3645 3076 3699 Adeodatus
3125 3642 3473 3710 Formianus,
3519 3638 3857 3694 Laurentius

2225 3741 2513 3809 Benensis,
2549 3741 2868 3794 Bonifacius
2907 3738 3316 3806 Cameritanus,
3349 3736 3695 3790 Fortunatus
3731 3732 3856 3786 Ful-

2226 3834 2494 3905 ginensis,
2535 3836 2724 3890 Justus
2769 3833 3117 3904 Signatinus,
3167 3828 3473 3886 Mercurius
3519 3827 3852 3892 Siviternus,

2226 3928 2554 3983 Vindemius
2615 3926 2973 3996 Anteatinus,
3037 3925 3355 3997 Stephanus
3426 3920 3852 3993 Neapolitanus,

2225 4025 2511 4093 Augustus
2557 4021 2939 4092 Liparitanus,
2983 4019 3226 4074 Hilarius
3262 4019 3569 4085 Teusanus,
3614 4013 3855 4068 Valenti-

2224 4133 2330 4172 nus
2353 4116 2693 4184 Amiternus,
2726 4113 3134 4170 Maximilianus
3159 4111 3482 4179 Perusinus,
3512 4109 3856 4163 Fortunatus

2225 4211 2554 4277 Suestanus,
2587 4208 2950 4264 innocentius
2993 4205 3384 4274 Ferentinatis,
3415 4202 3706 4259 Jocundus
3751 4204 3856 4257 Au-

2227 4307 2518 4376 gustanus,
2547 4302 2895 4360 Concordius
2920 4301 3240 4370 Mesitanus,
3272 4297 3555 4370 Trigidius
3592 4295 3858 4366 Tauriga—

2227 4416 2351 4466 nus,
2376 4397 2571 4453 Vitalis
2597 4397 2924 4467 Fundanus,
2947 4395 3238 4451 Viticanus
3263 4390 3634 4454 Celemensis,
3656 4392 3858 4446 Castus

2227 4493 2565 4560 Portuensis,
2613 4495 2855 4548 Joannes
2915 4489 3311 4557 Ariminensis,
3365 4486 3580 4541 Aristus
3637 4483 3859 4538 Ostien-

2228 4587 2322 4658 sis,
2355 4586 2754 4642 Proculeianus
2805 4585 3106 4657 Sepinatis,
3143 4581 3425 4639 Martirius
3471 4577 3859 4646 Traconensis,

2227 4681 2512 4736 Candidus
2542 4681 2889 4747 Tiburtinus,
2918 4681 3110 4735 Victor
3142 4675 3437 4742 Lunensis,
3463 4672 3669 4745 Aprilis
3700 4671 3861 4726 Late-

2228 4775 2528 4846 rianensis,
2552 4777 2800 4831 Asterius
2827 4772 3144 4845 Aquinatis,
3167 4771 3384 4827 Asellus
3405 4765 3857 4839 Populoniensis,

2228 4869 2569 4941 Crisogonus
2615 4869 2963 4936 Albanensis,
3001 4868 3211 4923 Memor
3259 4864 3583 4930 Cassinuus,
3609 4860 3863 4914 Amadus

2229 4964 2577 5035 Potentinus,
2609 4963 2872 5019 Colonius
2911 4959 3382 5026 Foroclodiensis,
3413 4959 3708 5013 Romanus
3750 4955 3863 5007 Nu-

2227 5063 2548 5129 mentanus,
2590 5058 2880 5130 Helpidius
2941 5057 3277 5124 Veliternus,
3331 5055 3499 5108 Ursus
3561 5049 3857 5117 Reatinus,

2223 5154 2469 5208 Joannes
2515 5153 2869 5220 Turritanus,
2912 5151 3246 5208 Cresconius
3287 5145 3645 5213 Tudertinus,
3686 5143 3861 5198 Adeo-

2227 5246 2392 5301 datus
2425 5247 2585 5303 Silva
2614 5247 2891 5315 candida,
2923 5244 3287 5302 Innocentius
3325 5241 3647 5308 Navenatis,
3681 5240 3859 5292 Vene-

2225 5341 2343 5396 rius
2389 5343 2674 5413 Pallensis,
2704 5343 2951 5397 Joannes
2993 5339 3336 5412 Spolitanus,
3371 5337 3618 5407 Rogatus
3656 5335 3857 5388 Tauro-

2225 5436 2570 5507 menitanus,
2604 5436 2888 5491 Eustasius
2927 5431 3342 5500 Cremonensis,
3371 5429 3665 5486 Servusdei
3699 5428 3860 5482 Fore-

2225 5531 2428 5598 vensis,
2447 5532 2666 5585 Laurus
2693 5529 3070 5601 Vergomatis,
3097 5527 3315 5582 Probus
3336 5522 3856 5586 Carcimeianensis,

2227 5625 2559 5695 Euscarpius
2606 5626 2954 5696 Meresarpa,
2984 5622 3214 5677 Dulcius
3264 5619 3439 5674 sancti
3477 5615 3717 5686 Autimi,
3753 5617 3860 5669 Rus

2223 5718 2420 5772 fertius
2461 5718 2791 5788 Agnatinus,
2840 5717 3153 5772 Leucadius
3198 5713 3571 5786 lnjuricanus,
3612 5710 3856 5765 Serenus

2225 5812 2493 5878 Nolanus,
2523 5811 2820 5866 Eufradius
2855 5810 3247 5878 Galatinensis,
3277 5806 3576 5862 Martianus
3608 5807 3853 5873 Acanus,

2223 5905 2538 5958 Theotistos
2567 5905 2910 5972 Pessimitos,
2946 5905 3196 5959 Euticius
3223 5899 3538 5969 Tranensis,
3569 5898 3854 5970 Helpidius
