4040 6350
497 385 628 437 103Ξί

504 514 811 526 ν--αη-

1380 386 1662 438 Al’Pl‘IND.
1706 384 1793 437 AD
1834 382 1993 437 SxEC.
2030 383 2114 436 IX.
2150 413 2216 419 ——
2256 383 2495 438 lSlDORl
2538 383 2893 438 MERCATOR
2926 383 2960 436 S

3726 389 3882 439 l03ti

3644 513 3871 527 -ᾑ

1000 635 1571 730 INCIPIUNT
1663 592 2188 729 DECRETA
2275 635 2895 727 HORMISDZE
2982 635 3342 727 PAPIE.

565 870 613 920 l.
642 865 923 920 Adversus
951 864 1192 920 Nestorii
1221 867 1279 919 et
1301 863 1616 919 Eutichetis
1640 862 2039 934 blasphemias.

560 980 615 1032 2.
646 978 725 1031 De
745 977 1015 1048 mysterio
1034 975 1346 1043 Trinitatis,
1376 975 1513 1047 quid
1538 991 1817 1047 persona,
1850 973 1991 1046 quid
2017 974 2116 1029 de-

492 1071 720 1143 signent
748 1070 1099 1126 substantia.

563 1186 613 1238 3.
673 1184 751 1237 De
809 1182 1099 1237 divinitate
1170 1185 1228 1235 et
1293 1180 1657 1235 humanitate
1716 1180 1936 1235 Domini
1993 1181 2121 1235 Jesu

495 1276 721 1331 Christi.

564 1378 982 1433 Gloriosissimo
1031 1382 1203 1450 atque
1241 1375 1686 1431 clementissimo
1730 1374 1845 1431 ﬁlio
1879 1378 2122 1445 lttsrixo,

493 1475 771 1542 AUGUSTO,
799 1474 1077 1528 Honmsm
1113 1471 1430 1543 episcopus.

566 1589 721 1643 Inter
749 1605 815 1642 ea
835 1605 961 1660 qua
977 1588 1046 1642 ad
1066 1587 1349 1642 unitatem
1371 1587 1633 1640 Ecclesia
1661 1586 1970 1658 pertinent,
1991 1604 2124 1658 pro-

493 1684 620 1751 pter
638 1698 808 1751 quam
822 1682 971 1735 Deus
986 1679 1302 1734 clementia
1319 1682 1521 1733 vestra
1535 1679 1710 1750 elegit
1721 1680 2052 1751 imperium,
2067 1681 2126 1735 in

495 1774 695 1828 litteris
716 1773 1056 1840 contulistis,
1078 1774 1186 1828 hoc
1209 1788 1437 1845 quoque
1458 1773 1791 1827 venerabilis
1810 1774 2127 1844 imperator

493 1884 630 1921 cura
648 1867 801 1935 ﬁdei,
821 1866 913 1921 cui
930 1866 1316 1937 multipliciter
1332 1883 1427 1920 vos
1446 1866 1674 1922 studere
1689 1866 2006 1935 declaratis,
2026 1867 2123 1921 ad-

487 1959 649 2029 jecit,
675 1963 734 2014 ut
755 1960 1079 2031 aliquorum
1099 1976 1294 2031 preces
1314 1959 1672 2031 perferenda
1694 1960 1766 2014 ad
1788 1960 2128 2015 humilitatis

495 2070 637 2108 mea
650 2053 913 2108 notitiam
920 2053 1027 2125 jun
1034 2058 1323 2124 gerentur;
1333 2053 1538 2124 quibus
1549 2054 1635 2107 vel
1648 2053 1787 2124 quid
1801 2054 2130 2125 quastionis

497 2146 747 2201 oriretur
759 2163 1155 2217 agnoscerem,
1175 2146 1261 2201 vel
1275 2146 1345 2200 ad
1363 2146 1813 2201 submovendum
1831 2147 2132 2218 proposita

495 2241 924 2297 consultationis
954 2239 1294 2311 ambiguum
1316 2256 1652 2310 responsum
1675 2257 1708 2294 a
1736 2257 1829 2294 me
1849 2240 2131 2312 religiosa
2150 2242 2207 2314 B

498 2334 801 2390 sententia
828 2334 1171 2388 conveniens
1199 2332 1555 2399 redderetur,
1580 2333 1693 2404 legi
1714 2333 1909 2388 omnia
1935 2334 2132 2389 sollici-

497 2427 694 2483 tudine
724 2443 895 2498 quam
926 2426 1196 2493 decebat;
1237 2430 1294 2480 et
1341 2424 1471 2481 licet
1499 2426 1571 2480 ad
1596 2427 1857 2497 responsi
1884 2427 2127 2499 plenitu-

499 2520 693 2575 dinem
722 2519 978 2574 sufﬁcere
1004 2519 1295 2591 potuisset,
1326 2519 1371 2573 si
1396 2519 1492 2573 illa
1518 2522 1745 2574 tantum
1777 2537 1905 2591 qua
1931 2521 2002 2575 ab
2028 2538 2127 2575 au-

495 2615 747 2669 ctoribus
773 2617 906 2668 sunt
935 2612 1167 2669 deﬁnita
1193 2612 1630 2683 subscriberem,
1656 2619 1874 2682 tamen,
1908 2619 1968 2669 ut
1995 2615 2126 2669 reli-

499 2708 638 2780 giosi
682 2706 959 2779 propositi
1006 2706 1177 2761 vestri
1225 2722 1653 2761 remunerarem
1698 2707 1984 2778 affectum,
2012 2724 2130 2762 non

496 2801 949 2857 subtrahendum
993 2798 1206 2855 credidi
1244 2799 1387 2854 mihi
1411 2816 1640 2872 quoque
1666 2802 1949 2856 sermonis
1974 2802 2131 2857 obse-

500 2895 698 2966 quium
709 2936 720 2948 .

570 3017 698 3071 CAP.
729 3016 768 3067 l.
798 3014 943 3079 Quid
975 3015 1130 3069 enim
1159 3014 1419 3085 estquod
1440 3014 1867 3085 emergentibus
1893 3016 2132 3072 Nestorii

501 3114 557 3164 et
576 3109 882 3164 Eutichetis
902 3109 1135 3164 venenis
1155 3112 1396 3180 paterna
1412 3108 1603 3164 omisit
1616 3109 1913 3166 instructio
1928 3111 1956 3165 ?
1981 3113 2129 3167 Pene

500 3220 700 3258 omnes
721 3203 1043 3275 impietates
1061 3220 1192 3257 cum
1209 3203 1597 3258 inventoribus
1614 3207 1733 3258 tam
1752 3204 2130 3261 nefandorum
2146 3232 2149 3235 λ

500 3298 835 3369 «logmatum
874 3296 1271 3352 convenientia
1299 3296 1361 3350 in
1390 3312 1571 3351 unum
1605 3297 1873 3368 synodica
1903 3298 2131 3355 decreta

3582 808 3615 821 ξ

2138 872 2198 946 Α
2219 864 2415 916 tamen
2440 861 2575 916 ﬁdei
2601 862 2885 917 terminos
2916 865 3120 932 servat,
3143 861 3383 933 quilibet
3406 861 3662 916 curiosus
3691 877 3874 917 scru-

2221 957 2373 1010 tator
2391 954 2663 1027 inquirat.
2689 954 2882 1029 258
2904 957 3024 1011 Non
3040 971 3184 1028 Opus
3194 955 3509 1026 adjectione
3525 954 3736 1027 plebis,
3761 959 3881 1009 aut

2222 1048 2589 1103 instructione
2611 1049 2895 1120 perfectis,
2907 1048 3016 1104 nisi
3035 1049 3180 1105 forte
3198 1050 3418 1104 mavult
3430 1048 3743 1121 quisquam
3760 1049 3882 1103 du-

2222 1143 2401 1197 bitare
2434 1159 2605 1214 quam
2634 1143 2888 1213 credere,
2923 1146 3140 1198 certare
3162 1159 3338 1214 quam
3365 1158 3553 1211 nosse,
3575 1143 3739 1215 sequi
3762 1143 3880 1197 du-

2223 1236 2314 1291 bia
2340 1252 2514 1308 quam
2553 1253 2778 1291 servare
2809 1236 3053 1291 decreta.

2296 1331 2363 1384 ll.
2394 1331 2533 1383 Nam
2556 1330 2601 1384 si
2628 1329 2872 1384 Trinitas
2892 1330 3064 1396 Deus,
3088 1330 3197 1384 hoc
3223 1335 3329 1399 est,
3361 1331 3545 1397 Pater,
3575 1333 3633 1383 et
3662 1329 3875 1396 Filius,

2227 1428 2284 1478 et
2313 1422 2555 1494 Spiritus
2583 1426 2827 1478 sanctus.
2859 1424 3003 1478 Deus
3030 1427 3225 1477 autem
3251 1439 3401 1477 unus
3429 1423 3749 1494 specialiter
3778 1423 3873 1477 le-

2227 1516 2495 1587 gislatore
2516 1516 2741 1571 dicente
2766 1534 2779 1571 :
2803 1516 3016 1585 «Audi,
3044 1516 3233 1583 Israel,
3257 1516 3535 1571 Dominus
3555 1517 3707 1571 Deus
3732 1520 3880 1571 tuus

2228 1626 2373 1664 unus
2418 1614 2504 1664 est
2547 1609 2720 1678 (Deut.
2780 1627 2854 1677 v1,
2911 1610 2983 1681 3),
3012 1630 3040 1659 »
3081 1610 3179 1682 qui
3210 1610 3375 1664 aliter
3403 1609 3591 1677 habet,
3626 1626 3881 1665 necesse

2230 1708 2334 1771 est,
2363 1706 2463 1757 aut
2488 1703 2846 1757 divinitatem
2869 1703 2929 1758 in
2946 1705 3130 1757 multa
3155 1703 3389 1773 dividat,
3417 1707 3515 1759 aut
3539 1703 3882 1775 specialiter

2228 1797 2551 1868 passionem
2583 1796 2690 1868 ipsi
2719 1798 2979 1851 essentia
3004 1796 3610 1869 Trinitatisimpingat,
3634 1801 3692 1852 et
3705 1797 3879 1869 quod

2231 1886 2375 1941 absit
2412 1903 2447 1940 a
2474 1885 2734 1940 ﬁdelium
2765 1886 3073 1955 mentibus,
3105 1886 3213 1940 hoc
3244 1890 3348 1955 est,
3380 1890 3478 1940 aut
3502 1887 3692 1957 plures
3727 1887 3876 1941 deos

2229 2000 2391 2039 more
2427 1984 2674 2056 profana
2701 1984 3040 2054 gentilitatis
3069 1983 3357 2051 inducere,
3397 1987 3496 2038 aut
3532 1984 3876 2039 sensibilem

2231 2094 2456 2149 panam
2502 2078 2576 2133 ad
2612 2094 2743 2132 eam
2790 2082 3056 2132 naturam
3098 2093 3228 2148 qua
3268 2076 3459 2132 aliena
3490 2082 3574 2132 est
3598 2078 3671 2132 ab
3702 2079 3873 2132 omni

2229 2172 2490 2243 passione
2533 2171 2857 2226 transferre.
2892 2173 3080 2226 Unum
3120 2175 3207 2225 est
3229 2175 3423 2226 sancta
3448 2170 3715 2239 Trinitas,
3744 2188 3872 2227 non

2232 2266 2642 2337 multiplicatur
2683 2281 2948 2333 numero,
2995 2282 3101 2319 nec
3148 2265 3350 2320 crescit
3394 2267 3727 2337 augmento,
3761 2282 3876 2321 nec

2231 2362 2415 2431 potest
2445 2364 2545 2414 aut
2572 2358 2957 2429 intelligentia
2986 2358 3420 2431 comprehendi,
3448 2363 3546 2414 aut
3568 2359 3680 2414 hoc
3707 2361 3872 2430 quod

2229 2454 2380 2508 Deus
2423 2458 2507 2507 est
2549 2452 2891 2507 discretione
2921 2451 3165 2524 sejungi.
3198 2452 3337 2517 Quis
3367 2468 3506 2523 ergo
3538 2452 3618 2507 illi
3643 2456 3871 2508 secreto

2231 2554 2456 2603 aterna
2491 2545 3055 2618 impenetrabilisque
3101 2546 3453 2615 substantia,
3484 2548 3635 2618 quod
3667 2563 3865 2618 neque

2230 2642 2346 2695 ulla
2384 2640 2688 2695 visibilium
2730 2640 2819 2694 vel
2866 2639 3238 2694 invisibilium
3265 2642 3653 2695 creaturarum
3678 2641 3872 2712 potuit

2232 2734 2575 2805 investigare
2619 2738 2824 2789 natura
2865 2734 3168 2805 profanam
3195 2733 3532 2789 divisionem
3560 2736 3746 2789 tentet
3771 2734 3866 2788 in-

2230 2843 2447 2900 gerere,
2476 2832 2532 2883 et
2554 2827 2728 2882 divini
2756 2827 2949 2882 arcani
2975 2827 3315 2899 mysterium
3350 2844 3620 2883 revocare
3651 2828 3725 2882 ad
3750 2829 3869 2882 cal-

2232 2923 2426 2976 culum
2445 2920 2622 2976 moris
2641 2920 2925 2975 humani?
2940 2921 3262 2976 Adoramus
3287 2922 3533 2991 Patrem,
3555 2926 3613 2975 et
3630 2921 3867 2987 Filium,

2231 3018 2288 3070 et
2316 3014 2589 3086 Spiritum
2613 3019 2891 3081 sanctum,
2922 3013 3313 3069 indistinctam
3342 3014 3623 3081 distincte,
3653 3015 3871 3070 incom-

2231 3107 2679 3179 prehensihilem
2721 3111 2778 3162 et
2810 3106 3255 3162 inenarrabilem
3277 3108 3650 3163 substantiam
3674 3109 3868 3164 Trini-

2232 3202 2381 3272 tatis,
2405 3200 2502 3257 ubi
2528 3205 2586 3256 et
2612 3202 2658 3255 si
2688 3200 2943 3256 admittit
2967 3217 3275 3256 numerum
3295 3201 3441 3256 ratio
3461 3219 3865 3274 personarum,

2230 3294 2418 3349 unitas
2460 3300 2659 3350 tamen
2706 3312 2823 3350 non
2848 3294 3105 3349 admittit
3133 3295 3391 3350 essentia
3418 3296 3863 3367 separationem.

500 3394 841 3461 presserunt,
877 3407 979 3446 nec
1007 3391 1249 3446 ulterius
1301 3391 1576 3445 remansit
1616 3391 1772 3445 locus
1822 3392 1969 3446 ullus
2012 3398 2130 3448 tam
2198 3370 2312 3479 ilta
2338 3394 2529 3444 tamen
2558 3393 2620 3443 ut
2648 3403 2933 3443 servemus
2956 3388 3167 3444 divina
3218 3390 3452 3461 propria
3481 3394 3720 3459 natura,
3753 3409 3868 3447 ser-

499 3485 635 3539 diris
679 3484 932 3555 perﬁdia
978 3484 1290 3540 seminibus
1327 3483 1653 3556 amputatis,
1700 3490 1799 3540 aut
1840 3485 2131 3542 Christum
2162 3522 2179 3537 .

504 3579 801 3633 Dominum
857 3578 1087 3634 credere
1136 3579 1259 3633 sine
1306 3578 1490 3632 carnis
1523 3577 1695 3633 fuisse
1733 3580 1988 3648 veritate,
2034 3585 2132 3637 aut

501 3672 769 3727 eumdem
797 3688 915 3727 non
942 3679 1000 3727 et
1022 3674 1198 3728 Deum
1224 3674 1281 3726 et
1306 3671 1601 3727 hominem
1622 3672 1692 3727 de
1715 3674 1960 3727 materni
1984 3675 2132 3729 uteri

502 3768 847 3821 intemerata
887 3767 1235 3821 fecunditate
1275 3766 1571 3838 prodiisse,
1605 3782 1736 3821 cum
1762 3766 1905 3821 alter
1931 3784 2132 3823 eorum

503 3859 1006 3931 dispensationem,
1025 3877 1138 3931 qua
1153 3860 1353 3914 salvati
1368 3876 1563 3915 sumus
1580 3860 1841 3931 negando
1855 3866 2131 3931 quantum

500 3955 559 4007 in
602 3953 722 4022 ipso
767 3957 849 4006 est
877 3952 1093 4006 irritam
1122 3953 1352 4021 faceret,
1385 3954 1530 4007 alter
1560 3952 1829 4024 Opinione
1855 3955 2135 4010 contraria

502 4045 599 4098 sed
638 4044 936 4115 impietate
982 4044 1267 4099 consimili
1309 4045 1368 4099 in
1416 4045 1619 4100 eodem
1662 4047 1905 4102 Domino
1938 4052 2132 4105 nostro

502 4141 632 4193 .lesu
671 4137 891 4193 Christo
921 4141 1263 4210 potestatem
1295 4138 1547 4194 divinam
1568 4155 1601 4193 a
1621 4156 1757 4194 vera
1781 4140 2134 4199 humanitate

503 4231 856 4299 secluderet;
908 4248 1094 4304 neque
1124 4232 1218 4287 ille
1245 4232 1594 4301 recordatus,
1624 4233 1755 4304 quia
1784 4235 2133 4306 palpandam

502 4342 734 4380 carnem
773 4342 933 4380 suam
979 4326 1230 4381 Christus
1256 4327 1584 4397 ostenderit,
1616 4343 1804 4398 neque
1830 4328 1922 4383 ille
1950 4331 2132 4386 Evan-

503 4419 635 4490 gelii
672 4436 892 4474 memor
930 4420 1167 4475 verbum
1224 4437 1456 4475 carnem
1482 4423 1695 4475 factum
1727 4438 1846 4476 esse
1875 4422 2131 4494 dicentis,

501 4514 590 4568 cui
609 4530 717 4569 vox
744 4514 970 4569 Domini
988 4514 1379 4570 indeﬁcienter
1398 4515 1659 4569 insonare
1682 4515 1971 4584 debuerat,
1997 4519 2133 4589 quia

503 4607 642 4662 dixit
671 4612 728 4663 et
755 4608 944 4662 docuit
966 4625 979 4662 :
1003 4630 1029 4658 ‹‹
1062 4609 1238 4663 Nemo
1266 4608 1522 4664 ascendit
1557 4609 1615 4663 in
1636 4611 1866 4677 coelum,
1901 4610 2011 4665 nisi
2032 4613 2133 4683 qui

502 4702 569 4756 de
620 4702 758 4755 calo
808 4701 1123 4770 descendit,
1170 4701 1318 4756 ﬁlius
1362 4702 1611 4757 hominis
1655 4704 1754 4775 qui
1786 4708 1871 4759 est
1908 4704 1967 4759 in
1994 4705 2133 4760 calo

502 4796 672 4864 (ἆρα-η.
706 4811 787 4862 lli,
824 4795 929 4866 l3).
963 4817 990 4845 ››
1027 4797 1187 4867 Sape
1227 4796 1350 4851 had
1389 4800 1446 4851 et
1472 4797 1671 4852 multis
1699 4797 2131 4868 precedentium

499 4892 632 4943 sunt
660 4888 1070 4960 comprehensa
1093 4890 1409 4945 sententiis.
1446 4890 1555 4945 Sed
1582 4908 1688 4946 nec
1709 4892 2011 4947 clementia
2039 4908 2131 4945 ve-

2231 3498 2428 3536 vemus
2458 3482 2689 3553 propria
2716 3482 3021 3553 unicuique
3052 3499 3315 3554 persona
3346 3501 3359 3537 ;
3390 3485 3456 3537 ut
3479 3500 3584 3538 nec
3609 3486 3867 3555 personis

2233 3576 2544 3631 divinitatis
2571 3576 2934 3647 singularitas
2961 3576 3298 3648 denegetur,
3329 3594 3436 3632 nec
3461 3577 3528 3632 ad
3561 3579 3863 3635 essentiam

2235 3671 2343 3725 hoc
2370 3670 2519 3741 quod
2549 3673 2636 3724 est
2663 3669 2963 3742 proprium
2989 3670 3294 3725 nominum
3320 3672 3718 3728 transferatur.
3751 3674 3861 3728 Ma-

2236 3781 2412 3835 gnum
2465 3767 2550 3818 est
2588 3767 2798 3818 sancta
2841 3767 2898 3819 et
2928 3763 3498 3835 incomprehensibile
3526 3767 3860 3837 mysterium

2232 3858 2537 3912 Trinitatis.
2594 3858 2744 3912 Deus
2796 3860 2978 3925 Pater,
3027 3858 3177 3912 Deus
3220 3858 3409 3925 Filius,
3449 3860 3598 3914 Deus
3625 3860 3864 3931 Spiritus

2235 3955 2483 4018 sanctus,
2510 3950 2751 4006 Trinitas
2772 3950 3033 4006 indivisa.
3061 3952 3130 4005 Et
3153 3954 3347 4007 tamen
3375 3955 3579 4008 notum
3605 3956 3707 4021 est,
3732 3955 3862 4026 quia

2234 4044 2528 4117 proprium
2560 4047 2644 4099 est
2669 4045 2847 4099 Patris
2873 4049 2939 4099 ut
2965 4050 3269 4117 generaret
3300 4046 3525 4114 Filium,
3567 4048 3858 4119 proprium

2233 4137 2353 4193 Filii
2386 4138 2505 4205 Dei,
2534 4142 2600 4192 ut
2634 4154 2698 4193 ex
2720 4139 2880 4195 Patre
2905 4139 3059 4194 Patri
3085 4144 3411 4195 nasceretur
3433 4140 3689 4212 aqualis,
3723 4159 3852 4213 pro-

2232 4232 2420 4304 prium
2447 4232 2687 4303 Spiritus
2711 4232 2910 4303 sancti,
2929 4236 2996 4287 ut
3021 4233 3091 4289 de
3111 4235 3273 4289 Patre
3292 4236 3350 4290 et
3368 4234 3505 4289 Filio
3529 4237 3861 4306 procederet

2233 4327 2336 4381 sub
2362 4343 2477 4381 una
2503 4326 2816 4381 substantia
2833 4326 3078 4382 deitatis.

2306 4422 2395 4475 111.
2446 4421 2746 4492 Proprium
2792 4436 3020 4492 quoque
3050 4421 3175 4475 Filii
3206 4422 3325 4490 Dei,
3353 4427 3417 4476 ut
3439 4423 3602 4493 juxta
3631 4422 3688 4478 id
3713 4426 3855 4495 quod

2233 4514 2509 4585 scriptum
2535 4516 2639 4582 est,
2662 4514 2721 4568 in
2746 4513 3067 4569 novissimis
3090 4515 3440 4586 temporibus
3466 4516 3709 4571 Verbum
3735 4535 3857 4572 caro

2231 4607 2410 4675 ﬁeret,
2438 4611 2496 4661 et
2524 4607 2803 4662 habitaret
2830 4608 2890 4662 in
2916 4608 3101 4675 nobis,
3142 4608 3223 4663 ita
3250 4609 3400 4664 intra
3419 4609 3631 4664 viscera
3660 4614 3854 4665 sancta

2232 4652 2410 4675 -.μνη
2440 4652 2495 4661 υ-
2524 4652 2803 4662 .....,-...--.
2916 4652 3101 4675 ..--..,,
3142 4652 3223 4663 η..
3430 4652 3631 4664 μην...
3660 4652 3853 4665 mw“...

2187 4652 2214 4773 Ι
2233 4702 2418 4756 Maria
2449 4701 2688 4773 virginis
2726 4701 3017 4772 genitricis
3060 4703 3158 4758 Dei
3202 4703 3375 4758 unitis
3415 4703 3710 4775 utriusque
3737 4705 3853 4760 sine

2232 4793 2421 4866 aliqua
2449 4795 2781 4849 confusione
2807 4795 3048 4864 naturis,
3077 4800 3142 4851 ut
3167 4796 3266 4868 qui
3294 4799 3426 4851 ante
3460 4800 3716 4868 tempora
3739 4804 3853 4852 erat

2234 4887 2402 4942 Filius
2420 4888 2535 4955 Dei,
2555 4888 2715 4943 ﬁeret
2735 4888 2885 4943 ﬁlius
2905 4889 3172 4959 hominis,
3197 4892 3254 4945 et
3272 4894 3606 4945 nasceretur
3633 4889 3690 4945 in
3719 4895 3850 4946 tem-

500 4985 633 5051 stra,
651 4982 784 5037 licet
794 4982 919 5054 jam
939 4981 1089 5037 dicta
1110 4982 1241 5051 sint,
1261 4983 1554 5039 fastidiose
1567 4985 1777 5055 poterit
1789 4984 2032 5056 repetita
2045 5001 2135 5040 co-
2152 4989 2212 5062 D
2234 4998 2395 5053 pore,
2426 4982 2677 5036 hominis
2710 4982 2907 5037 matris
2934 4982 3159 5038 vulvam
3188 5000 3308 5039 non
3334 4984 3620 5055 aperiens,
3666 4987 3720 5040 et
3744 4985 3845 5039 vir-

501 5092 795 5146 gnoscere,
830 5092 932 5131 nee
960 5076 1125 5132 nobis
1150 5078 1334 5149 pudor
1366 5096 1432 5133 ea
1450 5095 1577 5150 qua
1604 5082 1735 5132 sunt
1760 5096 1793 5131 a
1814 5078 2130 5148 pradeces-

502 5168 724 5223 soribus
780 5170 986 5224 nostris
1041 5171 1353 5241 pradicata
1396 5171 1706 5226 revolvere.
1741 5171 1936 5241 Neque
1976 5171 2131 5226 enim

502 5262 770 5333 possibile
806 5268 908 5331 est,
953 5268 1013 5319 ut
1042 5264 1113 5319 sit
1152 5265 1447 5320 diversitas
1474 5263 1888 5335 praedicationis
1928 5264 2021 5319 ubi
2049 5272 2133 5321 est

500 5372 615 5410 una
632 5356 816 5409 forma
843 5356 1090 5412 veritatis
1115 5376 1128 5425 ;
1177 5375 1280 5413 nec
1312 5358 1383 5413 ab
1413 5374 1473 5411 re
1492 5356 1848 5427 judicabitur
1879 5357 2131 5414 alienum

497 5449 541 5503 si
568 5465 700 5503 cum
725 5447 813 5502 bis
837 5465 966 5503 cum
988 5450 1193 5522 quibus
1218 5448 1585 5506 convenimus
1606 5450 1715 5505 ﬁde
1743 5467 2131 5522 congruamus

499 5546 555 5597 et
586 5542 875 5615 dogmate.
907 5544 1291 5599 Revolvantur
1316 5543 1425 5614 piis
1453 5545 1908 5600 mansuetudinis
1933 5553 2133 5602 vestra

496 5636 727 5692 auribus
748 5636 971 5691 decreta
991 5636 1281 5707 synodica.
1304 5639 1373 5693 Et
1391 5637 1572 5711 beata
1592 5655 1752 5710 papa
1771 5640 1971 5694 Leonis
1990 5656 2128 5694 con-

497 5730 786 5785 venientia
800 5746 974 5793 sacra
1003 5730 1140 5783 ﬁdei
1166 5730 1498 5793 eonstitutal
1511 5732 1724 5788 Eadem
1750 5733 2050 5788 invenietis
2070 5733 2130 5789 in

500 5823 608 5875 illis
634 5839 762 5892 qua
787 5822 1199 5877 recensueretis
1226 5823 1287 5878 in
1316 5822 1542 5880 nostris.
1570 5826 1710 5891 Quid
1741 5844 1877 5899 ergo
1901 5829 1984 5881 est
2003 5829 2132 5897 post

499 5914 659 5967 illum
687 5915 900 5968 fontem
932 5914 1185 5969 ﬁdelium
1210 5918 1618 5974 statuendum?
1646 5920 1790 5984 Quid
1818 5918 2061 5990 amplius
2083 5920 2127 5975 si

2233 5075 2528 5146 ginitatem
2579 5075 2771 5129 matris
2807 5075 3030 5131 deitatis
3071 5077 3277 5133 virtute
3320 5093 3439 5132 non
3483 5078 3719 5133 solvens.
3766 5078 3847 5132 Di-

2233 5185 2415 5239 gnum
2436 5169 2602 5239 plane
2617 5170 2729 5224 Deo
2746 5173 3015 5225 nascente
3030 5170 3361 5243 mysterium
3372 5214 3385 5241 ,
3399 5174 3465 5226 ut
3479 5177 3725 5227 servaret
3734 5189 3845 5243 par-

2233 5266 2353 5317 tum
2385 5262 2505 5318 sine
2530 5262 2919 5335 corruptione,
2948 5264 3048 5336 qui
3074 5270 3416 5336 conceptum
3442 5265 3575 5321 fecit
3593 5282 3709 5321 esse
3738 5266 3844 5322 sine

2231 5356 2449 5412 semine
2486 5374 2721 5411 servans
2742 5357 2895 5429 quod
2922 5374 3000 5431 ex_
3020 5360 3186 5414 Patre
3213 5365 3335 5414 erat
3360 5363 3417 5414 et
3447 5363 3842 5431 reprasentans

2234 5450 2386 5521 quod
2412 5466 2480 5505 ex
2503 5453 2684 5505 matre
2712 5428 3149 5543 suscepinam
3174 5453 3375 5524 jacens
3393 5453 3451 5507 in
3480 5454 3749 5525 prasepio
3767 5453 3837 5506 vi-

2232 5544 2470 5599 debatur
2492 5544 2553 5598 in
2578 5544 2719 5598 coelo
2740 5562 2757 5614 ;
2791 5545 3059 5600 involutis
3078 5547 3288 5618 pannis
3307 5547 3576 5601 adoratur
3596 5563 3631 5600 a
3653 5547 3837 5618 magis,

2230 5636 2380 5693 inter
2403 5637 2677 5692 animalia
2711 5638 2897 5693 editus
2941 5639 3011 5694 ab
3050 5640 3272 5711 angelis
3298 5640 3616 5708 nuntiatur,
3652 5641 3738 5695 vix
3760 5642 3834 5695 in-

2233 5748 2455 5802 gressus
2502 5731 2802 5787 infantiam
2847 5732 3193 5788 annuntians
3220 5734 3520 5806 mysticam
3550 5734 3671 5790 sine
3700 5734 3837 5789 insti-

2231 5828 2426 5879 tuente
2454 5825 2810 5893 doctrinam;
2847 5827 2996 5882 inter
3024 5827 3356 5883 rudimenta
3370 5844 3651 5883 annorum
3675 5828 3836 5900 pueri-

2232 5918 2369 5972 lium
2415 5918 2587 5972 edens
2627 5920 2937 5976 calestium
2979 5920 3140 5992 signa
3188 5922 3483 5977 virtutum.
3518 5922 3669 5980 Idem
3697 5923 3830 5978 enim
