4040 6326
196 373 322 421 11⁵37

1432 367 1900 424 DECRETALIUM
1942 371 2330 424 CULLI‘IC'I‘IO.

3422 376 3548 423 Ima

190 477 337 530 Deus
384 479 445 530 et
494 477 665 530 homo
715 492 829 530 nou
875 480 938 530 ut
979 477 1050 530 ab
1098 460 1440 532 inﬁdelibus.
1468 476 1676 532 dicitur
1717 475 1820 531 sub
1841 485 1901 560 Α
1921 477 2187 532 manibus
2213 479 2407 533 omnia
2427 480 2558 550 sint,
2579 485 2637 534 et
2662 480 2934 551 synodica
2959 479 3290 546 constituta,
3320 485 3378 535 et
3398 480 3550 536 beati

191 574 397 640 quarta
437 569 862 625 introductione
905 586 1182 642 personae,
1207 571 1306 626 sed
1354 571 1474 642 ipse
1513 571 1610 626 Dei
1654 571 1824 626 Filius

192 667 333 718 Deus
369 666 428 718 et
464 664 633 718 homo
663 663 818 718 idem
841 664 1019 719 virtus
1063 667 1119 719 et
1155 665 1479 736 inﬁrmitas,
1512 665 1820 736 humilitas,

190 761 246 810 et
271 757 565 828 majestas,
591 757 899 825 redimens,
922 763 979 812 et
1006 758 1288 828 venditus,
1310 759 1369 813 in
1393 776 1558 814 cruce
1582 759 1820 831 positus,

189 857 244 906 et
270 852 401 906 coeli
428 868 611 922 regna
638 852 896 923 largitus.
927 854 1010 907 lta
1041 857 1249 908 nostrae
1278 853 1627 908 inﬁrmitatis
1656 853 1826 925 parti-

189 962 320 1017 ceps
360 948 423 999 ut
460 945 639 1017 possit
667 945 937 1016 interimi,
966 947 1044 1001 ita
1084 947 1357 1017 ingenitae
1396 947 1668 1018 potentia:
1710 948 1820 1002 Do-

189 1040 382 1094 minus
410 1056 486 1094 ne
514 1039 692 1110 possit
731 1045 914 1095 morte
949 1041 1230 1095 consumi.
1261 1041 1524 1112 Sepultus
1551 1045 1635 1096 est
1659 1041 1825 1111 juxta

191 1134 242 1188 id
271 1133 435 1204 quod
477 1133 653 1188 homo
680 1133 860 1189 voluit
895 1134 1080 1201 nasci;
1113 1138 1170 1190 et
1188 1134 1357 1205 juxta
1383 1135 1442 1189 id
1479 1135 1632 1206 quod
1673 1135 1825 1190 Patri

189 1230 312 1281 erat
331 1227 556 1296 similis,
584 1227 912 1296 resurrexit,
931 1228 1153 1299 patiens
1173 1230 1475 1283 vulnerum
1498 1231 1555 1282 et
1578 1229 1826 1285 Salvator

189 1338 482 1392 aegrorum
528 1337 676 1376 unus
719 1322 1140 1392 defunctorum,
1170 1326 1228 1378 et
1252 1322 1565 1378 viviﬁcator
1603 1323 1820 1378 obeun-

191 1417 354 1483 tium,
375 1415 449 1470 ad
471 1415 700 1471 inferna
727 1416 1096 1484 descendens,
1119 1421 1174 1472 et
1194 1433 1227 1471 a
1252 1417 1430 1472 Patris
1462 1417 1682 1489 gremio
1707 1434 1825 1472 non

192 1510 486 1564 recedens.
512 1510 670 1565 Unde
695 1513 751 1564 et
778 1511 1030 1564 animam
1059 1527 1229 1581 quam
1253 1527 1357 1582 pro
1385 1512 1678 1566 communi
1699 1527 1825 1566 con-

192 1604 403 1657 ditionc
450 1604 660 1674 posuit,
692 1621 798 1675 pro
846 1604 1123 1674 singulari
1160 1605 1364 1660 virtute
1404 1609 1462 1658 et
1507 1605 1823 1660 admirabili

189 1697 454 1768 potentia
496 1713 632 1751 mox
677 1699 1002 1769 resumpsit.
1051 1700 1178 1752 Haec
1218 1698 1294 1753 ita
1325 1714 1471 1766 esse,
1506 1714 1609 1753 nec
1651 1699 1822 1752 ullam

190 1791 612 1846 dubitationem
635 1794 900 1862 oportere
928 1791 1196 1862 recipere,
1228 1792 1284 1846 id
1316 1797 1418 1859 est,
1449 1809 1521 1847 ne
1552 1792 1824 1847 Dominus

1921 588 2085 643 papae
2127 573 2328 627 Leonis
2377 573 2662 644 dogmata,
2691 573 3106 645 perstrinxisse,
3137 573 3324 644 potius
3366 590 3551 645 pauca

1923 681 2092 736 quam
2119 667 2373 722 evolvere
2397 667 2611 722 credidi
2631 667 3068 722 convenientius
3089 667 3371 722 universa.
3395 669 3553 723 Nunc
3577 680 3586 688 '

1924 775 2056 815 vero
2088 777 2399 831 agnoscere
2437 761 2570 816 satis
2601 766 2686 817 est
2727 766 2785 816 et
2829 778 3046 830 cavere,
3078 761 3158 816 ita
3202 761 3552 834 proprietate

1925 857 1982 907 et
2012 853 2312 909 essentiam
2341 854 2706 927 cogitandam
2734 858 2798 910 ut
2827 854 3036 910 sciatur
3072 855 3228 927 quod
3268 872 3548 926 personae,

1923 947 2075 1019 quod
2100 964 2200 1002 nos
2239 952 2500 1020 oporteat
2527 949 2750 1004 deferre
2781 949 3127 1004 substantite.
3173 951 3307 1012 Quae
3337 950 3432 1020 qui
3461 949 3548 1002 in-

1925 1041 2189 1097 decenter
2209 1042 2496 1113 ignorant,
2514 1046 2613 1097 aut
2633 1043 2834 1098 callida
2854 1043 3148 1115 impietate
3171 1043 3549 1107 dissimulant,

1925 1135 2064 1190 dum
2102 1136 2376 1191 omittunt
2417 1137 2570 1208 quod
2606 1137 2678 1192 sit
2703 1137 2999 1209 proprium
3040 1137 3164 1192 Filii
3195 1137 3252 1191 in
3281 1136 3552 1191 Trinitate

1923 1230 2166 1285 tendunt
2196 1230 2432 1285 insidias
2459 1231 2682 1286 unitati.
2712 1231 2825 1286 Sed
2845 1232 2891 1286 si
2918 1247 3044 1303 quae
3076 1231 3382 1303 praedicata
3400 1235 3549 1296 sunt,

1924 1323 2122 1377 validis
2151 1327 2449 1378 teneantur
2473 1325 2581 1378 ﬁxa
2609 1325 2915 1392 radicibus,
2943 1341 3047 1379 nec
3069 1341 3101 1378 a
3123 1329 3361 1395 paterna
3387 1323 3555 1378 tradi-

1925 1417 2080 1472 tione
2101 1418 2407 1486 receditur,
2425 1423 2480 1474 et
2492 1420 2822 1473 constanter
2843 1418 3253 1490 quaestionibus
3271 1418 3548 1472 obviatur.

1995 1509 2168 1562 Sacra
2195 1510 2397 1563 Justim'
2419 1510 2762 1578 imperatoris
2787 1509 2862 1562 ad
2887 1508 3231 1562 Hormisdam
3252 1523 3478 1578 papam.

1995 1597 2387 1652 Sacratissimo
2432 1613 2498 1651 ac
2540 1597 2868 1653 beatissimo
2913 1597 3338 1667 archiepiscopo
3387 1596 3552 1650 almae

1921 1687 2080 1741 urbis
2125 1688 2326 1742 Romae
2357 1689 2416 1740 et
2447 1687 2785 1758 patriarcha:
2818 1689 3128 1753 Honuisna,
3155 1688 3410 1742 Jusrmus
3441 1686 3550 1740 im-

1926 1779 2176 1847 perator.

192 1889 387 1940 noster
429 1887 588 1940 Iesus
629 1885 884 1940 Christus
927 1890 1026 1940 aut
1063 1886 1213 1940 inter
1241 1885 1496 1958 corporis
1538 1886 1824 1958 passiones

1995 1867 2146 1922 Scias
2217 1865 2414 1935 nobis,
2482 1868 2648 1921 Pater
2723 1865 3174 1937 religiosissime,
3238 1865 3394 1937 quod
3460 1865 3557 1920 diu

192 1980 340 2034 Deus
391 1995 508 2034 non
557 1995 680 2034 esse
730 1980 1077 2046 crederetur,
1127 1983 1226 2034 aut
1281 1997 1353 2034 ne
1403 1981 1550 2034 Deus
1601 1983 1824 2034 tantum

191 2089 310 2127 non
341 2073 514 2128 etiam
555 2073 732 2128 homo
766 2073 914 2128 inter
940 2090 1114 2144 opera
1151 2073 1502 2128 mirabilium
1541 2074 1827 2145 stupenda

192 2167 468 2231 virtutum
502 2167 799 2239 proposito
825 2183 931 2222 nos
961 2169 1209 2222 duorum
1234 2167 1618 2239 apostolorum
1642 2168 1823 2222 infor-

191 2261 372 2315 mavit
415 2262 676 2332 exemplo
723 2263 900 2316 Deum
949 2279 1072 2316 esse
1112 2278 1170 2317 se
1203 2261 1486 2317 Christum
1523 2262 1826 2316 Dominum

190 2359 457 2410 nostrum
502 2354 654 2409 Petri
699 2355 829 2419 ﬁde,
858 2355 1154 2411 hominem
1199 2356 1428 2410 Thomas
1472 2355 1827 2411 dubitatione

193 2449 510 2504 declarans.
540 2449 687 2513 Quid
714 2449 1006 2518 intererat,
1031 2453 1098 2504 ut
1116 2466 1290 2520 quem
1309 2467 1368 2504 se
1396 2449 1659 2504 homines
1683 2449 1830 2504 dice-

194 2549 319 2598 rent
343 2543 652 2615 discipulos
679 2543 845 2598 vellet
871 2543 1209 2615 inquaerere,
1231 2543 1338 2598 nisi
1357 2548 1421 2598 ut
1447 2543 1829 2615 respondente

193 2640 362 2692 Petro
398 2655 411 2692 :
450 2637 588 2691 «Tu
636 2653 696 2690 es
740 2637 995 2691 Christus
1043 2637 1213 2691 Filius
1257 2637 1356 2692 Dei
1401 2637 1510 2691 vivi
1537 2637 1710 2708 (Joan.
1752 2653 1826 2704 ΙΙ,

191 2735 306 2802 27),
333 2753 361 2781 ››
395 2730 672 2786 fateretur
693 2748 809 2785 non
838 2731 948 2786 hoc
979 2731 1048 2785 de
1089 2748 1257 2785 carne
1297 2736 1355 2786 et
1385 2731 1661 2802 sanguine
1692 2747 1826 2802 pro-

195 2825 403 2893 ditum,
432 2825 531 2879 sed
564 2827 730 2880 Patre
762 2826 877 2880 Deo
915 2825 1229 2896 inspirante
1270 2826 1609 2892 revelatum,
1640 2827 1703 2878 ut
1730 2841 1832 2896 per

193 2919 585 2974 testimonium
610 2919 847 2975 laudare
867 2919 1252 2992 responsionis
1272 2919 1412 2974 ﬁdes
1431 2918 1725 2990 pateﬁeret
1739 2935 1832 2972 ve-

198 3014 417 3068 ritatis?
445 3013 593 3077 Quid
632 3014 801 3068 etiam
830 3013 1121 3082 intererat,
1149 3016 1215 3068 ut
1237 3017 1552 3085 apparente
1584 3015 1711 3084 post
1740 3029 1828 3067 re-

195 3108 613 3163 surrectionem
639 3107 896 3177 Domino,
918 3108 1166 3162 Thomas
1184 3111 1411 3162 tantum
1430 3107 1648 3162 abesset
1670 3110 1834 3162 etate-

197 3203 296 3270 ris,
331 3206 395 3256 ut
433 3203 588 3256 solus
620 3201 962 3273 ambigeret,
993 3205 1056 3256 ut
1093 3202 1230 3256 dum
1273 3201 1440 3255 unius
1480 3201 1743 3255 manibus
1773 3217 1830 3256 se
1850 3229 1906 3304 Ο

196 3300 492 3368 pateretur
519 3296 704 3366 tangi,
731 3296 801 3349 ab
830 3295 1195 3350 universitate
1220 3295 1475 3349 ﬁdelium
1511 3295 1637 3366 quis
1663 3299 1828 3362 esset,

201 3391 376 3462 possit
415 3389 648 3462 agnosci
664 3389 691 3444 ‘?
738 3391 858 3444 Non
899 3407 1037 3461 ergo
1081 3390 1152 3443 ad
1201 3389 1616 3460 explorandum
1662 3389 1831 3443 disci-

199 3486 403 3556 pulum
433 3483 768 3555 interposita
801 3488 887 3538 est
911 3483 1184 3538 dubitatio
1216 3484 1317 3537 sed
1345 3483 1580 3554 quaesita
1606 3499 1833 3553 prospe-

201 3579 382 3633 ritatis
407 3577 726 3633 instructio.
742 3581 824 3632 An
847 3593 918 3632 ne
939 3577 1088 3631 aliud
1117 3580 1404 3648 exspectat
1428 3576 1580 3646 quod
1602 3593 1659 3630 se
1682 3576 1831 3630 idem

205 3672 482 3726 Dominus
525 3672 788 3742 Cleophae
819 3687 948 3724 cum
976 3670 1088 3724 alio
1119 3670 1410 3741 discipulo,
1441 3686 1571 3724 cum
1599 3669 1670 3724 ad
1701 3671 1830 3722 Em-

203 3783 368 3821 maus
422 3765 717 3820 tendentes
779 3765 849 3818 de
895 3781 953 3820 se
1004 3764 1403 3835 loquerentur,
1449 3763 1708 3818 inseruit.
1770 3765 1834 3816 Et

201 3875 537 3931 quanquam
554 3859 622 3913 de
639 3858 1050 3914 resurrectione
1067 3857 1292 3912 Domini
1306 3874 1410 3928 per
1420 3857 1686 3912 mulieres
1705 3873 1833 3928 quae

201 3954 401 4026 prima:
432 3953 505 4008 ad
534 3955 978 4008 monumentum
1009 3955 1414 4019 convenerant,
1449 3951 1832 4023 agnovissent,

202 4054 393 4103 tamen
420 4051 485 4102 ut
510 4063 612 4118 per
637 4064 833 4102 eorum
865 4046 1279 4102 dubitationem
1308 4047 1466 4102 daret
1494 4045 1696 4100 futuris
1726 4062 1832 4100 sre-

202 4144 344 4198 culis
370 4141 638 4197 credendi
658 4141 986 4196 ﬁrmitatem
1019 4140 1296 4212 incipiens
1312 4157 1344 4194 a
1367 4141 1553 4211 Moyse
1578 4145 1634 4194 et
1655 4139 1836 4194 omni-

201 4237 308 4292 bus
337 4235 636 4308 pr0phetis
669 4256 695 4287 «
722 4235 1036 4307 oportuisse
1068 4235 1353 4289 Christum
1383 4234 1520 4304 pati,
1551 4237 1607 4287 et
1635 4234 1713 4288 ita
1743 4233 1832 4286 in-

201 4337 355 4386 trare
389 4331 459 4384 in
500 4330 744 4401 gloriam
788 4345 948 4383 suam
982 4331 1125 4398 (Luc.
1177 4343 1322 4393 xxxv,
1351 4326 1460 4397 26),
1491 4347 1518 4376 »
1554 4327 1833 4396 interpre-

203 4429 372 4480 tatur.
419 4423 682 4478 Ostendit
711 4439 812 4494 per
849 4423 1168 4494 passionem
1209 4424 1526 4476 humanam
1570 4422 1835 4474 naturam

209 4525 264 4573 et
291 4517 546 4573 divinam
573 4518 631 4571 in
653 4533 720 4572 eo
749 4533 866 4572 esse
894 4533 997 4587 per
1023 4516 1259 4588 gloriam
1289 4513 1696 4586 multiplicibus
1715 4513 1838 4567 haec

1927 1955 2164 2011 summis
2181 1955 2382 2010 studiis
2404 1955 2770 2025 quaerebatur
2790 1955 3154 2025 patefactum,
3175 1960 3232 2010 et
3249 1959 3556 2025 antequam

1927 2049 2281 2118 advenerint,
2303 2049 2454 2120 quia
2474 2049 2636 2102 nobis
2666 2048 2929 2103 destinati
2962 2052 3113 2116 sunt,
3135 2048 3289 2120 quod
3312 2049 3558 2103 Joannes

1925 2143 2012 2198 vir
2055 2143 2420 2198 beatissimus
2468 2141 2704 2197 antistes
2745 2157 2906 2196 novae
2952 2143 3146 2196 Romae
3189 2145 3401 2206 noster,
3445 2157 3560 2196 una

1927 2255 2057 2292 cum
2084 2237 2234 2291 clero
2262 2236 2421 2290 vobis
2445 2236 2829 2303 consentiunt,
2861 2235 3030 2290 nullis
3056 2236 3339 2290 variantes
3373 2234 3554 2288 ambi-

1929 2331 2257 2403 guitatibus,
2295 2330 2470 2386 nullis
2525 2329 2688 2384 divisi
2745 2329 3056 2384 discordiis.
3113 2329 3261 2385 Scias
3305 2328 3556 2383 libellum

1927 2425 1997 2480 ab
2039 2441 2106 2480 eo
2155 2425 2535 2495 subscriptum
2583 2439 2755 2495 quem
2804 2422 3160 2478 offerendum
3208 2422 3559 2477 iudicaveras

1928 2518 2412 2574 sanctissimorum
2444 2520 2677 2572 Patrum
2705 2516 2946 2572 concilio
2976 2519 3416 2587 congruentem,
3446 2532 3560 2586 quo

1929 2630 2126 2668 omnes
2171 2616 2518 2666 concurrunt
2558 2611 2730 2666 alacri
2774 2626 2943 2682 opere
2999 2609 3360 2680 suscipienda
3407 2613 3556 2675 vota,

1927 2712 2048 2762 tam
2078 2709 2286 2761 nostris
2327 2721 2502 2777 quam
2547 2703 3197 2775 Constantinopolitanae
3241 2702 3389 2757 sedis
3415 2718 3560 2773 quos

1929 2799 2180 2855 veritatis
2225 2816 2490 2854 coruscus
2532 2798 2721 2870 fulgor
2756 2797 3058 2852 illuminat.
3095 2797 3307 2852 Omnes
3343 2795 3558 2852 accele-

1932 2899 2063 2980 rant
2090 2893 2465 2949 libentissime
2508 2909 2652 2964 quos
2685 2891 2931 2947 oblectat
2957 2891 3048 2945 via
3076 2889 3346 2959 dilucida,
3372 2892 3438 2945 ut
3467 2906 3558 2944 se-

1931 2993 2178 3061 quantur
2203 2987 2343 3043 scita
2370 2989 2600 3042 Patrum
2631 2985 3008 3041 sanctissimas
3049 2985 3204 3056 leges
3234 2983 3557 3055 probatissi-

1931 3098 2186 3153 masque,
2204 3087 2262 3136 et
2281 3081 2528 3137 consiliis
2549 3079 2930 3153 quorumdam
2957 3079 3214 3148 ﬁrmatis,
3228 3077 3326 3150 qui
3342 3082 3562 3133 rectum

1932 3176 2202 3231 tenebant
2234 3175 2519 3232 tramitem
2561 3175 2805 3229 aliorum
2845 3173 3108 3228 correctis
3143 3171 3242 3243 qui
3267 3171 3561 3242 vagaban-

1935 3275 2046 3337 tur,
2077 3271 2283 3324 incerti
2308 3271 2368 3324 in
2411 3286 2506 3324 eos
2544 3286 2635 3322 res
2666 3267 2970 3338 colligitur,
3002 3270 3065 3320 ut
3104 3264 3384 3320 unitatem
3413 3265 3560 3319 indi-

1933 3364 2116 3418 viduaa
2145 3363 2436 3417 Trinitatis
2460 3362 2568 3433 ipsi
2597 3377 2827 3432 quoque
2857 3361 2916 3414 in
2946 3359 3166 3414 unitate
3193 3360 3380 3413 colant
3407 3375 3561 3412 men-

1935 3457 2096 3523 tium,
2122 3461 2395 3527 negatum
2423 3460 2506 3510 est
2535 3455 2683 3510 inter
2712 3454 2900 3508 divina
2925 3451 3192 3524 mysteria
3219 3451 3561 3506 memoriam

1934 3552 1991 3606 in
2018 3555 2309 3622 posterum
2340 3549 2463 3603 ﬁeri
2507 3548 2681 3603 libelli
2727 3563 2896 3619 quem
2930 3546 3175 3600 diximus
3199 3545 3387 3600 Acacii
3412 3562 3558 3616 prm-

1935 3645 2259 3700 varicatoris
2285 3643 2573 3715 quondam
2591 3641 2764 3713 regiae
2780 3641 2950 3711 hujus
2968 3639 3124 3694 urbis
3144 3639 3416 3710 episcopi,
3435 3655 3565 3692 nec-

1935 3757 2047 3794 non
2091 3743 2145 3792 et
2188 3738 2430 3793 aliorum
2479 3735 2863 3792 sacerdotium
2907 3735 3006 3806 qui
3030 3735 3117 3788 vel
3145 3733 3316 3804 primi
3359 3736 3560 3787 contra

1935 3833 2234 3888 constituta
2259 3835 2544 3887 venerunt
2566 3830 2898 3902 apostolica,
2920 3829 3006 3884 vel
3033 3843 3383 3883 successores
3411 3843 3564 3881 erro-

1936 3928 2011 3982 ris
2036 3928 2166 3983 facti
2199 3931 2350 3993 sunt,
2383 3929 2439 3981 et
2465 3926 2626 3981 nulla
2654 3941 2833 3996 usque
2863 3924 2933 3979 ad
2959 3922 3225 3978 ultimum
3252 3921 3407 3976 diem
3433 3925 3566 3976 sunt

1935 4022 2272 4093 poenitentia
2301 4019 2555 4076 correcti.
2580 4021 2648 4074 Et
2669 4019 2943 4091 quoniam
2975 4033 3180 4072 omnes
3212 4017 3420 4070 nostrae
3441 4013 3568 4068 reli-

1938 4115 2121 4186 gionis
2145 4113 2492 4170 admonendi
2532 4116 2684 4182 sunt,
2714 4115 2780 4167 ut
2808 4110 3133 4182 exemplum
3162 4110 3458 4164 imitentur
3486 4107 3563 4162 ci-

1935 4209 2120 4264 vitatis
2147 4209 2342 4280 regim,
2375 4207 2712 4261 destinanda
2739 4206 2950 4276 ubique
2983 4203 3322 4275 principalia
3348 4218 3562 4273 praece-

1937 4309 2035 4373 pta
2084 4301 2384 4356 ediximus.
2429 4301 2607 4354 Tanto
2651 4299 2966 4368 ﬂagramus
3012 4295 3306 4366 religionis
3353 4293 3561 4360 ofﬁcio,

1936 4400 2096 4450 tanto
2121 4394 2450 4448 affectamus
2479 4393 2667 4447 studio
2706 4408 2899 4463 pacem
2951 4389 3243 4444 catholicae
3283 4387 3413 4443 ﬁdei
3463 4405 3564 4458 pro

1937 4487 2356 4544 remuneranda
2399 4486 2654 4541 celeriter
2707 4501 2928 4556 pacem,
2975 4487 3185 4538 nostrae
3240 4480 3564 4553 reipublicae

207 4616 536 4668 sanctarum
558 4611 984 4682 Scripturarum
1015 4611 1382 4665 insinuantur
1407 4607 1704 4679 exemplis.
1730 4609 1838 4662 Nec
1857 4603 1916 4675 D
1939 4599 2042 4682 Ιξνίξ
2067 4580 2441 4682 fon-011131149
2488 4579 2764 4682 subjectis.
2800 4592 3234 4682 meis‘superno
3275 4574 3562 4682 praesumo:

206 4706 357 4778 apud
412 4705 738 4777 religiosam
792 4703 1196 4759 conscientiam
1264 4710 1448 4770 tuam,
1503 4701 1839 4758 venerabilis

209 4801 546 4872 imperator,
563 4804 835 4870 tanquam
853 4797 1051 4869 ignota
1071 4797 1357 4864 dicuntur,
1379 4797 1522 4852 ﬁdes
1543 4797 1696 4852 enim
1718 4797 1840 4867 ipsa

209 4911 378 4965 quam
406 4910 440 4947 a
471 4895 526 4946 te
554 4897 880 4948 constanter
905 4891 1173 4946 asseritur
1199 4891 1321 4959 tibi,
1352 4891 1538 4946 reddit
1573 4892 1680 4946 hoc
1711 4907 1839 4944 mu-

210 4987 382 5054 neris,
411 4991 477 5041 ut
523 4986 782 5040 sensibus
831 4987 943 5040 tuis
988 4988 1045 5039 et
1081 4985 1347 5040 affectum
1391 4983 1479 5038 sui
1523 4985 1752 5053 inferat,
1785 4988 1842 5038 et

211 5081 505 5135 scientiam
532 5096 636 5152 per
660 5097 833 5150 quam
863 5079 1191 5150 diligentius
1220 5081 1526 5144 asseratur,
1557 5078 1838 5133 infundat.

215 5177 278 5230 Et
310 5178 506 5228 tamen
554 5172 788 5229 interest
831 5172 1266 5244 dispensationis
1312 5171 1455 5226 mihi
1495 5171 1748 5238 creditae,
1780 5176 1845 5226 ut

214 5284 317 5338 ego
350 5283 580 5339 quoque
604 5268 690 5322 vel
715 5267 863 5339 apud
901 5267 1142 5322 scientes
1165 5272 1320 5336 nota,
1357 5283 1468 5319 non
1511 5268 1746 5333 taceam,
1779 5269 1845 5319 ut

215 5361 550 5416 succedente
591 5361 698 5415 sibi
735 5378 839 5432 per
866 5361 1018 5415 vices
1061 5363 1388 5433 temporum
1433 5358 1843 5413 catholicorum

215 5453 620 5526 praedicatione
640 5471 934 5522 sensuum,
959 5453 1112 5525 quod
1142 5453 1531 5508 indeﬁcienter
1553 5450 1842 5518 asseritur,
1868 5425 1907 5546 ί

216 5548 336 5603 sine
361 5547 476 5604 ﬁne
503 5548 786 5618 credatur,
815 5548 982 5602 latius
1025 5547 1145 5600 haec
1176 5564 1304 5618 quae
1335 5547 1406 5602 ad
1437 5545 1706 5600 deitatem
1738 5544 1842 5597 hu-

218 5643 671 5715 manitatemque
696 5642 923 5697 Domini
949 5641 1129 5695 nostri
1153 5641 1280 5694 Jesu
1307 5639 1516 5695 Christi
1535 5637 1844 5711 pertinent,

218 5740 274 5790 et
301 5736 363 5790 in
391 5751 458 5790 eo
498 5736 686 5791 unitas
728 5737 850 5790 sine
896 5733 1228 5790 confusione
1270 5737 1504 5788 naturas
1547 5731 1730 5804 potui,
1758 5747 1846 5784 se-

220 5830 473 5884 cundum
487 5833 748 5886 veterum
773 5829 1009 5885 deﬁnita
1029 5829 1328 5894 disserere,
1347 5826 1392 5882 si
1418 5830 1566 5882 esset
1582 5827 1849 5881 adversus

223 5941 312 5978 eos
355 5924 452 5997 qui
500 5923 587 5980 his
636 5924 947 5980 discutiunt
991 5923 1415 5997 disputandum.
1465 5921 1574 5978 Sed
1617 5936 1745 5976 cum
1789 5919 1847 5976 in

1940 4675 2088 4740 Quid
2108 4673 2262 4730 enim
2291 4673 2504 4744 gratius
2534 4671 2770 4743 reperiri
2790 4674 2995 4742 potest,
3017 4668 3151 4740 quid
3174 4667 3402 4740 justius,
3427 4667 3566 4738 quid

1939 4768 2228 4834 illustrius,
2248 4783 2420 4839 quam
2437 4766 2564 4838 quis
2584 4765 2736 4821 idem
2761 4780 3010 4836 regnum
3028 4761 3284 4818 continet
3297 4761 3564 4832 idemque

1940 4863 2072 4918 ﬁdei
2119 4862 2303 4916 cultus
2341 4859 2593 4927 irradiat,
2636 4876 2730 4915 eos
2772 4875 2891 4914 non
2937 4858 3158 4912 diversa
3200 4854 3564 4922 contendere,

1941 4959 2036 5013 sed
2066 4955 2312 5012 collectis
2351 4955 2410 5009 in
2456 4954 2674 5010 eisdem
2715 4953 2973 5008 sensibus
3017 4951 3275 5006 instituta
3308 4948 3566 5004 venerari

1943 5070 2056 5107 non
2110 5052 2364 5107 humana
2414 5053 2608 5104 mente
2657 5048 2831 5113 illata,
2878 5045 2980 5101 sed
3026 5047 3084 5100 in
3132 5043 3336 5098 divinae
3379 5041 3566 5115 provi-

1942 5145 2147 5201 dentiae
2178 5144 2440 5216 spiritum
2457 5143 2484 5197 ?
2513 5143 2651 5197 Oret
2678 5140 2854 5212 igitur
2881 5144 3081 5194 vestrm
3112 5137 3406 5210 religionis
3433 5153 3566 5191 san-

1944 5240 2124 5306 ctitas,
2148 5241 2215 5294 ut
2243 5237 2398 5310 quod
2427 5234 2689 5308 pervigili
2716 5233 2904 5288 studio
2929 5250 3032 5306 pro
3062 5231 3364 5287 concordia
3390 5231 3572 5286 Eccle-

1945 5335 2158 5389 siarum
2198 5331 2492 5388 catholica:
2536 5329 2667 5385 ﬁdei
2708 5330 3069 5401 procuratur,
3099 5325 3278 5380 divini
3317 5324 3572 5380 muneris

1947 5427 2243 5499 opitulatio
2287 5425 2415 5499 jugi
2466 5423 2847 5497 perpetuitate
2887 5421 3101 5477 servari
3146 5423 3381 5476 annuat.
3434 5420 3571 5472 Data

1947 5521 2167 5575 decimo
2196 5520 2481 5576 Kalendas
2511 5517 2656 5584 Maii,
2683 5515 3187 5586 Constantinopoli.

1943 5614 2181 5669 Libellus
2237 5615 2366 5684 ﬁdei
2410 5615 2634 5669 Joannis
2705 5609 3292 5684 Constantinopolitani
3341 5606 3577 5684 episcopi

2018 5678 2252 5738 directus
2296 5686 2370 5739 ad
2423 5690 2672 5740 sanctum
2715 5681 3059 5740 Hormisdam
3095 5693 3320 5749 papam,
3364 5678 3423 5730 in
3470 5691 3575 5745 quo

2017 5756 2446 5810 anathematizat
2474 5756 2711 5812 Nestom‘t'
2742 5758 2792 5810 et
2835 5752 3131 5810 Eutichetis
3165 5754 3214 5805 et
3243 5749 3576 5818 reliquorum

2021 5828 2382 5882 haereticorum
2413 5827 2791 5896 blasphemias.

2021 5914 2274 5974 Redditis
2295 5913 2434 5972 mihi
2465 5913 2668 5970 litteris
2695 5918 2895 5970 vestra:
2921 5909 3232 5971 sanctitatis
3258 5909 3313 5964 in
3334 5908 3575 5976 Christo,
