  <div class='ocr_page' id='page_1' title='image "/cluster/home/n/w/nwhite01/storage/ocr_20150623/130/umn.319510024774230/595.png"; bbox 0 0 4040 6326; ppageno 0'>
   <div class='ocr_carea' id='block_1_1' title="bbox 484 380 618 435">
    <p class='ocr_par' dir='ltr' id='par_1_1' title="bbox 484 380 618 435">
     <span class='ocr_line' id='line_1_1' title="bbox 484 380 618 435; baseline 0 -2"><span class='ocrx_word' id='word_1_1' title='bbox 484 380 618 435; x_wconf 70' lang='grc'><strong>1039</strong></span> 
     </span>
    </p>
   </div>
   <div class='ocr_carea' id='block_1_2' title="bbox 1376 375 2961 462">
    <p class='ocr_par' dir='ltr' id='par_1_2' title="bbox 1376 375 2961 462">
     <span class='ocr_line' id='line_1_2' title="bbox 1376 375 2961 462; baseline 0.002 -32"><span class='ocrx_word' id='word_1_2' title='bbox 1376 378 1659 432; x_wconf 79' lang='grc' dir='ltr'><strong>ΑΡΡΕΝΙ).</strong></span> <span class='ocrx_word' id='word_1_3' title='bbox 1703 378 1789 431; x_wconf 81' lang='lat' dir='ltr'><strong>AD</strong></span> <span class='ocrx_word' id='word_1_4' title='bbox 1827 376 1990 462; x_wconf 46' lang='grc' dir='ltr'><strong>διες.</strong></span> <span class='ocrx_word' id='word_1_5' title='bbox 2034 376 2119 430; x_wconf 77' lang='lat' dir='ltr'><strong>IX.</strong></span> <span class='ocrx_word' id='word_1_6' title='bbox 2152 404 2216 413; x_wconf 90' lang='lat'><strong><em>—</em></strong></span> <span class='ocrx_word' id='word_1_7' title='bbox 2257 375 2497 432; x_wconf 80' lang='lat' dir='ltr'><strong>ISIDORI</strong></span> <span class='ocrx_word' id='word_1_8' title='bbox 2536 376 2961 433; x_wconf 80' lang='lat' dir='ltr'><strong>MERCATORIS</strong></span> 
     </span>
    </p>
   </div>
   <div class='ocr_carea' id='block_1_3' title="bbox 3717 383 3859 435">
    <p class='ocr_par' dir='ltr' id='par_1_3' title="bbox 3717 383 3859 435">
     <span class='ocr_line' id='line_1_3' title="bbox 3717 383 3859 435; baseline 0 -2"><span class='ocrx_word' id='word_1_9' title='bbox 3717 383 3730 433; x_wconf 91' lang='lat' dir='ltr'><strong>l</strong></span> <span class='ocrx_word' id='word_1_10' title='bbox 3745 383 3859 435; x_wconf 70' lang='grc'><strong>040</strong></span> 
     </span>
    </p>
   </div>
   <div class='ocr_carea' id='block_1_4' title="bbox 433 460 3860 566">
    <p class='ocr_par' dir='ltr' id='par_1_4' title="bbox 433 460 3860 566">
     <span class='ocr_line' id='line_1_4' title="bbox 433 460 3860 566; baseline -0 -24"><span class='ocrx_word' id='word_1_11' title='bbox 433 460 651 542; x_wconf 57' lang='lat' dir='ltr'><strong>&quot;frater</strong></span> <span class='ocrx_word' id='word_1_12' title='bbox 687 486 1033 552; x_wconf 85' lang='lat' dir='ltr'><strong>charissime,</strong></span> <span class='ocrx_word' id='word_1_13' title='bbox 1063 501 1165 555; x_wconf 89' lang='lat' dir='ltr'><strong>per</strong></span> <span class='ocrx_word' id='word_1_14' title='bbox 1201 485 1439 539; x_wconf 85' lang='lat' dir='ltr'><strong>Gratum</strong></span> <span class='ocrx_word' id='word_1_15' title='bbox 1487 483 1885 539; x_wconf 77' lang='lat' dir='ltr'><strong>charissimam</strong></span> <span class='ocrx_word' id='word_1_16' title='bbox 1932 483 2112 538; x_wconf 87' lang='lat' dir='ltr'><strong>comi-</strong></span> <span class='ocrx_word' id='word_1_17' title='bbox 2136 494 2195 566; x_wconf 77' lang='grc' dir='ltr'><strong>Α</strong></span> <span class='ocrx_word' id='word_1_18' title='bbox 2217 486 2415 540; x_wconf 90' lang='lat' dir='ltr'><strong>stolica</strong></span> <span class='ocrx_word' id='word_1_19' title='bbox 2429 486 2588 541; x_wconf 87' lang='lat' dir='ltr'><strong>sedes</strong></span> <span class='ocrx_word' id='word_1_20' title='bbox 2603 486 2880 558; x_wconf 82' lang='lat' dir='ltr'><strong>praedicat</strong></span> <span class='ocrx_word' id='word_1_21' title='bbox 2894 502 2988 541; x_wconf 90' lang='lat' dir='ltr'><strong>me</strong></span> <span class='ocrx_word' id='word_1_22' title='bbox 3010 486 3287 554; x_wconf 90' lang='lat' dir='ltr'><strong>futurum,</strong></span> <span class='ocrx_word' id='word_1_23' title='bbox 3306 487 3367 540; x_wconf 90' lang='lat' dir='ltr'><strong>in</strong></span> <span class='ocrx_word' id='word_1_24' title='bbox 3385 502 3501 557; x_wconf 89' lang='lat' dir='ltr'><strong>qua</strong></span> <span class='ocrx_word' id='word_1_25' title='bbox 3519 490 3603 541; x_wconf 87' lang='lat' dir='ltr'><strong>est</strong></span> <span class='ocrx_word' id='word_1_26' title='bbox 3621 486 3860 557; x_wconf 86' lang='lat' dir='ltr'><strong>integra</strong></span> 
     </span>
    </p>
   </div>
   <div class='ocr_carea' id='block_1_5' title="bbox 475 579 2110 650">
    <p class='ocr_par' dir='ltr' id='par_1_5' title="bbox 475 579 2110 650">
     <span class='ocr_line' id='line_1_5' title="bbox 475 579 2110 650; baseline -0.002 -15"><span class='ocrx_word' id='word_1_27' title='bbox 475 584 617 649; x_wconf 87' lang='lat' dir='ltr'><strong>tem,</strong></span> <span class='ocrx_word' id='word_1_28' title='bbox 647 582 704 633; x_wconf 90' lang='lat' dir='ltr'><strong>et</strong></span> <span class='ocrx_word' id='word_1_29' title='bbox 729 596 881 634; x_wconf 90' lang='lat' dir='ltr'><strong>nunc</strong></span> <span class='ocrx_word' id='word_1_30' title='bbox 910 595 1013 650; x_wconf 91' lang='lat' dir='ltr'><strong>per</strong></span> <span class='ocrx_word' id='word_1_31' title='bbox 1040 579 1385 633; x_wconf 82' lang='lat' dir='ltr'><strong>Germanum</strong></span> <span class='ocrx_word' id='word_1_32' title='bbox 1429 581 1485 632; x_wconf 94' lang='lat' dir='ltr'><strong>et</strong></span> <span class='ocrx_word' id='word_1_33' title='bbox 1526 580 1809 633; x_wconf 84' lang='lat' dir='ltr'><strong>Joannem</strong></span> <span class='ocrx_word' id='word_1_34' title='bbox 1852 592 2110 632; x_wconf 88' lang='lat' dir='ltr'><strong>reveren-</strong></span> 
     </span>
    </p>
   </div>
   <div class='ocr_carea' id='block_1_6' title="bbox 479 671 2116 744">
    <p class='ocr_par' dir='ltr' id='par_1_6' title="bbox 479 671 2116 744">
     <span class='ocr_line' id='line_1_6' title="bbox 479 671 2116 744; baseline -0.002 -15"><span class='ocrx_word' id='word_1_35' title='bbox 479 673 745 729; x_wconf 89' lang='lat' dir='ltr'><strong>dissimos</strong></span> <span class='ocrx_word' id='word_1_36' title='bbox 764 672 1055 744; x_wconf 82' lang='lat' dir='ltr'><strong>episcopos</strong></span> <span class='ocrx_word' id='word_1_37' title='bbox 1081 676 1137 726; x_wconf 92' lang='lat' dir='ltr'><strong>et</strong></span> <span class='ocrx_word' id='word_1_38' title='bbox 1161 672 1405 727; x_wconf 88' lang='lat' dir='ltr'><strong>Felicem</strong></span> <span class='ocrx_word' id='word_1_39' title='bbox 1432 675 1489 727; x_wconf 91' lang='lat' dir='ltr'><strong>et</strong></span> <span class='ocrx_word' id='word_1_40' title='bbox 1525 671 1851 727; x_wconf 91' lang='lat' dir='ltr'><strong>Dioscorum</strong></span> <span class='ocrx_word' id='word_1_41' title='bbox 1882 671 2116 726; x_wconf 86' lang='lat' dir='ltr'><strong>sanctis-</strong></span> 
     </span>
    </p>
   </div>
   <div class='ocr_carea' id='block_1_7' title="bbox 481 766 2115 837">
    <p class='ocr_par' dir='ltr' id='par_1_7' title="bbox 481 766 2115 837">
     <span class='ocr_line' id='line_1_7' title="bbox 481 766 2115 837; baseline -0.001 -16"><span class='ocrx_word' id='word_1_42' title='bbox 481 768 658 823; x_wconf 89' lang='lat' dir='ltr'><strong>simos</strong></span> <span class='ocrx_word' id='word_1_43' title='bbox 700 766 984 835; x_wconf 84' lang='lat' dir='ltr'><strong>diaconos,</strong></span> <span class='ocrx_word' id='word_1_44' title='bbox 1028 771 1084 821; x_wconf 91' lang='lat' dir='ltr'><strong>et</strong></span> <span class='ocrx_word' id='word_1_45' title='bbox 1129 766 1407 821; x_wconf 88' lang='lat' dir='ltr'><strong>Blandum</strong></span> <span class='ocrx_word' id='word_1_46' title='bbox 1453 766 1848 837; x_wconf 81' lang='lat' dir='ltr'><strong>presbyterum</strong></span> <span class='ocrx_word' id='word_1_47' title='bbox 1893 766 2115 821; x_wconf 89' lang='lat' dir='ltr'><strong>laetatus</strong></span> 
     </span>
    </p>
   </div>
   <div class='ocr_carea' id='block_1_8' title="bbox 481 859 2115 931">
    <p class='ocr_par' dir='ltr' id='par_1_8' title="bbox 481 859 2115 931">
     <span class='ocr_line' id='line_1_8' title="bbox 481 859 2115 931; baseline -0.001 -15"><span class='ocrx_word' id='word_1_48' title='bbox 481 877 608 916; x_wconf 90' lang='lat' dir='ltr'><strong>sum</strong></span> <span class='ocrx_word' id='word_1_49' title='bbox 658 861 728 916; x_wconf 92' lang='lat' dir='ltr'><strong>de</strong></span> <span class='ocrx_word' id='word_1_50' title='bbox 771 860 1001 931; x_wconf 89' lang='lat' dir='ltr'><strong>speciali</strong></span> <span class='ocrx_word' id='word_1_51' title='bbox 1038 860 1331 915; x_wconf 88' lang='lat' dir='ltr'><strong>charitatis</strong></span> <span class='ocrx_word' id='word_1_52' title='bbox 1371 864 1571 915; x_wconf 88' lang='lat' dir='ltr'><strong>vestrae</strong></span> <span class='ocrx_word' id='word_1_53' title='bbox 1623 860 1917 916; x_wconf 75' lang='lat' dir='ltr'><strong>sanctitate</strong></span> <span class='ocrx_word' id='word_1_54' title='bbox 1958 859 2115 931; x_wconf 92' lang='lat' dir='ltr'><strong>quod</strong></span> 
     </span>
    </p>
   </div>
   <div class='ocr_carea' id='block_1_9' title="bbox 482 954 2113 1011">
    <p class='ocr_par' dir='ltr' id='par_1_9' title="bbox 482 954 2113 1011">
     <span class='ocr_line' id='line_1_9' title="bbox 482 954 2113 1011; baseline -0.001 -1"><span class='ocrx_word' id='word_1_55' title='bbox 482 954 764 1011; x_wconf 87' lang='lat' dir='ltr'><strong>unitatem</strong></span> <span class='ocrx_word' id='word_1_56' title='bbox 783 954 1273 1009; x_wconf 91' lang='lat' dir='ltr'><strong>sanctissimarum</strong></span> <span class='ocrx_word' id='word_1_57' title='bbox 1289 954 1393 1009; x_wconf 90' lang='lat' dir='ltr'><strong>Dei</strong></span> <span class='ocrx_word' id='word_1_58' title='bbox 1408 954 1784 1009; x_wconf 84' lang='lat' dir='ltr'><strong>Ecclesiamm</strong></span> <span class='ocrx_word' id='word_1_59' title='bbox 1804 954 2113 1009; x_wconf 90' lang='lat' dir='ltr'><strong>secundum</strong></span> 
     </span>
    </p>
   </div>
   <div class='ocr_carea' id='block_1_10' title="bbox 483 1047 2113 1120">
    <p class='ocr_par' dir='ltr' id='par_1_10' title="bbox 483 1047 2113 1120">
     <span class='ocr_line' id='line_1_10' title="bbox 483 1047 2113 1120; baseline -0.001 -17"><span class='ocrx_word' id='word_1_60' title='bbox 483 1052 742 1105; x_wconf 90' lang='lat' dir='ltr'><strong>veterum</strong></span> <span class='ocrx_word' id='word_1_61' title='bbox 751 1051 988 1104; x_wconf 91' lang='lat' dir='ltr'><strong>Patrum</strong></span> <span class='ocrx_word' id='word_1_62' title='bbox 999 1047 1243 1120; x_wconf 86' lang='lat' dir='ltr'><strong>requiris</strong></span> <span class='ocrx_word' id='word_1_63' title='bbox 1259 1047 1708 1118; x_wconf 89' lang='lat' dir='ltr'><strong>traditionem,et</strong></span> <span class='ocrx_word' id='word_1_64' title='bbox 1724 1047 2113 1103; x_wconf 88' lang='lat' dir='ltr'><strong>dilaceratores</strong></span> 
     </span>
    </p>
   </div>
   <div class='ocr_carea' id='block_1_11' title="bbox 482 1141 2109 1214">
    <p class='ocr_par' dir='ltr' id='par_1_11' title="bbox 482 1141 2109 1214">
     <span class='ocr_line' id='line_1_11' title="bbox 482 1141 2109 1214; baseline -0.001 -17"><span class='ocrx_word' id='word_1_65' title='bbox 482 1141 831 1198; x_wconf 83' lang='lat' dir='ltr'><strong>rationabilis</strong></span> <span class='ocrx_word' id='word_1_66' title='bbox 866 1142 1062 1214; x_wconf 79' lang='lat' dir='ltr'><strong>gregis</strong></span> <span class='ocrx_word' id='word_1_67' title='bbox 1101 1141 1307 1198; x_wconf 86' lang='lat' dir='ltr'><strong>Christi</strong></span> <span class='ocrx_word' id='word_1_68' title='bbox 1340 1158 1539 1196; x_wconf 91' lang='lat' dir='ltr'><strong>amore</strong></span> <span class='ocrx_word' id='word_1_69' title='bbox 1582 1142 1812 1214; x_wconf 83' lang='lat' dir='ltr'><strong>pulsare</strong></span> <span class='ocrx_word' id='word_1_70' title='bbox 1854 1141 2109 1196; x_wconf 88' lang='lat' dir='ltr'><strong>festinas.</strong></span> 
     </span>
    </p>
   </div>
   <div class='ocr_carea' id='block_1_12' title="bbox 482 1234 2111 1308">
    <p class='ocr_par' dir='ltr' id='par_1_12' title="bbox 482 1234 2111 1308">
     <span class='ocr_line' id='line_1_12' title="bbox 482 1234 2111 1308; baseline -0.001 -17"><span class='ocrx_word' id='word_1_71' title='bbox 482 1237 680 1293; x_wconf 87' lang='lat' dir='ltr'><strong>Certus</strong></span> <span class='ocrx_word' id='word_1_72' title='bbox 708 1235 884 1308; x_wconf 83' lang='lat' dir='ltr'><strong>igitur</strong></span> <span class='ocrx_word' id='word_1_73' title='bbox 914 1236 1051 1291; x_wconf 91' lang='lat' dir='ltr'><strong>scito</strong></span> <span class='ocrx_word' id='word_1_74' title='bbox 1089 1251 1193 1308; x_wconf 91' lang='lat' dir='ltr'><strong>per</strong></span> <span class='ocrx_word' id='word_1_75' title='bbox 1216 1235 1433 1305; x_wconf 88' lang='lat' dir='ltr'><strong>omnia,</strong></span> <span class='ocrx_word' id='word_1_76' title='bbox 1460 1234 1828 1303; x_wconf 85' lang='lat' dir='ltr'><strong>sanctissime,</strong></span> <span class='ocrx_word' id='word_1_77' title='bbox 1860 1234 1993 1306; x_wconf 89' lang='lat' dir='ltr'><strong>quia</strong></span> <span class='ocrx_word' id='word_1_78' title='bbox 2022 1251 2111 1289; x_wconf 90' lang='lat' dir='ltr'><strong>se-</strong></span> 
     </span>
    </p>
   </div>
   <div class='ocr_carea' id='block_1_13' title="bbox 484 1328 2113 1402">
    <p class='ocr_par' dir='ltr' id='par_1_13' title="bbox 484 1328 2113 1402">
     <span class='ocr_line' id='line_1_13' title="bbox 484 1328 2113 1402; baseline -0.001 -18"><span class='ocrx_word' id='word_1_79' title='bbox 484 1331 732 1385; x_wconf 89' lang='lat' dir='ltr'><strong>cundum</strong></span> <span class='ocrx_word' id='word_1_80' title='bbox 762 1330 920 1402; x_wconf 91' lang='lat' dir='ltr'><strong>quod</strong></span> <span class='ocrx_word' id='word_1_81' title='bbox 937 1329 1095 1385; x_wconf 89' lang='lat' dir='ltr'><strong>vobis</strong></span> <span class='ocrx_word' id='word_1_82' title='bbox 1125 1329 1325 1401; x_wconf 87' lang='lat' dir='ltr'><strong>scripsi</strong></span> <span class='ocrx_word' id='word_1_83' title='bbox 1352 1332 1545 1384; x_wconf 86' lang='lat' dir='ltr'><strong>tecum</strong></span> <span class='ocrx_word' id='word_1_84' title='bbox 1571 1346 1701 1384; x_wconf 92' lang='lat' dir='ltr'><strong>cum</strong></span> <span class='ocrx_word' id='word_1_85' title='bbox 1730 1328 1968 1385; x_wconf 84' lang='lat' dir='ltr'><strong>veritate</strong></span> <span class='ocrx_word' id='word_1_86' title='bbox 1990 1344 2113 1383; x_wconf 91' lang='lat' dir='ltr'><strong>sen-</strong></span> 
     </span>
    </p>
   </div>
   <div class='ocr_carea' id='block_1_14' title="bbox 482 1423 2110 1495">
    <p class='ocr_par' dir='ltr' id='par_1_14' title="bbox 482 1423 2110 1495">
     <span class='ocr_line' id='line_1_14' title="bbox 482 1423 2110 1495; baseline -0.001 -17"><span class='ocrx_word' id='word_1_87' title='bbox 482 1425 626 1481; x_wconf 89' lang='lat' dir='ltr'><strong>tiens</strong></span> <span class='ocrx_word' id='word_1_88' title='bbox 651 1440 849 1480; x_wconf 91' lang='lat' dir='ltr'><strong>omnes</strong></span> <span class='ocrx_word' id='word_1_89' title='bbox 879 1442 913 1479; x_wconf 93' lang='lat' dir='ltr'><strong>a</strong></span> <span class='ocrx_word' id='word_1_90' title='bbox 939 1427 994 1480; x_wconf 92' lang='lat' dir='ltr'><strong>te</strong></span> <span class='ocrx_word' id='word_1_91' title='bbox 1023 1423 1356 1495; x_wconf 89' lang='lat' dir='ltr'><strong>repudiatos</strong></span> <span class='ocrx_word' id='word_1_92' title='bbox 1385 1423 1680 1478; x_wconf 81' lang='lat' dir='ltr'><strong>haereticos</strong></span> <span class='ocrx_word' id='word_1_93' title='bbox 1703 1439 1901 1491; x_wconf 91' lang='lat' dir='ltr'><strong>renuo,</strong></span> <span class='ocrx_word' id='word_1_94' title='bbox 1925 1426 1981 1478; x_wconf 92' lang='lat' dir='ltr'><strong>et</strong></span> <span class='ocrx_word' id='word_1_95' title='bbox 2003 1439 2110 1495; x_wconf 87' lang='lat' dir='ltr'><strong>ego</strong></span> 
     </span>
    </p>
   </div>
   <div class='ocr_carea' id='block_1_15' title="bbox 483 1515 2109 1590">
    <p class='ocr_par' dir='ltr' id='par_1_15' title="bbox 483 1515 2109 1590">
     <span class='ocr_line' id='line_1_15' title="bbox 483 1515 2109 1590; baseline -0.001 -18"><span class='ocrx_word' id='word_1_96' title='bbox 483 1534 683 1589; x_wconf 88' lang='lat' dir='ltr'><strong>pacem</strong></span> <span class='ocrx_word' id='word_1_97' title='bbox 725 1517 970 1590; x_wconf 89' lang='lat' dir='ltr'><strong>diligens</strong></span> <span class='ocrx_word' id='word_1_98' title='bbox 1015 1516 1396 1572; x_wconf 90' lang='lat' dir='ltr'><strong>sanctissimas</strong></span> <span class='ocrx_word' id='word_1_99' title='bbox 1440 1517 1537 1572; x_wconf 89' lang='lat' dir='ltr'><strong>Dei</strong></span> <span class='ocrx_word' id='word_1_100' title='bbox 1585 1515 1876 1584; x_wconf 88' lang='lat' dir='ltr'><strong>Ecclesias,</strong></span> <span class='ocrx_word' id='word_1_101' title='bbox 1905 1515 1962 1571; x_wconf 93' lang='lat' dir='ltr'><strong>id</strong></span> <span class='ocrx_word' id='word_1_102' title='bbox 2007 1521 2109 1584; x_wconf 88' lang='lat' dir='ltr'><strong>est,</strong></span> 
     </span>
    </p>
   </div>
   <div class='ocr_carea' id='block_1_16' title="bbox 484 1610 2111 1685">
    <p class='ocr_par' dir='ltr' id='par_1_16' title="bbox 484 1610 2111 1685">
     <span class='ocr_line' id='line_1_16' title="bbox 484 1610 2111 1685; baseline -0.001 -17"><span class='ocrx_word' id='word_1_103' title='bbox 484 1611 794 1685; x_wconf 87' lang='lat' dir='ltr'><strong>superioris</strong></span> <span class='ocrx_word' id='word_1_104' title='bbox 819 1615 1017 1668; x_wconf 83' lang='lat' dir='ltr'><strong>vestrae</strong></span> <span class='ocrx_word' id='word_1_105' title='bbox 1044 1614 1103 1667; x_wconf 91' lang='lat' dir='ltr'><strong>et</strong></span> <span class='ocrx_word' id='word_1_106' title='bbox 1125 1612 1365 1667; x_wconf 61' lang='lat' dir='ltr'><strong>novellae</strong></span> <span class='ocrx_word' id='word_1_107' title='bbox 1386 1610 1551 1665; x_wconf 89' lang='lat' dir='ltr'><strong>istius</strong></span> <span class='ocrx_word' id='word_1_108' title='bbox 1580 1612 1774 1666; x_wconf 86' lang='lat' dir='ltr'><strong>Romae</strong></span> <span class='ocrx_word' id='word_1_109' title='bbox 1794 1626 1970 1665; x_wconf 88' lang='lat' dir='ltr'><strong>unam</strong></span> <span class='ocrx_word' id='word_1_110' title='bbox 1992 1625 2111 1666; x_wconf 90' lang='lat' dir='ltr'><strong>esse</strong></span> 
     </span>
    </p>
   </div>
   <div class='ocr_carea' id='block_1_17' title="bbox 482 1704 2111 1778">
    <p class='ocr_par' dir='ltr' id='par_1_17' title="bbox 482 1704 2111 1778">
     <span class='ocr_line' id='line_1_17' title="bbox 482 1704 2111 1778; baseline -0.001 -17"><span class='ocrx_word' id='word_1_111' title='bbox 482 1707 694 1778; x_wconf 87' lang='lat' dir='ltr'><strong>accipio</strong></span> <span class='ocrx_word' id='word_1_112' title='bbox 718 1706 877 1761; x_wconf 91' lang='lat' dir='ltr'><strong>illam</strong></span> <span class='ocrx_word' id='word_1_113' title='bbox 903 1705 1099 1762; x_wconf 88' lang='lat' dir='ltr'><strong>sedem</strong></span> <span class='ocrx_word' id='word_1_114' title='bbox 1125 1704 1368 1776; x_wconf 89' lang='lat' dir='ltr'><strong>apostoli</strong></span> <span class='ocrx_word' id='word_1_115' title='bbox 1394 1704 1543 1759; x_wconf 89' lang='lat' dir='ltr'><strong>Petri</strong></span> <span class='ocrx_word' id='word_1_116' title='bbox 1574 1707 1633 1759; x_wconf 89' lang='lat' dir='ltr'><strong>et</strong></span> <span class='ocrx_word' id='word_1_117' title='bbox 1656 1704 1815 1759; x_wconf 87' lang='lat' dir='ltr'><strong>istius</strong></span> <span class='ocrx_word' id='word_1_118' title='bbox 1852 1707 2111 1775; x_wconf 70' lang='lat' dir='ltr'><strong>augusta:</strong></span> 
     </span>
    </p>
   </div>
   <div class='ocr_carea' id='block_1_18' title="bbox 482 1797 2111 1856">
    <p class='ocr_par' dir='ltr' id='par_1_18' title="bbox 482 1797 2111 1856">
     <span class='ocr_line' id='line_1_18' title="bbox 482 1797 2111 1856; baseline -0.002 -2"><span class='ocrx_word' id='word_1_119' title='bbox 482 1800 726 1856; x_wconf 88' lang='lat' dir='ltr'><strong>civitatis</strong></span> <span class='ocrx_word' id='word_1_120' title='bbox 749 1816 926 1855; x_wconf 88' lang='lat' dir='ltr'><strong>unam</strong></span> <span class='ocrx_word' id='word_1_121' title='bbox 956 1814 1078 1854; x_wconf 89' lang='lat' dir='ltr'><strong>esse</strong></span> <span class='ocrx_word' id='word_1_122' title='bbox 1107 1798 1335 1854; x_wconf 89' lang='lat' dir='ltr'><strong>deﬁnio.</strong></span> <span class='ocrx_word' id='word_1_123' title='bbox 1366 1797 1641 1853; x_wconf 90' lang='lat' dir='ltr'><strong>Omnibus</strong></span> <span class='ocrx_word' id='word_1_124' title='bbox 1666 1798 1804 1853; x_wconf 89' lang='lat' dir='ltr'><strong>actis</strong></span> <span class='ocrx_word' id='word_1_125' title='bbox 1829 1815 1863 1852; x_wconf 89' lang='lat' dir='ltr'><strong>a</strong></span> <span class='ocrx_word' id='word_1_126' title='bbox 1882 1797 2111 1852; x_wconf 85' lang='lat' dir='ltr'><strong>sanctis-</strong></span> 
     </span>
    </p>
   </div>
   <div class='ocr_carea' id='block_1_19' title="bbox 2217 579 3855 652">
    <p class='ocr_par' dir='ltr' id='par_1_19' title="bbox 2217 579 3855 652">
     <span class='ocr_line' id='line_1_19' title="bbox 2217 579 3855 652; baseline 0 -18"><span class='ocrx_word' id='word_1_127' title='bbox 2217 580 2437 635; x_wconf 86' lang='lat' dir='ltr'><strong>devotio</strong></span> <span class='ocrx_word' id='word_1_128' title='bbox 2464 579 2799 635; x_wconf 64' lang='lat' dir='ltr'><strong>Christianae</strong></span> <span class='ocrx_word' id='word_1_129' title='bbox 2843 579 3137 650; x_wconf 88' lang='lat' dir='ltr'><strong>religionis</strong></span> <span class='ocrx_word' id='word_1_130' title='bbox 3180 585 3238 635; x_wconf 90' lang='lat' dir='ltr'><strong>et</strong></span> <span class='ocrx_word' id='word_1_131' title='bbox 3271 580 3528 652; x_wconf 86' lang='lat' dir='ltr'><strong>perfecta</strong></span> <span class='ocrx_word' id='word_1_132' title='bbox 3575 580 3855 647; x_wconf 79' lang='lat' dir='ltr'><strong>soliditas,</strong></span> 
     </span>
    </p>
   </div>
   <div class='ocr_carea' id='block_1_20' title="bbox 2215 673 3859 746">
    <p class='ocr_par' dir='ltr' id='par_1_20' title="bbox 2215 673 3859 746">
     <span class='ocr_line' id='line_1_20' title="bbox 2215 673 3859 746; baseline -0.001 -17"><span class='ocrx_word' id='word_1_133' title='bbox 2215 675 2563 746; x_wconf 84' lang='lat' dir='ltr'><strong>promittens</strong></span> <span class='ocrx_word' id='word_1_134' title='bbox 2581 673 2643 728; x_wconf 88' lang='lat' dir='ltr'><strong>in</strong></span> <span class='ocrx_word' id='word_1_135' title='bbox 2670 673 2929 745; x_wconf 89' lang='lat' dir='ltr'><strong>sequenti</strong></span> <span class='ocrx_word' id='word_1_136' title='bbox 2960 679 3216 745; x_wconf 90' lang='lat' dir='ltr'><strong>tempore</strong></span> <span class='ocrx_word' id='word_1_137' title='bbox 3244 676 3625 745; x_wconf 90' lang='lat' dir='ltr'><strong>sequestratos</strong></span> <span class='ocrx_word' id='word_1_138' title='bbox 3644 691 3679 728; x_wconf 90' lang='lat' dir='ltr'><strong>a</strong></span> <span class='ocrx_word' id='word_1_139' title='bbox 3699 690 3859 729; x_wconf 86' lang='lat' dir='ltr'><strong>com-</strong></span> 
     </span>
    </p>
   </div>
   <div class='ocr_carea' id='block_1_21' title="bbox 2217 767 3856 824">
    <p class='ocr_par' dir='ltr' id='par_1_21' title="bbox 2217 767 3856 824">
     <span class='ocr_line' id='line_1_21' title="bbox 2217 767 3856 824; baseline -0.002 0"><span class='ocrx_word' id='word_1_140' title='bbox 2217 768 2490 824; x_wconf 88' lang='lat' dir='ltr'><strong>munione</strong></span> <span class='ocrx_word' id='word_1_141' title='bbox 2538 768 2798 823; x_wconf 82' lang='lat' dir='ltr'><strong>Ecclesiae</strong></span> <span class='ocrx_word' id='word_1_142' title='bbox 2843 767 3135 823; x_wconf 66' lang='lat' dir='ltr'><strong>catholica:</strong></span> <span class='ocrx_word' id='word_1_143' title='bbox 3166 768 3223 822; x_wconf 92' lang='lat' dir='ltr'><strong>id</strong></span> <span class='ocrx_word' id='word_1_144' title='bbox 3255 771 3341 823; x_wconf 88' lang='lat' dir='ltr'><strong>est</strong></span> <span class='ocrx_word' id='word_1_145' title='bbox 3364 767 3424 823; x_wconf 90' lang='lat' dir='ltr'><strong>in</strong></span> <span class='ocrx_word' id='word_1_146' title='bbox 3451 767 3718 823; x_wconf 90' lang='lat' dir='ltr'><strong>omnibus</strong></span> <span class='ocrx_word' id='word_1_147' title='bbox 3741 785 3856 823; x_wconf 91' lang='lat' dir='ltr'><strong>nos</strong></span> 
     </span>
    </p>
   </div>
   <div class='ocr_carea' id='block_1_22' title="bbox 2214 861 3856 932">
    <p class='ocr_par' dir='ltr' id='par_1_22' title="bbox 2214 861 3856 932">
     <span class='ocr_line' id='line_1_22' title="bbox 2214 861 3856 932; baseline 0 -15"><span class='ocrx_word' id='word_1_148' title='bbox 2214 861 2638 917; x_wconf 89' lang='lat' dir='ltr'><strong>consentientes</strong></span> <span class='ocrx_word' id='word_1_149' title='bbox 2657 861 2777 917; x_wconf 90' lang='lat' dir='ltr'><strong>sedi</strong></span> <span class='ocrx_word' id='word_1_150' title='bbox 2794 861 3113 932; x_wconf 64' lang='lat' dir='ltr'><strong>apostolicae</strong></span> <span class='ocrx_word' id='word_1_151' title='bbox 3136 877 3338 916; x_wconf 90' lang='lat' dir='ltr'><strong>earum</strong></span> <span class='ocrx_word' id='word_1_152' title='bbox 3356 878 3572 917; x_wconf 90' lang='lat' dir='ltr'><strong>nomen</strong></span> <span class='ocrx_word' id='word_1_153' title='bbox 3591 861 3744 917; x_wconf 90' lang='lat' dir='ltr'><strong>inter</strong></span> <span class='ocrx_word' id='word_1_154' title='bbox 3765 879 3856 917; x_wconf 89' lang='lat' dir='ltr'><strong>sa-</strong></span> 
     </span>
    </p>
   </div>
   <div class='ocr_carea' id='block_1_23' title="bbox 2214 954 3851 1027">
    <p class='ocr_par' dir='ltr' id='par_1_23' title="bbox 2214 954 3851 1027">
     <span class='ocr_line' id='line_1_23' title="bbox 2214 954 3851 1027; baseline -0.001 -16"><span class='ocrx_word' id='word_1_155' title='bbox 2214 972 2311 1012; x_wconf 90' lang='lat' dir='ltr'><strong>cra</strong></span> <span class='ocrx_word' id='word_1_156' title='bbox 2329 972 2447 1011; x_wconf 91' lang='lat' dir='ltr'><strong>non</strong></span> <span class='ocrx_word' id='word_1_157' title='bbox 2466 955 2820 1010; x_wconf 82' lang='lat' dir='ltr'><strong>recitandum</strong></span> <span class='ocrx_word' id='word_1_158' title='bbox 2845 971 2965 1010; x_wconf 89' lang='lat' dir='ltr'><strong>esse</strong></span> <span class='ocrx_word' id='word_1_159' title='bbox 2993 955 3285 1027; x_wconf 89' lang='lat' dir='ltr'><strong>mysteria.</strong></span> <span class='ocrx_word' id='word_1_160' title='bbox 3314 954 3481 1019; x_wconf 88' lang='lat' dir='ltr'><strong>Quod</strong></span> <span class='ocrx_word' id='word_1_161' title='bbox 3507 955 3555 1010; x_wconf 89' lang='lat' dir='ltr'><strong>si</strong></span> <span class='ocrx_word' id='word_1_162' title='bbox 3574 955 3636 1010; x_wconf 91' lang='lat' dir='ltr'><strong>in</strong></span> <span class='ocrx_word' id='word_1_163' title='bbox 3654 955 3851 1027; x_wconf 86' lang='lat' dir='ltr'><strong>aliqua</strong></span> 
     </span>
    </p>
   </div>
   <div class='ocr_carea' id='block_1_24' title="bbox 2213 1048 3854 1122">
    <p class='ocr_par' dir='ltr' id='par_1_24' title="bbox 2213 1048 3854 1122">
     <span class='ocr_line' id='line_1_24' title="bbox 2213 1048 3854 1122; baseline -0.001 -17"><span class='ocrx_word' id='word_1_164' title='bbox 2213 1049 2561 1122; x_wconf 89' lang='lat' dir='ltr'><strong>professione</strong></span> <span class='ocrx_word' id='word_1_165' title='bbox 2598 1065 2733 1104; x_wconf 89' lang='lat' dir='ltr'><strong>mea</strong></span> <span class='ocrx_word' id='word_1_166' title='bbox 2785 1048 3011 1104; x_wconf 88' lang='lat' dir='ltr'><strong>deviare</strong></span> <span class='ocrx_word' id='word_1_167' title='bbox 3052 1053 3369 1116; x_wconf 88' lang='lat' dir='ltr'><strong>tentavero,</strong></span> <span class='ocrx_word' id='word_1_168' title='bbox 3397 1049 3487 1104; x_wconf 90' lang='lat' dir='ltr'><strong>his</strong></span> <span class='ocrx_word' id='word_1_169' title='bbox 3530 1064 3672 1120; x_wconf 91' lang='lat' dir='ltr'><strong>quos</strong></span> <span class='ocrx_word' id='word_1_170' title='bbox 3717 1066 3854 1104; x_wconf 90' lang='lat' dir='ltr'><strong>con-</strong></span> 
     </span>
    </p>
   </div>
   <div class='ocr_carea' id='block_1_25' title="bbox 2213 1143 3849 1214">
    <p class='ocr_par' dir='ltr' id='par_1_25' title="bbox 2213 1143 3849 1214">
     <span class='ocr_line' id='line_1_25' title="bbox 2213 1143 3849 1214; baseline -0.001 -15"><span class='ocrx_word' id='word_1_171' title='bbox 2213 1144 2476 1199; x_wconf 90' lang='lat' dir='ltr'><strong>demnavi</strong></span> <span class='ocrx_word' id='word_1_172' title='bbox 2501 1146 2559 1198; x_wconf 90' lang='lat' dir='ltr'><strong>et</strong></span> <span class='ocrx_word' id='word_1_173' title='bbox 2595 1159 2698 1214; x_wconf 93' lang='lat' dir='ltr'><strong>per</strong></span> <span class='ocrx_word' id='word_1_174' title='bbox 2722 1143 3264 1198; x_wconf 88' lang='lat' dir='ltr'><strong>condemnationem</strong></span> <span class='ocrx_word' id='word_1_175' title='bbox 3294 1143 3586 1214; x_wconf 90' lang='lat' dir='ltr'><strong>propriam</strong></span> <span class='ocrx_word' id='word_1_176' title='bbox 3610 1160 3849 1198; x_wconf 90' lang='lat' dir='ltr'><strong>consor-</strong></span> 
     </span>
    </p>
   </div>
   <div class='ocr_carea' id='block_1_26' title="bbox 2212 1236 3850 1310">
    <p class='ocr_par' dir='ltr' id='par_1_26' title="bbox 2212 1236 3850 1310">
     <span class='ocr_line' id='line_1_26' title="bbox 2212 1236 3850 1310; baseline -0.002 -17"><span class='ocrx_word' id='word_1_177' title='bbox 2212 1241 2330 1293; x_wconf 91' lang='lat' dir='ltr'><strong>tem</strong></span> <span class='ocrx_word' id='word_1_178' title='bbox 2361 1236 2557 1310; x_wconf 83' lang='grc'><strong>259</strong></span> <span class='ocrx_word' id='word_1_179' title='bbox 2582 1253 2674 1293; x_wconf 90' lang='lat' dir='ltr'><strong>me</strong></span> <span class='ocrx_word' id='word_1_180' title='bbox 2701 1252 2825 1292; x_wconf 90' lang='lat' dir='ltr'><strong>esse</strong></span> <span class='ocrx_word' id='word_1_181' title='bbox 2848 1236 3140 1308; x_wconf 87' lang='lat' dir='ltr'><strong>proﬁteor.</strong></span> <span class='ocrx_word' id='word_1_182' title='bbox 3174 1236 3315 1292; x_wconf 88' lang='lat' dir='ltr'><strong>Huic</strong></span> <span class='ocrx_word' id='word_1_183' title='bbox 3341 1252 3474 1291; x_wconf 87' lang='lat' dir='ltr'><strong>vero</strong></span> <span class='ocrx_word' id='word_1_184' title='bbox 3499 1236 3850 1308; x_wconf 87' lang='lat' dir='ltr'><strong>professioni</strong></span> 
     </span>
    </p>
   </div>
   <div class='ocr_carea' id='block_1_27' title="bbox 2213 1330 3853 1403">
    <p class='ocr_par' dir='ltr' id='par_1_27' title="bbox 2213 1330 3853 1403">
     <span class='ocr_line' id='line_1_27' title="bbox 2213 1330 3853 1403; baseline -0.002 -17"><span class='ocrx_word' id='word_1_185' title='bbox 2213 1331 2519 1403; x_wconf 90' lang='lat' dir='ltr'><strong>subscripsi</strong></span> <span class='ocrx_word' id='word_1_186' title='bbox 2550 1348 2729 1386; x_wconf 89' lang='lat' dir='ltr'><strong>manu</strong></span> <span class='ocrx_word' id='word_1_187' title='bbox 2756 1346 2882 1385; x_wconf 91' lang='lat' dir='ltr'><strong>mea</strong></span> <span class='ocrx_word' id='word_1_188' title='bbox 2908 1334 2964 1385; x_wconf 92' lang='lat' dir='ltr'><strong>et</strong></span> <span class='ocrx_word' id='word_1_189' title='bbox 2988 1330 3168 1386; x_wconf 83' lang='lat' dir='ltr'><strong>direxi</strong></span> <span class='ocrx_word' id='word_1_190' title='bbox 3200 1346 3302 1400; x_wconf 91' lang='lat' dir='ltr'><strong>per</strong></span> <span class='ocrx_word' id='word_1_191' title='bbox 3328 1330 3539 1401; x_wconf 90' lang='lat' dir='ltr'><strong>scripta</strong></span> <span class='ocrx_word' id='word_1_192' title='bbox 3572 1330 3681 1386; x_wconf 89' lang='lat' dir='ltr'><strong>tibi</strong></span> <span class='ocrx_word' id='word_1_193' title='bbox 3708 1332 3853 1384; x_wconf 88' lang='lat' dir='ltr'><strong>Hor-</strong></span> 
     </span>
    </p>
   </div>
   <div class='ocr_carea' id='block_1_28' title="bbox 2212 1423 3849 1496">
    <p class='ocr_par' dir='ltr' id='par_1_28' title="bbox 2212 1423 3849 1496">
     <span class='ocr_line' id='line_1_28' title="bbox 2212 1423 3849 1496; baseline -0.001 -17"><span class='ocrx_word' id='word_1_194' title='bbox 2212 1425 2411 1481; x_wconf 88' lang='lat' dir='ltr'><strong>misdae</strong></span> <span class='ocrx_word' id='word_1_195' title='bbox 2446 1427 2637 1480; x_wconf 90' lang='lat' dir='ltr'><strong>sancto</strong></span> <span class='ocrx_word' id='word_1_196' title='bbox 2682 1429 2739 1479; x_wconf 92' lang='lat' dir='ltr'><strong>et</strong></span> <span class='ocrx_word' id='word_1_197' title='bbox 2766 1424 3094 1479; x_wconf 88' lang='lat' dir='ltr'><strong>beatissimo</strong></span> <span class='ocrx_word' id='word_1_198' title='bbox 3136 1423 3298 1478; x_wconf 88' lang='lat' dir='ltr'><strong>fratri</strong></span> <span class='ocrx_word' id='word_1_199' title='bbox 3329 1427 3386 1479; x_wconf 91' lang='lat' dir='ltr'><strong>et</strong></span> <span class='ocrx_word' id='word_1_200' title='bbox 3413 1440 3577 1496; x_wconf 81' lang='lat' dir='ltr'><strong>papae</strong></span> <span class='ocrx_word' id='word_1_201' title='bbox 3615 1439 3849 1496; x_wconf 78' lang='lat' dir='ltr'><strong>magnae</strong></span> 
     </span>
    </p>
   </div>
   <div class='ocr_carea' id='block_1_29' title="bbox 2212 1517 3852 1589">
    <p class='ocr_par' dir='ltr' id='par_1_29' title="bbox 2212 1517 3852 1589">
     <span class='ocr_line' id='line_1_29' title="bbox 2212 1517 3852 1589; baseline -0.002 -14"><span class='ocrx_word' id='word_1_202' title='bbox 2212 1520 2406 1575; x_wconf 82' lang='lat' dir='ltr'><strong>Romae</strong></span> <span class='ocrx_word' id='word_1_203' title='bbox 2445 1534 2550 1589; x_wconf 91' lang='lat' dir='ltr'><strong>per</strong></span> <span class='ocrx_word' id='word_1_204' title='bbox 2578 1517 2932 1589; x_wconf 82' lang='lat' dir='ltr'><strong>supradictas</strong></span> <span class='ocrx_word' id='word_1_205' title='bbox 2973 1518 3321 1572; x_wconf 88' lang='lat' dir='ltr'><strong>Germanum</strong></span> <span class='ocrx_word' id='word_1_206' title='bbox 3355 1520 3412 1572; x_wconf 91' lang='lat' dir='ltr'><strong>et</strong></span> <span class='ocrx_word' id='word_1_207' title='bbox 3444 1518 3725 1573; x_wconf 83' lang='lat' dir='ltr'><strong>Joannem</strong></span> <span class='ocrx_word' id='word_1_208' title='bbox 3750 1533 3852 1571; x_wconf 83' lang='lat' dir='ltr'><strong>ve-</strong></span> 
     </span>
    </p>
   </div>
   <div class='ocr_carea' id='block_1_30' title="bbox 2210 1610 3850 1683">
    <p class='ocr_par' dir='ltr' id='par_1_30' title="bbox 2210 1610 3850 1683">
     <span class='ocr_line' id='line_1_30' title="bbox 2210 1610 3850 1683; baseline -0.001 -16"><span class='ocrx_word' id='word_1_209' title='bbox 2210 1612 2490 1667; x_wconf 90' lang='lat' dir='ltr'><strong>nerabiles</strong></span> <span class='ocrx_word' id='word_1_210' title='bbox 2515 1612 2833 1683; x_wconf 88' lang='lat' dir='ltr'><strong>episcopos,</strong></span> <span class='ocrx_word' id='word_1_211' title='bbox 2854 1610 3096 1665; x_wconf 88' lang='lat' dir='ltr'><strong>Felicem</strong></span> <span class='ocrx_word' id='word_1_212' title='bbox 3119 1613 3178 1665; x_wconf 91' lang='lat' dir='ltr'><strong>et</strong></span> <span class='ocrx_word' id='word_1_213' title='bbox 3193 1610 3528 1665; x_wconf 90' lang='lat' dir='ltr'><strong>Dioscorum</strong></span> <span class='ocrx_word' id='word_1_214' title='bbox 3548 1610 3850 1679; x_wconf 87' lang='lat' dir='ltr'><strong>diaconos,</strong></span> 
     </span>
    </p>
   </div>
   <div class='ocr_carea' id='block_1_31' title="bbox 2211 1704 3846 1776">
    <p class='ocr_par' dir='ltr' id='par_1_31' title="bbox 2211 1704 3846 1776">
     <span class='ocr_line' id='line_1_31' title="bbox 2211 1704 3846 1776; baseline -0.001 -16"><span class='ocrx_word' id='word_1_215' title='bbox 2211 1710 2269 1760; x_wconf 89' lang='lat' dir='ltr'><strong>et</strong></span> <span class='ocrx_word' id='word_1_216' title='bbox 2299 1706 2576 1761; x_wconf 88' lang='lat' dir='ltr'><strong>Blandum</strong></span> <span class='ocrx_word' id='word_1_217' title='bbox 2613 1704 3034 1776; x_wconf 82' lang='lat' dir='ltr'><strong>presbyterum.</strong></span> <span class='ocrx_word' id='word_1_218' title='bbox 3068 1706 3135 1759; x_wconf 90' lang='lat' dir='ltr'><strong>Et</strong></span> <span class='ocrx_word' id='word_1_219' title='bbox 3174 1704 3284 1758; x_wconf 88' lang='lat' dir='ltr'><strong>alia</strong></span> <span class='ocrx_word' id='word_1_220' title='bbox 3322 1720 3500 1758; x_wconf 90' lang='lat' dir='ltr'><strong>manu</strong></span> <span class='ocrx_word' id='word_1_221' title='bbox 3530 1720 3543 1759; x_wconf 95' lang='lat'><strong>:</strong></span> <span class='ocrx_word' id='word_1_222' title='bbox 3571 1705 3846 1769; x_wconf 84' lang='lat' dir='ltr'><strong>Joannes,</strong></span> 
     </span>
    </p>
   </div>
   <div class='ocr_carea' id='block_1_32' title="bbox 2210 1797 3852 1870">
    <p class='ocr_par' dir='ltr' id='par_1_32' title="bbox 2210 1797 3852 1870">
     <span class='ocr_line' id='line_1_32' title="bbox 2210 1797 3852 1870; baseline -0.001 -15"><span class='ocrx_word' id='word_1_223' title='bbox 2210 1799 2598 1855; x_wconf 88' lang='lat' dir='ltr'><strong>misericordia</strong></span> <span class='ocrx_word' id='word_1_224' title='bbox 2625 1799 2729 1854; x_wconf 89' lang='lat' dir='ltr'><strong>Dei</strong></span> <span class='ocrx_word' id='word_1_225' title='bbox 2755 1798 3052 1870; x_wconf 91' lang='lat' dir='ltr'><strong>episcopus</strong></span> <span class='ocrx_word' id='word_1_226' title='bbox 3077 1797 3719 1869; x_wconf 79' lang='lat' dir='ltr'><strong>Constantinopolitanae</strong></span> <span class='ocrx_word' id='word_1_227' title='bbox 3748 1815 3852 1853; x_wconf 90' lang='lat' dir='ltr'><strong>no-</strong></span> 
     </span>
    </p>
   </div>
   <div class='ocr_carea' id='block_1_33' title="bbox 483 1861 3850 1965">
    <p class='ocr_par' dir='ltr' id='par_1_33' title="bbox 483 1861 3850 1965">
     <span class='ocr_line' id='line_1_33' title="bbox 483 1861 3850 1965; baseline -0 -18"><span class='ocrx_word' id='word_1_228' title='bbox 483 1893 639 1948; x_wconf 86' lang='lat' dir='ltr'><strong>simis</strong></span> <span class='ocrx_word' id='word_1_229' title='bbox 691 1897 936 1965; x_wconf 88' lang='lat' dir='ltr'><strong>quatuor</strong></span> <span class='ocrx_word' id='word_1_230' title='bbox 990 1892 1240 1965; x_wconf 88' lang='lat' dir='ltr'><strong>synodis,</strong></span> <span class='ocrx_word' id='word_1_231' title='bbox 1286 1891 1349 1947; x_wconf 90' lang='lat' dir='ltr'><strong>id</strong></span> <span class='ocrx_word' id='word_1_232' title='bbox 1391 1896 1494 1959; x_wconf 90' lang='lat' dir='ltr'><strong>est,</strong></span> <span class='ocrx_word' id='word_1_233' title='bbox 1540 1891 1785 1962; x_wconf 87' lang='lat' dir='ltr'><strong>Nicaena,</strong></span> <span class='ocrx_word' id='word_1_234' title='bbox 1828 1892 2107 1947; x_wconf 88' lang='lat' dir='ltr'><strong>Constan-</strong></span> <span class='ocrx_word' id='word_1_235' title='bbox 2130 1861 2186 1933; x_wconf 83' lang='lat' dir='ltr'><strong>B</strong></span> <span class='ocrx_word' id='word_1_236' title='bbox 2209 1894 2371 1949; x_wconf 86' lang='lat' dir='ltr'><strong>vellae</strong></span> <span class='ocrx_word' id='word_1_237' title='bbox 2400 1895 2598 1948; x_wconf 84' lang='lat' dir='ltr'><strong>Romae</strong></span> <span class='ocrx_word' id='word_1_238' title='bbox 2630 1892 2766 1947; x_wconf 89' lang='lat' dir='ltr'><strong>huic</strong></span> <span class='ocrx_word' id='word_1_239' title='bbox 2790 1907 2884 1947; x_wconf 91' lang='lat' dir='ltr'><strong>me</strong></span> <span class='ocrx_word' id='word_1_240' title='bbox 2904 1891 3248 1963; x_wconf 88' lang='lat' dir='ltr'><strong>professioni</strong></span> <span class='ocrx_word' id='word_1_241' title='bbox 3276 1891 3638 1947; x_wconf 89' lang='lat' dir='ltr'><strong>consentiens</strong></span> <span class='ocrx_word' id='word_1_242' title='bbox 3663 1892 3850 1947; x_wconf 92' lang='lat' dir='ltr'><strong>omni-</strong></span> 
     </span>
    </p>
   </div>
   <div class='ocr_carea' id='block_1_34' title="bbox 480 1985 2109 2058">
    <p class='ocr_par' dir='ltr' id='par_1_34' title="bbox 480 1985 2109 2058">
     <span class='ocr_line' id='line_1_34' title="bbox 480 1985 2109 2058; baseline -0.001 -17"><span class='ocrx_word' id='word_1_243' title='bbox 480 1986 719 2058; x_wconf 85' lang='lat' dir='ltr'><strong>tinopoli</strong></span> <span class='ocrx_word' id='word_1_244' title='bbox 747 1992 803 2041; x_wconf 90' lang='lat' dir='ltr'><strong>et</strong></span> <span class='ocrx_word' id='word_1_245' title='bbox 828 1986 1032 2058; x_wconf 90' lang='lat' dir='ltr'><strong>Ephesi</strong></span> <span class='ocrx_word' id='word_1_246' title='bbox 1061 1991 1117 2041; x_wconf 90' lang='lat' dir='ltr'><strong>et</strong></span> <span class='ocrx_word' id='word_1_247' title='bbox 1146 1985 1546 2053; x_wconf 63' lang='lat' dir='ltr'><strong>Chalcedonia,</strong></span> <span class='ocrx_word' id='word_1_248' title='bbox 1574 1986 1643 2040; x_wconf 91' lang='lat' dir='ltr'><strong>de</strong></span> <span class='ocrx_word' id='word_1_249' title='bbox 1671 1985 2109 2040; x_wconf 85' lang='lat' dir='ltr'><strong>conﬁrmatione</strong></span> 
     </span>
    </p>
   </div>
   <div class='ocr_carea' id='block_1_35' title="bbox 478 2078 2106 2146">
    <p class='ocr_par' dir='ltr' id='par_1_35' title="bbox 478 2078 2106 2146">
     <span class='ocr_line' id='line_1_35' title="bbox 478 2078 2106 2146; baseline -0.001 -12"><span class='ocrx_word' id='word_1_250' title='bbox 478 2079 614 2135; x_wconf 79' lang='lat' dir='ltr'><strong>fidei</strong></span> <span class='ocrx_word' id='word_1_251' title='bbox 643 2080 897 2134; x_wconf 87' lang='lat' dir='ltr'><strong>instituta</strong></span> <span class='ocrx_word' id='word_1_252' title='bbox 940 2096 1062 2134; x_wconf 89' lang='lat' dir='ltr'><strong>esse</strong></span> <span class='ocrx_word' id='word_1_253' title='bbox 1094 2079 1359 2134; x_wconf 73' lang='lat' dir='ltr'><strong>Ecclesiae</strong></span> <span class='ocrx_word' id='word_1_254' title='bbox 1397 2079 1658 2146; x_wconf 90' lang='lat' dir='ltr'><strong>assentio,</strong></span> <span class='ocrx_word' id='word_1_255' title='bbox 1689 2083 1746 2133; x_wconf 92' lang='lat' dir='ltr'><strong>et</strong></span> <span class='ocrx_word' id='word_1_256' title='bbox 1788 2078 1930 2133; x_wconf 89' lang='lat' dir='ltr'><strong>nihil</strong></span> <span class='ocrx_word' id='word_1_257' title='bbox 1972 2078 2106 2132; x_wconf 90' lang='lat' dir='ltr'><strong>titu-</strong></span> 
     </span>
    </p>
   </div>
   <div class='ocr_carea' id='block_1_36' title="bbox 479 2173 2112 2245">
    <p class='ocr_par' dir='ltr' id='par_1_36' title="bbox 479 2173 2112 2245">
     <span class='ocr_line' id='line_1_36' title="bbox 479 2173 2112 2245; baseline -0.001 -17"><span class='ocrx_word' id='word_1_258' title='bbox 479 2175 613 2228; x_wconf 90' lang='lat' dir='ltr'><strong>bare</strong></span> <span class='ocrx_word' id='word_1_259' title='bbox 641 2175 710 2229; x_wconf 92' lang='lat' dir='ltr'><strong>de</strong></span> <span class='ocrx_word' id='word_1_260' title='bbox 740 2173 884 2229; x_wconf 91' lang='lat' dir='ltr'><strong>bene</strong></span> <span class='ocrx_word' id='word_1_261' title='bbox 925 2173 1193 2245; x_wconf 87' lang='lat' dir='ltr'><strong>judicatis</strong></span> <span class='ocrx_word' id='word_1_262' title='bbox 1234 2173 1440 2244; x_wconf 91' lang='lat' dir='ltr'><strong>patior.</strong></span> <span class='ocrx_word' id='word_1_263' title='bbox 1485 2173 1591 2229; x_wconf 91' lang='lat' dir='ltr'><strong>Sed</strong></span> <span class='ocrx_word' id='word_1_264' title='bbox 1623 2177 1680 2229; x_wconf 90' lang='lat' dir='ltr'><strong>et</strong></span> <span class='ocrx_word' id='word_1_265' title='bbox 1708 2176 1983 2228; x_wconf 90' lang='lat' dir='ltr'><strong>conantes</strong></span> <span class='ocrx_word' id='word_1_266' title='bbox 2013 2176 2112 2227; x_wconf 90' lang='lat' dir='ltr'><strong>aut</strong></span> 
     </span>
    </p>
   </div>
   <div class='ocr_carea' id='block_1_37' title="bbox 482 2266 2108 2338">
    <p class='ocr_par' dir='ltr' id='par_1_37' title="bbox 482 2266 2108 2338">
     <span class='ocr_line' id='line_1_37' title="bbox 482 2266 2108 2338; baseline -0.001 -17"><span class='ocrx_word' id='word_1_267' title='bbox 482 2268 636 2322; x_wconf 89' lang='lat' dir='ltr'><strong>nisos</strong></span> <span class='ocrx_word' id='word_1_268' title='bbox 651 2283 833 2338; x_wconf 92' lang='lat' dir='ltr'><strong>usque</strong></span> <span class='ocrx_word' id='word_1_269' title='bbox 860 2267 932 2321; x_wconf 91' lang='lat' dir='ltr'><strong>ad</strong></span> <span class='ocrx_word' id='word_1_270' title='bbox 948 2283 1131 2321; x_wconf 90' lang='lat' dir='ltr'><strong>unum</strong></span> <span class='ocrx_word' id='word_1_271' title='bbox 1157 2267 1381 2338; x_wconf 91' lang='lat' dir='ltr'><strong>apicem</strong></span> <span class='ocrx_word' id='word_1_272' title='bbox 1410 2266 1744 2338; x_wconf 88' lang='lat' dir='ltr'><strong>placitorum</strong></span> <span class='ocrx_word' id='word_1_273' title='bbox 1768 2266 2108 2338; x_wconf 88' lang='lat' dir='ltr'><strong>perturbare</strong></span> 
     </span>
    </p>
   </div>
   <div class='ocr_carea' id='block_1_38' title="bbox 477 2359 2106 2433">
    <p class='ocr_par' dir='ltr' id='par_1_38' title="bbox 477 2359 2106 2433">
     <span class='ocr_line' id='line_1_38' title="bbox 477 2359 2106 2433; baseline -0.001 -17"><span class='ocrx_word' id='word_1_274' title='bbox 477 2362 664 2433; x_wconf 86' lang='lat' dir='ltr'><strong>lapsos</strong></span> <span class='ocrx_word' id='word_1_275' title='bbox 694 2377 814 2415; x_wconf 91' lang='lat' dir='ltr'><strong>esse</strong></span> <span class='ocrx_word' id='word_1_276' title='bbox 845 2378 879 2415; x_wconf 90' lang='lat' dir='ltr'><strong>a</strong></span> <span class='ocrx_word' id='word_1_277' title='bbox 916 2364 1114 2415; x_wconf 89' lang='lat' dir='ltr'><strong>sancta</strong></span> <span class='ocrx_word' id='word_1_278' title='bbox 1155 2359 1259 2415; x_wconf 92' lang='lat' dir='ltr'><strong>Dei</strong></span> <span class='ocrx_word' id='word_1_279' title='bbox 1290 2360 1537 2432; x_wconf 86' lang='lat' dir='ltr'><strong>generali</strong></span> <span class='ocrx_word' id='word_1_280' title='bbox 1568 2364 1626 2415; x_wconf 92' lang='lat' dir='ltr'><strong>et</strong></span> <span class='ocrx_word' id='word_1_281' title='bbox 1662 2359 1968 2432; x_wconf 89' lang='lat' dir='ltr'><strong>apostolica</strong></span> <span class='ocrx_word' id='word_1_282' title='bbox 2006 2362 2106 2416; x_wconf 84' lang='lat' dir='ltr'><strong>Ec-</strong></span> 
     </span>
    </p>
   </div>
   <div class='ocr_carea' id='block_1_39' title="bbox 479 2454 2108 2525">
    <p class='ocr_par' dir='ltr' id='par_1_39' title="bbox 479 2454 2108 2525">
     <span class='ocr_line' id='line_1_39' title="bbox 479 2454 2108 2525; baseline 0.001 -17"><span class='ocrx_word' id='word_1_283' title='bbox 479 2456 646 2510; x_wconf 85' lang='lat' dir='ltr'><strong>clesia</strong></span> <span class='ocrx_word' id='word_1_284' title='bbox 671 2454 806 2525; x_wconf 90' lang='lat' dir='ltr'><strong>scio,</strong></span> <span class='ocrx_word' id='word_1_285' title='bbox 836 2458 894 2508; x_wconf 92' lang='lat' dir='ltr'><strong>et</strong></span> <span class='ocrx_word' id='word_1_286' title='bbox 917 2455 1031 2509; x_wconf 88' lang='lat' dir='ltr'><strong>tuis</strong></span> <span class='ocrx_word' id='word_1_287' title='bbox 1050 2454 1238 2509; x_wconf 84' lang='lat' dir='ltr'><strong>verbis</strong></span> <span class='ocrx_word' id='word_1_288' title='bbox 1263 2459 1417 2511; x_wconf 88' lang='lat' dir='ltr'><strong>recte</strong></span> <span class='ocrx_word' id='word_1_289' title='bbox 1445 2454 1605 2509; x_wconf 88' lang='lat' dir='ltr'><strong>dictis</strong></span> <span class='ocrx_word' id='word_1_290' title='bbox 1627 2454 1920 2510; x_wconf 87' lang='lat' dir='ltr'><strong>evidenter</strong></span> <span class='ocrx_word' id='word_1_291' title='bbox 1939 2459 2108 2509; x_wconf 90' lang='lat' dir='ltr'><strong>utens</strong></span> 
     </span>
    </p>
   </div>
   <div class='ocr_carea' id='block_1_40' title="bbox 482 2547 2111 2620">
    <p class='ocr_par' dir='ltr' id='par_1_40' title="bbox 482 2547 2111 2620">
     <span class='ocr_line' id='line_1_40' title="bbox 482 2547 2111 2620; baseline 0 -17"><span class='ocrx_word' id='word_1_292' title='bbox 482 2565 581 2620; x_wconf 90' lang='lat' dir='ltr'><strong>per</strong></span> <span class='ocrx_word' id='word_1_293' title='bbox 605 2548 913 2620; x_wconf 79' lang='lat' dir='ltr'><strong>praesentia</strong></span> <span class='ocrx_word' id='word_1_294' title='bbox 940 2547 1150 2620; x_wconf 86' lang='lat' dir='ltr'><strong>scripta</strong></span> <span class='ocrx_word' id='word_1_295' title='bbox 1172 2549 1296 2603; x_wconf 78' lang='lat' dir='ltr'><strong>haec</strong></span> <span class='ocrx_word' id='word_1_296' title='bbox 1324 2548 1469 2615; x_wconf 87' lang='lat' dir='ltr'><strong>dico,</strong></span> <span class='ocrx_word' id='word_1_297' title='bbox 1495 2548 1629 2619; x_wconf 86' lang='lat' dir='ltr'><strong>quia</strong></span> <span class='ocrx_word' id='word_1_298' title='bbox 1646 2548 1832 2620; x_wconf 89' lang='lat' dir='ltr'><strong>prima</strong></span> <span class='ocrx_word' id='word_1_299' title='bbox 1859 2548 2006 2603; x_wconf 87' lang='lat' dir='ltr'><strong>salus</strong></span> <span class='ocrx_word' id='word_1_300' title='bbox 2027 2552 2111 2603; x_wconf 90' lang='lat' dir='ltr'><strong>est</strong></span> 
     </span>
    </p>
   </div>
   <div class='ocr_carea' id='block_1_41' title="bbox 477 2642 2107 2713">
    <p class='ocr_par' dir='ltr' id='par_1_41' title="bbox 477 2642 2107 2713">
     <span class='ocr_line' id='line_1_41' title="bbox 477 2642 2107 2713; baseline 0 -16"><span class='ocrx_word' id='word_1_301' title='bbox 477 2647 631 2699; x_wconf 86' lang='lat' dir='ltr'><strong>recte</strong></span> <span class='ocrx_word' id='word_1_302' title='bbox 661 2642 795 2698; x_wconf 85' lang='lat' dir='ltr'><strong>ﬁdei</strong></span> <span class='ocrx_word' id='word_1_303' title='bbox 835 2643 1097 2713; x_wconf 86' lang='lat' dir='ltr'><strong>regulam</strong></span> <span class='ocrx_word' id='word_1_304' title='bbox 1147 2642 1450 2713; x_wconf 90' lang='lat' dir='ltr'><strong>custodire,</strong></span> <span class='ocrx_word' id='word_1_305' title='bbox 1485 2647 1542 2697; x_wconf 90' lang='lat' dir='ltr'><strong>et</strong></span> <span class='ocrx_word' id='word_1_306' title='bbox 1572 2660 1606 2697; x_wconf 92' lang='lat' dir='ltr'><strong>a</strong></span> <span class='ocrx_word' id='word_1_307' title='bbox 1650 2644 1882 2698; x_wconf 91' lang='lat' dir='ltr'><strong>Patrum</strong></span> <span class='ocrx_word' id='word_1_308' title='bbox 1930 2642 2107 2697; x_wconf 89' lang='lat' dir='ltr'><strong>tradi-</strong></span> 
     </span>
    </p>
   </div>
   <div class='ocr_carea' id='block_1_42' title="bbox 477 2736 2108 2808">
    <p class='ocr_par' dir='ltr' id='par_1_42' title="bbox 477 2736 2108 2808">
     <span class='ocr_line' id='line_1_42' title="bbox 477 2736 2108 2808; baseline 0.001 -19"><span class='ocrx_word' id='word_1_309' title='bbox 477 2737 634 2793; x_wconf 87' lang='lat' dir='ltr'><strong>tione</strong></span> <span class='ocrx_word' id='word_1_310' title='bbox 660 2737 985 2792; x_wconf 89' lang='lat' dir='ltr'><strong>nullatenus</strong></span> <span class='ocrx_word' id='word_1_311' title='bbox 1025 2736 1281 2803; x_wconf 86' lang='lat' dir='ltr'><strong>deviare;</strong></span> <span class='ocrx_word' id='word_1_312' title='bbox 1314 2736 1445 2808; x_wconf 90' lang='lat' dir='ltr'><strong>quia</strong></span> <span class='ocrx_word' id='word_1_313' title='bbox 1493 2753 1609 2792; x_wconf 90' lang='lat' dir='ltr'><strong>non</strong></span> <span class='ocrx_word' id='word_1_314' title='bbox 1653 2740 1839 2807; x_wconf 87' lang='lat' dir='ltr'><strong>potest</strong></span> <span class='ocrx_word' id='word_1_315' title='bbox 1881 2736 2108 2791; x_wconf 88' lang='lat' dir='ltr'><strong>Domini</strong></span> 
     </span>
    </p>
   </div>
   <div class='ocr_carea' id='block_1_43' title="bbox 476 2829 2109 2901">
    <p class='ocr_par' dir='ltr' id='par_1_43' title="bbox 476 2829 2109 2901">
     <span class='ocr_line' id='line_1_43' title="bbox 476 2829 2109 2901; baseline -0.002 -16"><span class='ocrx_word' id='word_1_316' title='bbox 476 2830 658 2886; x_wconf 88' lang='lat' dir='ltr'><strong>nostri</strong></span> <span class='ocrx_word' id='word_1_317' title='bbox 686 2831 817 2885; x_wconf 91' lang='lat' dir='ltr'><strong>Jesu</strong></span> <span class='ocrx_word' id='word_1_318' title='bbox 852 2830 1215 2901; x_wconf 65' lang='lat' dir='ltr'><strong>praetermitti</strong></span> <span class='ocrx_word' id='word_1_319' title='bbox 1246 2829 1531 2885; x_wconf 89' lang='lat' dir='ltr'><strong>sententia</strong></span> <span class='ocrx_word' id='word_1_320' title='bbox 1561 2829 1799 2885; x_wconf 88' lang='lat' dir='ltr'><strong>dicentis</strong></span> <span class='ocrx_word' id='word_1_321' title='bbox 1833 2847 1846 2884; x_wconf 89' lang='lat'><strong>:</strong></span> <span class='ocrx_word' id='word_1_322' title='bbox 1883 2849 1911 2881; x_wconf 90' lang='lat'><strong>«</strong></span> <span class='ocrx_word' id='word_1_323' title='bbox 1941 2830 2019 2883; x_wconf 89' lang='lat' dir='ltr'><strong>Tu</strong></span> <span class='ocrx_word' id='word_1_324' title='bbox 2050 2846 2109 2884; x_wconf 90' lang='lat' dir='ltr'><strong>es</strong></span> 
     </span>
    </p>
   </div>
   <div class='ocr_carea' id='block_1_44' title="bbox 480 2922 2109 2994">
    <p class='ocr_par' dir='ltr' id='par_1_44' title="bbox 480 2922 2109 2994">
     <span class='ocr_line' id='line_1_44' title="bbox 480 2922 2109 2994; baseline -0.001 -17"><span class='ocrx_word' id='word_1_325' title='bbox 480 2925 677 2978; x_wconf 87' lang='lat' dir='ltr'><strong>Petrus</strong></span> <span class='ocrx_word' id='word_1_326' title='bbox 712 2926 769 2977; x_wconf 91' lang='lat' dir='ltr'><strong>et</strong></span> <span class='ocrx_word' id='word_1_327' title='bbox 797 2939 969 2994; x_wconf 87' lang='lat' dir='ltr'><strong>super</strong></span> <span class='ocrx_word' id='word_1_328' title='bbox 1003 2924 1155 2977; x_wconf 91' lang='lat' dir='ltr'><strong>hanc</strong></span> <span class='ocrx_word' id='word_1_329' title='bbox 1199 2927 1426 2994; x_wconf 89' lang='lat' dir='ltr'><strong>petram</strong></span> <span class='ocrx_word' id='word_1_330' title='bbox 1472 2922 1756 2978; x_wconf 81' lang='lat' dir='ltr'><strong>aediﬁcabo</strong></span> <span class='ocrx_word' id='word_1_331' title='bbox 1800 2922 2109 2977; x_wconf 90' lang='lat' dir='ltr'><strong>Ecclesiam</strong></span> 
     </span>
    </p>
   </div>
   <div class='ocr_carea' id='block_1_45' title="bbox 2207 1984 3849 2058">
    <p class='ocr_par' dir='ltr' id='par_1_45' title="bbox 2207 1984 3849 2058">
     <span class='ocr_line' id='line_1_45' title="bbox 2207 1984 3849 2058; baseline -0.001 -17"><span class='ocrx_word' id='word_1_332' title='bbox 2207 1986 2313 2042; x_wconf 91' lang='lat' dir='ltr'><strong>bus</strong></span> <span class='ocrx_word' id='word_1_333' title='bbox 2345 1985 2679 2058; x_wconf 88' lang='lat' dir='ltr'><strong>supradictis</strong></span> <span class='ocrx_word' id='word_1_334' title='bbox 2724 1984 3032 2055; x_wconf 89' lang='lat' dir='ltr'><strong>subscripsi</strong></span> <span class='ocrx_word' id='word_1_335' title='bbox 3079 2001 3251 2040; x_wconf 89' lang='lat' dir='ltr'><strong>sanus</strong></span> <span class='ocrx_word' id='word_1_336' title='bbox 3302 1985 3361 2038; x_wconf 92' lang='lat' dir='ltr'><strong>in</strong></span> <span class='ocrx_word' id='word_1_337' title='bbox 3418 1985 3683 2040; x_wconf 90' lang='lat' dir='ltr'><strong>Domino.</strong></span> <span class='ocrx_word' id='word_1_338' title='bbox 3732 1985 3849 2040; x_wconf 87' lang='lat' dir='ltr'><strong>Ora</strong></span> 
     </span>
    </p>
   </div>
   <div class='ocr_carea' id='block_1_46' title="bbox 2208 2077 3850 2153">
    <p class='ocr_par' dir='ltr' id='par_1_46' title="bbox 2208 2077 3850 2153">
     <span class='ocr_line' id='line_1_46' title="bbox 2208 2077 3850 2153; baseline -0.001 -18"><span class='ocrx_word' id='word_1_339' title='bbox 2208 2096 2311 2153; x_wconf 90' lang='lat' dir='ltr'><strong>pro</strong></span> <span class='ocrx_word' id='word_1_340' title='bbox 2356 2080 2540 2148; x_wconf 88' lang='lat' dir='ltr'><strong>nobis,</strong></span> <span class='ocrx_word' id='word_1_341' title='bbox 2588 2078 2940 2134; x_wconf 88' lang='lat' dir='ltr'><strong>sanctissime</strong></span> <span class='ocrx_word' id='word_1_342' title='bbox 2984 2081 3043 2134; x_wconf 90' lang='lat' dir='ltr'><strong>et</strong></span> <span class='ocrx_word' id='word_1_343' title='bbox 3082 2077 3408 2133; x_wconf 89' lang='lat' dir='ltr'><strong>beatissime</strong></span> <span class='ocrx_word' id='word_1_344' title='bbox 3450 2078 3645 2134; x_wconf 91' lang='lat' dir='ltr'><strong>frater.</strong></span> <span class='ocrx_word' id='word_1_345' title='bbox 3702 2079 3850 2134; x_wconf 89' lang='lat' dir='ltr'><strong>Data</strong></span> 
     </span>
    </p>
   </div>
   <div class='ocr_carea' id='block_1_47' title="bbox 2208 2171 3848 2242">
    <p class='ocr_par' dir='ltr' id='par_1_47' title="bbox 2208 2171 3848 2242">
     <span class='ocr_line' id='line_1_47' title="bbox 2208 2171 3848 2242; baseline -0.001 -13"><span class='ocrx_word' id='word_1_346' title='bbox 2208 2190 2409 2229; x_wconf 89' lang='lat' dir='ltr'><strong>mense</strong></span> <span class='ocrx_word' id='word_1_347' title='bbox 2454 2172 2672 2242; x_wconf 84' lang='lat' dir='ltr'><strong>Martio,</strong></span> <span class='ocrx_word' id='word_1_348' title='bbox 2701 2173 2791 2228; x_wconf 92' lang='lat' dir='ltr'><strong>die</strong></span> <span class='ocrx_word' id='word_1_349' title='bbox 2834 2188 3024 2239; x_wconf 81' lang='lat' dir='ltr'><strong>xxvm,</strong></span> <span class='ocrx_word' id='word_1_350' title='bbox 3055 2171 3365 2227; x_wconf 90' lang='lat' dir='ltr'><strong>indictione</strong></span> <span class='ocrx_word' id='word_1_351' title='bbox 3409 2189 3486 2239; x_wconf 88' lang='lat' dir='ltr'><strong>x1,</strong></span> <span class='ocrx_word' id='word_1_352' title='bbox 3515 2172 3848 2227; x_wconf 89' lang='lat' dir='ltr'><strong>consulibus</strong></span> 
     </span>
    </p>
   </div>
   <div class='ocr_carea' id='block_1_48' title="bbox 2209 2266 3848 2338">
    <p class='ocr_par' dir='ltr' id='par_1_48' title="bbox 2209 2266 3848 2338">
     <span class='ocr_line' id='line_1_48' title="bbox 2209 2266 3848 2338; baseline -0.002 -15"><span class='ocrx_word' id='word_1_353' title='bbox 2209 2267 2449 2324; x_wconf 88' lang='lat' dir='ltr'><strong>Domino</strong></span> <span class='ocrx_word' id='word_1_354' title='bbox 2479 2266 2700 2323; x_wconf 90' lang='lat' dir='ltr'><strong>Justino</strong></span> <span class='ocrx_word' id='word_1_355' title='bbox 2743 2266 3089 2338; x_wconf 89' lang='lat' dir='ltr'><strong>imperatore</strong></span> <span class='ocrx_word' id='word_1_356' title='bbox 3119 2268 3371 2337; x_wconf 85' lang='lat' dir='ltr'><strong>Augusto</strong></span> <span class='ocrx_word' id='word_1_357' title='bbox 3415 2270 3473 2320; x_wconf 88' lang='lat' dir='ltr'><strong>et</strong></span> <span class='ocrx_word' id='word_1_358' title='bbox 3515 2266 3761 2322; x_wconf 87' lang='lat' dir='ltr'><strong>Heradio</strong></span> <span class='ocrx_word' id='word_1_359' title='bbox 3792 2283 3848 2320; x_wconf 81' lang='lat' dir='ltr'><strong>iv</strong></span> 
     </span>
    </p>
   </div>
   <div class='ocr_carea' id='block_1_49' title="bbox 2208 2377 2545 2418">
    <p class='ocr_par' dir='ltr' id='par_1_49' title="bbox 2208 2377 2545 2418">
     <span class='ocr_line' id='line_1_49' title="bbox 2208 2377 2545 2418; baseline -0.009 0"><span class='ocrx_word' id='word_1_360' title='bbox 2208 2378 2289 2418; x_wconf 80' lang='lat' dir='ltr'><strong>CC.</strong></span> <span class='ocrx_word' id='word_1_361' title='bbox 2319 2377 2435 2417; x_wconf 75' lang='lat'><strong>831‘8.</strong></span> <span class='ocrx_word' id='word_1_362' title='bbox 2459 2377 2545 2417; x_wconf 90' lang='lat' dir='ltr'><strong>DC.</strong></span> 
     </span>
    </p>
   </div>
   <div class='ocr_carea' id='block_1_50' title="bbox 2207 2477 3846 2549">
    <p class='ocr_par' dir='ltr' id='par_1_50' title="bbox 2207 2477 3846 2549">
     <span class='ocr_line' id='line_1_50' title="bbox 2207 2477 3846 2549; baseline -0.001 -14"><span class='ocrx_word' id='word_1_363' title='bbox 2207 2479 2454 2549; x_wconf 83' lang='lat' dir='ltr'><strong>Epistola</strong></span> <span class='ocrx_word' id='word_1_364' title='bbox 2519 2478 2819 2534; x_wconf 72' lang='lat' dir='ltr'><strong>Hormisdae</strong></span> <span class='ocrx_word' id='word_1_365' title='bbox 2874 2490 3034 2549; x_wconf 74' lang='lat' dir='ltr'><strong>papae</strong></span> <span class='ocrx_word' id='word_1_366' title='bbox 3085 2477 3159 2531; x_wconf 85' lang='lat' dir='ltr'><strong>ad</strong></span> <span class='ocrx_word' id='word_1_367' title='bbox 3205 2479 3462 2531; x_wconf 83' lang='lat' dir='ltr'><strong>Joannem</strong></span> <span class='ocrx_word' id='word_1_368' title='bbox 3535 2480 3846 2549; x_wconf 66' lang='lat' dir='ltr'><strong>episcopum</strong></span> 
     </span>
    </p>
   </div>
   <div class='ocr_carea' id='block_1_51' title="bbox 2278 2548 3841 2621">
    <p class='ocr_par' dir='ltr' id='par_1_51' title="bbox 2278 2548 3841 2621">
     <span class='ocr_line' id='line_1_51' title="bbox 2278 2548 3841 2621; baseline 0.001 -17"><span class='ocrx_word' id='word_1_369' title='bbox 2278 2551 2547 2605; x_wconf 74' lang='lat' dir='ltr'><strong>Militanae</strong></span> <span class='ocrx_word' id='word_1_370' title='bbox 2588 2550 2836 2604; x_wconf 74' lang='lat' dir='ltr'><strong>Ecclesiae</strong></span> <span class='ocrx_word' id='word_1_371' title='bbox 2877 2548 2942 2603; x_wconf 86' lang='lat' dir='ltr'><strong>de</strong></span> <span class='ocrx_word' id='word_1_372' title='bbox 2977 2550 3344 2604; x_wconf 78' lang='lat' dir='ltr'><strong>communione</strong></span> <span class='ocrx_word' id='word_1_373' title='bbox 3391 2548 3841 2621; x_wconf 75' lang='lat' dir='ltr'><strong>Constantinopo-</strong></span> 
     </span>
    </p>
   </div>
   <div class='ocr_carea' id='block_1_52' title="bbox 2282 2622 2753 2677">
    <p class='ocr_par' dir='ltr' id='par_1_52' title="bbox 2282 2622 2753 2677">
     <span class='ocr_line' id='line_1_52' title="bbox 2282 2622 2753 2677; baseline -0.002 -1"><span class='ocrx_word' id='word_1_374' title='bbox 2282 2623 2465 2676; x_wconf 66' lang='lat' dir='ltr'><strong>litanw</strong></span> <span class='ocrx_word' id='word_1_375' title='bbox 2489 2622 2753 2677; x_wconf 68' lang='lat' dir='ltr'><strong>Ecclesiae.</strong></span> 
     </span>
    </p>
   </div>
   <div class='ocr_carea' id='block_1_53' title="bbox 2280 2736 3845 2806">
    <p class='ocr_par' dir='ltr' id='par_1_53' title="bbox 2280 2736 3845 2806">
     <span class='ocr_line' id='line_1_53' title="bbox 2280 2736 3845 2806; baseline 0 -13"><span class='ocrx_word' id='word_1_376' title='bbox 2280 2740 2420 2793; x_wconf 88' lang='lat' dir='ltr'><strong>Vota</strong></span> <span class='ocrx_word' id='word_1_377' title='bbox 2440 2740 2640 2792; x_wconf 90' lang='lat' dir='ltr'><strong>nostra</strong></span> <span class='ocrx_word' id='word_1_378' title='bbox 2668 2736 3011 2792; x_wconf 89' lang='lat' dir='ltr'><strong>charitatem</strong></span> <span class='ocrx_word' id='word_1_379' title='bbox 3042 2740 3198 2791; x_wconf 90' lang='lat' dir='ltr'><strong>tuam</strong></span> <span class='ocrx_word' id='word_1_380' title='bbox 3228 2736 3405 2792; x_wconf 89' lang='lat' dir='ltr'><strong>latere</strong></span> <span class='ocrx_word' id='word_1_381' title='bbox 3448 2738 3740 2806; x_wconf 89' lang='lat' dir='ltr'><strong>nolumus,</strong></span> <span class='ocrx_word' id='word_1_382' title='bbox 3769 2755 3845 2793; x_wconf 90' lang='lat' dir='ltr'><strong>ne</strong></span> 
     </span>
    </p>
   </div>
   <div class='ocr_carea' id='block_1_54' title="bbox 2209 2829 3844 2904">
    <p class='ocr_par' dir='ltr' id='par_1_54' title="bbox 2209 2829 3844 2904">
     <span class='ocr_line' id='line_1_54' title="bbox 2209 2829 3844 2904; baseline 0.001 -19"><span class='ocrx_word' id='word_1_383' title='bbox 2209 2832 2307 2904; x_wconf 89' lang='lat' dir='ltr'><strong>qui</strong></span> <span class='ocrx_word' id='word_1_384' title='bbox 2350 2830 2633 2903; x_wconf 90' lang='lat' dir='ltr'><strong>particeps</strong></span> <span class='ocrx_word' id='word_1_385' title='bbox 2676 2830 2785 2885; x_wconf 89' lang='lat' dir='ltr'><strong>fuit</strong></span> <span class='ocrx_word' id='word_1_386' title='bbox 2828 2829 3218 2886; x_wconf 90' lang='lat' dir='ltr'><strong>sollicitudinis</strong></span> <span class='ocrx_word' id='word_1_387' title='bbox 3266 2830 3607 2901; x_wconf 89' lang='lat' dir='ltr'><strong>gaudiorum</strong></span> <span class='ocrx_word' id='word_1_388' title='bbox 3652 2831 3844 2887; x_wconf 88' lang='lat' dir='ltr'><strong>fructu</strong></span> 
     </span>
    </p>
   </div>
   <div class='ocr_carea' id='block_1_55' title="bbox 2208 2923 3848 2996">
    <p class='ocr_par' dir='ltr' id='par_1_55' title="bbox 2208 2923 3848 2996">
     <span class='ocr_line' id='line_1_55' title="bbox 2208 2923 3848 2996; baseline 0.001 -16"><span class='ocrx_word' id='word_1_389' title='bbox 2208 2925 2483 2981; x_wconf 86' lang='lat' dir='ltr'><strong>reddatur</strong></span> <span class='ocrx_word' id='word_1_390' title='bbox 2513 2923 2772 2994; x_wconf 84' lang='lat' dir='ltr'><strong>extorris,</strong></span> <span class='ocrx_word' id='word_1_391' title='bbox 2797 2929 2855 2979; x_wconf 88' lang='lat' dir='ltr'><strong>et</strong></span> <span class='ocrx_word' id='word_1_392' title='bbox 2880 2924 3012 2979; x_wconf 90' lang='lat' dir='ltr'><strong>ideo</strong></span> <span class='ocrx_word' id='word_1_393' title='bbox 3036 2924 3725 2996; x_wconf 89' lang='lat' dir='ltr'><strong>Constantinopolitanam</strong></span> <span class='ocrx_word' id='word_1_394' title='bbox 3746 2927 3848 2981; x_wconf 87' lang='lat' dir='ltr'><strong>Ec-</strong></span> 
     </span>
    </p>
   </div>
   <div class='ocr_carea' id='block_1_56' title="bbox 482 3016 3844 3115">
    <p class='ocr_par' dir='ltr' id='par_1_56' title="bbox 482 3016 3844 3115">
     <span class='ocr_line' id='line_1_56' title="bbox 482 3016 3844 3115; baseline 0.001 -45"><span class='ocrx_word' id='word_1_395' title='bbox 482 3032 674 3071; x_wconf 89' lang='lat' dir='ltr'><strong>meam</strong></span> <span class='ocrx_word' id='word_1_396' title='bbox 701 3016 917 3087; x_wconf 83' lang='lat' dir='ltr'><strong>(Matth.</strong></span> <span class='ocrx_word' id='word_1_397' title='bbox 949 3032 1062 3083; x_wconf 70' lang='lat' dir='ltr'><strong>xvx,</strong></span> <span class='ocrx_word' id='word_1_398' title='bbox 1086 3016 1190 3087; x_wconf 88' lang='grc'><strong>18),</strong></span> <span class='ocrx_word' id='word_1_399' title='bbox 1217 3037 1245 3065; x_wconf 86' lang='grc'><strong>››</strong></span> <span class='ocrx_word' id='word_1_400' title='bbox 1275 3018 1398 3072; x_wconf 84' lang='lat' dir='ltr'><strong>haec</strong></span> <span class='ocrx_word' id='word_1_401' title='bbox 1427 3033 1556 3087; x_wconf 81' lang='lat' dir='ltr'><strong>quae</strong></span> <span class='ocrx_word' id='word_1_402' title='bbox 1583 3016 1734 3072; x_wconf 89' lang='lat' dir='ltr'><strong>dicta</strong></span> <span class='ocrx_word' id='word_1_403' title='bbox 1762 3019 1897 3071; x_wconf 90' lang='lat' dir='ltr'><strong>sunt</strong></span> <span class='ocrx_word' id='word_1_404' title='bbox 1914 3032 2107 3071; x_wconf 87' lang='lat' dir='ltr'><strong>rerum</strong></span> <span class='ocrx_word' id='word_1_405' title='bbox 2157 3020 2177 3115; x_wconf 47' lang='grc' dir='ltr'><strong><em>ς</em></strong></span> <span class='ocrx_word' id='word_1_406' title='bbox 2209 3018 2436 3074; x_wconf 89' lang='lat' dir='ltr'><strong>clesiam</strong></span> <span class='ocrx_word' id='word_1_407' title='bbox 2463 3018 2535 3073; x_wconf 92' lang='lat' dir='ltr'><strong>ad</strong></span> <span class='ocrx_word' id='word_1_408' title='bbox 2564 3017 3032 3074; x_wconf 89' lang='lat' dir='ltr'><strong>communionem</strong></span> <span class='ocrx_word' id='word_1_409' title='bbox 3056 3023 3310 3074; x_wconf 90' lang='lat' dir='ltr'><strong>nostram</strong></span> <span class='ocrx_word' id='word_1_410' title='bbox 3339 3019 3571 3075; x_wconf 89' lang='lat' dir='ltr'><strong>rediisse</strong></span> <span class='ocrx_word' id='word_1_411' title='bbox 3590 3020 3844 3076; x_wconf 91' lang='lat' dir='ltr'><strong>Domino</strong></span> 
     </span>
    </p>
   </div>
   <div class='ocr_carea' id='block_1_57' title="bbox 480 3108 2109 3181">
    <p class='ocr_par' dir='ltr' id='par_1_57' title="bbox 480 3108 2109 3181">
     <span class='ocr_line' id='line_1_57' title="bbox 480 3108 2109 3181; baseline 0 -17"><span class='ocrx_word' id='word_1_412' title='bbox 480 3110 794 3181; x_wconf 84' lang='lat' dir='ltr'><strong>probantur</strong></span> <span class='ocrx_word' id='word_1_413' title='bbox 814 3109 1129 3178; x_wconf 79' lang='lat' dir='ltr'><strong>effectibus,</strong></span> <span class='ocrx_word' id='word_1_414' title='bbox 1153 3109 1289 3181; x_wconf 88' lang='lat' dir='ltr'><strong>quia</strong></span> <span class='ocrx_word' id='word_1_415' title='bbox 1314 3109 1374 3164; x_wconf 92' lang='lat' dir='ltr'><strong>in</strong></span> <span class='ocrx_word' id='word_1_416' title='bbox 1392 3111 1524 3165; x_wconf 88' lang='lat' dir='ltr'><strong>sede</strong></span> <span class='ocrx_word' id='word_1_417' title='bbox 1551 3109 1856 3181; x_wconf 90' lang='lat' dir='ltr'><strong>apostolica</strong></span> <span class='ocrx_word' id='word_1_418' title='bbox 1874 3108 2109 3165; x_wconf 88' lang='lat' dir='ltr'><strong>inviola-</strong></span> 
     </span>
    </p>
   </div>
   <div class='ocr_carea' id='block_1_58' title="bbox 2208 3111 3849 3185">
    <p class='ocr_par' dir='ltr' id='par_1_58' title="bbox 2208 3111 3849 3185">
     <span class='ocr_line' id='line_1_58' title="bbox 2208 3111 3849 3185; baseline 0.001 -17"><span class='ocrx_word' id='word_1_419' title='bbox 2208 3111 2554 3185; x_wconf 89' lang='lat' dir='ltr'><strong>propitiante</strong></span> <span class='ocrx_word' id='word_1_420' title='bbox 2605 3111 2961 3167; x_wconf 87' lang='lat' dir='ltr'><strong>tradentibus</strong></span> <span class='ocrx_word' id='word_1_421' title='bbox 3014 3112 3404 3183; x_wconf 87' lang='lat' dir='ltr'><strong>signiﬁcamus</strong></span> <span class='ocrx_word' id='word_1_422' title='bbox 3451 3113 3734 3184; x_wconf 91' lang='lat' dir='ltr'><strong>alloquiis,</strong></span> <span class='ocrx_word' id='word_1_423' title='bbox 3786 3120 3849 3170; x_wconf 87' lang='lat' dir='ltr'><strong>et</strong></span> 
     </span>
    </p>
   </div>
   <div class='ocr_carea' id='block_1_59' title="bbox 480 3202 3846 3308">
    <p class='ocr_par' dir='ltr' id='par_1_59' title="bbox 480 3202 3846 3308">
     <span class='ocr_line' id='line_1_59' title="bbox 480 3202 3846 3308; baseline 0.001 -50"><span class='ocrx_word' id='word_1_424' title='bbox 480 3204 607 3258; x_wconf 90' lang='lat' dir='ltr'><strong>bilis</strong></span> <span class='ocrx_word' id='word_1_425' title='bbox 633 3219 861 3274; x_wconf 89' lang='lat' dir='ltr'><strong>semper</strong></span> <span class='ocrx_word' id='word_1_426' title='bbox 882 3202 1165 3258; x_wconf 91' lang='lat' dir='ltr'><strong>catholica</strong></span> <span class='ocrx_word' id='word_1_427' title='bbox 1193 3203 1508 3258; x_wconf 85' lang='lat' dir='ltr'><strong>custoditur</strong></span> <span class='ocrx_word' id='word_1_428' title='bbox 1527 3204 1727 3275; x_wconf 88' lang='lat' dir='ltr'><strong>religio</strong></span> <span class='ocrx_word' id='word_1_429' title='bbox 1751 3220 1764 3258; x_wconf 91' lang='lat'>:</span> <span class='ocrx_word' id='word_1_430' title='bbox 1788 3204 1912 3258; x_wconf 76' lang='lat' dir='ltr'><strong>haec</strong></span> <span class='ocrx_word' id='word_1_431' title='bbox 1934 3203 2109 3275; x_wconf 88' lang='lat' dir='ltr'><strong>igitur</strong></span> <span class='ocrx_word' id='word_1_432' title='bbox 2127 3233 2183 3308; x_wconf 64' lang='grc' dir='ltr'>Ο</span> <span class='ocrx_word' id='word_1_433' title='bbox 2209 3206 2609 3261; x_wconf 89' lang='lat' dir='ltr'><strong>mandatorum</strong></span> <span class='ocrx_word' id='word_1_434' title='bbox 2630 3221 2758 3276; x_wconf 75' lang='lat' dir='ltr'><strong>quae</strong></span> <span class='ocrx_word' id='word_1_435' title='bbox 2778 3205 2980 3277; x_wconf 89' lang='lat' dir='ltr'><strong>legatis</strong></span> <span class='ocrx_word' id='word_1_436' title='bbox 2996 3205 3205 3261; x_wconf 87' lang='lat' dir='ltr'><strong>nostris</strong></span> <span class='ocrx_word' id='word_1_437' title='bbox 3221 3206 3479 3263; x_wconf 89' lang='lat' dir='ltr'><strong>dedimus</strong></span> <span class='ocrx_word' id='word_1_438' title='bbox 3494 3207 3555 3262; x_wconf 89' lang='lat' dir='ltr'><strong>in</strong></span> <span class='ocrx_word' id='word_1_439' title='bbox 3575 3207 3846 3263; x_wconf 88' lang='lat' dir='ltr'><strong>omnibus</strong></span> 
     </span>
    </p>
   </div>
   <div class='ocr_carea' id='block_1_60' title="bbox 483 3296 3842 3372">
    <p class='ocr_par' dir='ltr' id='par_1_60' title="bbox 483 3296 3842 3372">
     <span class='ocr_line' id='line_1_60' title="bbox 483 3296 3842 3372; baseline 0.002 -21"><span class='ocrx_word' id='word_1_440' title='bbox 483 3298 638 3353; x_wconf 82' lang='lat' dir='ltr'><strong>fides.</strong></span> <span class='ocrx_word' id='word_1_441' title='bbox 671 3297 780 3351; x_wconf 89' lang='lat' dir='ltr'><strong>Nec</strong></span> <span class='ocrx_word' id='word_1_442' title='bbox 808 3296 1010 3351; x_wconf 88' lang='lat' dir='ltr'><strong>cadere</strong></span> <span class='ocrx_word' id='word_1_443' title='bbox 1041 3296 1356 3368; x_wconf 87' lang='lat' dir='ltr'><strong>cupientes,</strong></span> <span class='ocrx_word' id='word_1_444' title='bbox 1389 3297 1491 3352; x_wconf 92' lang='lat' dir='ltr'><strong>sed</strong></span> <span class='ocrx_word' id='word_1_445' title='bbox 1535 3299 1767 3352; x_wconf 89' lang='lat' dir='ltr'><strong>Patrum</strong></span> <span class='ocrx_word' id='word_1_446' title='bbox 1807 3302 2107 3369; x_wconf 89' lang='lat' dir='ltr'><strong>sequentes</strong></span> <span class='ocrx_word' id='word_1_447' title='bbox 2136 3296 2183 3308; x_wconf 79' lang='grc'><em>“”</em></span> <span class='ocrx_word' id='word_1_448' title='bbox 2208 3299 2413 3355; x_wconf 90' lang='lat' dir='ltr'><strong>seriem</strong></span> <span class='ocrx_word' id='word_1_449' title='bbox 2440 3298 2614 3354; x_wconf 90' lang='lat' dir='ltr'><strong>fuisse</strong></span> <span class='ocrx_word' id='word_1_450' title='bbox 2659 3299 3027 3371; x_wconf 87' lang='lat' dir='ltr'><strong>completam,</strong></span> <span class='ocrx_word' id='word_1_451' title='bbox 3056 3300 3127 3355; x_wconf 91' lang='lat' dir='ltr'><strong>de</strong></span> <span class='ocrx_word' id='word_1_452' title='bbox 3156 3316 3270 3371; x_wconf 90' lang='lat' dir='ltr'><strong>qua</strong></span> <span class='ocrx_word' id='word_1_453' title='bbox 3296 3305 3477 3372; x_wconf 90' lang='lat' dir='ltr'><strong>parte,</strong></span> <span class='ocrx_word' id='word_1_454' title='bbox 3496 3305 3563 3356; x_wconf 92' lang='lat' dir='ltr'><strong>ut</strong></span> <span class='ocrx_word' id='word_1_455' title='bbox 3591 3301 3666 3357; x_wconf 89' lang='lat' dir='ltr'><strong>ad</strong></span> <span class='ocrx_word' id='word_1_456' title='bbox 3692 3302 3842 3357; x_wconf 88' lang='lat' dir='ltr'><strong>dile-</strong></span> 
     </span>
    </p>
   </div>
   <div class='ocr_carea' id='block_1_61' title="bbox 483 3389 2103 3448">
    <p class='ocr_par' dir='ltr' id='par_1_61' title="bbox 483 3389 2103 3448">
     <span class='ocr_line' id='line_1_61' title="bbox 483 3389 2103 3448; baseline 0.001 -3"><span class='ocrx_word' id='word_1_457' title='bbox 483 3393 536 3446; x_wconf 88' lang='lat' dir='ltr'><strong>in</strong></span> <span class='ocrx_word' id='word_1_458' title='bbox 567 3389 831 3446; x_wconf 87' lang='lat' dir='ltr'><strong>omnibus</strong></span> <span class='ocrx_word' id='word_1_459' title='bbox 860 3390 1170 3446; x_wconf 85' lang='lat' dir='ltr'><strong>constituta</strong></span> <span class='ocrx_word' id='word_1_460' title='bbox 1193 3391 1734 3448; x_wconf 89' lang='lat' dir='ltr'><strong>anathematizantes</strong></span> <span class='ocrx_word' id='word_1_461' title='bbox 1763 3408 1959 3448; x_wconf 87' lang='lat' dir='ltr'><strong>omnes</strong></span> <span class='ocrx_word' id='word_1_462' title='bbox 1988 3392 2103 3446; x_wconf 72' lang='lat' dir='ltr'><strong>hae-</strong></span> 
     </span>
    </p>
   </div>
   <div class='ocr_carea' id='block_1_62' title="bbox 479 3484 2103 3558">
    <p class='ocr_par' dir='ltr' id='par_1_62' title="bbox 479 3484 2103 3558">
     <span class='ocr_line' id='line_1_62' title="bbox 479 3484 2103 3558; baseline 0.001 -19"><span class='ocrx_word' id='word_1_463' title='bbox 479 3502 631 3541; x_wconf 88' lang='lat' dir='ltr'><strong>reses</strong></span> <span class='ocrx_word' id='word_1_464' title='bbox 657 3489 714 3539; x_wconf 90' lang='lat' dir='ltr'><strong>et</strong></span> <span class='ocrx_word' id='word_1_465' title='bbox 737 3484 1019 3556; x_wconf 90' lang='lat' dir='ltr'><strong>praecipue</strong></span> <span class='ocrx_word' id='word_1_466' title='bbox 1046 3486 1367 3540; x_wconf 86' lang='lat' dir='ltr'><strong>Nestorium</strong></span> <span class='ocrx_word' id='word_1_467' title='bbox 1399 3485 1754 3556; x_wconf 70' lang='lat' dir='ltr'><strong>haereticum,</strong></span> <span class='ocrx_word' id='word_1_468' title='bbox 1787 3488 1886 3558; x_wconf 91' lang='lat' dir='ltr'><strong>qui</strong></span> <span class='ocrx_word' id='word_1_469' title='bbox 1917 3503 2103 3558; x_wconf 91' lang='lat' dir='ltr'><strong>quon-</strong></span> 
     </span>
    </p>
   </div>
   <div class='ocr_carea' id='block_1_63' title="bbox 479 3577 2106 3651">
    <p class='ocr_par' dir='ltr' id='par_1_63' title="bbox 479 3577 2106 3651">
     <span class='ocr_line' id='line_1_63' title="bbox 479 3577 2106 3651; baseline 0.001 -18"><span class='ocrx_word' id='word_1_470' title='bbox 479 3581 610 3634; x_wconf 88' lang='lat' dir='ltr'><strong>dam</strong></span> <span class='ocrx_word' id='word_1_471' title='bbox 630 3577 1267 3649; x_wconf 72' lang='lat' dir='ltr'><strong>Constantinopolitanze</strong></span> <span class='ocrx_word' id='word_1_472' title='bbox 1293 3579 1451 3634; x_wconf 87' lang='lat' dir='ltr'><strong>urbis</strong></span> <span class='ocrx_word' id='word_1_473' title='bbox 1478 3578 1587 3635; x_wconf 89' lang='lat' dir='ltr'><strong>fuit</strong></span> <span class='ocrx_word' id='word_1_474' title='bbox 1611 3580 1929 3651; x_wconf 90' lang='lat' dir='ltr'><strong>episcopus,</strong></span> <span class='ocrx_word' id='word_1_475' title='bbox 1953 3580 2106 3635; x_wconf 93' lang='lat' dir='ltr'><strong>dam-</strong></span> 
     </span>
    </p>
   </div>
   <div class='ocr_carea' id='block_1_64' title="bbox 477 3672 2108 3746">
    <p class='ocr_par' dir='ltr' id='par_1_64' title="bbox 477 3672 2108 3746">
     <span class='ocr_line' id='line_1_64' title="bbox 477 3672 2108 3746; baseline 0.001 -19"><span class='ocrx_word' id='word_1_476' title='bbox 477 3677 675 3727; x_wconf 85' lang='lat' dir='ltr'><strong>natum</strong></span> <span class='ocrx_word' id='word_1_477' title='bbox 705 3672 763 3727; x_wconf 88' lang='lat' dir='ltr'><strong>in</strong></span> <span class='ocrx_word' id='word_1_478' title='bbox 791 3672 1026 3727; x_wconf 90' lang='lat' dir='ltr'><strong>concilio</strong></span> <span class='ocrx_word' id='word_1_479' title='bbox 1056 3672 1335 3744; x_wconf 86' lang='lat' dir='ltr'><strong>Ephesino</strong></span> <span class='ocrx_word' id='word_1_480' title='bbox 1363 3689 1397 3727; x_wconf 88' lang='lat' dir='ltr'><strong>a</strong></span> <span class='ocrx_word' id='word_1_481' title='bbox 1426 3673 1593 3728; x_wconf 87' lang='lat' dir='ltr'><strong>beato</strong></span> <span class='ocrx_word' id='word_1_482' title='bbox 1633 3674 1932 3730; x_wconf 83' lang='lat' dir='ltr'><strong>Caelestino</strong></span> <span class='ocrx_word' id='word_1_483' title='bbox 1960 3690 2108 3746; x_wconf 90' lang='lat' dir='ltr'><strong>papa</strong></span> 
     </span>
    </p>
   </div>
   <div class='ocr_carea' id='block_1_65' title="bbox 476 3766 2106 3840">
    <p class='ocr_par' dir='ltr' id='par_1_65' title="bbox 476 3766 2106 3840">
     <span class='ocr_line' id='line_1_65' title="bbox 476 3766 2106 3840; baseline 0.001 -19"><span class='ocrx_word' id='word_1_484' title='bbox 476 3766 634 3821; x_wconf 87' lang='lat' dir='ltr'><strong>urbis</strong></span> <span class='ocrx_word' id='word_1_485' title='bbox 673 3768 888 3836; x_wconf 62' lang='lat' dir='ltr'><strong>Romae,</strong></span> <span class='ocrx_word' id='word_1_486' title='bbox 923 3772 980 3820; x_wconf 90' lang='lat' dir='ltr'><strong>et</strong></span> <span class='ocrx_word' id='word_1_487' title='bbox 1009 3783 1043 3820; x_wconf 91' lang='lat' dir='ltr'><strong>a</strong></span> <span class='ocrx_word' id='word_1_488' title='bbox 1085 3767 1400 3821; x_wconf 86' lang='lat' dir='ltr'><strong>venerabili</strong></span> <span class='ocrx_word' id='word_1_489' title='bbox 1443 3767 1562 3823; x_wconf 89' lang='lat' dir='ltr'><strong>viro</strong></span> <span class='ocrx_word' id='word_1_490' title='bbox 1603 3768 1809 3839; x_wconf 87' lang='lat' dir='ltr'><strong>Cyrillo</strong></span> <span class='ocrx_word' id='word_1_491' title='bbox 1840 3768 2106 3840; x_wconf 89' lang='lat' dir='ltr'><strong>episc0po</strong></span> 
     </span>
    </p>
   </div>
   <div class='ocr_carea' id='block_1_66' title="bbox 478 3860 2107 3918">
    <p class='ocr_par' dir='ltr' id='par_1_66' title="bbox 478 3860 2107 3918">
     <span class='ocr_line' id='line_1_66' title="bbox 478 3860 2107 3918; baseline 0.002 -5"><span class='ocrx_word' id='word_1_492' title='bbox 478 3860 876 3915; x_wconf 73' lang='lat' dir='ltr'><strong>Alexandrinae</strong></span> <span class='ocrx_word' id='word_1_493' title='bbox 901 3860 1136 3914; x_wconf 81' lang='lat' dir='ltr'><strong>civitatis</strong></span> <span class='ocrx_word' id='word_1_494' title='bbox 1162 3863 1220 3914; x_wconf 92' lang='lat' dir='ltr'><strong>et</strong></span> <span class='ocrx_word' id='word_1_495' title='bbox 1246 3877 1359 3915; x_wconf 88' lang='lat' dir='ltr'><strong>una</strong></span> <span class='ocrx_word' id='word_1_496' title='bbox 1383 3877 1514 3915; x_wconf 90' lang='lat' dir='ltr'><strong>cum</strong></span> <span class='ocrx_word' id='word_1_497' title='bbox 1539 3862 1637 3916; x_wconf 88' lang='lat' dir='ltr'><strong>illo</strong></span> <span class='ocrx_word' id='word_1_498' title='bbox 1664 3862 2107 3918; x_wconf 87' lang='lat' dir='ltr'><strong>anathematiza-</strong></span> 
     </span>
    </p>
   </div>
   <div class='ocr_carea' id='block_1_67' title="bbox 480 3953 2108 4020">
    <p class='ocr_par' dir='ltr' id='par_1_67' title="bbox 480 3953 2108 4020">
     <span class='ocr_line' id='line_1_67' title="bbox 480 3953 2108 4020; baseline 0.002 -13"><span class='ocrx_word' id='word_1_499' title='bbox 480 3970 625 4020; x_wconf 90' lang='lat' dir='ltr'><strong>mus,</strong></span> <span class='ocrx_word' id='word_1_500' title='bbox 648 3959 704 4008; x_wconf 90' lang='lat' dir='ltr'><strong>et</strong></span> <span class='ocrx_word' id='word_1_501' title='bbox 722 3953 1039 4020; x_wconf 89' lang='lat' dir='ltr'><strong>Eutichem,</strong></span> <span class='ocrx_word' id='word_1_502' title='bbox 1062 3956 1119 4007; x_wconf 94' lang='lat' dir='ltr'><strong>et</strong></span> <span class='ocrx_word' id='word_1_503' title='bbox 1139 3955 1472 4008; x_wconf 91' lang='lat' dir='ltr'><strong>Dioscorum</strong></span> <span class='ocrx_word' id='word_1_504' title='bbox 1498 3956 1897 4010; x_wconf 66' lang='lat' dir='ltr'><strong>Alexandrinae</strong></span> <span class='ocrx_word' id='word_1_505' title='bbox 1918 3956 2108 4010; x_wconf 88' lang='lat' dir='ltr'><strong>civita-</strong></span> 
     </span>
    </p>
   </div>
   <div class='ocr_carea' id='block_1_68' title="bbox 482 4046 2108 4120">
    <p class='ocr_par' dir='ltr' id='par_1_68' title="bbox 482 4046 2108 4120">
     <span class='ocr_line' id='line_1_68' title="bbox 482 4046 2108 4120; baseline 0.004 -21"><span class='ocrx_word' id='word_1_506' title='bbox 482 4047 551 4100; x_wconf 88' lang='lat' dir='ltr'><strong>tis</strong></span> <span class='ocrx_word' id='word_1_507' title='bbox 568 4046 918 4116; x_wconf 90' lang='lat' dir='ltr'><strong>episcopum,</strong></span> <span class='ocrx_word' id='word_1_508' title='bbox 933 4046 1268 4101; x_wconf 90' lang='lat' dir='ltr'><strong>damnatum</strong></span> <span class='ocrx_word' id='word_1_509' title='bbox 1285 4047 1345 4101; x_wconf 91' lang='lat' dir='ltr'><strong>in</strong></span> <span class='ocrx_word' id='word_1_510' title='bbox 1362 4051 1555 4101; x_wconf 89' lang='lat' dir='ltr'><strong>sancta</strong></span> <span class='ocrx_word' id='word_1_511' title='bbox 1571 4048 1790 4120; x_wconf 84' lang='lat' dir='ltr'><strong>synodo</strong></span> <span class='ocrx_word' id='word_1_512' title='bbox 1803 4049 2108 4105; x_wconf 92' lang='lat' dir='ltr'><strong>Chalcedo-</strong></span> 
     </span>
    </p>
   </div>
   <div class='ocr_carea' id='block_1_69' title="bbox 476 4138 2101 4213">
    <p class='ocr_par' dir='ltr' id='par_1_69' title="bbox 476 4138 2101 4213">
     <span class='ocr_line' id='line_1_69' title="bbox 476 4138 2101 4213; baseline 0.004 -21"><span class='ocrx_word' id='word_1_513' title='bbox 476 4138 643 4194; x_wconf 88' lang='lat' dir='ltr'><strong>nensi</strong></span> <span class='ocrx_word' id='word_1_514' title='bbox 675 4154 847 4210; x_wconf 91' lang='lat' dir='ltr'><strong>quam</strong></span> <span class='ocrx_word' id='word_1_515' title='bbox 874 4141 1213 4194; x_wconf 86' lang='lat' dir='ltr'><strong>venerantes</strong></span> <span class='ocrx_word' id='word_1_516' title='bbox 1254 4140 1546 4212; x_wconf 88' lang='lat' dir='ltr'><strong>sequimur</strong></span> <span class='ocrx_word' id='word_1_517' title='bbox 1585 4145 1642 4195; x_wconf 88' lang='lat' dir='ltr'><strong>et</strong></span> <span class='ocrx_word' id='word_1_518' title='bbox 1682 4142 2101 4213; x_wconf 89' lang='lat' dir='ltr'><strong>amplectimur.</strong></span> 
     </span>
    </p>
   </div>
   <div class='ocr_carea' id='block_1_70' title="bbox 477 4224 2107 4308">
    <p class='ocr_par' dir='ltr' id='par_1_70' title="bbox 477 4224 2107 4308">
     <span class='ocr_line' id='line_1_70' title="bbox 477 4224 2107 4308; baseline 0.004 -22"><span class='ocrx_word' id='word_1_519' title='bbox 477 4234 614 4298; x_wconf 84' lang='lat' dir='ltr'><strong>Quae</strong></span> <span class='ocrx_word' id='word_1_520' title='bbox 652 4224 896 4304; x_wconf 90' lang='lat' dir='ltr'><strong>sequens</strong></span> <span class='ocrx_word' id='word_1_521' title='bbox 926 4235 1178 4287; x_wconf 85' lang='lat' dir='ltr'><strong>sanctam</strong></span> <span class='ocrx_word' id='word_1_522' title='bbox 1205 4232 1491 4304; x_wconf 83' lang='lat' dir='ltr'><strong>synodum</strong></span> <span class='ocrx_word' id='word_1_523' title='bbox 1520 4234 1809 4291; x_wconf 73' lang='lat' dir='ltr'><strong>Nicaenam</strong></span> <span class='ocrx_word' id='word_1_524' title='bbox 1840 4239 2107 4308; x_wconf 85' lang='lat' dir='ltr'><strong>apostoli-</strong></span> 
     </span>
    </p>
   </div>
   <div class='ocr_carea' id='block_1_71' title="bbox 478 4326 2103 4400">
    <p class='ocr_par' dir='ltr' id='par_1_71' title="bbox 478 4326 2103 4400">
     <span class='ocr_line' id='line_1_71' title="bbox 478 4326 2103 4400; baseline 0.004 -19"><span class='ocrx_word' id='word_1_525' title='bbox 478 4344 603 4382; x_wconf 83' lang='lat' dir='ltr'><strong>cam</strong></span> <span class='ocrx_word' id='word_1_526' title='bbox 623 4326 792 4382; x_wconf 85' lang='lat' dir='ltr'><strong>ﬁdem</strong></span> <span class='ocrx_word' id='word_1_527' title='bbox 818 4327 1175 4398; x_wconf 87' lang='lat' dir='ltr'><strong>praedicavit;</strong></span> <span class='ocrx_word' id='word_1_528' title='bbox 1206 4328 1293 4382; x_wconf 92' lang='lat' dir='ltr'><strong>his</strong></span> <span class='ocrx_word' id='word_1_529' title='bbox 1313 4328 1436 4399; x_wconf 80' lang='lat' dir='ltr'><strong>conj</strong></span> <span class='ocrx_word' id='word_1_530' title='bbox 1446 4332 1723 4400; x_wconf 86' lang='lat' dir='ltr'><strong>ungentes</strong></span> <span class='ocrx_word' id='word_1_531' title='bbox 1743 4329 2103 4388; x_wconf 91' lang='lat' dir='ltr'><strong>Timotheum</strong></span> 
     </span>
    </p>
   </div>
   <div class='ocr_carea' id='block_1_72' title="bbox 480 4421 2105 4492">
    <p class='ocr_par' dir='ltr' id='par_1_72' title="bbox 480 4421 2105 4492">
     <span class='ocr_line' id='line_1_72' title="bbox 480 4421 2105 4492; baseline 0.004 -17"><span class='ocrx_word' id='word_1_532' title='bbox 480 4421 836 4492; x_wconf 88' lang='lat' dir='ltr'><strong>parricidam,</strong></span> <span class='ocrx_word' id='word_1_533' title='bbox 854 4422 1149 4477; x_wconf 84' lang='lat' dir='ltr'><strong>Hellurum</strong></span> <span class='ocrx_word' id='word_1_534' title='bbox 1161 4422 1652 4492; x_wconf 78' lang='lat' dir='ltr'><strong>cognominatum,</strong></span> <span class='ocrx_word' id='word_1_535' title='bbox 1670 4425 2105 4481; x_wconf 90' lang='lat' dir='ltr'><strong>anathematiza-</strong></span> 
     </span>
    </p>
   </div>
   <div class='ocr_carea' id='block_1_73' title="bbox 479 4515 2104 4588">
    <p class='ocr_par' dir='ltr' id='par_1_73' title="bbox 479 4515 2104 4588">
     <span class='ocr_line' id='line_1_73' title="bbox 479 4515 2104 4588; baseline 0.004 -19"><span class='ocrx_word' id='word_1_536' title='bbox 479 4532 626 4585; x_wconf 88' lang='lat' dir='ltr'><strong>mus,</strong></span> <span class='ocrx_word' id='word_1_537' title='bbox 656 4518 713 4569; x_wconf 88' lang='lat' dir='ltr'><strong>et</strong></span> <span class='ocrx_word' id='word_1_538' title='bbox 746 4515 919 4586; x_wconf 87' lang='lat' dir='ltr'><strong>hujus</strong></span> <span class='ocrx_word' id='word_1_539' title='bbox 945 4515 1289 4588; x_wconf 88' lang='lat' dir='ltr'><strong>discipulum</strong></span> <span class='ocrx_word' id='word_1_540' title='bbox 1326 4521 1383 4572; x_wconf 89' lang='lat' dir='ltr'><strong>et</strong></span> <span class='ocrx_word' id='word_1_541' title='bbox 1414 4532 1714 4588; x_wconf 85' lang='lat' dir='ltr'><strong>sequacem</strong></span> <span class='ocrx_word' id='word_1_542' title='bbox 1743 4517 1805 4572; x_wconf 91' lang='lat' dir='ltr'><strong>in</strong></span> <span class='ocrx_word' id='word_1_543' title='bbox 1835 4520 2104 4576; x_wconf 87' lang='lat' dir='ltr'><strong>omnibus</strong></span> 
     </span>
    </p>
   </div>
   <div class='ocr_carea' id='block_1_74' title="bbox 2205 3392 3842 3466">
    <p class='ocr_par' dir='ltr' id='par_1_74' title="bbox 2205 3392 3842 3466">
     <span class='ocr_line' id='line_1_74' title="bbox 2205 3392 3842 3466; baseline 0.001 -17"><span class='ocrx_word' id='word_1_544' title='bbox 2205 3394 2454 3450; x_wconf 90' lang='lat' dir='ltr'><strong>ctionem</strong></span> <span class='ocrx_word' id='word_1_545' title='bbox 2477 3398 2636 3448; x_wconf 89' lang='lat' dir='ltr'><strong>tuam</strong></span> <span class='ocrx_word' id='word_1_546' title='bbox 2659 3394 2883 3465; x_wconf 90' lang='lat' dir='ltr'><strong>plenius</strong></span> <span class='ocrx_word' id='word_1_547' title='bbox 2906 3392 3176 3465; x_wconf 86' lang='lat' dir='ltr'><strong>perfectae</strong></span> <span class='ocrx_word' id='word_1_548' title='bbox 3198 3393 3475 3466; x_wconf 89' lang='lat' dir='ltr'><strong>gaudium</strong></span> <span class='ocrx_word' id='word_1_549' title='bbox 3490 3394 3842 3466; x_wconf 88' lang='lat' dir='ltr'><strong>perveniret,</strong></span> 
     </span>
    </p>
   </div>
   <div class='ocr_carea' id='block_1_75' title="bbox 2204 3487 3844 3562">
    <p class='ocr_par' dir='ltr' id='par_1_75' title="bbox 2204 3487 3844 3562">
     <span class='ocr_line' id='line_1_75' title="bbox 2204 3487 3844 3562; baseline 0.002 -20"><span class='ocrx_word' id='word_1_550' title='bbox 2204 3488 2381 3543; x_wconf 84' lang='lat' dir='ltr'><strong>libelli</strong></span> <span class='ocrx_word' id='word_1_551' title='bbox 2402 3488 2636 3544; x_wconf 87' lang='lat' dir='ltr'><strong>Joannis</strong></span> <span class='ocrx_word' id='word_1_552' title='bbox 2661 3487 2852 3542; x_wconf 84' lang='lat' dir='ltr'><strong>fratris</strong></span> <span class='ocrx_word' id='word_1_553' title='bbox 2869 3490 2927 3542; x_wconf 91' lang='lat' dir='ltr'><strong>et</strong></span> <span class='ocrx_word' id='word_1_554' title='bbox 2946 3487 3366 3543; x_wconf 90' lang='lat' dir='ltr'><strong>consacerdotis</strong></span> <span class='ocrx_word' id='word_1_555' title='bbox 3386 3489 3566 3544; x_wconf 90' lang='lat' dir='ltr'><strong>nostri</strong></span> <span class='ocrx_word' id='word_1_556' title='bbox 3592 3489 3844 3562; x_wconf 88' lang='lat' dir='ltr'><strong>episcopi</strong></span> 
     </span>
    </p>
   </div>
   <div class='ocr_carea' id='block_1_76' title="bbox 2205 3581 3844 3657">
    <p class='ocr_par' dir='ltr' id='par_1_76' title="bbox 2205 3581 3844 3657">
     <span class='ocr_line' id='line_1_76' title="bbox 2205 3581 3844 3657; baseline 0.001 -18"><span class='ocrx_word' id='word_1_557' title='bbox 2205 3581 2815 3653; x_wconf 86' lang='lat' dir='ltr'><strong>Constantinopolitani</strong></span> <span class='ocrx_word' id='word_1_558' title='bbox 2828 3584 2885 3637; x_wconf 89' lang='lat' dir='ltr'><strong>et</strong></span> <span class='ocrx_word' id='word_1_559' title='bbox 2898 3581 3104 3637; x_wconf 89' lang='lat' dir='ltr'><strong>Justini</strong></span> <span class='ocrx_word' id='word_1_560' title='bbox 3119 3582 3545 3638; x_wconf 89' lang='lat' dir='ltr'><strong>clementissimi</strong></span> <span class='ocrx_word' id='word_1_561' title='bbox 3565 3584 3844 3657; x_wconf 88' lang='lat' dir='ltr'><strong>principis</strong></span> 
     </span>
    </p>
   </div>
   <div class='ocr_carea' id='block_1_77' title="bbox 2207 3676 3845 3749">
    <p class='ocr_par' dir='ltr' id='par_1_77' title="bbox 2207 3676 3845 3749">
     <span class='ocr_line' id='line_1_77' title="bbox 2207 3676 3845 3749; baseline 0.003 -19"><span class='ocrx_word' id='word_1_562' title='bbox 2207 3676 2451 3731; x_wconf 87' lang='lat' dir='ltr'><strong>Orientis</strong></span> <span class='ocrx_word' id='word_1_563' title='bbox 2504 3692 2793 3731; x_wconf 89' lang='lat' dir='ltr'><strong>sacrarum</strong></span> <span class='ocrx_word' id='word_1_564' title='bbox 2848 3676 3170 3731; x_wconf 90' lang='lat' dir='ltr'><strong>litterarum</strong></span> <span class='ocrx_word' id='word_1_565' title='bbox 3233 3677 3576 3749; x_wconf 86' lang='lat' dir='ltr'><strong>exemplaria</strong></span> <span class='ocrx_word' id='word_1_566' title='bbox 3626 3678 3845 3749; x_wconf 90' lang='lat' dir='ltr'><strong>pariter</strong></span> 
     </span>
    </p>
   </div>
   <div class='ocr_carea' id='block_1_78' title="bbox 2206 3769 3844 3845">
    <p class='ocr_par' dir='ltr' id='par_1_78' title="bbox 2206 3769 3844 3845">
     <span class='ocr_line' id='line_1_78' title="bbox 2206 3769 3844 3845; baseline 0.002 -21"><span class='ocrx_word' id='word_1_567' title='bbox 2206 3769 2553 3825; x_wconf 89' lang='lat' dir='ltr'><strong>credidimus</strong></span> <span class='ocrx_word' id='word_1_568' title='bbox 2591 3769 2948 3837; x_wconf 86' lang='lat' dir='ltr'><strong>destinanda,</strong></span> <span class='ocrx_word' id='word_1_569' title='bbox 2975 3769 3298 3841; x_wconf 89' lang='lat' dir='ltr'><strong>judicantes</strong></span> <span class='ocrx_word' id='word_1_570' title='bbox 3326 3770 3704 3828; x_wconf 90' lang='lat' dir='ltr'><strong>nihilominus</strong></span> <span class='ocrx_word' id='word_1_571' title='bbox 3738 3790 3844 3845; x_wconf 89' lang='lat' dir='ltr'><strong>per</strong></span> 
     </span>
    </p>
   </div>
   <div class='ocr_carea' id='block_1_79' title="bbox 2207 3863 3839 3936">
    <p class='ocr_par' dir='ltr' id='par_1_79' title="bbox 2207 3863 3839 3936">
     <span class='ocr_line' id='line_1_79' title="bbox 2207 3863 3839 3936; baseline 0.003 -18"><span class='ocrx_word' id='word_1_572' title='bbox 2207 3863 2449 3919; x_wconf 90' lang='lat' dir='ltr'><strong>Orientis</strong></span> <span class='ocrx_word' id='word_1_573' title='bbox 2478 3866 2668 3935; x_wconf 89' lang='lat' dir='ltr'><strong>partes</strong></span> <span class='ocrx_word' id='word_1_574' title='bbox 2710 3863 2986 3935; x_wconf 89' lang='lat' dir='ltr'><strong>plurimos</strong></span> <span class='ocrx_word' id='word_1_575' title='bbox 3028 3863 3323 3936; x_wconf 87' lang='lat' dir='ltr'><strong>episcopos</strong></span> <span class='ocrx_word' id='word_1_576' title='bbox 3367 3865 3445 3920; x_wconf 90' lang='lat' dir='ltr'><strong>sic</strong></span> <span class='ocrx_word' id='word_1_577' title='bbox 3483 3866 3705 3922; x_wconf 89' lang='lat' dir='ltr'><strong>fecisse.</strong></span> <span class='ocrx_word' id='word_1_578' title='bbox 3737 3867 3839 3923; x_wconf 90' lang='lat' dir='ltr'><strong>Su-</strong></span> 
     </span>
    </p>
   </div>
   <div class='ocr_carea' id='block_1_80' title="bbox 2208 3957 3841 4031">
    <p class='ocr_par' dir='ltr' id='par_1_80' title="bbox 2208 3957 3841 4031">
     <span class='ocr_line' id='line_1_80' title="bbox 2208 3957 3841 4031; baseline 0.004 -19"><span class='ocrx_word' id='word_1_579' title='bbox 2208 3963 2398 4029; x_wconf 90' lang='lat' dir='ltr'><strong>perest</strong></span> <span class='ocrx_word' id='word_1_580' title='bbox 2424 3960 2489 4012; x_wconf 87' lang='lat' dir='ltr'><strong>ut</strong></span> <span class='ocrx_word' id='word_1_581' title='bbox 2512 3974 2546 4012; x_wconf 91' lang='lat' dir='ltr'><strong>a</strong></span> <span class='ocrx_word' id='word_1_582' title='bbox 2573 3957 2738 4012; x_wconf 91' lang='lat' dir='ltr'><strong>nobis</strong></span> <span class='ocrx_word' id='word_1_583' title='bbox 2782 3958 3240 4030; x_wconf 85' lang='lat' dir='ltr'><strong>competentibus</strong></span> <span class='ocrx_word' id='word_1_584' title='bbox 3288 3959 3550 4031; x_wconf 90' lang='lat' dir='ltr'><strong>precibus</strong></span> <span class='ocrx_word' id='word_1_585' title='bbox 3576 3960 3841 4018; x_wconf 87' lang='lat' dir='ltr'><strong>divinitas</strong></span> 
     </span>
    </p>
   </div>
   <div class='ocr_carea' id='block_1_81' title="bbox 2208 4052 3843 4127">
    <p class='ocr_par' dir='ltr' id='par_1_81' title="bbox 2208 4052 3843 4127">
     <span class='ocr_line' id='line_1_81' title="bbox 2208 4052 3843 4127; baseline 0.003 -21"><span class='ocrx_word' id='word_1_586' title='bbox 2208 4055 2440 4106; x_wconf 87' lang='lat' dir='ltr'><strong>exorata</strong></span> <span class='ocrx_word' id='word_1_587' title='bbox 2463 4052 2750 4119; x_wconf 90' lang='lat' dir='ltr'><strong>concedat,</strong></span> <span class='ocrx_word' id='word_1_588' title='bbox 2780 4057 3057 4124; x_wconf 85' lang='lat' dir='ltr'><strong>quatenus</strong></span> <span class='ocrx_word' id='word_1_589' title='bbox 3104 4052 3174 4108; x_wconf 91' lang='lat' dir='ltr'><strong>de</strong></span> <span class='ocrx_word' id='word_1_590' title='bbox 3216 4053 3455 4109; x_wconf 86' lang='lat' dir='ltr'><strong>aliarum</strong></span> <span class='ocrx_word' id='word_1_591' title='bbox 3486 4070 3715 4127; x_wconf 87' lang='lat' dir='ltr'><strong>quoque</strong></span> <span class='ocrx_word' id='word_1_592' title='bbox 3745 4058 3843 4111; x_wconf 87' lang='lat' dir='ltr'><strong>Ec-</strong></span> 
     </span>
    </p>
   </div>
   <div class='ocr_carea' id='block_1_82' title="bbox 2205 4145 3840 4222">
    <p class='ocr_par' dir='ltr' id='par_1_82' title="bbox 2205 4145 3840 4222">
     <span class='ocr_line' id='line_1_82' title="bbox 2205 4145 3840 4222; baseline 0.002 -21"><span class='ocrx_word' id='word_1_593' title='bbox 2205 4145 2500 4201; x_wconf 88' lang='lat' dir='ltr'><strong>clesiarum</strong></span> <span class='ocrx_word' id='word_1_594' title='bbox 2532 4145 3024 4217; x_wconf 87' lang='lat' dir='ltr'><strong>redintegratione</strong></span> <span class='ocrx_word' id='word_1_595' title='bbox 3056 4148 3434 4217; x_wconf 89' lang='lat' dir='ltr'><strong>gratulemur.</strong></span> <span class='ocrx_word' id='word_1_596' title='bbox 3462 4149 3540 4204; x_wconf 86' lang='lat' dir='ltr'><strong>Ea</strong></span> <span class='ocrx_word' id='word_1_597' title='bbox 3556 4165 3692 4205; x_wconf 89' lang='lat' dir='ltr'><strong>vero</strong></span> <span class='ocrx_word' id='word_1_598' title='bbox 3713 4167 3840 4222; x_wconf 64' lang='lat' dir='ltr'><strong>quas</strong></span> 
     </span>
    </p>
   </div>
   <div class='ocr_carea' id='block_1_83' title="bbox 2205 4239 3843 4315">
    <p class='ocr_par' dir='ltr' id='par_1_83' title="bbox 2205 4239 3843 4315">
     <span class='ocr_line' id='line_1_83' title="bbox 2205 4239 3843 4315; baseline 0.003 -21"><span class='ocrx_word' id='word_1_599' title='bbox 2205 4239 2525 4310; x_wconf 85' lang='lat' dir='ltr'><strong>significare</strong></span> <span class='ocrx_word' id='word_1_600' title='bbox 2554 4239 2896 4306; x_wconf 88' lang='lat' dir='ltr'><strong>curavimus,</strong></span> <span class='ocrx_word' id='word_1_601' title='bbox 2916 4240 2977 4295; x_wconf 92' lang='lat' dir='ltr'><strong>in</strong></span> <span class='ocrx_word' id='word_1_602' title='bbox 3001 4256 3203 4295; x_wconf 91' lang='lat' dir='ltr'><strong>eorum</strong></span> <span class='ocrx_word' id='word_1_603' title='bbox 3232 4242 3589 4298; x_wconf 90' lang='lat' dir='ltr'><strong>sacerdotum</strong></span> <span class='ocrx_word' id='word_1_604' title='bbox 3615 4243 3716 4315; x_wconf 89' lang='lat' dir='ltr'><strong>qui</strong></span> <span class='ocrx_word' id='word_1_605' title='bbox 3736 4245 3843 4299; x_wconf 87' lang='lat' dir='ltr'><strong>fra-</strong></span> 
     </span>
    </p>
   </div>
   <div class='ocr_carea' id='block_1_84' title="bbox 2205 4332 3842 4408">
    <p class='ocr_par' dir='ltr' id='par_1_84' title="bbox 2205 4332 3842 4408">
     <span class='ocr_line' id='line_1_84' title="bbox 2205 4332 3842 4408; baseline 0.004 -21"><span class='ocrx_word' id='word_1_606' title='bbox 2205 4332 2461 4388; x_wconf 88' lang='lat' dir='ltr'><strong>ternitati</strong></span> <span class='ocrx_word' id='word_1_607' title='bbox 2500 4339 2615 4389; x_wconf 66' lang='lat' dir='ltr'><strong>tum</strong></span> <span class='ocrx_word' id='word_1_608' title='bbox 2641 4333 2811 4389; x_wconf 89' lang='lat' dir='ltr'><strong>vicini</strong></span> <span class='ocrx_word' id='word_1_609' title='bbox 2852 4339 2985 4390; x_wconf 89' lang='lat' dir='ltr'><strong>sunt</strong></span> <span class='ocrx_word' id='word_1_610' title='bbox 3013 4335 3241 4389; x_wconf 88' lang='lat' dir='ltr'><strong>curabis</strong></span> <span class='ocrx_word' id='word_1_611' title='bbox 3277 4336 3533 4408; x_wconf 89' lang='lat' dir='ltr'><strong>perferre</strong></span> <span class='ocrx_word' id='word_1_612' title='bbox 3574 4337 3842 4393; x_wconf 88' lang='lat' dir='ltr'><strong>notitiam</strong></span> 
     </span>
    </p>
   </div>
   <div class='ocr_carea' id='block_1_85' title="bbox 2203 4427 3837 4501">
    <p class='ocr_par' dir='ltr' id='par_1_85' title="bbox 2203 4427 3837 4501">
     <span class='ocr_line' id='line_1_85' title="bbox 2203 4427 3837 4501; baseline 0.003 -19"><span class='ocrx_word' id='word_1_613' title='bbox 2203 4430 2269 4483; x_wconf 90' lang='lat' dir='ltr'><strong>ut</strong></span> <span class='ocrx_word' id='word_1_614' title='bbox 2293 4433 2347 4483; x_wconf 93' lang='lat' dir='ltr'><strong>et</strong></span> <span class='ocrx_word' id='word_1_615' title='bbox 2373 4427 2478 4499; x_wconf 89' lang='lat' dir='ltr'><strong>ipsi</strong></span> <span class='ocrx_word' id='word_1_616' title='bbox 2504 4428 2575 4483; x_wconf 90' lang='lat' dir='ltr'><strong>de</strong></span> <span class='ocrx_word' id='word_1_617' title='bbox 2609 4427 2814 4483; x_wconf 80' lang='lat' dir='ltr'><strong>eﬁ&#39;ectu</strong></span> <span class='ocrx_word' id='word_1_618' title='bbox 2842 4432 3017 4483; x_wconf 89' lang='lat' dir='ltr'><strong>tantae</strong></span> <span class='ocrx_word' id='word_1_619' title='bbox 3043 4429 3127 4484; x_wconf 92' lang='lat' dir='ltr'><strong>rei</strong></span> <span class='ocrx_word' id='word_1_620' title='bbox 3162 4429 3372 4501; x_wconf 88' lang='lat' dir='ltr'><strong>gratias</strong></span> <span class='ocrx_word' id='word_1_621' title='bbox 3398 4430 3698 4486; x_wconf 88' lang='lat' dir='ltr'><strong>nobiscum</strong></span> <span class='ocrx_word' id='word_1_622' title='bbox 3726 4449 3837 4487; x_wconf 91' lang='lat' dir='ltr'><strong>coe-</strong></span> 
     </span>
    </p>
   </div>
   <div class='ocr_carea' id='block_1_86' title="bbox 2204 4520 3837 4581">
    <p class='ocr_par' dir='ltr' id='par_1_86' title="bbox 2204 4520 3837 4581">
     <span class='ocr_line' id='line_1_86' title="bbox 2204 4520 3837 4581; baseline 0.004 -6"><span class='ocrx_word' id='word_1_623' title='bbox 2204 4520 2359 4576; x_wconf 91' lang='lat' dir='ltr'><strong>lestis</strong></span> <span class='ocrx_word' id='word_1_624' title='bbox 2397 4520 2800 4576; x_wconf 72' lang='lat' dir='ltr'><strong>misericordiae</strong></span> <span class='ocrx_word' id='word_1_625' title='bbox 2846 4521 3136 4577; x_wconf 89' lang='lat' dir='ltr'><strong>beneﬁciis</strong></span> <span class='ocrx_word' id='word_1_626' title='bbox 3178 4523 3411 4579; x_wconf 85' lang='lat' dir='ltr'><strong>referre</strong></span> <span class='ocrx_word' id='word_1_627' title='bbox 3434 4540 3549 4578; x_wconf 90' lang='lat' dir='ltr'><strong>non</strong></span> <span class='ocrx_word' id='word_1_628' title='bbox 3593 4529 3837 4581; x_wconf 87' lang='lat' dir='ltr'><strong>cessent.</strong></span> 
     </span>
    </p>
   </div>
   <div class='ocr_carea' id='block_1_87' title="bbox 474 4609 3727 4685">
    <p class='ocr_par' dir='ltr' id='par_1_87' title="bbox 474 4609 3727 4685">
     <span class='ocr_line' id='line_1_87' title="bbox 474 4609 3727 4685; baseline 0.003 -21"><span class='ocrx_word' id='word_1_629' title='bbox 474 4610 704 4664; x_wconf 89' lang='lat' dir='ltr'><strong>Petrum</strong></span> <span class='ocrx_word' id='word_1_630' title='bbox 730 4609 1175 4665; x_wconf 86' lang='lat' dir='ltr'><strong>Alexandrinum</strong></span> <span class='ocrx_word' id='word_1_631' title='bbox 1195 4609 1459 4666; x_wconf 88' lang='lat' dir='ltr'><strong>similiter</strong></span> <span class='ocrx_word' id='word_1_632' title='bbox 1478 4611 1940 4668; x_wconf 88' lang='lat' dir='ltr'><strong>condemnantes.</strong></span> <span class='ocrx_word' id='word_1_633' title='bbox 1963 4617 2103 4669; x_wconf 89' lang='lat' dir='ltr'><strong>Ana-</strong></span> <span class='ocrx_word' id='word_1_634' title='bbox 2123 4609 2182 4680; x_wconf 90' lang='lat' dir='ltr'><strong>D</strong></span> <span class='ocrx_word' id='word_1_635' title='bbox 2206 4615 2353 4670; x_wconf 91' lang='lat' dir='ltr'><strong>Deus</strong></span> <span class='ocrx_word' id='word_1_636' title='bbox 2380 4619 2436 4670; x_wconf 88' lang='lat' dir='ltr'><strong>te</strong></span> <span class='ocrx_word' id='word_1_637' title='bbox 2464 4615 2809 4670; x_wconf 90' lang='lat' dir='ltr'><strong>incolumem</strong></span> <span class='ocrx_word' id='word_1_638' title='bbox 2835 4615 3134 4685; x_wconf 88' lang='lat' dir='ltr'><strong>custodiat,</strong></span> <span class='ocrx_word' id='word_1_639' title='bbox 3165 4617 3344 4671; x_wconf 86' lang='lat' dir='ltr'><strong>frater</strong></span> <span class='ocrx_word' id='word_1_640' title='bbox 3377 4617 3727 4674; x_wconf 89' lang='lat' dir='ltr'><strong>charissime.</strong></span> 
     </span>
    </p>
   </div>
   <div class='ocr_carea' id='block_1_88' title="bbox 474 4701 2099 4777">
    <p class='ocr_par' dir='ltr' id='par_1_88' title="bbox 474 4701 2099 4777">
     <span class='ocr_line' id='line_1_88' title="bbox 474 4701 2099 4777; baseline 0.004 -21"><span class='ocrx_word' id='word_1_641' title='bbox 474 4703 910 4758; x_wconf 87' lang='lat' dir='ltr'><strong>thematizamus</strong></span> <span class='ocrx_word' id='word_1_642' title='bbox 965 4701 1229 4759; x_wconf 88' lang='lat' dir='ltr'><strong>similiter</strong></span> <span class='ocrx_word' id='word_1_643' title='bbox 1281 4704 1550 4760; x_wconf 90' lang='lat' dir='ltr'><strong>Acacium</strong></span> <span class='ocrx_word' id='word_1_644' title='bbox 1615 4706 1905 4777; x_wconf 88' lang='lat' dir='ltr'><strong>quondam</strong></span> <span class='ocrx_word' id='word_1_645' title='bbox 1956 4708 2099 4763; x_wconf 89' lang='lat' dir='ltr'><strong>Con-</strong></span> 
     </span>
    </p>
   </div>
   <div class='ocr_carea' id='block_1_89' title="bbox 473 4797 2104 4871">
    <p class='ocr_par' dir='ltr' id='par_1_89' title="bbox 473 4797 2104 4871">
     <span class='ocr_line' id='line_1_89' title="bbox 473 4797 2104 4871; baseline 0.004 -21"><span class='ocrx_word' id='word_1_646' title='bbox 473 4797 987 4869; x_wconf 82' lang='lat' dir='ltr'><strong>stantinopolitanae</strong></span> <span class='ocrx_word' id='word_1_647' title='bbox 1006 4798 1159 4852; x_wconf 90' lang='lat' dir='ltr'><strong>urbis</strong></span> <span class='ocrx_word' id='word_1_648' title='bbox 1177 4798 1526 4870; x_wconf 90' lang='lat' dir='ltr'><strong>episcopum,</strong></span> <span class='ocrx_word' id='word_1_649' title='bbox 1550 4800 1884 4871; x_wconf 91' lang='lat' dir='ltr'><strong>complicem</strong></span> <span class='ocrx_word' id='word_1_650' title='bbox 1904 4816 2104 4857; x_wconf 85' lang='lat' dir='ltr'><strong>eorum</strong></span> 
     </span>
    </p>
   </div>
   <div class='ocr_carea' id='block_1_90' title="bbox 474 4891 2096 4963">
    <p class='ocr_par' dir='ltr' id='par_1_90' title="bbox 474 4891 2096 4963">
     <span class='ocr_line' id='line_1_90' title="bbox 474 4891 2096 4963; baseline 0.004 -20"><span class='ocrx_word' id='word_1_651' title='bbox 474 4892 531 4943; x_wconf 93' lang='lat' dir='ltr'><strong>et</strong></span> <span class='ocrx_word' id='word_1_652' title='bbox 556 4906 854 4961; x_wconf 89' lang='lat' dir='ltr'><strong>sequacem</strong></span> <span class='ocrx_word' id='word_1_653' title='bbox 882 4891 1115 4959; x_wconf 86' lang='lat' dir='ltr'><strong>factum,</strong></span> <span class='ocrx_word' id='word_1_654' title='bbox 1142 4907 1249 4946; x_wconf 89' lang='lat' dir='ltr'><strong>nec</strong></span> <span class='ocrx_word' id='word_1_655' title='bbox 1276 4908 1393 4946; x_wconf 91' lang='lat' dir='ltr'><strong>non</strong></span> <span class='ocrx_word' id='word_1_656' title='bbox 1429 4895 1487 4947; x_wconf 90' lang='lat' dir='ltr'><strong>et</strong></span> <span class='ocrx_word' id='word_1_657' title='bbox 1512 4897 1976 4963; x_wconf 90' lang='lat' dir='ltr'><strong>perseverantem</strong></span> <span class='ocrx_word' id='word_1_658' title='bbox 2006 4911 2096 4950; x_wconf 94' lang='lat' dir='ltr'><strong>eo-</strong></span> 
     </span>
    </p>
   </div>
   <div class='ocr_carea' id='block_1_91' title="bbox 474 4984 2096 5056">
    <p class='ocr_par' dir='ltr' id='par_1_91' title="bbox 474 4984 2096 5056">
     <span class='ocr_line' id='line_1_91' title="bbox 474 4984 2096 5056; baseline 0.004 -20"><span class='ocrx_word' id='word_1_659' title='bbox 474 5000 601 5038; x_wconf 89' lang='lat' dir='ltr'><strong>rum</strong></span> <span class='ocrx_word' id='word_1_660' title='bbox 640 4984 1031 5039; x_wconf 90' lang='lat' dir='ltr'><strong>communioni</strong></span> <span class='ocrx_word' id='word_1_661' title='bbox 1062 4987 1119 5040; x_wconf 91' lang='lat' dir='ltr'><strong>et</strong></span> <span class='ocrx_word' id='word_1_662' title='bbox 1153 4985 1595 5056; x_wconf 89' lang='lat' dir='ltr'><strong>participationi.</strong></span> <span class='ocrx_word' id='word_1_663' title='bbox 1641 4987 1897 5051; x_wconf 91' lang='lat' dir='ltr'><strong>Quorum</strong></span> <span class='ocrx_word' id='word_1_664' title='bbox 1942 4988 2096 5043; x_wconf 91' lang='lat' dir='ltr'><strong>enim</strong></span> 
     </span>
    </p>
   </div>
   <div class='ocr_carea' id='block_1_92' title="bbox 474 5077 2097 5150">
    <p class='ocr_par' dir='ltr' id='par_1_92' title="bbox 474 5077 2097 5150">
     <span class='ocr_line' id='line_1_92' title="bbox 474 5077 2097 5150; baseline 0.004 -20"><span class='ocrx_word' id='word_1_665' title='bbox 474 5077 598 5145; x_wconf 86' lang='lat' dir='ltr'><strong>quis</strong></span> <span class='ocrx_word' id='word_1_666' title='bbox 622 5078 1095 5133; x_wconf 91' lang='lat' dir='ltr'><strong>communionem</strong></span> <span class='ocrx_word' id='word_1_667' title='bbox 1122 5079 1483 5150; x_wconf 88' lang='lat' dir='ltr'><strong>amplectitur</strong></span> <span class='ocrx_word' id='word_1_668' title='bbox 1501 5096 1699 5136; x_wconf 87' lang='lat' dir='ltr'><strong>eorum</strong></span> <span class='ocrx_word' id='word_1_669' title='bbox 1726 5080 1969 5136; x_wconf 90' lang='lat' dir='ltr'><strong>similem</strong></span> <span class='ocrx_word' id='word_1_670' title='bbox 1997 5082 2097 5137; x_wconf 89' lang='lat' dir='ltr'><strong>ad-</strong></span> 
     </span>
    </p>
   </div>
   <div class='ocr_carea' id='block_1_93' title="bbox 462 5169 2098 5247">
    <p class='ocr_par' dir='ltr' id='par_1_93' title="bbox 462 5169 2098 5247">
     <span class='ocr_line' id='line_1_93' title="bbox 462 5169 2098 5247; baseline 0.006 -26"><span class='ocrx_word' id='word_1_671' title='bbox 462 5169 879 5237; x_wconf 75' lang='lat' dir='ltr'><strong>judicationem</strong></span> <span class='ocrx_word' id='word_1_672' title='bbox 911 5172 968 5226; x_wconf 91' lang='lat' dir='ltr'><strong>in</strong></span> <span class='ocrx_word' id='word_1_673' title='bbox 998 5172 1472 5230; x_wconf 90' lang='lat' dir='ltr'><strong>condemnatione</strong></span> <span class='ocrx_word' id='word_1_674' title='bbox 1499 5174 1886 5247; x_wconf 88' lang='lat' dir='ltr'><strong>consequitur.</strong></span> <span class='ocrx_word' id='word_1_675' title='bbox 1917 5174 2098 5230; x_wconf 91' lang='lat' dir='ltr'><strong>Simili</strong></span> 
     </span>
    </p>
   </div>
   <div class='ocr_carea' id='block_1_94' title="bbox 472 5262 2098 5325">
    <p class='ocr_par' dir='ltr' id='par_1_94' title="bbox 472 5262 2098 5325">
     <span class='ocr_line' id='line_1_94' title="bbox 472 5262 2098 5325; baseline 0.005 -8"><span class='ocrx_word' id='word_1_676' title='bbox 472 5262 641 5317; x_wconf 93' lang='lat' dir='ltr'><strong>modo</strong></span> <span class='ocrx_word' id='word_1_677' title='bbox 672 5270 728 5319; x_wconf 89' lang='lat' dir='ltr'><strong>et</strong></span> <span class='ocrx_word' id='word_1_678' title='bbox 768 5267 998 5320; x_wconf 86' lang='lat' dir='ltr'><strong>Petrum</strong></span> <span class='ocrx_word' id='word_1_679' title='bbox 1034 5266 1447 5322; x_wconf 88' lang='lat' dir='ltr'><strong>Antiochenum</strong></span> <span class='ocrx_word' id='word_1_680' title='bbox 1483 5269 1936 5324; x_wconf 88' lang='lat' dir='ltr'><strong>condemnantes</strong></span> <span class='ocrx_word' id='word_1_681' title='bbox 1970 5285 2098 5325; x_wconf 86' lang='lat' dir='ltr'><strong>ana-</strong></span> 
     </span>
    </p>
   </div>
   <div class='ocr_carea' id='block_1_95' title="bbox 468 5357 2094 5434">
    <p class='ocr_par' dir='ltr' id='par_1_95' title="bbox 468 5357 2094 5434">
     <span class='ocr_line' id='line_1_95' title="bbox 468 5357 2094 5434; baseline 0.005 -24"><span class='ocrx_word' id='word_1_682' title='bbox 468 5357 905 5414; x_wconf 89' lang='lat' dir='ltr'><strong>thematizamus</strong></span> <span class='ocrx_word' id='word_1_683' title='bbox 933 5376 1065 5415; x_wconf 90' lang='lat' dir='ltr'><strong>cum</strong></span> <span class='ocrx_word' id='word_1_684' title='bbox 1092 5362 1431 5434; x_wconf 91' lang='lat' dir='ltr'><strong>sequacibus</strong></span> <span class='ocrx_word' id='word_1_685' title='bbox 1455 5362 1587 5431; x_wconf 89' lang='lat' dir='ltr'><strong>suis,</strong></span> <span class='ocrx_word' id='word_1_686' title='bbox 1624 5366 1681 5416; x_wconf 90' lang='lat' dir='ltr'><strong>et</strong></span> <span class='ocrx_word' id='word_1_687' title='bbox 1711 5361 1975 5417; x_wconf 91' lang='lat' dir='ltr'><strong>omnibus</strong></span> <span class='ocrx_word' id='word_1_688' title='bbox 2003 5380 2094 5418; x_wconf 89' lang='lat' dir='ltr'><strong>su-</strong></span> 
     </span>
    </p>
   </div>
   <div class='ocr_carea' id='block_1_96' title="bbox 467 5451 2095 5528">
    <p class='ocr_par' dir='ltr' id='par_1_96' title="bbox 467 5451 2095 5528">
     <span class='ocr_line' id='line_1_96' title="bbox 467 5451 2095 5528; baseline 0.005 -23"><span class='ocrx_word' id='word_1_689' title='bbox 467 5451 836 5523; x_wconf 86' lang='lat' dir='ltr'><strong>prascriptis:</strong></span> <span class='ocrx_word' id='word_1_690' title='bbox 865 5454 1020 5509; x_wconf 91' lang='lat' dir='ltr'><strong>unde</strong></span> <span class='ocrx_word' id='word_1_691' title='bbox 1052 5456 1363 5526; x_wconf 90' lang='lat' dir='ltr'><strong>probamus</strong></span> <span class='ocrx_word' id='word_1_692' title='bbox 1393 5461 1450 5511; x_wconf 92' lang='lat' dir='ltr'><strong>et</strong></span> <span class='ocrx_word' id='word_1_693' title='bbox 1480 5454 1876 5527; x_wconf 89' lang='lat' dir='ltr'><strong>amplectimur</strong></span> <span class='ocrx_word' id='word_1_694' title='bbox 1895 5457 2095 5528; x_wconf 88' lang='lat' dir='ltr'><strong>episto-</strong></span> 
     </span>
    </p>
   </div>
   <div class='ocr_carea' id='block_1_97' title="bbox 465 5546 2094 5622">
    <p class='ocr_par' dir='ltr' id='par_1_97' title="bbox 465 5546 2094 5622">
     <span class='ocr_line' id='line_1_97' title="bbox 465 5546 2094 5622; baseline 0.006 -24"><span class='ocrx_word' id='word_1_695' title='bbox 465 5546 545 5599; x_wconf 87' lang='lat' dir='ltr'><strong>las</strong></span> <span class='ocrx_word' id='word_1_696' title='bbox 574 5562 774 5601; x_wconf 91' lang='lat' dir='ltr'><strong>omnes</strong></span> <span class='ocrx_word' id='word_1_697' title='bbox 802 5546 956 5603; x_wconf 90' lang='lat' dir='ltr'><strong>beati</strong></span> <span class='ocrx_word' id='word_1_698' title='bbox 981 5549 1185 5605; x_wconf 91' lang='lat' dir='ltr'><strong>Leonis</strong></span> <span class='ocrx_word' id='word_1_699' title='bbox 1207 5567 1370 5622; x_wconf 87' lang='lat' dir='ltr'><strong>papae</strong></span> <span class='ocrx_word' id='word_1_700' title='bbox 1398 5549 1551 5605; x_wconf 89' lang='lat' dir='ltr'><strong>urbis</strong></span> <span class='ocrx_word' id='word_1_701' title='bbox 1578 5550 1772 5605; x_wconf 86' lang='lat' dir='ltr'><strong>Romae</strong></span> <span class='ocrx_word' id='word_1_702' title='bbox 1802 5567 1943 5622; x_wconf 87' lang='lat' dir='ltr'><strong>quas</strong></span> <span class='ocrx_word' id='word_1_703' title='bbox 1967 5568 2094 5608; x_wconf 88' lang='lat' dir='ltr'><strong>con-</strong></span> 
     </span>
    </p>
   </div>
   <div class='ocr_carea' id='block_1_98' title="bbox 465 5639 2092 5719">
    <p class='ocr_par' dir='ltr' id='par_1_98' title="bbox 465 5639 2092 5719">
     <span class='ocr_line' id='line_1_98' title="bbox 465 5639 2092 5719; baseline 0.005 -26"><span class='ocrx_word' id='word_1_704' title='bbox 465 5639 685 5710; x_wconf 87' lang='lat' dir='ltr'><strong>scripsit</strong></span> <span class='ocrx_word' id='word_1_705' title='bbox 712 5641 784 5695; x_wconf 89' lang='lat' dir='ltr'><strong>de</strong></span> <span class='ocrx_word' id='word_1_706' title='bbox 814 5645 970 5698; x_wconf 90' lang='lat' dir='ltr'><strong>recta</strong></span> <span class='ocrx_word' id='word_1_707' title='bbox 993 5643 1125 5699; x_wconf 85' lang='lat' dir='ltr'><strong>ﬁde.</strong></span> <span class='ocrx_word' id='word_1_708' title='bbox 1158 5643 1535 5716; x_wconf 87' lang='lat' dir='ltr'><strong>Quapropter,</strong></span> <span class='ocrx_word' id='word_1_709' title='bbox 1557 5643 1703 5699; x_wconf 90' lang='lat' dir='ltr'><strong>sicut</strong></span> <span class='ocrx_word' id='word_1_710' title='bbox 1725 5645 2092 5719; x_wconf 73' lang='lat' dir='ltr'><strong>praediximus</strong></span> 
     </span>
    </p>
   </div>
   <div class='ocr_carea' id='block_1_99' title="bbox 456 5735 2092 5811">
    <p class='ocr_par' dir='ltr' id='par_1_99' title="bbox 456 5735 2092 5811">
     <span class='ocr_line' id='line_1_99' title="bbox 456 5735 2092 5811; baseline 0.007 -26"><span class='ocrx_word' id='word_1_711' title='bbox 456 5738 759 5807; x_wconf 66' lang='lat' dir='ltr'><strong>sequentes</strong></span> <span class='ocrx_word' id='word_1_712' title='bbox 771 5735 831 5789; x_wconf 92' lang='lat' dir='ltr'><strong>in</strong></span> <span class='ocrx_word' id='word_1_713' title='bbox 848 5736 1112 5792; x_wconf 90' lang='lat' dir='ltr'><strong>omnibus</strong></span> <span class='ocrx_word' id='word_1_714' title='bbox 1133 5738 1327 5792; x_wconf 90' lang='lat' dir='ltr'><strong>sedem</strong></span> <span class='ocrx_word' id='word_1_715' title='bbox 1348 5738 1736 5809; x_wconf 88' lang='lat' dir='ltr'><strong>apostolicam,</strong></span> <span class='ocrx_word' id='word_1_716' title='bbox 1751 5742 1808 5795; x_wconf 88' lang='lat' dir='ltr'><strong>et</strong></span> <span class='ocrx_word' id='word_1_717' title='bbox 1819 5740 2092 5811; x_wconf 71' lang='lat' dir='ltr'><strong>praedica-</strong></span> 
     </span>
    </p>
   </div>
   <div class='ocr_carea' id='block_1_100' title="bbox 438 5792 2088 5905">
    <p class='ocr_par' dir='ltr' id='par_1_100' title="bbox 438 5792 2088 5905">
     <span class='ocr_line' id='line_1_100' title="bbox 438 5792 2088 5905; baseline 0.008 -30"><span class='ocrx_word' id='word_1_718' title='bbox 438 5792 588 5887; x_wconf 58' lang='lat' dir='ltr'><strong>lmus</strong></span> <span class='ocrx_word' id='word_1_719' title='bbox 614 5827 809 5881; x_wconf 88' lang='lat' dir='ltr'><strong>omnia</strong></span> <span class='ocrx_word' id='word_1_720' title='bbox 835 5845 964 5899; x_wconf 67' lang='lat' dir='ltr'><strong>qua:</strong></span> <span class='ocrx_word' id='word_1_721' title='bbox 996 5829 1067 5882; x_wconf 90' lang='lat' dir='ltr'><strong>ab</strong></span> <span class='ocrx_word' id='word_1_722' title='bbox 1099 5829 1220 5898; x_wconf 85' lang='lat' dir='ltr'><strong>ipsa</strong></span> <span class='ocrx_word' id='word_1_723' title='bbox 1261 5792 1489 5885; x_wconf 62' lang='lat' dir='ltr'><strong>decreta</strong></span> <span class='ocrx_word' id='word_1_724' title='bbox 1516 5836 1647 5887; x_wconf 90' lang='lat' dir='ltr'><strong>sunt</strong></span> <span class='ocrx_word' id='word_1_725' title='bbox 1683 5792 1741 5887; x_wconf 78' lang='lat' dir='ltr'><strong>et</strong></span> <span class='ocrx_word' id='word_1_726' title='bbox 1780 5792 2088 5905; x_wconf 66' lang='lat' dir='ltr'><strong>prapterea</strong></span> 
     </span>
    </p>
   </div>
   <div class='ocr_carea' id='block_1_101' title="bbox 456 5917 2084 5999">
    <p class='ocr_par' dir='ltr' id='par_1_101' title="bbox 456 5917 2084 5999">
     <span class='ocr_line' id='line_1_101' title="bbox 456 5917 2084 5999; baseline 0.009 -31"><span class='ocrx_word' id='word_1_727' title='bbox 456 5932 620 5987; x_wconf 84' lang='lat' dir='ltr'><strong>spero</strong></span> <span class='ocrx_word' id='word_1_728' title='bbox 649 5917 706 5972; x_wconf 89' lang='lat' dir='ltr'><strong>in</strong></span> <span class='ocrx_word' id='word_1_729' title='bbox 734 5936 844 5974; x_wconf 90' lang='lat' dir='ltr'><strong>una</strong></span> <span class='ocrx_word' id='word_1_730' title='bbox 887 5921 1400 5979; x_wconf 86' lang='lat' dir='ltr'><strong>communicatione</strong></span> <span class='ocrx_word' id='word_1_731' title='bbox 1427 5925 1716 5983; x_wconf 88' lang='lat' dir='ltr'><strong>vobiscum</strong></span> <span class='ocrx_word' id='word_1_732' title='bbox 1745 5942 1921 5999; x_wconf 88' lang='lat' dir='ltr'><strong>quam</strong></span> <span class='ocrx_word' id='word_1_733' title='bbox 1950 5943 2084 5998; x_wconf 89' lang='lat' dir='ltr'><strong>apo-</strong></span> 
     </span>
    </p>
   </div>
   <div class='ocr_carea' id='block_1_102' title="bbox 2202 4732 3840 4818">
    <p class='ocr_par' dir='ltr' id='par_1_102' title="bbox 2202 4732 3840 4818">
     <span class='ocr_line' id='line_1_102' title="bbox 2202 4732 3840 4818; baseline 0.003 -31"><span class='ocrx_word' id='word_1_734' title='bbox 2202 4734 2331 4787; x_wconf 85' lang='lat' dir='ltr'><strong>Item</strong></span> <span class='ocrx_word' id='word_1_735' title='bbox 2370 4732 2445 4786; x_wconf 86' lang='lat' dir='ltr'><strong>ad</strong></span> <span class='ocrx_word' id='word_1_736' title='bbox 2473 4734 2730 4788; x_wconf 85' lang='lat' dir='ltr'><strong>Joannem</strong></span> <span class='ocrx_word' id='word_1_737' title='bbox 2775 4735 3082 4815; x_wconf 66' lang='lat' dir='ltr'><strong>eptscopum</strong></span> <span class='ocrx_word' id='word_1_738' title='bbox 3118 4734 3193 4818; x_wconf 41' lang='lat' dir='ltr'><strong>.de</strong></span> <span class='ocrx_word' id='word_1_739' title='bbox 3236 4734 3452 4790; x_wconf 75' lang='lat' dir='ltr'><strong>directis</strong></span> <span class='ocrx_word' id='word_1_740' title='bbox 3482 4737 3751 4791; x_wconf 76' lang='lat' dir='ltr'><strong>institutis</strong></span> <span class='ocrx_word' id='word_1_741' title='bbox 3790 4742 3840 4792; x_wconf 83' lang='lat' dir='ltr'><strong>et</strong></span> 
     </span>
    </p>
   </div>
   <div class='ocr_carea' id='block_1_103' title="bbox 2803 4819 3236 4861">
    <p class='ocr_par' dir='ltr' id='par_1_103' title="bbox 2803 4819 3236 4861">
     <span class='ocr_line' id='line_1_103' title="bbox 2803 4819 3236 4861; baseline 0 -3"><span class='ocrx_word' id='word_1_742' title='bbox 2803 4820 2915 4858; x_wconf 78' lang='lat' dir='ltr'><strong>mce</strong></span> <span class='ocrx_word' id='word_1_743' title='bbox 2938 4819 3236 4861; x_wconf 76' lang='grc' dir='ltr'><strong>οοτηηηεεα.</strong></span> 
     </span>
    </p>
   </div>
   <div class='ocr_carea' id='block_1_104' title="bbox 2273 4895 3498 4955">
    <p class='ocr_par' dir='ltr' id='par_1_104' title="bbox 2273 4895 3498 4955">
     <span class='ocr_line' id='line_1_104' title="bbox 2273 4895 3498 4955; baseline 0.001 -4"><span class='ocrx_word' id='word_1_744' title='bbox 2273 4895 2650 4952; x_wconf 90' lang='lat' dir='ltr'><strong>Dilectissimo</strong></span> <span class='ocrx_word' id='word_1_745' title='bbox 2693 4896 2855 4952; x_wconf 90' lang='lat' dir='ltr'><strong>fratri</strong></span> <span class='ocrx_word' id='word_1_746' title='bbox 2878 4898 3076 4953; x_wconf 71' lang='lat' dir='ltr'><strong>10mm</strong></span> <span class='ocrx_word' id='word_1_747' title='bbox 3101 4899 3399 4955; x_wconf 77' lang='lat' dir='ltr'><strong>HORMISDA.</strong></span> <span class='ocrx_word' id='word_1_748' title='bbox 3494 4949 3498 4952; x_wconf 9' lang='grc' dir='ltr'><em>ἠ</em></span> 
     </span>
    </p>
   </div>
   <div class='ocr_carea' id='block_1_105' title="bbox 2273 4989 3835 5065">
    <p class='ocr_par' dir='ltr' id='par_1_105' title="bbox 2273 4989 3835 5065">
     <span class='ocr_line' id='line_1_105' title="bbox 2273 4989 3835 5065; baseline 0.006 -23"><span class='ocrx_word' id='word_1_749' title='bbox 2273 4989 2424 5045; x_wconf 84' lang='lat' dir='ltr'><strong>Fecit</strong></span> <span class='ocrx_word' id='word_1_750' title='bbox 2435 4989 2661 5045; x_wconf 91' lang='lat' dir='ltr'><strong>dilectio</strong></span> <span class='ocrx_word' id='word_1_751' title='bbox 2674 4994 2776 5045; x_wconf 90' lang='lat' dir='ltr'><strong>tua</strong></span> <span class='ocrx_word' id='word_1_752' title='bbox 2786 5007 2913 5045; x_wconf 91' lang='lat' dir='ltr'><strong>rem</strong></span> <span class='ocrx_word' id='word_1_753' title='bbox 2927 4991 3193 5048; x_wconf 90' lang='lat' dir='ltr'><strong>charitati</strong></span> <span class='ocrx_word' id='word_1_754' title='bbox 3208 4992 3408 5048; x_wconf 88' lang='lat' dir='ltr'><strong>etﬁdei</strong></span> <span class='ocrx_word' id='word_1_755' title='bbox 3419 5000 3835 5065; x_wconf 88' lang='lat' dir='ltr'><strong>congruentem</strong></span> 
     </span>
    </p>
   </div>
   <div class='ocr_carea' id='block_1_106' title="bbox 2202 5083 3834 5145">
    <p class='ocr_par' dir='ltr' id='par_1_106' title="bbox 2202 5083 3834 5145">
     <span class='ocr_line' id='line_1_106' title="bbox 2202 5083 3834 5145; baseline 0.005 -8"><span class='ocrx_word' id='word_1_756' title='bbox 2202 5088 2263 5138; x_wconf 89' lang='lat' dir='ltr'><strong>ut</strong></span> <span class='ocrx_word' id='word_1_757' title='bbox 2276 5083 2583 5138; x_wconf 86' lang='lat' dir='ltr'><strong>adventum</strong></span> <span class='ocrx_word' id='word_1_758' title='bbox 2601 5100 2769 5139; x_wconf 91' lang='lat' dir='ltr'><strong>suum</strong></span> <span class='ocrx_word' id='word_1_759' title='bbox 2788 5085 2860 5139; x_wconf 89' lang='lat' dir='ltr'><strong>ad</strong></span> <span class='ocrx_word' id='word_1_760' title='bbox 2878 5084 3097 5140; x_wconf 89' lang='lat' dir='ltr'><strong>Italiam</strong></span> <span class='ocrx_word' id='word_1_761' title='bbox 3112 5086 3277 5142; x_wconf 89' lang='lat' dir='ltr'><strong>nobis</strong></span> <span class='ocrx_word' id='word_1_762' title='bbox 3294 5086 3521 5143; x_wconf 89' lang='lat' dir='ltr'><strong>directis</strong></span> <span class='ocrx_word' id='word_1_763' title='bbox 3535 5087 3741 5144; x_wconf 88' lang='lat' dir='ltr'><strong>litteris</strong></span> <span class='ocrx_word' id='word_1_764' title='bbox 3755 5090 3834 5145; x_wconf 90' lang='lat' dir='ltr'><strong>in-</strong></span> 
     </span>
    </p>
   </div>
   <div class='ocr_carea' id='block_1_107' title="bbox 2200 5176 3833 5252">
    <p class='ocr_par' dir='ltr' id='par_1_107' title="bbox 2200 5176 3833 5252">
     <span class='ocr_line' id='line_1_107' title="bbox 2200 5176 3833 5252; baseline 0.004 -21"><span class='ocrx_word' id='word_1_765' title='bbox 2200 5176 2434 5243; x_wconf 92' lang='lat' dir='ltr'><strong>dicaret,</strong></span> <span class='ocrx_word' id='word_1_766' title='bbox 2462 5181 2519 5232; x_wconf 90' lang='lat' dir='ltr'><strong>et</strong></span> <span class='ocrx_word' id='word_1_767' title='bbox 2543 5194 2671 5250; x_wconf 72' lang='lat' dir='ltr'><strong>quae</strong></span> <span class='ocrx_word' id='word_1_768' title='bbox 2696 5177 2755 5232; x_wconf 85' lang='lat' dir='ltr'><strong>in</strong></span> <span class='ocrx_word' id='word_1_769' title='bbox 2785 5181 2842 5233; x_wconf 91' lang='lat' dir='ltr'><strong>te</strong></span> <span class='ocrx_word' id='word_1_770' title='bbox 2870 5178 2943 5234; x_wconf 90' lang='lat' dir='ltr'><strong>sit</strong></span> <span class='ocrx_word' id='word_1_771' title='bbox 2973 5196 3194 5235; x_wconf 88' lang='lat' dir='ltr'><strong>summa</strong></span> <span class='ocrx_word' id='word_1_772' title='bbox 3226 5180 3504 5252; x_wconf 64' lang='lat' dir='ltr'><strong>religiosa:</strong></span> <span class='ocrx_word' id='word_1_773' title='bbox 3529 5183 3833 5239; x_wconf 85' lang='lat' dir='ltr'><strong>voluntatis</strong></span> 
     </span>
    </p>
   </div>
   <div class='ocr_carea' id='block_1_108' title="bbox 2198 5271 3833 5345">
    <p class='ocr_par' dir='ltr' id='par_1_108' title="bbox 2198 5271 3833 5345">
     <span class='ocr_line' id='line_1_108' title="bbox 2198 5271 3833 5345; baseline 0.005 -20"><span class='ocrx_word' id='word_1_774' title='bbox 2198 5271 2542 5327; x_wconf 90' lang='lat' dir='ltr'><strong>ostenderet.</strong></span> <span class='ocrx_word' id='word_1_775' title='bbox 2557 5275 2736 5344; x_wconf 88' lang='lat' dir='ltr'><strong>Atque</strong></span> <span class='ocrx_word' id='word_1_776' title='bbox 2764 5273 2982 5328; x_wconf 89' lang='lat' dir='ltr'><strong>utinam</strong></span> <span class='ocrx_word' id='word_1_777' title='bbox 2996 5274 3066 5329; x_wconf 90' lang='lat' dir='ltr'><strong>ad</strong></span> <span class='ocrx_word' id='word_1_778' title='bbox 3080 5274 3346 5345; x_wconf 92' lang='lat' dir='ltr'><strong>plenioris</strong></span> <span class='ocrx_word' id='word_1_779' title='bbox 3359 5274 3595 5330; x_wconf 66' lang='lat' dir='ltr'><strong>affectus</strong></span> <span class='ocrx_word' id='word_1_780' title='bbox 3609 5277 3833 5332; x_wconf 84' lang='lat' dir='ltr'><strong>satieta-</strong></span> 
     </span>
    </p>
   </div>
   <div class='ocr_carea' id='block_1_109' title="bbox 2198 5365 3829 5442">
    <p class='ocr_par' dir='ltr' id='par_1_109' title="bbox 2198 5365 3829 5442">
     <span class='ocr_line' id='line_1_109' title="bbox 2198 5365 3829 5442; baseline 0.004 -23"><span class='ocrx_word' id='word_1_781' title='bbox 2198 5367 2315 5420; x_wconf 90' lang='lat' dir='ltr'><strong>tem</strong></span> <span class='ocrx_word' id='word_1_782' title='bbox 2330 5365 2647 5436; x_wconf 80' lang='lat' dir='ltr'><strong>praesentiae</strong></span> <span class='ocrx_word' id='word_1_783' title='bbox 2660 5368 2773 5421; x_wconf 89' lang='lat' dir='ltr'><strong>tuae</strong></span> <span class='ocrx_word' id='word_1_784' title='bbox 2790 5367 2955 5421; x_wconf 87' lang='lat' dir='ltr'><strong>nobis</strong></span> <span class='ocrx_word' id='word_1_785' title='bbox 2984 5367 3193 5438; x_wconf 86' lang='lat' dir='ltr'><strong>gaudia</strong></span> <span class='ocrx_word' id='word_1_786' title='bbox 3217 5367 3608 5440; x_wconf 85' lang='lat' dir='ltr'><strong>contigissent,</strong></span> <span class='ocrx_word' id='word_1_787' title='bbox 3626 5374 3690 5425; x_wconf 92' lang='lat' dir='ltr'><strong>ut</strong></span> <span class='ocrx_word' id='word_1_788' title='bbox 3707 5386 3829 5442; x_wconf 88' lang='lat' dir='ltr'><strong>gra-</strong></span> 
     </span>
    </p>
   </div>
   <div class='ocr_carea' id='block_1_110' title="bbox 2196 5458 3828 5534">
    <p class='ocr_par' dir='ltr' id='par_1_110' title="bbox 2196 5458 3828 5534">
     <span class='ocr_line' id='line_1_110' title="bbox 2196 5458 3828 5534; baseline 0.004 -21"><span class='ocrx_word' id='word_1_789' title='bbox 2196 5458 2510 5514; x_wconf 89' lang='lat' dir='ltr'><strong>tularemur</strong></span> <span class='ocrx_word' id='word_1_790' title='bbox 2521 5476 2623 5514; x_wconf 90' lang='lat' dir='ltr'><strong>nos</strong></span> <span class='ocrx_word' id='word_1_791' title='bbox 2633 5464 2691 5515; x_wconf 89' lang='lat' dir='ltr'><strong>et</strong></span> <span class='ocrx_word' id='word_1_792' title='bbox 2703 5460 2986 5533; x_wconf 88' lang='lat' dir='ltr'><strong>colloquio</strong></span> <span class='ocrx_word' id='word_1_793' title='bbox 2999 5465 3057 5517; x_wconf 91' lang='lat' dir='ltr'><strong>et</strong></span> <span class='ocrx_word' id='word_1_794' title='bbox 3068 5461 3402 5533; x_wconf 88' lang='lat' dir='ltr'><strong>poenitentia</strong></span> <span class='ocrx_word' id='word_1_795' title='bbox 3410 5462 3727 5534; x_wconf 88' lang='lat' dir='ltr'><strong>frui,quam</strong></span> <span class='ocrx_word' id='word_1_796' title='bbox 3742 5481 3828 5519; x_wconf 87' lang='lat' dir='ltr'><strong>su-</strong></span> 
     </span>
    </p>
   </div>
   <div class='ocr_carea' id='block_1_111' title="bbox 2195 5553 3820 5628">
    <p class='ocr_par' dir='ltr' id='par_1_111' title="bbox 2195 5553 3820 5628">
     <span class='ocr_line' id='line_1_111' title="bbox 2195 5553 3820 5628; baseline 0.004 -21"><span class='ocrx_word' id='word_1_797' title='bbox 2195 5569 2324 5608; x_wconf 89' lang='lat' dir='ltr'><strong>mus</strong></span> <span class='ocrx_word' id='word_1_798' title='bbox 2335 5555 2466 5608; x_wconf 87' lang='lat' dir='ltr'><strong>ante</strong></span> <span class='ocrx_word' id='word_1_799' title='bbox 2480 5569 2587 5624; x_wconf 91' lang='lat' dir='ltr'><strong>per</strong></span> <span class='ocrx_word' id='word_1_800' title='bbox 2598 5553 2808 5624; x_wconf 90' lang='lat' dir='ltr'><strong>scripta</strong></span> <span class='ocrx_word' id='word_1_801' title='bbox 2823 5555 3125 5626; x_wconf 89' lang='lat' dir='ltr'><strong>complexi,</strong></span> <span class='ocrx_word' id='word_1_802' title='bbox 3139 5558 3536 5611; x_wconf 88' lang='lat' dir='ltr'><strong>verumtamen</strong></span> <span class='ocrx_word' id='word_1_803' title='bbox 3544 5557 3820 5628; x_wconf 83' lang='lat' dir='ltr'><strong>probasti,</strong></span> 
     </span>
    </p>
   </div>
   <div class='ocr_carea' id='block_1_112' title="bbox 2193 5646 3820 5719">
    <p class='ocr_par' dir='ltr' id='par_1_112' title="bbox 2193 5646 3820 5719">
     <span class='ocr_line' id='line_1_112' title="bbox 2193 5646 3820 5719; baseline 0.003 -17"><span class='ocrx_word' id='word_1_804' title='bbox 2193 5646 2555 5702; x_wconf 90' lang='lat' dir='ltr'><strong>dilectissime</strong></span> <span class='ocrx_word' id='word_1_805' title='bbox 2595 5646 2788 5716; x_wconf 89' lang='lat' dir='ltr'><strong>frater,</strong></span> <span class='ocrx_word' id='word_1_806' title='bbox 2817 5664 2930 5719; x_wconf 93' lang='lat' dir='ltr'><strong>quo</strong></span> <span class='ocrx_word' id='word_1_807' title='bbox 2969 5648 3353 5705; x_wconf 87' lang='lat' dir='ltr'><strong>Christianam</strong></span> <span class='ocrx_word' id='word_1_808' title='bbox 3382 5650 3553 5705; x_wconf 85' lang='lat' dir='ltr'><strong>ﬁdem</strong></span> <span class='ocrx_word' id='word_1_809' title='bbox 3582 5667 3820 5707; x_wconf 89' lang='lat' dir='ltr'><strong>venera-</strong></span> 
     </span>
    </p>
   </div>
   <div class='ocr_carea' id='block_1_113' title="bbox 2192 5740 3818 5815">
    <p class='ocr_par' dir='ltr' id='par_1_113' title="bbox 2192 5740 3818 5815">
     <span class='ocr_line' id='line_1_113' title="bbox 2192 5740 3818 5815; baseline 0.004 -22"><span class='ocrx_word' id='word_1_810' title='bbox 2192 5740 2268 5793; x_wconf 91' lang='lat' dir='ltr'><strong>ris</strong></span> <span class='ocrx_word' id='word_1_811' title='bbox 2282 5740 2507 5795; x_wconf 80' lang='lat' dir='ltr'><strong>affectu.</strong></span> <span class='ocrx_word' id='word_1_812' title='bbox 2526 5742 2670 5795; x_wconf 92' lang='lat' dir='ltr'><strong>Dum</strong></span> <span class='ocrx_word' id='word_1_813' title='bbox 2692 5756 2757 5795; x_wconf 89' lang='lat' dir='ltr'><strong>ea</strong></span> <span class='ocrx_word' id='word_1_814' title='bbox 2771 5758 2900 5813; x_wconf 67' lang='lat' dir='ltr'><strong>qum</strong></span> <span class='ocrx_word' id='word_1_815' title='bbox 2919 5742 2992 5796; x_wconf 91' lang='lat' dir='ltr'><strong>ad</strong></span> <span class='ocrx_word' id='word_1_816' title='bbox 3007 5745 3235 5814; x_wconf 84' lang='lat' dir='ltr'><strong>regulas</strong></span> <span class='ocrx_word' id='word_1_817' title='bbox 3251 5745 3482 5798; x_wconf 86' lang='lat' dir='ltr'><strong>Patrum</strong></span> <span class='ocrx_word' id='word_1_818' title='bbox 3504 5745 3818 5815; x_wconf 84' lang='lat' dir='ltr'><strong>pertinent,</strong></span> 
     </span>
    </p>
   </div>
   <div class='ocr_carea' id='block_1_114' title="bbox 2189 5834 3824 5910">
    <p class='ocr_par' dir='ltr' id='par_1_114' title="bbox 2189 5834 3824 5910">
     <span class='ocr_line' id='line_1_114' title="bbox 2189 5834 3824 5910; baseline 0.004 -22"><span class='ocrx_word' id='word_1_819' title='bbox 2189 5837 2247 5889; x_wconf 92' lang='lat' dir='ltr'><strong>et</strong></span> <span class='ocrx_word' id='word_1_820' title='bbox 2269 5834 2340 5889; x_wconf 89' lang='lat' dir='ltr'><strong>ad</strong></span> <span class='ocrx_word' id='word_1_821' title='bbox 2368 5834 2634 5889; x_wconf 87' lang='lat' dir='ltr'><strong>mandata</strong></span> <span class='ocrx_word' id='word_1_822' title='bbox 2660 5834 2939 5890; x_wconf 89' lang='lat' dir='ltr'><strong>catholica</strong></span> <span class='ocrx_word' id='word_1_823' title='bbox 2970 5836 3090 5892; x_wconf 90' lang='lat' dir='ltr'><strong>sine</strong></span> <span class='ocrx_word' id='word_1_824' title='bbox 3118 5837 3304 5909; x_wconf 85' lang='lat' dir='ltr'><strong>aliqua</strong></span> <span class='ocrx_word' id='word_1_825' title='bbox 3332 5838 3491 5909; x_wconf 89' lang='lat' dir='ltr'><strong>cupis</strong></span> <span class='ocrx_word' id='word_1_826' title='bbox 3512 5840 3824 5910; x_wconf 85' lang='lat' dir='ltr'><strong>transgres-</strong></span> 
     </span>
    </p>
   </div>
   <div class='ocr_carea' id='block_1_115' title="bbox 2187 5928 3817 6003">
    <p class='ocr_par' dir='ltr' id='par_1_115' title="bbox 2187 5928 3817 6003">
     <span class='ocr_line' id='line_1_115' title="bbox 2187 5928 3817 6003; baseline 0.005 -22"><span class='ocrx_word' id='word_1_827' title='bbox 2187 5928 2342 5983; x_wconf 88' lang='lat' dir='ltr'><strong>sione</strong></span> <span class='ocrx_word' id='word_1_828' title='bbox 2369 5944 2592 5984; x_wconf 86' lang='lat' dir='ltr'><strong>scrvare</strong></span> <span class='ocrx_word' id='word_1_829' title='bbox 2619 5945 2870 6001; x_wconf 84' lang='lat' dir='ltr'><strong>sperans,</strong></span> <span class='ocrx_word' id='word_1_830' title='bbox 2905 5933 2967 5984; x_wconf 91' lang='lat' dir='ltr'><strong>ut</strong></span> <span class='ocrx_word' id='word_1_831' title='bbox 2992 5931 3313 6003; x_wconf 88' lang='lat' dir='ltr'><strong>prorogatis</strong></span> <span class='ocrx_word' id='word_1_832' title='bbox 3355 5931 3719 6003; x_wconf 85' lang='lat' dir='ltr'><strong>generalibus</strong></span> <span class='ocrx_word' id='word_1_833' title='bbox 3750 5934 3817 5989; x_wconf 90' lang='lat' dir='ltr'><strong>ad</strong></span> 
     </span>
    </p>
   </div>
  </div>
