4040 6314
189 360 311 412 luti

1397 359 1864 414 DECRETALIUM
1904 359 2293 416 COLLECTIO.

3409 365 3538 418 1042

180 465 582 536 Hispanienses
608 467 884 521 Ecclesias
911 467 1227 522 constitutis
1248 483 1417 538 super
1437 484 1564 539 quae
1589 471 1690 522 aut
1707 485 1806 521 ne-
1830 478 1890 550 Α
1908 484 2112 522 nemus
2138 472 2340 535 errata,
2375 470 2460 523 vel
2493 469 2884 524 custodiamus
2909 470 3183 525 catholica
3218 471 3540 534 constituta,

178 560 484 631 gligentius
506 563 606 614 aut
617 560 988 631 irreligiosius
1001 562 1148 616 ﬁunt
1163 561 1552 616 ecclesiasticis
1568 561 1810 632 discipli-

177 653 262 707 nis
295 653 674 725 congruentia
719 654 1046 709 sanciamus
1095 655 1248 726 quod
1291 656 1541 727 amplexi
1587 671 1806 711 sumus.

178 748 326 811 Quid
357 747 517 802 enim
545 752 642 803 aut
660 747 824 802 nobis
851 748 1068 803 dulcius
1096 765 1268 819 quam
1288 765 1421 804 cum
1448 749 1709 804 ﬁdelibus
1724 750 1807 804 lo-

179 841 296 912 qui,
319 843 420 895 aut
439 842 550 896 Deo
569 841 756 912 aptius
777 858 951 913 quam
970 842 1260 897 deviantes
1277 842 1347 897 ab
1370 859 1564 898 errore
1584 859 1811 898 revoca-

179 952 238 989 re
259 935 288 988 ?
320 934 645 990 Salutantes
676 935 850 1005 igitur
884 935 1218 990 charitatem
1246 952 1357 1007 qua
1375 936 1678 1007 jungimur
1704 953 1809 1008 per

178 1028 510 1084 Cassianum
534 1028 836 1083 diaconum
858 1033 1022 1084 tuum
1046 1029 1435 1101 signiﬁcamus
1455 1047 1558 1085 nos
1577 1031 1810 1086 direxis-

177 1138 233 1177 se
263 1122 554 1192 generalia
577 1121 900 1190 constituta,
929 1123 1135 1195 quibus
1166 1124 1254 1178 vel
1287 1140 1354 1179 ea
1383 1141 1510 1196 quae
1523 1124 1690 1194 juxta
1709 1142 1804 1180 ca-

179 1232 352 1270 nones
395 1215 603 1270 servari
652 1216 895 1271 debeant
945 1219 1338 1288 competenter
1381 1217 1684 1288 ediximus,
1717 1219 1806 1273 vel

177 1311 320 1364 circa
345 1326 445 1364 eos
469 1311 569 1381 qui
601 1326 670 1364 ex
697 1311 849 1365 clero
877 1311 1207 1366 Graecorum
1225 1310 1484 1380 veniunt,
1509 1327 1682 1381 quam
1710 1313 1807 1366 ha-

175 1403 308 1458 bere
340 1408 603 1474 oporteat
637 1404 978 1472 cautionem,
1009 1403 1361 1458 sufﬁcienter
1403 1405 1802 1460 instruximus.

175 1497 279 1552 Sed
309 1513 497 1551 causae
520 1497 697 1568 ipsius
719 1497 980 1552 ordinem
1003 1497 1558 1569 instructionemque
1578 1499 1804 1554 abunde

178 1590 418 1646 decretis
431 1590 817 1646 ecclesiasticis
838 1608 932 1645 vos
961 1591 1264 1660 docebunt,
1281 1598 1345 1647 ut
1365 1596 1734 1663 agnoscentes
1751 1597 1808 1647 et

175 1685 484 1756 impiorum
503 1685 1011 1756 transgressionem
1032 1690 1087 1740 et
1102 1686 1422 1756 apostolicae
1443 1687 1592 1741 sedis
1611 1703 1804 1741 curam

173 1796 274 1850 pro
288 1781 526 1833 Patrum
547 1777 757 1849 regulis
777 1779 1174 1845 excubantem,
1197 1780 1503 1835 ostendatis
1523 1797 1622 1834 vos
1639 1796 1802 1850 pero-

175 1890 260 1926 sos
300 1872 706 1928 damnatorum
756 1874 1058 1940 consortia,
1110 1877 1169 1926 et
1207 1889 1398 1928 amare
1434 1874 1705 1929 ﬁdelium.
1740 1847 1880 1930 EtB

174 1966 305 2037 quia
331 1983 433 2036 per
477 1966 916 2021 insinuationem
948 1967 1268 2021 dilectionis
1309 1971 1419 2022 tua:
1449 1968 1620 2038 hujus
1648 1968 1808 2022 nobis

173 2065 258 2114 est
287 2059 394 2113 viae
421 2060 704 2130 patefacta
722 2060 1044 2130 prudentia,
1073 2077 1512 2116 remuneramus
1541 2061 1809 2116 sollicitu-

178 2153 372 2208 dinem
401 2157 583 2221 tuam,
633 2158 688 2206 et
714 2154 950 2208 servatis
991 2154 1303 2226 privilegiis
1344 2155 1808 2226 metropolitano-

177 2264 301 2300 rum
333 2247 481 2302 vices
502 2247 658 2302 vobis
674 2248 1002 2318 apostolicae
1019 2247 1165 2302 sedis
1190 2252 1424 2303 eatenus
1447 2249 1804 2320 delegamus,

176 2342 234 2390 ut
266 2336 534 2407 inspectis
565 2336 684 2390 istis
712 2337 826 2391 sive
847 2353 912 2391 ea
945 2353 1070 2407 quae
1101 2337 1173 2391 ad
1206 2353 1454 2392 canones
1497 2338 1804 2408 pertinent,

174 2431 285 2483 sive
323 2446 386 2484 ea
415 2447 543 2500 quae
565 2448 598 2483 a
627 2430 790 2484 nobis
825 2433 960 2483 sunt
989 2446 1175 2500 nuper
1208 2431 1470 2485 mandata
1493 2435 1804 2499 serventur,

175 2525 284 2578 sive
308 2540 437 2594 quae
467 2524 536 2577 de
567 2523 956 2578 ecclesiasticis
976 2524 1161 2578 causis
1180 2527 1293 2578 tute
1316 2523 1646 2578 revelationi
1673 2541 1804 2578 con-

173 2617 431 2689 tigerunt
456 2617 560 2672 sub
581 2620 683 2671 tua
703 2617 869 2672 nobis
901 2617 1290 2672 insinuatione
1317 2619 1660 2689 pandantur.
1692 2618 1809 2674 Erit

178 2711 269 2766 hic
292 2710 464 2765 studii
483 2727 550 2765 ac
569 2711 964 2766 sollicitudinis
980 2714 1114 2780 tuae,
1134 2713 1199 2766 ut
1215 2713 1390 2766 talem
1412 2715 1468 2766 te
1489 2712 1547 2766 in
1571 2713 1657 2767 his
1679 2728 1808 2784 quas

175 2806 557 2877 injunguntur
576 2803 859 2876 exhibeas,
884 2809 945 2860 ut
962 2805 1134 2860 ﬁdem
1154 2804 1665 2878 integritatemque
1686 2807 1808 2877 ejus

177 2899 451 2970 cujusque
470 2915 666 2953 curam
681 2899 917 2970 suscipis
933 2898 1208 2954 inviteris.
1227 2900 1365 2954 Data
1379 2916 1430 2953 ιν
1443 2899 1630 2955 Nonas
1649 2900 1809 2971 Apri-

177 2993 245 3048 lis
263 2991 505 3065 Agapito
529 2993 575 3048 II
601 2992 852 3060 consule,
876 3009 990 3048 aera
1011 3007 1270 3049 DCXLYIII.

265 3089 401 3142 Item
428 3087 657 3157 epistola
674 3087 976 3142 Hormisdz
1004 3087 1080 3142 ad
1107 3089 1378 3157 episcopos
1408 3090 1705 3158 Hispaniae.

253 3185 301 3234 l.
329 3182 409 3235 De
441 3179 826 3235 sacerdotibus
843 3180 1011 3251 juxta
1040 3180 1299 3235 instituta
1337 3197 1626 3236 canonum
1654 3182 1805 3237 ordi-
1827 3219 1883 3293 Ο

177 3273 402 3329 nandis.

247 3372 296 3423 2.
327 3370 398 3424 Ut
425 3383 531 3440 pro
561 3367 892 3439 episcopatu
922 3367 1230 3439 praemium
1255 3384 1374 3422 non
1402 3367 1731 3439 accipiatur.

251 3466 300 3516 3.
331 3463 410 3516 De
439 3461 672 3517 concilio
688 3477 792 3533 per
806 3477 987 3516 annos
1007 3461 1257 3532 singulos
1284 3461 1638 3516 celebrando.

249 3555 630 3612 Dilectissimis
665 3555 935 3610 fratribus
991 3555 1272 3627 episcopis
1324 3572 1425 3626 per
1473 3555 1804 3627 Hispaniam

177 3650 500 3706 constitutis
524 3650 824 3706 Honmsns.

251 3743 553 3799 Benedicta
577 3743 819 3798 Trinitas
848 3745 997 3797 Deus
1019 3747 1213 3798 noster
1236 3744 1334 3814 qui
1362 3759 1464 3814 per
1482 3744 1803 3799 misericor-

179 3839 329 3893 diam
355 3854 521 3892 suam
540 3839 815 3893 Romanae
838 3837 1166 3908 reipublicae
1190 3853 1291 3908 per
1307 3838 1599 3892 universas
1620 3840 1808 3909 partes

179 3950 294 3987 sua“:
310 3931 465 4005 pacis
477 3931 885 4003 tranquillitate
899 3931 1095 3984 diffusa
1106 3974 1119 3999 ,
1134 3931 1296 3986 nobis
1309 3948 1535 4004 quoque
1547 3931 1697 3986 viam
1715 3932 1809 3987 de-

177 4026 565 4082 monstrandae
583 4025 733 4080 circa
749 4043 850 4080 nos
864 4025 1154 4080 charitatis
1169 4025 1422 4094 indulsit,
1443 4031 1505 4080 ut
1519 4026 1611 4097 qui
1629 4027 1809 4081 cohae-

179 4139 368 4176 remus
393 4121 665 4175 ﬁrmitate
679 4120 829 4187 ﬁdei,
839 4120 1160 4190 jungamur
1173 4135 1397 4191 quoque
1414 4121 1598 4175 votiva
1602 4121 1805 4192 jocun-

178 4215 348 4270 ditate
364 4213 653 4284 colloquii,
673 4230 783 4284 quo
801 4212 1022 4267 facilius
1040 4213 1175 4266 dum
1193 4229 1294 4284 per
1308 4214 1630 4269 litterarum
1647 4215 1812 4269 mini-

175 4309 344 4363 steria
365 4309 436 4362 ad
460 4324 556 4361 vos
577 4323 752 4377 usque
779 4307 1097 4378 pertendim
1109 4324 1191 4377 us,
1233 4307 1406 4362 etiam
1428 4309 1598 4363 corda
1624 4312 1810 4363 vestra

177 4403 242 4457 ad
277 4402 613 4473 religiosum
642 4401 857 4455 cultum
878 4400 1197 4471 apostolicis
1217 4401 1708 4457 admonitionibus
1728 4402 1810 4456 in-

174 4497 450 4564 vitemus;
480 4497 536 4549 et
559 4494 694 4548 dum
720 4493 1039 4549 dilectionis
1070 4493 1278 4566 pignus
1319 4501 1529 4551 nostrae
1550 4495 1806 4550 reddidi-

1907 566 2101 617 tamen
2130 562 2262 633 quia
2288 562 2518 617 Joannis
2544 562 2754 630 fratris,
2785 565 2842 618 et
2865 563 3185 635 coepiscopi
3223 564 3402 619 nostri
3447 581 3545 620 no-

1907 655 1992 710 bis
2021 655 2400 711 insinuatione
2425 656 2720 726 vulgatum
2747 661 2830 711 est
2855 659 3057 712 contra
3077 673 3361 714 canonum
3383 675 3541 713 reve-

1908 750 2151 804 rentiam
2175 750 2450 804 nonnulla
2467 750 2756 821 praesumi,
2779 750 3099 822 periculum
3118 751 3276 823 quod
3294 751 3540 807 doctori-

1906 843 2012 898 bus
2039 843 2301 899 imminet
2319 844 2390 899 de
2412 843 2792 900 taciturnitate
2812 843 3128 914 declinans,
3158 847 3216 899 et
3235 845 3536 916 propheti-

1908 953 1972 990 ca
1999 953 2131 992 voce
2175 940 2550 1009 compunctus
2587 953 2702 1008 qua
2751 937 2907 1005 dicit;
2965 938 3199 1008 loquere
3230 955 3304 994 ne
3335 943 3538 1006 taceas,

1908 1030 2267 1100 generalibus
2297 1030 2638 1086 edicendum
2666 1030 2885 1086 credidi
2909 1031 3250 1086 constitutis.

1978 1124 2105 1179 CAP.
2147 1125 2188 1177 Ι.
2231 1124 2302 1178 Ut
2331 1125 2390 1178 in
2416 1124 2799 1180 sacerdotibus
2830 1124 3163 1180 ordinandis
3191 1141 3318 1197 quae
3341 1131 3475 1180 sunt
3503 1144 3536 1180 a

1906 1217 2163 1272 Patribus
2189 1217 2538 1289 praescripta,
2581 1221 2637 1272 et
2671 1217 2904 1273 deﬁnita
2924 1219 3204 1290 cogitetis,
3233 1219 3369 1290 quia
3396 1219 3547 1274 sicut

1907 1314 1991 1365 est
2037 1316 2206 1382 caput
2255 1311 2514 1366 Ecclesiae
2561 1311 2837 1381 Christus,
2895 1311 3101 1367 Christi
3129 1316 3324 1368 autem
3349 1313 3543 1367 vicarii

1907 1404 2249 1472 sacerdotes,
2273 1404 2350 1458 sic
2373 1409 2430 1459 et
2449 1404 2509 1459 in
2529 1404 2806 1476 eligendis
2827 1405 2915 1460 his
2944 1397 3140 1460 curam
3162 1408 3389 1477 oportet
3415 1423 3538 1461 esse

1906 1498 2284 1569 perspicuam.
2330 1498 2867 1569 Irreprehensibiles
2915 1499 3069 1553 enim
3131 1515 3252 1554 esse
3281 1499 3544 1555 convenit

1905 1608 2048 1662 quos
2081 1608 2325 1662 praeesse
2349 1607 2577 1647 necesse
2610 1597 2695 1647 est
2721 1593 3091 1664 corrigendis,
3137 1609 3239 1648 nec
3262 1592 3543 1664 quidquid

1903 1684 1984 1738 illi
1998 1685 2195 1739 deesse
2217 1701 2476 1756 personas
2501 1702 2673 1756 penes
2694 1702 2866 1757 quam
2881 1690 2966 1742 est
2982 1685 3275 1756 religionis
3291 1703 3540 1754 summa,

1905 1782 1961 1832 et
1980 1779 2296 1833 substantia
2325 1779 2660 1849 disciplinae.
2693 1780 2952 1834 Estimet
2991 1779 3116 1851 quis
3148 1779 3402 1850 pretium
3431 1781 3542 1834 Do-

1909 1871 2104 1926 minici
2152 1873 2362 1943 gregis,
2412 1878 2476 1927 ut
2523 1873 2659 1927 sciat
2689 1874 2842 1943 quod
2867 1873 3138 1928 meritum
3166 1873 3547 1929 constituendi

1907 1966 2105 2020 deceat
2132 1981 2252 2021 esse
2291 1966 2564 2037 pastoris;
2608 1967 2717 2020 hoc
2754 1967 2850 2020 [iet
2874 1967 2971 2035 ita,
3007 1967 3052 2020 si
3085 1984 3203 2020 non
3245 1967 3546 2022 sacerdotii

1909 2058 2120 2130 gradus
2170 2059 2312 2113 saltu
2357 2059 2607 2129 quodam
2654 2059 2864 2129 passim
2918 2059 3074 2113 laicis
3101 2060 3540 2114 transferantur.

1909 2153 2101 2222 Longa
2129 2151 2300 2206 debet
2324 2152 2498 2206 vitam
2519 2168 2679 2206 suam
2705 2151 3045 2223 probatione
3071 2156 3416 2222 monstrare,
3449 2153 3541 2207 cui

1910 2245 2297 2315 gubernacula
2325 2245 2762 2300 committuntur
2794 2245 3075 2300 Ecclesiae.
3111 2246 3230 2299 Non
3261 2262 3543 2317 negamus

1909 2355 2027 2392 esse
2071 2339 2129 2392 in
2176 2337 2329 2393 laicis
2373 2339 2484 2394 Deo
2524 2338 2760 2409 placitos
2808 2355 3020 2407 mores,
3052 2338 3147 2394 sed
3175 2339 3385 2394 milites
3413 2356 3542 2394 suos

1906 2431 2179 2502 probatos
2205 2431 2311 2486 sibi
2338 2437 2602 2503 quaerunt
2621 2432 2882 2488 instituta
2901 2432 3112 2488 ﬁdelia.
3139 2433 3364 2488 Discere
3384 2433 3542 2505 quis-

1907 2541 2017 2596 que
2045 2525 2216 2580 debet
2241 2529 2550 2597 antequam
2579 2527 2795 2596 doceat,
2823 2531 2880 2583 et
2909 2527 3241 2598 exemplum
3259 2526 3542 2597 religiosa:

1907 2619 2351 2674 conversationis
2401 2620 2474 2674 de
2522 2636 2580 2675 se
2632 2620 2818 2691 potius
2869 2621 2993 2676 aliis
3041 2623 3312 2692 praestare
3365 2637 3539 2692 quam

1909 2729 2280 2784 praesumere.
2324 2713 2790 2770 Emendatiorem
2837 2731 2959 2769 esse
3009 2714 3280 2769 convenit
3306 2716 3540 2786 populo,

1908 2823 2079 2878 quem
2132 2822 2359 2863 necesse
2415 2811 2498 2863 est
2547 2824 2715 2863 orare
2756 2824 2862 2880 pro
2907 2807 3170 2880 populo;
3221 2807 3401 2879 longa
3448 2808 3544 2863 ob-

1908 2899 2230 2955 servatione
2284 2901 2584 2973 religiosus
2631 2902 2815 2957 cultus
2857 2902 3119 2957 tradatur
3162 2905 3225 2957 ut
3267 2901 3456 2971 liceat,
3487 2905 3546 2958 et

1907 2993 2258 3050 clericalibus
2314 2994 2598 3068 obsequiis
2643 2995 2986 3052 erudiendus
3016 2995 3324 3064 inserviat,
3361 3000 3428 3051 ut
3469 2995 3542 3051 ad

1908 3089 2217 3143 venerandi
2266 3089 2476 3160 gradus
2498 3106 2722 3146 summa
2749 3090 3077 3161 perductus,
3109 3089 3208 3161 qui
3232 3089 3304 3144 sit
3331 3089 3546 3146 fructus

1909 3181 2245 3237 humilitatis
2277 3183 2544 3238 ostendit.
2577 3184 2687 3238 Nec
2716 3185 2838 3239 leve
2859 3200 2964 3240 nec
2982 3200 3222 3239 vacuum
3242 3183 3368 3254 fuit,
3391 3183 3544 3256 quod

1907 3291 2010 3330 nec
2035 3276 2187 3346 apud
2212 3279 2432 3332 veteres
2460 3276 2692 3347 quidem
2720 3276 2830 3331 nisi
2862 3277 3066 3332 levitici
3094 3276 3320 3348 generis
3339 3277 3446 3331 viri
3465 3277 3538 3332 ad

1907 3374 2100 3423 sancta
2146 3369 2599 3425 admittebantur
2639 3369 2853 3438 altaria,
2907 3387 2979 3425 ne
3029 3370 3277 3441 pessime
3320 3369 3544 3426 meritis

1907 3466 2004 3517 aut
2044 3462 2228 3533 pretio
2271 3467 2369 3516 aut
2400 3463 2847 3535 praesumptione
2875 3464 3221 3535 contemptis
3249 3463 3322 3518 ad
3351 3479 3542 3518 sacros

1908 3557 2089 3611 cultus
2126 3557 2310 3627 impar
2333 3557 2644 3612 accederet.
2678 3558 2855 3626 Tunc,
2883 3557 3214 3629 migrabant
3245 3573 3532 3628 praeroga-

1908 3651 2022 3705 tiva
2048 3649 2398 3705 familiarum
2422 3650 2494 3704 ad
2512 3650 2773 3705 instituta
2798 3653 3080 3706 cultorum
3116 3668 3128 3705 :
3163 3667 3314 3705 nunc
3339 3655 3424 3706 est
3450 3651 3544 3705 do—

1909 3744 2092 3799 ctrina
2113 3761 2217 3816 pro
2241 3760 2469 3815 genere.
2495 3744 2659 3808 Quod
2679 3744 2786 3798 illis
2805 3744 2914 3798 fuit
2934 3744 3105 3813 nasci,
3131 3744 3238 3798 hoc
3258 3744 3422 3800 nobis
3443 3743 3545 3798 im-

1908 3837 2026 3890 bui.
2052 3837 2181 3892 lllos
2197 3838 2558 3892 tabernaculo
2577 3838 2748 3892 dabat
2763 3843 2986 3905 natura,
3003 3855 3107 3892 nos
3126 3837 3399 3893 altaribus
3417 3854 3546 3909 par-

1906 3929 2047 3984 turit
2066 3931 2395 4002 disciplina;
2427 3948 2533 3986 nec
2554 3935 2776 3986 tantum
2794 3932 2863 3987 de
2879 3931 3038 3987 laicis
3059 3931 3376 3987 consecrari
3396 3932 3548 3986 inhi-

1909 4023 2129 4092 bemus,
2155 4025 2251 4078 sed
2279 4043 2351 4080 ne
2375 4026 2443 4080 de
2465 4026 2870 4096 paenitentibus
2891 4027 3192 4098 quisquam
3217 4026 3451 4098 quidem
3472 4026 3545 4080 ad

1909 4118 2005 4188 huj
2017 4118 2235 4172 usmodi
2259 4120 2497 4189 gradum
2516 4121 2784 4191 profanus
2811 4125 3124 4176 temerator
3143 4120 3373 4192 aspiret.
3399 4120 3546 4175 Satis

1907 4210 1985 4264 illi
2039 4211 2344 4282 postulanti
2387 4213 2458 4265 sit
2500 4214 2682 4267 venia.
2735 4216 2854 4280 Qua
2899 4213 3246 4269 conscientia
3295 4214 3547 4268 absolvat

1908 4321 2070 4358 reum
2099 4304 2196 4374 qui
2220 4321 2277 4358 se
2298 4310 2526 4374 peccata
2555 4322 2656 4358 sua
2674 4308 2891 4377 populo
2915 4305 3019 4360 scit
3040 4310 3181 4360 teste
3200 4305 3542 4361 confessum.

1911 4397 2048 4462 Quis
2068 4397 2222 4452 enim
2241 4414 2410 4468 quem
2431 4399 2601 4468 paulo
2624 4403 2756 4453 ante
2774 4399 2913 4454 vidit
2925 4399 3221 4470 jacentem
3242 4403 3547 4454 veneretur

1911 4496 2262 4551 antistitem?
2290 4496 2603 4566 praeferens
2618 4496 2929 4551 miserandi
2943 4496 3199 4551 criminis
3217 4497 3406 4552 labem
3429 4513 3543 4551 non

176 4607 318 4658 mus,
340 4589 496 4643 velut
511 4587 799 4659 quoddam
817 4587 1070 4643 debitum
1084 4589 1320 4658 plenum
1337 4589 1485 4643 circa
1502 4590 1807 4644 Dominum
1829 4596 1888 4668 D
1910 4591 2085 4646 habet
2110 4589 2356 4644 lucidam
2386 4589 2687 4644 sacerdotii
2716 4589 3078 4660 dignitatem.

175 4688 562 4739 monstremus
591 4681 876 4736 affectum.
906 4683 1220 4752 Jungamus
1239 4682 1435 4753 igitur,
1460 4682 1811 4738 dilectissimi

174 4780 400 4843 fratres,
422 4775 716 4830 continuas
737 4780 791 4829 et
806 4774 1050 4829 humiles
1067 4790 1286 4845 preces,
1308 4777 1364 4828 et
1379 4775 1684 4830 Dominum
1707 4793 1808 4831 no-

174 4875 357 4926 strum
390 4870 504 4924 oris
527 4872 583 4923 et
598 4868 783 4924 cordis
798 4869 1060 4940 lacrymis
1077 4867 1460 4939 supplicantes
1469 4869 1598 4939 jugi
1615 4869 1812 4941 depre-

174 4965 393 5020 catione
409 4980 726 5035 poscamus,
744 4965 805 5017 ut
825 4967 880 5016 et
900 4962 1257 5016 institutione
1274 4965 1330 5016 et
1347 4977 1520 5031 opere
1544 4961 1624 5016 illi
1649 4963 1808 5034 cujus

176 5075 295 5113 esse
339 5057 602 5112 membra
646 5057 912 5128 cupimus
961 5057 1304 5125 haereamus,
1336 5071 1440 5109 nec
1464 5072 1717 5125 unquam
1739 5057 1809 5110 ab

174 5153 264 5207 illa
290 5153 382 5207 via
410 5168 537 5224 quae
567 5150 822 5206 Christus
853 5155 938 5206 est
969 5149 1131 5204 devio
1164 5150 1391 5204 tramite
1434 5148 1807 5216 declinemus,

173 5264 244 5302 ne
269 5247 340 5301 ab
369 5261 435 5300 eo
460 5245 612 5316 juste
642 5261 816 5316 quem
839 5261 942 5299 nos
967 5243 1141 5316 impie
1170 5244 1547 5315 relinquimus
1577 5243 1805 5297 desera-

172 5357 323 5395 mur.
337 5339 501 5404 Quod
514 5356 644 5393 cum
659 5337 890 5411 superni
907 5338 1118 5394 favoris
1130 5337 1343 5392 auxilio
1357 5354 1424 5392 ea
1440 5336 1602 5390 nobis
1620 5339 1810 5407 potest

171 5435 393 5491 ratione
416 5433 770 5505 contingere,
795 5433 839 5487 si
859 5432 1167 5504 apostolica
1189 5433 1480 5503 dogmata,
1511 5431 1554 5485 si
1575 5431 1806 5485 Patrum

169 5529 437 5584 mandata
489 5543 802 5582 servemus.
843 5525 992 5580 Dixit
1039 5525 1194 5580 enim
1240 5525 1510 5579 Dominus
1565 5528 1802 5579 noster:

174 5643 198 5672 ‹‹
232 5622 346 5687 Qui
372 5621 557 5692 diligit
590 5637 702 5689 me,
729 5635 1053 5676 sermonem
1070 5635 1268 5673 meum
1289 5618 1552 5687 servabit,
1570 5622 1625 5673 et
1643 5620 1807 5674 Pater

169 5731 332 5772 meus
364 5716 565 5788 diliget
591 5733 745 5785 eum,
775 5717 833 5770 et
860 5715 932 5769 ad
968 5730 1100 5768 eum
1130 5713 1445 5781 veniemus,
1471 5717 1526 5768 et
1551 5712 1804 5768 mansio-

170 5827 304 5865 nem
345 5810 497 5880 apud
533 5826 665 5866 eum
695 5809 969 5864 faciemus
1013 5809 1183 5879 (Joan.
1235 5824 1344 5876 xxv,
1377 5811 1489 5877 23).
1520 5827 1547 5860 »
1581 5808 1647 5862 Et
1676 5807 1806 5863 licet

173 5905 293 5960 haec
342 5905 561 5977 possint
594 5903 938 5976 generaliter
989 5903 1137 5959 dicta
1191 5901 1470 5971 sufﬁcere,
1523 5904 1587 5955 ut
1640 5901 1803 5958 decli-

1982 4686 2046 4738 II.
2065 4686 2180 4740 Hoc
2199 4700 2426 4757 quoque
2444 4683 2516 4738 ad
2537 4683 2834 4755 praemissa
2854 4682 3262 4755 conjungimus
3283 4699 3354 4738 ne
3372 4685 3546 4740 bene-

1911 4779 2219 4834 dictionem
2246 4794 2350 4851 per
2374 4777 2799 4849 impositionem
2822 4793 3026 4832 manus
3053 4793 3179 4849 quae
3208 4777 3398 4832 divina
3419 4793 3541 4832 esse

1910 4873 2181 4941 creditur,
2211 4872 2338 4945 quis
2364 4871 2545 4943 pretio
2568 4876 2876 4942 comparet,
2901 4871 3177 4942 quoniam
3197 4875 3327 4926 ante
3348 4873 3544 4926 oculos

1910 4983 2032 5021 esse
2061 4965 2341 5035 convenit,
2376 4966 2530 5039 quod
2552 4966 2743 5022 Simon
2763 4965 3036 5036 Spiritum
3067 4968 3331 5018 sanctum
3351 4967 3544 5020 volens

1908 5059 2304 5132 redemptione
2341 5060 2604 5128 mercari,
2649 5059 2894 5131 Apostoli
2945 5058 3118 5113 fuerit
3146 5058 3544 5124 {detestatione

1909 5169 2223 5222 percussus.
2281 5155 2433 5208 Tunc
2489 5154 2693 5211 deinde
2743 5153 2871 5225 quis
2915 5169 3033 5208 non
3079 5151 3188 5207 vile
3233 5155 3396 5222 putat
3426 5169 3546 5207 esse

1905 5246 2054 5316 quod
2082 5246 2346 5302 venditur
2363 5247 2390 5302 ‘?
2424 5249 2588 5303 istam
2615 5247 3002 5302 sacerdotibus
3022 5244 3352 5301 ordinandis
3375 5261 3538 5300 reve-

1906 5337 2153 5393 rentiam
2181 5345 2366 5396 servet
2387 5341 2610 5410 electio,
2633 5344 2700 5396 ut
2729 5341 2790 5396 in
2810 5341 2972 5412 gravi
2989 5355 3284 5396 murmure
3303 5339 3536 5410 populo-

1907 5447 2036 5486 rum
2068 5432 2322 5486 divinum
2344 5435 2607 5489 credatur
2636 5451 2757 5489 esse
2777 5435 3086 5506 judicium.
3117 5433 3197 5489 lbi
3218 5433 3372 5489 enim
3396 5434 3537 5488 Deus

1906 5524 2001 5579 ubi
2049 5524 2290 5597 simplex
2347 5527 2469 5580 sine
2515 5527 2793 5598 pravitate
2839 5545 3183 5593 consensus;
3232 5543 3432 5582 verum
3469 5543 3541 5580 ne

1904 5619 2052 5674 hanc
2086 5618 2319 5690 quidem
2364 5623 2591 5690 partem
2620 5621 3020 5677 sollicitudinis
3047 5625 3106 5676 et
3131 5620 3533 5676 admonitionis

1902 5713 2236 5781 omittimus,
2285 5730 2357 5769 ne
2400 5713 2486 5768 vel
2523 5713 2617 5768 ille
2645 5731 2703 5768 se
2743 5731 2776 5768 a
2805 5715 2973 5787 culpa
2995 5714 3244 5769 aestimet
3262 5714 3537 5782 alienum,

1904 5808 2002 5880 qui
2024 5812 2082 5863 et
2100 5806 2219 5877 ipse
2247 5806 2481 5879 quidem
2497 5825 2528 5861 a
2540 5807 2932 5879 redemptione
2951 5809 3093 5862 liber
3105 5806 3418 5860 initiaverit
3434 5807 3532 5859 be-

1901 5901 2221 5959 nedictione
2244 5902 2478 5975 mystica
2499 5902 2877 5972 sacerdotem,
2903 5905 2958 5957 et
2985 5903 3174 5956 tamen
3205 5898 3277 5955 ad
3296 5898 3530 5956 alterius
