4040 6326
313 17 316 20 ~
339 17 344 20 -
353 17 440 24 -——"
449 17 532 24 γνάθον*
543 21 546 24 .
567 17 594 24 η-
605 6 786 26 '_—
725 6 744 12 vv
787 18 850 26 ἰι-
867 8 1145 27 v‘C-—-————‘_
1175 26 1178 27 ν
1189 26 1220 27 κ

491 389 620 440 ltliil

1377 385 1655 437 APPEND.
1701 384 1784 435 .tD
1825 383 1979 436 S.-liC.
2029 384 2109 436 IX.
2141 413 2206 420 *-
2252 383 2486 438 ιδιυυιιι
2529 383 2948 437 MERCA'I‘URIS

3711 385 3852 437 10H

478 492 764 564 redempti
790 494 1156 557 voluntatem,
1189 493 1275 544 vel
1303 493 1507 561 sponte
1537 489 1598 544 in
1625 491 1735 544 hoc
1754 490 1842 544 vel
1871 489 2112 544 necessi-
2131 503 2190 577 Α
2211 496 2267 545 et
2294 491 2615 562 apostolica
2657 491 2802 546 sedis
2837 491 3200 545 veneratione
3241 491 3542 558 consuluit,
3596 509 3709 563 quo
3757 509 3854 546 or-

477 591 594 643 tate
632 585 996 642 consenserit.
1039 583 1184 650 Quid
1227 583 1462 656 prodest
1502 583 1587 638 illi
1624 600 1725 638 suo
1769 599 1963 638 errore
1990 600 2110 638 non

477 679 675 753 pollui,
697 680 795 751 qui
809 695 1153 734 consensum
1177 681 1413 750 prastat
1429 678 1637 732 erranti
1655 678 1682 732 ?
1705 677 1909 732 Procul
1935 677 2109 732 dubio

483 777 676 829 contra
722 773 990 828 mandata
1017 772 1346 840 committit,
1374 777 1431 827 et
1455 771 1555 843 qui
1597 770 1772 826 habet
1812 773 2111 842 peccatum

486 867 800 939 proprium,
830 871 886 921 et
911 865 1010 938 qui
1038 869 1331 937 peccatum
1359 865 1616 936 sequitur
1645 863 1898 920 alienum
1925 864 2108 919 incas-

483 978 610 1016 sum
643 960 867 1016 animus
892 961 1105 1016 resistit
1131 959 1450 1031 cupiditati,
1487 958 1532 1013 si
1574 975 1690 1013 non
1716 957 1927 1013 resistit
1954 961 2012 1012 et
2039 957 2110 1012 ti-

484 1055 645 1110 mori.
672 1056 953 1110 Adversus
981 1055 1103 1109 hac
1130 1053 1348 1108 facilius
1371 1055 1480 1108 Deo
1507 1053 1812 1124 adjuvante
1847 1051 2110 1123 provide-

482 1149 655 1216 bitur,
701 1149 747 1204 si
787 1149 939 1204 circa
986 1149 1453 1220 metropolitanos
1505 1146 1800 1218 privilegia
1843 1163 1876 1200 a
1907 1145 2112 1200 sanctis

480 1243 740 1298 Patribus
783 1241 1090 1298 constituta
1137 1245 1536 1314 permaneant,
1591 1239 1635 1295 si
1680 1239 2113 1312 metropolitani

482 1338 630 1392 circa
664 1337 963 1409 parochias
1014 1354 1140 1392 suas
1191 1336 1453 1391 ordinem
1479 1352 1668 1402 suum,
1702 1351 1769 1389 ea
1799 1350 1915 1405 qua
1953 1334 2115 1389 decet

481 1431 840 1487 vcneratione
876 1431 1222 1501 custodiant,
1251 1434 1316 1485 ut
1340 1446 1445 1484 nec
1473 1428 1672 1485 electio
1700 1428 1959 1500 prasulis
1989 1443 2110 1482 em-

485 1530 584 1598 pta
608 1526 777 1580 detur
796 1525 1018 1597 pretiis,
1043 1529 1101 1579 et
1121 1541 1226 1580 nec
1246 1524 1610 1596 obsequentis
1635 1523 1708 1577 sit
1726 1521 1964 1594 quasita
1985 1538 2114 1592 ope-

483 1620 659 1688 ribus,
683 1621 782 1674 sed
803 1620 879 1675 ita
898 1620 1011 1674 ﬁxa
1033 1619 1358 1675 habeantur
1377 1619 1435 1672 in
1465 1618 1725 1673 cordibus
1745 1616 2114 1688 quemadmo-

486 1715 624 1769 dum
653 1714 987 1785 relegnntur
1006 1714 1065 1768 in
1080 1713 1406 1785 Scripturis.
1432 1712 1489 1768 Si
1508 1712 1663 1766 nulla
1683 1711 1794 1766 sint
1810 1710 1871 1765 in
1888 1709 2114 1781 templis

484 1807 838 1879 emptionum
872 1807 1112 1877 semina,
1143 1807 1298 1861 nulla
1323 1811 1492 1862 erunt
1516 1806 1772 1861 fomenta
1795 1803 2109 1869 discordia,

2210 585 2342 639 dine
2370 601 2439 638 ex
2465 585 2616 639 clero
2646 584 2973 639 Gracorum
2997 583 3358 638 venientibus
3396 585 3571 639 tribui
3608 585 3853 640 deberet

2210 683 2399 732 sancta
2440 679 2790 746 communio,
2836 683 3071 750 propter
3114 694 3348 732 causam
3392 678 3602 734 scilicet
3653 679 3854 734 Acacii

2211 790 2245 826 a
2271 772 2778 844 pradecessoribus
2799 772 3008 827 nostris
3031 788 3136 842 pro
3159 772 3560 826 hareticorum
3580 789 3852 828 commu-

2211 866 2383 921 nione
2430 866 2710 934 damnati,
2752 866 2812 920 in
2854 882 2964 937 qua
3007 865 3107 937 qui
3153 883 3212 920 se
3240 865 3311 920 ab
3343 866 3465 937 ejus
3493 866 3851 937 contagione

2211 976 2325 1014 non
2352 959 2626 1026 dividunt,
2661 975 2694 1013 a
2722 963 2919 1014 nostra
2945 959 3349 1014 communione
3380 959 3705 1013 habeantur
3745 976 3853 1014 ex-

2211 1054 2380 1124 cepti.
2425 1053 2613 1108 Laudo
2655 1053 3013 1125 propositum
3039 1053 3147 1107 viri
3175 1053 3283 1108 hoc
3313 1054 3433 1106 zelo
3459 1053 3606 1108 circa
3645 1053 3851 1120 ﬁdem,

2213 1152 2270 1201 et
2295 1147 2596 1219 apostolica
2622 1147 2881 1202 instituta
2909 1147 3198 1214 ferventis,
3244 1150 3306 1201 ut
3332 1163 3518 1218 neque
3544 1163 3648 1218 per
3675 1147 3851 1218 igno-

2211 1242 2458 1296 rantiam
2500 1241 2730 1312 quidem
2759 1257 3088 1313 quanquam
3128 1257 3287 1296 coeno
3315 1241 3519 1296 erroris
3541 1240 3710 1296 alieni
3741 1257 3851 1312 pa-

2212 1339 2449 1403 teretur,
2488 1334 2800 1406 immergit.
2831 1335 3010 1406 Digna
3046 1335 3168 1389 hac
3195 1351 3330 1388 cura
3356 1334 3619 1389 ﬁdelibus
3644 1337 3711 1388 ut
3733 1335 3851 1387 sol-

2211 1430 2364 1484 licito
2413 1429 2600 1483 studio
2647 1445 2878 1499 semper
2907 1427 3223 1499 invigilent,
3252 1431 3309 1482 et
3335 1427 3654 1498 inculpatos
3684 1444 3744 1482 se
3771 1428 3850 1482 ab

2213 1523 2371 1578 omni
2410 1522 2776 1595 perversitate
2825 1525 3180 1578 conservent.
3230 1524 3358 1594 Ipsa
3397 1525 3483 1578 est
3529 1521 3684 1576 enim
3714 1521 3854 1575 ﬁdei

2211 1617 2542 1673 innocentia
2573 1622 2639 1672 ut
2681 1616 3007 1687 pravideat,
3040 1633 3114 1670 ne
3143 1617 3232 1670 vel
3261 1633 3392 1671 casu
3419 1616 3594 1687 possit
3630 1631 3850 1670 errare.

2214 1711 2629 1768 Satisfacientes
2649 1711 2826 1782 igitur
2846 1714 2903 1766 et
2912 1710 3288 1766 laudabilibus
3309 1709 3603 1765 desideriis
3627 1725 3858 1764 memo-

2213 1807 2324 1860 rati
2347 1806 2470 1874 viri,
2499 1808 2556 1861 et
2579 1821 2863 1860 memores
2894 1805 3074 1859 nostri
3099 1805 3244 1859 sicut
3281 1807 3506 1876 oportet
3547 1803 3718 1858 ofﬁcii
3743 1804 3856 1858 do-

485 1902 584 1956 sed
619 1905 899 1972 regnante
941 1901 1215 1956 charitate
1245 1901 1348 1955 sub
1382 1900 1480 1954 illa
1510 1915 1685 1971 quam
1713 1897 1878 1954 nobis
1902 1895 2117 1969 promi-
2134 1887 2190 1960 B
2215 1904 2485 1955 cumenta
2510 1916 2751 1972 quaeque
2779 1900 2848 1954 de
2878 1899 3136 1955 Ecclesia
3161 1898 3381 1954 scriniis
3399 1902 3756 1952 assumentes
3775 1897 3856 1952 ad

485 1994 558 2050 sit
587 1997 752 2062 Deus,
783 1999 840 2050 et
868 1996 1150 2062 retribuit,
1178 2011 1317 2066 pace
1348 1993 1589 2049 vivatur.

555 2090 640 2144 ΙΙΙ.
694 2089 776 2144 0b
811 2091 918 2144 hoc
961 2091 1155 2144 Patres
1180 2087 1535 2160 providentia
1564 2102 1678 2158 qua
1705 2085 1946 2158 Spiritus
1985 2101 2116 2139 san-

485 2186 608 2238 ctus
635 2184 884 2238 cultores
912 2199 1043 2238 suos
1067 2197 1453 2254 compungere
1474 2181 1743 2251 dignatus
1773 2183 1858 2234 est
1879 2177 2117 2247 incitati,

485 2277 572 2331 bis
598 2277 656 2330 in
685 2293 838 2330 anno
881 2293 988 2348 per
1032 2277 1333 2348 parochias
1364 2275 1617 2346 singulas
1649 2273 1890 2328 concilia
1917 2271 2118 2328 haberi

488 2370 825 2440 docuerunt,
873 2374 935 2424 ut
981 2371 1042 2424 in
1074 2386 1251 2424 unum
1279 2370 1448 2440 juxta
1482 2368 1724 2424 salubris
1750 2365 2120 2422 institutionis

488 2464 762 2535 dogmata
812 2464 1159 2536 congregati,
1216 2481 1320 2535 pro
1370 2462 1759 2519 ecclesiasticis
1786 2460 1970 2515 causis
1999 2465 2115 2514 tra-

487 2557 704 2613 ctandis
746 2558 922 2614 libere
966 2558 1359 2624 convenirent,
1413 2561 1476 2612 ut
1499 2556 1544 2610 si
1581 2557 1746 2628 juxta
1772 2559 1966 2610 votum
1989 2553 2116 2608 uni-

489 2668 648 2707 versa
672 2653 1008 2721 consistunt,
1053 2654 1237 2706 Deum
1262 2651 1477 2722 junctis
1502 2650 1737 2705 vocibus
1763 2649 1860 2720 qui
1889 2649 2122 2720 prastat

490 2745 814 2801 desiderata
857 2745 1198 2801 collaudent.
1250 2745 1483 2799 Difﬁcile
1528 2749 1611 2799 est
1651 2744 1804 2797 enim
1837 2746 1900 2796 ut
1927 2741 2118 2812 cujus-

487 2857 659 2911 quam
689 2857 787 2896 cor
805 2840 990 2912 pravis
1016 2841 1094 2894 sic
1123 2839 1557 2910 cogitationibus
1577 2837 1898 2904 induretur,
1920 2839 2034 2890 uta
2059 2851 2120 2889 se

486 2934 740 3005 patiatur
768 2935 1052 3005 culpanda
1076 2933 1221 3003 ﬁeri,
1251 2949 1386 2988 cum
1410 2931 1632 2986 noverit
1655 2949 1714 2985 se
1733 2929 2016 3002 judicium
2037 2930 2123 2984 fu-

491 3031 686 3082 turum
713 3043 834 3082 esse
860 3028 1103 3082 concilii.
1143 3026 1484 3082 Pracinctos
1513 3026 1584 3079 ad
1615 3025 1766 3079 hanc
1794 3023 1946 3078 viam
1971 3039 2117 3078 sem-

491 3136 592 3192 per
617 3119 840 3174 lumbos
866 3121 1134 3190 habeant,
1164 3121 1403 3192 spientes
1425 3119 1704 3173 rationem
1735 3121 1969 3172 actuum
1999 3133 2121 3171 suo-

491 3231 620 3268 rum
663 3230 783 3270 esse
814 3211 1653 3284 reddendam.[Suspendantur
1681 3212 1752 3267 ab
1781 3211 1988 3266 illicitis
2017 3227 2122 3283 per

487 3308 873 3376 formidinem,
897 3313 954 3363 et
971 3307 1067 3380 qui
1082 3291 1446 3379 nequiverint
1463 3323 1565 3378 per
1584 3307 1877 3378 pudorem.
1900 3307 1975 3360 De
1991 3321 2122 3360 con-

488 3403 767 3458 veniendo
830 3407 1033 3458 notum
1109 3405 1195 3456 est
1251 3417 1492 3456 canones
1565 3403 1790 3455 sanctos
1855 3400 1912 3454 in
1968 3415 2120 3453 anno

490 3495 865 3564 constituisse,
897 3501 954 3551 et
984 3496 1336 3568 praﬁnitum
1366 3495 1600 3566 quidem
1645 3495 1690 3548 si
1719 3493 1986 3565 possibile
2013 3496 2118 3562 est,

493 3591 892 3646 inviolabiliter
927 3591 1194 3646 convenit
1225 3589 1516 3644 custodiri.
1559 3589 1666 3644 Sed
1707 3589 1753 3642 si
1785 3593 1883 3642 aut
1911 3593 2123 3658 tempo-

490 3701 622 3738 rum
649 3685 972 3752 necessitas,
1006 3689 1105 3740 aut
1137 3687 1496 3755 emergentes
1525 3699 1708 3737 causa
1737 3682 1847 3736 hoc
1876 3698 1992 3736 non
2030 3697 2124 3752 pa-

488 3779 708 3832 tiuntur
734 3777 982 3849 impleri,
1011 3779 1184 3832 semel
1215 3778 1414 3832 saltem
1459 3776 1722 3848 quamvis
1753 3792 1871 3830 non
1901 3774 2124 3829 licuerit

490 3873 612 3927 sine
645 3873 756 3926 ulla
795 3872 1175 3940 excusatione,
1217 3870 1585 3942 pracipimus
1609 3868 1936 3924 convenire.
1966 3869 2119 3934 Hac,

492 3967 698 4019 fratres
737 3964 1072 4031 charissimi,
1113 3967 1170 4018 et
1195 3963 1308 4018 alia
1335 3980 1465 4034 qua
1489 3965 1722 4017 Patrum
1746 3962 1959 4033 regulis
1983 3979 2120 4016 con-

493 4058 769 4125 tinentur,
801 4056 863 4109 in
883 4056 1046 4109 labiis
1072 4060 1128 4110 et
1154 4056 1212 4110 in
1239 4055 1505 4111 cordibus
1533 4055 1741 4109 nostris
1763 4054 1998 4110 indivisa
2027 4072 2120 4109 re-

493 4150 833 4205 tractatione
862 4149 1230 4218 meditemur,
1261 4152 1318 4204 et
1344 4148 1485 4203 sicut
1503 4149 1778 4220 scriptum
1799 4153 1902 4216 est,
1924 4165 2122 4203 narre-

495 4261 624 4299 mus
652 4261 717 4299 ea
746 4245 876 4299 filiis
903 4244 1129 4312 nostris,
1162 4247 1224 4298 ut
1250 4261 1318 4299 ea
1363 4243 1713 4300 meditantur
1751 4243 1809 4297 in
1855 4243 2123 4298 cordibus

493 4339 628 4409 suis,
658 4339 916 4394 sedentes
946 4339 1003 4393 in
1033 4339 1222 4405 domo,
1251 4337 1608 4392 ambulantes
1635 4337 1694 4390 in
1729 4337 1956 4407 itinere,
1988 4337 2119 4391 dor-

491 4433 732 4488 mientes
780 4439 950 4504 atque
987 4435 1309 4504 surgentes,
1347 4431 1480 4504 quia
1509 4451 1537 4484 ί(
1561 4431 1762 4496 beatus
1790 4432 1852 4486 in
1878 4432 2121 4487 Domino

492 4527 591 4599 qui
628 4527 688 4582 in
730 4529 855 4599 lege
893 4528 1012 4599 ejus
1052 4526 1426 4582 meditabitur
1455 4526 1545 4581 die
1587 4543 1652 4581 ac
1684 4529 1847 4581 nocte
1883 4526 2051 4597 (Psal.
2081 4543 2120 4593 ι,

491 4624 564 4691 2).
597 4641 625 4671 »
655 4623 770 4676 Hoc
801 4626 858 4676 et
880 4621 1159 4692 magister
1184 4620 1444 4692 gentium
1475 4619 1815 4691 discipulum
1841 4636 2009 4675 suum
2035 4635 2118 4675 se-
2141 4633 2200 4705 D
2293 4653 2479 4708 Prima
2515 4653 2663 4707 salus
2690 4657 2774 4706 est
2802 4654 2972 4706 recta,
3004 4651 3039 4704 ﬁ

493 4719 654 4771 cutus
681 4716 928 4771 instituit
945 4715 1294 4770 admonens:
1320 4715 1441 4768 hac
1459 4714 1760 4784 meditare,
1781 4713 1843 4768 in
1867 4713 1954 4768 his
1975 4717 2120 4783 esto,

492 4810 796 4881 subjiciens
832 4807 1249 4881 plenitudinem
1284 4825 1296 4863 :
1331 4809 1558 4862 attende
1595 4807 1700 4862 tibi
1737 4812 1793 4863 et
1827 4807 2119 4875 doctrina,

491 4904 646 4976 quia,
680 4904 726 4959 si
752 4903 1013 4959 ﬁdelibus
1041 4903 1161 4958 sine
1182 4901 1603 4958 intermissione
1630 4901 2012 4956 incumbimus
2033 4901 2119 4956 in-

492 4998 720 5069 stitutis,
743 4997 1060 5070 separabim
1069 5014 1136 5052 ur
1162 5014 1195 5052 a
1212 4996 1378 5064 vitiis,
1408 4996 1546 5051 dum
1560 4996 1819 5068 impensa
1837 5012 1971 5051 cura
1987 4996 2123 5051 divi-

493 5107 569 5146 no
590 5093 749 5163 operi
769 5094 1022 5147 humano
1042 5093 1233 5147 locum
1269 5107 1383 5145 non
1417 5091 1650 5162 reliquit
1671 5090 1868 5146 errori.
1907 5092 2050 5146 Data
2069 5107 2121 5146 1v

491 5186 676 5240 Nonas
700 5187 924 5258 Aprilis,
947 5189 1200 5258 Agapeto
1223 5187 1268 5239 ΙΙ
1301 5185 1549 5241 consule.

489 5282 622 5335 Item
647 5282 872 5351 epistola
900 5283 1201 5337 Hormisda
1217 5295 1384 5351 papa
1412 5280 1487 5334 ad
1517 5281 1786 5350 episcopos
1819 5280 2118 5349 Hispania,

559 5355 622 5406 in
645 5368 756 5421 qua
777 5355 851 5408 eis
869 5355 1095 5408 Joannis
1125 5353 1715 5421 Constantinopolitani
1737 5353 1972 5420 episcopi
1993 5365 2120 5419 pro—

560 5426 848 5491 fessionem
894 5425 1122 5493 dirigit,
1176 5429 1400 5494 propter
1444 5424 1728 5478 orientales
1777 5423 1992 5476 clericos
2029 5423 2125 5489 qui

563 5511 745 5550 eorum
769 5497 1189 5550 communionem
1211 5499 1591 5566 poposcerunt.

563 5588 757 5663 260
789 5588 1172 5645 Dilectissimis
1194 5588 1465 5644 fratribus
1491 5583 1772 5657 episcopis
1798 5600 1900 5656 per
1920 5584 2116 5657 Hlspa-

487 5685 647 5740 niam
673 5684 990 5739 constitutis
1017 5685 1318 5740 Honmsna.

561 5779 785 5832 Interea
831 5795 958 5850 qua
1012 5777 1231 5832 notitia
1279 5779 1487 5829 nostra
1539 5775 1784 5828 Joannes
1831 5774 2008 5830 frater
2067 5777 2122 5828 et

495 5869 858 5940 coepiscopus
919 5873 1111 5926 noster
1165 5867 1349 5922 studio
1406 5866 1804 5923 Ecclesiastica
1860 5867 2122 5923 utilitatis

501 5961 753 6030 ingessit,
799 5963 906 6016 hoc
959 5976 1185 6033 quoque
1225 5976 1327 6032 pro
1384 5959 1584 6017 affectu
1633 5961 1919 6016 catholica
1964 5961 2118 6027 ﬁdei,

2141 3261 2195 3334 C

2217 1994 2524 2049 concilium
2549 1997 2800 2049 vestrum
2822 2010 2925 2066 pro
2954 1993 3339 2064 generalitatis
3369 1992 3745 2048 instructione
3769 1990 3857 2046 di-

2217 2089 2490 2157 reximus,
2512 2091 2575 2143 ut
2594 2105 2660 2144 ex
2683 2088 2794 2143 illis
2814 2089 3038 2160 plenius
3069 2104 3199 2159 qua
3229 2092 3361 2143 sunt
3394 2091 3520 2142 acta
3539 2087 3852 2153 discentes,

2220 2183 2290 2238 ab
2305 2183 2572 2237 omnivos
2593 2181 2904 2237 errantium
2921 2181 3324 2237 communione
3345 2180 3636 2252 separetis,
3658 2196 3854 2251 neque

2221 2277 2375 2332 enim
2401 2281 2487 2332 est
2512 2277 2826 2348 personalis
2846 2275 2960 2331 odii
2981 2292 3144 2331 causa
3162 2277 3218 2330 in
3238 2275 3446 2347 impios
3467 2277 3854 2346 transgresso-

2219 2389 2310 2426 res
2335 2372 2503 2441 dicta,
2537 2373 2650 2426 Deo
2678 2370 2988 2442 inspirante
3017 2371 3322 2439 sententia,
3366 2369 3426 2424 in
3463 2387 3574 2441 qua
3612 2369 3853 2440 quidem

2217 2482 2404 2533 causa,
2418 2481 2782 2536 nequaquam
2793 2481 2826 2518 a
2836 2464 3243 2537 pradicatione
3255 2463 3678 2532 cessavimus,et
3689 2462 3854 2534 prin-

2219 2560 2373 2631 cipes
2394 2559 2782 2630 supplicando,
2804 2563 2860 2613 et
2880 2558 3222 2627 sacerdotes,
3245 2562 3301 2612 et
3318 2557 3560 2629 populos
3579 2559 3636 2612 et
3656 2556 3856 2611 admo-

2221 2653 2433 2724 nendo,
2473 2657 2536 2707 ut
2576 2658 3028 2724 transgressores
3057 2651 3300 2706 absoluti
3327 2652 3398 2706 ad
3428 2655 3640 2706 rectam
3670 2651 3850 2705 ﬁdem

2221 2747 2425 2803 affectu
2456 2747 2579 2816 Dei,
2610 2749 2668 2800 et
2684 2746 2886 2818 judicii
2909 2746 3115 2800 timore
3147 2749 3558 2800 converterent.
3601 2745 3714 2799 Sed
3745 2745 3852 2799 ob-

2221 2840 2444 2896 stinatio
2469 2839 2794 2895 miseranda
2810 2856 2876 2894 eo
2903 2839 3246 2911 perduxerat
3271 2839 3418 2906 illos,
3444 2844 3504 2893 ut
3528 2837 3700 2892 nullis
3729 2854 3856 2892 mo-

2221 2935 2307 2989 dis
2350 2934 2647 2990 mortifera
2693 2951 2915 2988 venena
2955 2933 3276 3000 vincantur,
3320 2932 3418 2987 sed
3447 2932 3594 2986 mala
3631 2932 3856 2986 semina

2219 3029 2342 3083 ﬁxis
2359 3029 2420 3083 in
2437 3028 2682 3083 deterius
2700 3027 2982 3099 pullulent
3000 3026 3302 3082 radicibus.
3326 3027 3475 3097 Ergo
3498 3025 3857 3080 dilectissimi

2219 3124 2425 3178 fratres
2440 3123 2510 3176 ad
2531 3122 2726 3176 omnia
2741 3125 3133 3193 competentes
3150 3119 3432 3187 instructi,
3447 3135 3666 3174 servare
3681 3135 3778 3173 vos
3797 3123 3857 3174 et

2221 3215 2530 3271 Ecclesiam
2555 3215 2657 3270 Dei
2685 3215 2941 3286 Apostoli
2961 3213 3354 3269 exhortatione
3375 3211 3718 3284 compuncti.
3742 3213 3856 3266 Nos

2220 3313 2411 3364 autem
2430 3309 2690 3363 libellum
2709 3308 2989 3376 misimus,
3013 3307 3116 3362 sub
3141 3324 3255 3379 quo
3276 3307 3321 3361 si
3341 3306 3468 3378 quis
3488 3305 3854 3361 communio-

2221 3421 2355 3460 nem
2379 3407 2624 3458 vestram
2658 3403 2726 3459 de
2754 3401 3118 3457 orientalibus
3145 3401 3364 3456 clericis
3397 3400 3743 3472 poposcerit,
3780 3401 3854 3454 ad

2223 3515 2346 3554 eam
2368 3497 2544 3568 possit
2557 3496 2800 3560 admitti,
2822 3495 3142 3550 secundum
3163 3511 3336 3567 quam
3359 3499 3415 3549 et
3430 3494 3501 3549 de
3520 3493 3772 3548 Thracia
3797 3498 3858 3548 et

2222 3591 2480 3663 Scythia,
2509 3590 2830 3662 Illyricique
2849 3590 3109 3661 partibus
3133 3590 3219 3644 vel
3240 3588 3393 3660 Epiri
3418 3587 3646 3655 veteris,
3674 3587 3775 3642 sed
3797 3592 3857 3643 et

2222 3686 2534 3741 secundum
2560 3701 2733 3756 quam
2773 3685 2842 3739 de
2884 3684 3062 3756 Syria
3091 3685 3297 3738 multos
3316 3683 3439 3754 jam
3469 3684 3687 3737 constat
3732 3698 3855 3737 esse

2223 3783 2528 3851 susceptos,
2570 3778 2886 3849 gaudentes
2926 3779 2998 3833 ad
3042 3781 3197 3832 recta
3246 3777 3550 3845 conﬂuere,
3605 3779 3675 3830 et'
3695 3776 3857 3831 devia

2223 3873 2548 3929 declinasse.
2575 3872 2735 3928 Unde
2755 3889 2857 3944 pro
2879 3872 3242 3943 subreptione
3268 3871 3608 3926 mandamus
3635 3875 3701 3925 ut
3727 3887 3851 3925 om-

2224 3967 2310 4022 nis
2330 3984 2466 4022 cura
2485 3969 2543 4022 et
2568 3966 2890 4021 sollicitudo
2917 3965 3104 4021 omnis
3128 3965 3406 4036 invigilet,
3429 3966 3550 4036 jam
3574 3965 3771 4020 nullus
3810 3965 3854 4019 si

2222 4061 2562 4134 ignorantia
2584 4061 2762 4128 locus,
2791 4060 2980 4115 nullus
3000 4063 3192 4114 utatur
3211 4058 3588 4130 simplicitatis
3615 4075 3851 4114 excusa-

2221 4156 2376 4211 tione
2404 4154 2706 4227 praterita.
2735 4153 2950 4210 Scienti
2972 4169 3203 4225 peccare
3228 4153 3549 4208 necessaria
3571 4153 3852 4208 confessio

2221 4255 2323 4305 est.
2355 4250 2586 4305 Necesse
2613 4253 2697 4304 est
2717 4253 2780 4304 ut
2805 4264 3061 4304 errorem
3089 4247 3194 4302 sibi
3222 4247 3430 4303 scribat
3449 4247 3547 4319 qui
3567 4253 3849 4302 monstra-

2219 4351 2314 4400 tur
2339 4343 2612 4398 institisse
2633 4359 2802 4414 pravo
2828 4342 3037 4397 itineri.
3070 4341 3404 4397 Bonefacius
3436 4341 3698 4397 notarius
3719 4359 3850 4397 san-

2221 4442 2327 4493 cta
2354 4437 2611 4493 Ecclesia
2633 4438 2904 4491 Romana
2926 4453 2995 4492 ex
3018 4435 3227 4491 scrinio
3255 4435 3392 4491 editi
3421 4437 3775 4508 exemplaria
3791 4436 3851 4491 li-

2220 4531 2350 4588 belli
2377 4531 2723 4603 exsequitur.

3048 4651 3142 4705 dei
3170 4652 3431 4721 regulam
3463 4651 3768 4722 custodire,
3798 4658 3854 4708 et

2221 4764 2254 4800 a
2299 4746 2618 4801 constitutis
2650 4748 2883 4801 Patrum
2925 4745 3255 4799 nullatenus
3304 4744 3558 4811 deviare;
3623 4749 3680 4799 et
3723 4746 3854 4817 quia

2221 4858 2337 4896 non
2377 4843 2566 4912 potest
2607 4839 2835 4894 Domini
2879 4838 3061 4892 nostri
3086 4839 3221 4892 Jesu
3249 4837 3453 4895 Christi
3492 4840 3852 4910 pratermitti

2221 4933 2523 5002 sententia,
2559 4932 2797 4988 dicentis
2829 4949 2841 4987 :
2876 4954 2904 4983 (ι
2934 4933 3013 4986 Tu
3059 4948 3119 4987 es
3149 4933 3369 5000 Petrus,
3404 4935 3461 4987 et
3499 4949 3676 5004 super
3709 4933 3852 4988 hanc

2224 5033 2442 5100 petram
2464 5027 2758 5082 adiﬁcabo
2781 5025 3086 5080 Ecclesiam
3112 5042 3305 5080 meam
3332 5026 3545 5096 (Matth.
3573 5042 3664 5081 xu
3689 5028 3794 5099 18),
3822 5049 3848 5077 ››

2223 5126 2354 5190 etc.,
2381 5123 2503 5177 hac
2521 5138 2648 5194 qua
2667 5121 2818 5176 dicta
2839 5124 2972 5174 sunt
2994 5136 3189 5174 rerum
3209 5120 3521 5191 probantur
3539 5119 3848 5189 effectibus,

2224 5217 2358 5287 quia
2400 5217 2460 5270 in
2503 5216 2637 5270 sede
2675 5214 2984 5286 apostolica
3012 5216 3172 5268 extra
3198 5215 3483 5269 maculam
3515 5231 3751 5286 semper
3774 5220 3850 5270 est

2221 5310 2499 5365 catholica
2522 5312 2746 5364 servata
2771 5308 2988 5379 religio.
3013 5310 3089 5363 De
3116 5325 3230 5379 qua
3255 5325 3376 5379 spe,
3406 5313 3463 5363 et
3482 5308 3593 5363 ﬁde
3613 5309 3852 5364 minime

2222 5404 2469 5475 separari
2507 5404 2816 5475 cupientes,
2849 5407 2905 5457 et
2933 5404 3164 5457 Patrum
3194 5406 3503 5473 sequentes
3528 5403 3851 5469 constituta,

2221 5494 2766 5548 anathematizamus
2810 5508 3006 5546 omnes
3048 5492 3312 5559 hareses,
3345 5491 3627 5563 pracipue
3657 5493 3851 5547 Nesto-

2222 5586 2370 5642 rium
2408 5587 2766 5654 hareticum,
2806 5585 2904 5658 qui
2942 5586 3230 5658 quondam
3273 5585 3850 5657 Constantinopolita-

2224 5699 2312 5735 na
2360 5681 2470 5735 fuit
2521 5679 2679 5734 urbis
2735 5679 3054 5752 episcopus,
3108 5679 3447 5734 damnatum
3499 5679 3557 5732 in
3611 5680 3851 5736 concilio

2221 5775 2508 5846 Ephesino
2527 5791 2558 5827 a
2573 5773 2740 5830 beato
2759 5774 3062 5830 Calestino
3078 5791 3229 5845 papa
3243 5773 3402 5828 urbis
3419 5773 3759 5841 Roma,’eta
3773 5791 3854 5829 ve-

2222 5867 2460 5922 nerabili
2488 5867 2608 5922 viro
2634 5868 2840 5939 Cyrillo
2877 5867 3280 5923 Alexandrina
3311 5865 3548 5921 civitatis
3587 5869 3848 5926 antistite.

2227 5960 2496 6017 Similiter
2523 5960 3067 6017 anathematizamus
3097 5961 3416 6033 Eutichem,
3447 5964 3499 6017 et
3525 5960 3850 6019 Dioscorum
