4040 6306
185 356 313 408 104Ξὶ

1410 358 1878 414 ΒΕΟΗΕὙΑΙΑΙΕΜ
1917 357 2305 412 COLLECTIO.

3408 362 3536 414 ill-'16

175 464 638 517 Alexandrinum
666 465 724 517 in
754 470 946 519 sancta
977 466 1191 535 synodo
1223 483 1394 536 quam
1425 467 1721 537 sequimur
1753 471 1810 521 et
1831 432 2102 556 A‘Neque
2128 467 2283 521 enim
2309 467 2736 523 difficultatibus
2767 471 2852 522 est
2877 467 3213 522 cedendum.
3243 467 3363 522 Non
3385 467 3537 522 enim

176 557 584 627 amplectimur
609 557 1058 613 Chalcedonensi
1091 559 1445 630 damnatum,
1470 577 1598 631 quae
1620 565 1813 615 secuta

175 655 444 705 sanetum
463 651 768 705 concilium
791 652 1081 706 Nicaanum
1102 653 1276 707 ﬁdem
1295 654 1660 724 apostolicam
1675 671 1814 724 prae-

174 744 405 798 dicavit.
436 745 800 799 Detestamur
827 750 883 800 et
913 746 1278 800 Timotheum
1309 747 1651 817 parricidam
1684 748 1811 802 Hel-

175 840 371 892 lurum
421 845 830 909 cognomento,
873 839 1214 910 discipulum
1268 857 1496 912 quoque
1535 841 1710 912 ipsius
1757 845 1816 896 et

176 949 486 1003 sequacem
514 933 573 986 in
612 932 881 987 omnibus
928 935 1157 988 Petrum
1195 934 1636 989 Alexandrinum
1676 951 1811 989 con-

176 1026 542 1080 demnamus.
575 1026 759 1080 Etiam
799 1027 1349 1082 anathematizamus
1375 1028 1642 1082 Acacium
1665 1029 1810 1083 Con-

179 1120 758 1191 stantinopolitanum
788 1121 1084 1191 quondam
1111 1121 1459 1192 episcopum,
1483 1122 1554 1176 ab
1583 1127 1810 1193 aposto-

178 1213 285 1266 lica
306 1213 444 1267 sede
466 1212 822 1280 damnatum,
839 1230 1040 1268 eorum
1059 1214 1398 1286 complicem
1419 1217 1477 1269 et
1493 1231 1810 1287 sequacem,

179 1308 262 1359 vel
295 1307 396 1377 qui
434 1307 493 1360 in
534 1323 735 1360 eorum
777 1308 1183 1362 communione
1221 1309 1660 1380 permanserint.
1709 1310 1815 1373 Qui

179 1400 435 1466 Aeacius,
465 1417 714 1471 quorum
755 1417 814 1454 se
860 1401 1248 1456 communioni
1291 1402 1520 1457 miscuit
1558 1403 1815 1473 ipsorum

178 1494 425 1548 similem
452 1494 664 1548 habere
710 1495 921 1549 meruit
949 1495 1007 1548 in
1037 1495 1400 1550 damnatione
1448 1497 1811 1551 sententiam.

177 1590 411 1641 Petrum
437 1587 816 1642 nihilominus
845 1589 1260 1643 Antiochenum
1300 1590 1647 1644 damnamus
1683 1608 1814 1645 cum

183 1682 518 1752 sequacibus
548 1681 683 1746 suis,
716 1685 773 1736 et
806 1682 1073 1736 omnibus
1113 1684 1528 1755 suprascriptis.
1566 1685 1814 1754 Suscipi-

181 1792 310 1829 mus
325 1780 518 1829 autem
540 1778 598 1828 et
624 1775 934 1845 probamus
962 1777 1228 1847 epistolas
1253 1777 1402 1831 beati
1423 1777 1626 1832 Leonis
1652 1795 1817 1850 papae

1913 559 2189 630 fatigatur
2220 561 2435 631 asperis
2476 562 2632 629 fides,
2662 577 2770 615 nec
2814 561 2887 615 ad
2923 562 3195 616 caelorum
3226 561 3401 616 ardua
3438 577 3543 632 per

1912 654 2160 725 proclive
2190 654 2571 725 contenditur,
2605 671 2711 710 nec
2738 655 3262 710 remunerationem
3289 655 3431 709 citra
3458 655 3541 708 la-

1912 747 2067 801 boris
2099 748 2429 802 exercitium
2459 749 2586 820 quis
2630 752 2904 804 meretur.
2949 749 3110 803 Unde
3149 765 3224 802 ne
3272 748 3543 803 facientes

1912 841 2065 895 bona
2122 840 2471 912 deﬁciamus,
2529 841 2847 914 specialiter
2921 842 3316 910 admonemur,
3370 841 3543 896 etiam

1917 937 2054 988 teste
2081 935 2378 989 Psalmista
2407 953 2418 989 :
2446 953 2474 987 «
2501 936 2657 990 Beati
2690 937 2787 1007 qui
2813 936 3141 990 custodiunt
3163 934 3462 1006 judicium,
3486 937 3544 988 et

1912 1027 2131 1082 faciunt
2151 1028 2433 1099 justitiam
2463 1029 2523 1084 in
2562 1029 2718 1084 omni
2745 1034 3004 1100 tempore
3038 1030 3253 1099 (Psalm.
3285 1046 3371 1096 cv,
3405 1027 3476 1099 3),
3513 1050 3540 1077 n

1914 1121 2051 1192 quia
2085 1139 2199 1176 non
2230 1122 2458 1177 initium
2499 1123 2712 1177 laboris
2752 1123 3279 1178 remunerationem
3314 1121 3542 1194 praemii

1914 1216 2208 1270 consuevit
2232 1216 2513 1283 invenire,
2537 1217 2637 1271 sed
2661 1216 2965 1272 terminus.
2987 1218 3134 1290 Ergo
3160 1216 3410 1271 studium
3437 1215 3543 1269 sol-

1913 1307 2226 1362 licitudinis
2257 1310 2548 1377 assumite,
2571 1309 2777 1381 quibus
2808 1315 2893 1364 est
2911 1327 3029 1364 una
3050 1309 3108 1364 in
3136 1309 3544 1364 communione

1916 1402 2150 1456 societas
2165 1405 2222 1456 et
2235 1403 2540 1457 credulitas
2558 1403 3047 1474 quemadmodum
3070 1405 3139 1458 de
3159 1404 3376 1458 unitate
3397 1402 3545 1457 sedis

1913 1496 2258 1566 apostolicae,
2288 1500 2346 1550 et
2370 1497 3014 1569 Constantinopolitana:
3044 1497 3306 1552 Ecclesiae
3335 1496 3545 1568 pariter

1916 1589 2259 1642 exsultamus
2303 1590 2363 1643 in
2413 1590 2652 1645 Domino
2671 1608 2687 1659 ;
2718 1591 2793 1645 ita
2824 1591 2893 1644 de
2925 1590 3277 1661 reliquorum
3319 1604 3544 1661 quoque

1916 1682 2062 1736 sicut
2081 1681 2380 1737 affectione
2408 1683 2686 1738 admones
2717 1684 3162 1754 reintegratione
3190 1684 3469 1749 laetemur,
3492 1687 3548 1737 et

1917 1791 2184 1830 curemus
2209 1777 2464 1846 primum
2487 1780 2548 1831 ut
2568 1778 2743 1832 fidem
2769 1777 3270 1848 integritatemque
3291 1779 3547 1830 nostram

182 1869 474 1924 universas
505 1885 646 1940 quas
685 1869 754 1923 de
783 1869 1070 1939 religione
1100 1870 1420 1925 Christiana
1461 1872 1813 1943 conscripsit,
1836 1848 1893 1920 B
1918 1868 2342 1924 immaculatam
2371 1870 2442 1924 ab
2475 1871 2631 1924 omni
2667 1870 3011 1941 contagione
3052 1887 3369 1939 servemus;
3403 1869 3548 1924 nosti

182 1964 325 2017 sicut
348 1963 716 2033 praadiximus
743 1967 1045 2033 sequentes
1069 1963 1129 2017 in
1161 1964 1427 2018 omnibus
1451 1965 1818 2036 apostolicam

182 2057 400 2124 sedem,
424 2060 485 2110 et
502 2056 877 2126 praedicantes
905 2057 1102 2111 omnia
1129 2058 1252 2128 ejus
1281 2059 1603 2114 constituta.
1627 2060 1696 2113 Et
1717 2076 1820 2130 per

182 2151 378 2205 omnia
405 2166 572 2221 spero
596 2155 660 2204 ut
685 2150 746 2204 in
766 2167 879 2204 una
899 2151 1302 2205 communione
1323 2153 1615 2208 vobiscum
1646 2170 1818 2225 quam

182 2245 344 2299 sedes
383 2244 698 2316 apostolica
739 2245 1028 2314 praedicat,
1062 2262 1184 2299 esse
1213 2263 1460 2316 merear,
1492 2247 1551 2301 in
1595 2265 1706 2318 qua
1733 2250 1821 2302 est

185 2339 412 2410 integra
453 2342 508 2392 et
547 2355 682 2392 vera
725 2339 1062 2393 Christiana:
1109 2339 1423 2410 religionis,
1469 2345 1526 2395 et
1569 2341 1820 2412 perfecta

185 2433 461 2495 soliditas,
509 2432 850 2504 promittens
905 2436 1282 2503 sequestratos
1335 2451 1368 2487 a
1414 2435 1818 2490 communione

185 2526 446 2580 Ecclesiae
489 2526 797 2594 catholicae,
841 2527 896 2581 id
937 2529 1040 2594 est,
1076 2544 1191 2581 non
1237 2528 1656 2583 consentientes
1695 2529 1818 2583 sedi

183 2621 524 2690 apostolicae,
551 2637 752 2674 eorum
781 2621 1019 2675 nomina
1043 2620 1192 2675 inter
1214 2638 1367 2675 sacra
1392 2638 1509 2676 non
1531 2623 1818 2677 recitanda

185 2730 304 2768 csse
333 2713 625 2785 mysteria.
659 2713 823 2778 Quod
852 2713 900 2767 si
927 2714 987 2768 in
1018 2714 1214 2785 aliquo
1242 2731 1276 2768 a
1301 2731 1429 2770 mea
1469 2716 1818 2786 professione

187 2807 413 2862 deviare
472 2810 779 2874 tentavero,
828 2807 914 2862 his
958 2825 1097 2878 quos
1141 2809 1426 2876 damnavi,
1481 2810 1819 2881 complicem

186 2919 276 2956 me
295 2918 425 2956 mea
439 2902 721 2956 sententia
743 2918 862 2957 esse
885 2903 1178 2973 proﬁteor.
1205 2904 1360 2957 Hanc
1387 2909 1581 2958 autem
1603 2905 1818 2975 profes-

186 2999 406 3051 sionem
420 3011 611 3050 meam
627 3013 734 3067 ego
750 3013 928 3051 manu
946 3013 1075 3052 mea
1095 2996 1420 3068 subscripsi,
1436 3001 1494 3051 et
1507 2999 1818 3068 Hormisdaa

186 3095 382 3144 sancto
412 3107 478 3144 ac
507 3090 817 3145 venerabili
843 3107 1002 3162 papae
1035 3090 1192 3144 urbis
1217 3092 1414 3145 Romae
1445 3091 1646 3146 direxi.
1694 3060 1780 3176 Δ

188 3211 257 3261 De
308 3209 742 3262 reconciliatione
800 3211 1072 3288 Romana
1103 3214 1153 3263 ct
1213 3210 1822 3280 Constantinopolitanae
1841 3215 1895 3288 ρ

869 3282 1137 3335 Ecclesia.

259 3371 631 3427 Dilectissimo
658 3372 824 3426 fratri
859 3375 1156 3429 Epipnmio
1190 3375 1497 3429 Hoamsoa.

258 3467 428 3521 Multo
450 3466 661 3538 gaudio
683 3483 808 3521 sum
835 3468 1080 3538 repletus
1103 3468 1257 3538 quod
1278 3467 1426 3522 circa
1447 3467 1708 3522 Ecclesiae
1729 3485 1821 3540 pa-

189 3578 334 3627 cem,
368 3564 426 3616 et
461 3559 801 3614 sanctissimi
837 3560 1223 3633 imperatoris,
1254 3564 1313 3616 et
1340 3561 1658 3616 dilectionis
1686 3565 1820 3630 tuae,

191 3657 299 3710 tale
313 3654 568 3710 studium
583 3655 786 3710 litteris
797 3655 1075 3723 indicasti,
1093 3656 1245 3726 quod
1259 3657 1582 3727 legatorum
1595 3672 1820 3728 quoque

190 3764 452 3803 meorum
487 3748 796 3802 assertione
820 3749 1056 3819 cognovi
1080 3749 1472 3804 manifestum.
1504 3749 1644 3804 Hinc
1665 3749 1819 3804 enim

187 3858 454 3914 superna:
513 3841 911 3896 misericordiae
972 3843 1387 3898 documentum
1458 3844 1818 3914 perdocetur,

189 3935 418 4007 quando
447 3940 505 3990 et
531 3936 806 3990 mundani
840 3936 1123 4008 principes
1150 3954 1347 3992 causas
1377 3937 1513 3991 ﬁdei
1553 3955 1682 3992 cum
1711 3937 1822 3992 rei-

191 4030 432 4100 publicae
487 4029 844 4085 ordinatione
897 4031 1280 4102 conjungunt,
1335 4036 1391 4086 et
1444 4032 1824 4087 Ecclesiarum

192 4124 461 4195 praesules
481 4125 634 4195 quod
661 4124 733 4179 ad
756 4124 1242 4196 dispensationem
1272 4125 1357 4179 sui
1378 4126 1629 4196 pertinet
1654 4127 1824 4180 officii

194 4143 461 4195 praesules
481 4143 634 4195 quoa
661 4143 733 4179 aa
756 4143 914 4196 ωερε
961 4143 1242 4180 sationem
1272 4143 1357 4179 θυι
1378 4143 1629 4196 perunet
1654 4143 1824 4180 oxncu

194 4234 475 4274 memores
503 4143 1168 4296 exsequunturoalibus
1194 4219 1350 4272 enim
1376 4219 1678 4288 indigebat
1701 4225 1828 4290 post

192 4312 487 4367 discordiae
506 4313 783 4383 procellas
803 4297 1007 4384 religio
1027 4312 1347 4369 Christiana
1367 4311 1683 4366 rectoribus
1703 4313 1822 4383 qui,

194 4405 528 4478 compressis
573 4406 813 4476 provida
863 4406 1285 4478 dispensatione
1334 4404 1679 4471 turbinibus,
1727 4405 1825 4460 diu

193 4499 619 4571 peregrinatam
634 4516 834 4570 pacem
852 4500 1090 4570 depulsa
1108 4502 1449 4571 tempestate
1472 4498 1822 4567 reducerent,

1919 1962 2094 2030 enim,
2123 1963 2302 2017 frater
2327 1963 2680 2030 charissime,
2713 1981 2778 2017 ac
2805 1963 3173 2030 sanctissime,
3199 1963 3333 2033 quia
3358 1963 3546 2016 Eccle-

1917 2055 2140 2110 siastica
2167 2059 2394 2110 servant
2423 2057 2650 2111 vincula
2673 2056 3034 2110 concordiam
3059 2073 3185 2126 quae
3204 2073 3309 2110 nos
3329 2055 3399 2110 ab
3424 2056 3545 2109 haz-

1915 2149 2221 2204 reticorum
2241 2155 2512 2205 tueantur
2532 2150 2772 2219 insidiis,
2791 2166 2895 2220 per
2913 2166 3040 2221 quae
3061 2150 3236 2203 etiam
3255 2165 3545 2204 canonum

1917 2242 2239 2297 custoditur
2254 2241 2575 2314 integritas.
2596 2243 2762 2297 Hisin
2785 2243 2986 2297 robore
3012 2259 3113 2297 suo
3137 2242 3296 2296 omni
3313 2242 3551 2297 circum-

1916 2335 2202 2406 spectione
2224 2337 2477 2405 servatis,
2500 2336 2754 2391 remedia
2775 2337 3137 2408 sperantibus
3157 2336 3546 2391 conferuntur.

1920 2430 2098 2484 Habet
2143 2430 2297 2484 enim
2348 2430 2851 2486 ecclesiasticarum
2905 2430 3046 2484 ordo
3095 2431 3444 2502 regularum,
3495 2432 3552 2484 et

1917 2524 2096 2595 ipsius
2123 2526 2311 2579 forma
2329 2526 2567 2596 justitim
2596 2529 2660 2580 ut
2684 2525 2972 2580 medicina
3007 2525 3357 2580 rationabilis
3382 2524 3546 2579 beni-

1917 2635 2067 2689 gnas,
2100 2623 2155 2673 et
2181 2617 2426 2673 fideliter
2453 2619 2808 2690 sperantibus
2831 2635 2950 2673 non
2980 2623 3243 2688 negetur,
3267 2635 3369 2674 nec
3389 2618 3546 2690 quis-

1916 2729 2092 2783 quam
2123 2713 2199 2767 ita
2229 2717 2313 2768 est
2336 2713 2406 2767 ab
2433 2712 2792 2768 humanitate
2821 2712 3115 2783 discretus,
3149 2729 3323 2784 quem
3363 2729 3480 2767 non
3514 2729 3548 2766 a

1918 2807 2106 2876 rigore
2138 2806 2497 2861 discretionis
2524 2806 2763 2860 inclinet
2792 2811 2956 2862 cauta
2981 2806 3336 2878 simplicitas.
3361 2805 3466 2862 Sed
3489 2810 3551 2860 ut

1917 2903 2082 2954 caute
2112 2901 2222 2954 hoc
2254 2904 2598 2972 craterasque
2625 2900 2908 2972 querelas,
2939 2903 3038 2954 aut
3057 2916 3280 2955 errores
3310 2899 3550 2970 alicujus

1918 3010 1986 3049 eo
2033 2995 2220 3048 valeas
2267 2994 2556 3066 expedire,
2604 2993 2966 3049 dilectissime
3010 2995 3203 3060 frater,
3246 3010 3551 3065 personam

1918 3103 2108 3143 meam
2134 3091 2190 3143 te
2216 3089 2277 3143 in
2296 3089 2406 3143 hoc
2439 3091 2665 3159 oportet
2691 3089 2952 3158 induere,
2973 3089 3249 3142 scientem
3275 3087 3333 3141 in
3355 3087 3452 3158 huj
3463 3103 3551 3141 us-

1921 3182 2076 3236 modi
2119 3181 2322 3248 causis,
2354 3182 2498 3237 sicut
2533 3181 2872 3252 praedictum
2922 3185 3024 3250 est,
3059 3181 3196 3252 quid
3235 3181 3553 3235 cavendum

1922 3275 2024 3342 sit;
2054 3276 2134 3329 ita
2162 3275 2354 3330 omnia
2383 3275 2833 3346 praevidendum,
2861 3278 2925 3328 ut
2950 3291 3066 3328 non
3097 3273 3356 3343 ambigas
3379 3276 3435 3327 te
3466 3290 3556 3326 ra-

1920 3368 2136 3423 tionem
2168 3364 2606 3440 dispensationis
2638 3368 2807 3438 hujus
2851 3368 2966 3422 Deo
3009 3383 3129 3421 esse
3171 3366 3548 3434 reddendam,

1922 3462 1998 3514 ita
2040 3465 2233 3516 tamen
2284 3467 2347 3516 ut
2395 3478 2489 3516 eos
2537 3461 2630 3532 qui
2681 3461 2837 3515 vobis
2882 3461 3094 3514 fuerint
3148 3445 3590 3528 communione!

1923 3555 2134 3623 sociati,
2181 3555 2270 3608 vel
2324 3572 2426 3626 per
2472 3572 2570 3609 vos
2613 3554 2731 3608 sedi
2785 3553 3108 3624 apostolicae
3157 3557 3337 3607 vestra
3386 3552 3554 3606 nobis

1921 3649 2130 3720 scripta
2155 3649 2462 3717 declarent,
2487 3648 2695 3720 quibus
2726 3646 2899 3702 etiam
2932 3652 2987 3701 et
3014 3645 3111 3717 qui
3143 3645 3552 3700 continentiam

1923 3743 2245 3798 libellorum
2281 3742 2608 3812 obtulerint,
2644 3741 2945 3796 inseratur.
2979 3740 3069 3796 Sic
3093 3739 3250 3794 enim
3281 3743 3339 3793 et
3363 3739 3553 3795 Severi

1924 3839 2008 3891 vel
2034 3837 2269 3909 Sulpicii
2285 3836 2372 3890 vel
2393 3836 2753 3908 complicum,
2773 3839 2871 3889 aut
2896 3834 3172 3889 similium
3192 3833 3553 3888 absolvemus

1924 3947 2166 3986 errores.
2196 3932 2305 3986 Nec
2331 3947 2533 3985 eorum
2564 3929 2661 4002 qui
2694 3929 2884 3984 sanari
2914 3927 3221 4000 potuerint,
3253 3926 3556 3998 dispendia

1927 4026 2232 4096 patiamur.
2276 4025 2437 4090 Quod
2489 4025 2618 4080 ideo
2642 4023 2801 4078 vobis
2842 4022 3161 4095 specialiter
3203 4021 3555 4076 credidimus

1925 4119 2337 4190 imponendum
2362 4119 2432 4173 ad
2458 4119 2810 4190 diligentiam
2831 4121 3073 4172 vestram
3101 4134 3133 4171 a
3161 4119 3351 4170 nostro
3383 4131 3556 4170 onere

1929 4213 2346 4279 transferentes,
2378 4213 2512 4282 quia
2537 4229 2654 4266 non
2686 4227 2859 4282 parva
2879 4211 3006 4280 jam
3047 4210 3388 4264 documenta
3413 4209 3552 4263 resi-

1927 4308 2138 4358 stentes
2159 4303 2438 4358 haareticis
2465 4303 2804 4372 reddidistis,
2827 4319 2929 4356 nec
2950 4302 3116 4356 debet
3140 4303 3208 4356 de
3229 4317 3296 4354 eo
3319 4301 3552 4370 ambigi,

1925 4413 2101 4468 quem
2128 4397 2275 4450 bene
2300 4396 2608 4466 contigerit
2637 4395 2940 4465 explorari.
2975 4394 3158 4450 Simul
3185 4410 3408 4447 assume
3434 4409 3553 4446 me-

1928 4490 2112 4544 delam
2142 4488 2465 4557 medicinae,
2500 4488 2603 4542 sim
2615 4489 2669 4543 ul
2697 4488 2991 4558 accingere
3019 4487 3354 4542 auctoritate
3382 4486 3552 4557 justi-

197 4597 256 4647 ut
283 4594 337 4648 in
369 4593 562 4648 futura
601 4599 729 4664 post
759 4584 967 4647 saecula
1005 4595 1075 4648 ad
1107 4594 1387 4665 propositi
1431 4593 1518 4648 sui
1563 4593 1825 4664 exempla
1844 4586 1902 4658 D
1926 4584 2036 4640 tiae.
2066 4585 2131 4638 Et
2158 4582 2236 4636 sic
2261 4582 2411 4636 circa
2441 4581 2729 4653 simplices
2758 4581 3114 4636 humanitate
3140 4581 3384 4648 mollire,
3415 4585 3477 4634 ut
3497 4579 3555 4633 in

198 4687 516 4753 tendentes,
547 4685 653 4741 sibi
697 4686 766 4741 ad
807 4687 1174 4747 scribendum
1215 4687 1608 4743 indubitanter
1634 4691 1820 4742 osten-

196 4781 417 4849 derent,
437 4779 716 4852 quidquid
745 4781 854 4835 Deo
884 4781 1155 4851 placitum
1181 4781 1418 4851 posteris
1444 4798 1547 4852 pro
1568 4799 1669 4836 sua
1687 4782 1823 4836 imi-

193 4875 406 4929 tatione
446 4874 732 4929 fecissent.
781 4874 1195 4929 Benedicamus
1245 4874 1574 4943 Dominum,
1623 4876 1826 4930 fratres

195 4967 532 5034 charissimi,
564 4968 668 5022 hoc
695 4967 890 5022 diebus
923 4968 1129 5023 nostris
1169 4969 1338 5024 fuisse
1381 4985 1736 5036 concessum,
1771 4975 1829 5025 et

200 5063 325 5116 totis
358 5061 709 5129 orationum,
739 5066 793 5116 et
824 5078 1090 5116 curarum
1121 5063 1334 5117 viribus
1380 5062 1731 5131 adnitamur,
1762 5067 1827 5118 ut

197 5171 322 5226 quae
354 5154 458 5209 Dei
486 5171 657 5226 opere
683 5156 830 5211 bene
858 5160 1042 5227 coepta
1073 5159 1224 5224 sunt,
1253 5157 1373 5228 ipso
1394 5155 1700 5226 adjuvante
1725 5171 1828 5228 per

197 5249 390 5303 omnia
440 5250 864 5320 compleantur.
914 5251 1273 5321 Sperandum
1315 5250 1468 5305 enim
1516 5256 1618 5319 est,
1649 5253 1712 5303 ut
1755 5251 1827 5305 ad

195 5359 529 5414 compagem
561 5344 815 5414 corporis
845 5345 932 5398 sui
959 5345 1178 5416 reliqua
1204 5361 1332 5416 quae
1370 5343 1556 5397 adhuc
1597 5343 1823 5412 desunt,

196 5436 472 5503 membra,
507 5435 793 5507 festinent,
827 5442 881 5492 et
912 5454 945 5491 a
972 5437 1292 5508 potioribus
1332 5437 1560 5491 minora
1586 5452 1703 5490 non
1737 5436 1824 5490 di-

196 5531 474 5601 screpant.
510 5530 592 5584 Ad
623 5530 775 5600 quod
807 5547 899 5585 me
927 5547 1053 5585 cum
1111 5531 1338 5586 dilectio
1366 5535 1465 5584 tua
1493 5528 1826 5583 Christianae

194 5623 378 5678 studio
407 5623 703 5679 charitatis
730 5624 1016 5694 hortatur,
1042 5623 1209 5678 debet
1237 5624 1387 5694 quod
1414 5623 1614 5678 invitat
1643 5621 1824 5693 sequi,

195 5718 248 5770 et
272 5717 425 5787 quod
457 5717 766 5772 amandum
798 5718 995 5773 suadet
1037 5716 1326 5788 amplecti.
1371 5716 1628 5772 Similem
1670 5714 1826 5769 enim

189 5808 308 5879 jam
330 5810 465 5864 ﬁdei
492 5827 688 5865 curam
720 5817 985 5883 gerentes
1008 5827 1113 5884 per
1137 5809 1464 5882 religiosam
1495 5807 1825 5881 patientiam

197 5918 294 5971 par
312 5904 480 5959 etiam
502 5906 801 5976 praemium
827 5905 896 5960 de
913 5906 1049 5961 boni
1073 5904 1262 5976 operis
1284 5920 1579 5976 speramus
1599 5902 1818 5958 affectu.

1929 4677 2323 4733 hereticorum
2368 4676 2706 4747 contagione
2750 4675 3145 4746 perdurantes,
3179 4680 3276 4728 aut
3317 4690 3410 4728 eos
3457 4673 3555 4744 qui

1926 4770 2308 4827 innocentiam
2335 4770 2627 4838 simulant,
2656 4774 2710 4825 et
2735 4785 2866 4823 cum
2891 4768 3098 4823 nostris
3123 4769 3244 4823 sola
3267 4784 3399 4822 voce
3421 4784 3553 4821 con-

1927 4865 2194 4932 sentiunt,
2229 4863 2298 4918 ab
2339 4864 2430 4918 his
2455 4862 2662 4935 quibus
2688 4879 2790 4934 pro
2819 4862 3074 4917 Ecclesiae
3111 4861 3557 4933 reintegratione

1929 4959 2238 5016 consulitur
2288 4963 2343 5012 et
2397 4957 2744 5028 providetur,
2800 4957 3185 5012 excludantur.
3245 4957 3352 5010 Nec
3401 4953 3555 5009 enim

1929 5052 2318 5126 expeditcirca
2330 5068 2428 5106 eos
2443 5050 2885 5106 ecclesiasticam
2904 5056 3223 5122 temperare
3235 5065 3531 5104 censuram
3544 5091 3556 5103 .

1929 5152 2048 5206 Non
2078 5148 2232 5204 enim
2274 5150 2442 5203 erunt
2458 5146 2583 5217 jam
2609 5144 3007 5200 miserationes
3032 5145 3197 5198 bonae
3227 5161 3329 5215 pro
3358 5159 3559 5198 eorum

1927 5244 2132 5316 quibus
2164 5240 2381 5297 consuli
2409 5242 2636 5311 oportet
2675 5238 3008 5292 necessitate
3047 5237 3282 5306 collatae,
3307 5242 3362 5292 et
3392 5237 3435 5291 si
3469 5239 3552 5291 in-

1928 5338 2168 5392 discrete
2193 5335 2408 5390 fuerint
2447 5332 2611 5388 bonis
2639 5331 2919 5401 malisque
2949 5346 3304 5385 communes.
3335 5332 3403 5384 Et
3428 5331 3560 5402 quia

1927 5429 2574 5501 Hierosolymitanorum
2617 5423 2933 5480 faciendam
2982 5423 3223 5478 credidit
3265 5423 3324 5477 in
3359 5423 3560 5476 litteris

1925 5529 2027 5578 tua
2054 5524 2282 5578 dilectio
2303 5521 2680 5588 mentionem,
2710 5532 2953 5589 quorum
2982 5516 3151 5571 etiam
3171 5516 3241 5570 ad
3272 5532 3374 5569 nos
3401 5531 3557 5587 quaa-

1928 5617 2060 5671 dam
2087 5616 2276 5670 delata
2301 5613 2580 5687 professio
2609 5615 2713 5680 cst,
2738 5609 3137 5692 necessarium.
3159 5608 3408 5662 diximus
3436 5624 3554 5662 res-

1927 5709 2180 5781 pondere
2209 5725 2337 5780 qua:
2369 5725 2623 5779 congrua
2653 5711 2803 5773 sunt,
2833 5704 2920 5759 his
2947 5703 3038 5776 qui
3087 5706 3418 5756 sanctorum
3447 5703 3555 5755 Pa-

1926 5808 2080 5858 trum
2106 5801 2414 5856 constituta
2435 5801 2783 5856 custodiunt.
2816 5800 2873 5855 Si
2902 5799 2997 5853 illa
3025 5795 3158 5852 fidei
3183 5795 3558 5851 fundamenta

1929 5899 2286 5960 venerantur,
2308 5895 2378 5948 ab
2407 5894 2495 5950 his
2513 5911 2741 5966 quoque
2763 5893 2858 5965 qui
2886 5910 2990 5966 per
3017 5909 3112 5948 eos
3132 5889 3340 5964 Spiritu
3364 5895 3556 5946 sancto
