4040 6322
459 366 588 419 1047

1352 370 1628 424 AI’PEND.
1673 371 1758 424 AD
1795 373 1953 425 SJK}.
1995 371 2077 422 IX.
2113 399 2176 405 υ
2219 367 2452 423 lSlDORl
2489 366 2910 422 MERCATOBIS

3677 368 3816 420 10-58

442 477 822 543 componente
867 473 1098 528 deﬁnita
1144 479 1294 542 sunt,
1336 491 1455 531 non
1493 481 1918 533 removeantur.
1967 480 2078 532 Aut
2099 488 2156 561 Α
2180 480 2236 530 et
2263 475 2662 546 coepiscopum
2697 475 2958 528 nostrum
2985 473 3370 528 venerabilem
3407 474 3592 528 virum
3632 475 3815 528 Joan-

445 565 602 619 enim
629 565 880 636 perfecta
905 571 1055 632 sunt,
1087 571 1143 622 et
1166 568 1479 639 adjectione
1505 587 1625 626 non
1652 571 1950 644 indigent:
1979 577 2079 628 aut

444 658 593 714 bene
633 659 839 725 valida,
867 662 924 714 et
963 659 1090 715 ideo
1135 677 1249 716 non
1281 664 1576 731 mutanda,
1609 665 1835 737 quando
1881 683 1986 738 per
2012 683 2078 720 ea

446 751 640 806 omnia
681 752 1081 808 haereticorum
1124 771 1345 811 venena
1391 773 1715 830 compressa
1758 763 1920 826 sunt;
1942 751 2078 845 [nec

446 844 760 916 quidquam
785 846 1255 904 Chalcedonensis
1277 851 1528 922 synodus
1553 852 1712 924 quod
1732 853 1872 909 utile
1893 844 2076 926 quali-

447 936 544 991 bet
559 937 859 1009 diligentia
868 942 1144 1010 potuisset
1157 943 1470 999 exercitare
1486 962 1602 1017 prae
1610 945 1780 1014 teriit,
1797 963 1924 1018 quae
1937 963 2081 1019 prae-

446 1030 773 1087 cedentium
795 1049 1021 1106 quoque
1039 1036 1331 1107 dogmata,
1355 1039 1445 1093 vel
1469 1039 1676 1094 clarius
1695 1041 2082 1096 manifestavit

447 1125 534 1178 vel
563 1126 805 1197 repetita
845 1129 1180 1185 auctoritate
1223 1131 1473 1187 ﬁrmavit
1516 1133 1757 1204 speciale
1788 1135 2080 1206 quoddam

448 1218 719 1274 adversus
758 1222 1105 1290 Nestorium,
1139 1229 1197 1280 et
1238 1226 1538 1282 Eutichem
1587 1244 1856 1298 aggressa
1900 1231 2076 1284 certa-

448 1327 600 1378 men,
625 1317 680 1368 et
713 1315 959 1370 alterum
983 1317 1250 1373 deitatem
1274 1320 1499 1375 Domini
1527 1322 1703 1376 nostri
1725 1324 1851 1377 Jesu
1875 1323 2080 1378 Christi

447 1422 480 1460 a
507 1422 676 1461 carne
707 1414 1050 1480 separatam,
1081 1414 1139 1466 et
1162 1411 1290 1467 ideo
1319 1417 1574 1470 sanctam
1604 1415 1834 1471 Mariam
1858 1417 1959 1472 Dei
1980 1433 2080 1488 ge-

448 1499 715 1554 nitricem
764 1503 1138 1574 pronuntiare
1177 1505 1470 1576 vitantem,
1499 1508 1740 1564 alterum
1783 1510 2080 1565 veritatem

449 1593 632 1647 carnis
660 1593 720 1648 in
747 1596 992 1652 Domino
1020 1602 1384 1656 renuentem.
1411 1601 1648 1664 Quando
1677 1603 1952 1658 Dominus
1977 1621 2077 1658 no-

451 1688 566 1739 ster
591 1688 750 1742 Jesus
775 1689 1032 1745 Christus
1061 1691 1214 1746 idem
1255 1692 1425 1747 Filius
1468 1694 1587 1764 Dei,
1619 1695 1769 1750 idem
1805 1697 1952 1751 ﬁlius
1977 1698 2077 1752 ho-

451 1779 643 1846 minis,
677 1797 791 1835 una
821 1781 882 1836 in
907 1783 1124 1838 duabus
1154 1786 1372 1841 naturis
1400 1803 1648 1858 persona
1677 1788 2006 1858 divinitatis,
2029 1795 2083 1846 et

2177 585 2330 639 nem,
2355 569 2456 623 sed
2474 573 2532 622 et
2553 567 2700 622 ﬁlios
2721 570 2941 622 nostros
2968 566 3310 634 Heracliam,
3326 567 3577 622 Probum
3599 572 3658 623 et
3675 569 3822 622 Con-

2178 663 2497 718 stantinum
2517 661 2780 716 diacones
2805 660 3178 715 ecclesiastico
3205 661 3422 716 honore
3445 661 3820 732 dignissimos

2177 756 2250 810 ad
2264 772 2487 810 causam
2507 754 2854 826 pertinentia
2870 754 3224 826 rescripsisse
3249 754 3520 821 contenti,
3539 754 3820 827 gratulati

2179 866 2377 906 sumus
2397 849 2457 904 in
2476 849 2596 904 viro
2630 847 2846 902 ordinis
2876 847 3076 915 nostri,
3101 852 3157 902 et
3187 848 3480 917 meritum,
3508 853 3564 903 et
3588 847 3822 919 religio-

2177 960 2302 999 sum
2319 960 2420 997 nos
2434 942 2711 998 invenisse
2728 941 3090 1013 propositum
3110 946 3166 996 et
3186 958 3318 996 cum
3334 941 3631 1013 legationis
3651 958 3821 997 man-

2180 1037 2310 1092 dato
2336 1037 2636 1109 sapientia,
2671 1039 2730 1090 et
2758 1035 3016 1090 moribus
3047 1051 3367 1106 congruens
3395 1037 3576 1090 votiva
3607 1052 3819 1091 eorum

2181 1147 2269 1186 res
2296 1136 2353 1186 et
2378 1131 2548 1202 plena
2575 1128 2766 1201 gaudii
2797 1134 2883 1186 est
2909 1134 2970 1184 ut
2999 1134 3133 1184 sunt
3156 1129 3322 1200 juxta
3370 1129 3818 1184 aestimationem

2178 1224 2520 1296 probabiles,
2550 1226 2607 1279 et
2631 1240 2775 1295 quos
2805 1222 2987 1278 sancti
3017 1222 3436 1280 communionis
3471 1222 3639 1279 ofﬁcii
3673 1239 3816 1278 con-

2180 1318 2377 1390 tigerit
2402 1334 2524 1373 esse
2552 1321 2861 1373 consortes.

2181 1428 2309 1480 Item
2350 1424 2649 1480 Hormisdz
2686 1425 2762 1478 ad
2796 1425 3093 1480 Salustium
3127 1423 3341 1493 Hispal.
3367 1426 3527 1494 episc.
3559 1424 3624 1478 de
3669 1439 3814 1478 com-

2243 1498 2409 1550 missa
2436 1499 2547 1550 vice
2572 1511 2672 1566 per
2700 1497 2955 1552 Baeticam
2979 1499 3029 1549 et
3056 1496 3396 1550 Lusitaniam
3414 1497 3750 1565 provincias.

2253 1597 2595 1654 Charissimo
2618 1597 2781 1651 fratri
2809 1596 3053 1653 Salustio
3094 1597 3410 1653 Hormisda.
3435 1597 3822 1668 Suscipientes

2183 1692 2350 1762 plena
2375 1689 2743 1746 fraternitatis
2772 1693 2888 1744 tuas
2913 1690 3102 1745 votiva
3130 1689 3510 1760 gratulatione
3531 1690 3825 1761 colloquia

2182 1802 2309 1857 quae
2336 1801 2441 1839 nos
2471 1784 2716 1856 geminae
2757 1783 2951 1838 salutis
2989 1786 3102 1838 tute
3128 1783 3558 1839 laetiﬁcaverunt
3584 1783 3820 1852 indicio,

451 1872 634 1926 carnis
673 1890 780 1928 nec
820 1877 1035 1930 naturis
1084 1878 1156 1932 ad
1203 1880 1482 1935 unitatem
1529 1881 1800 1951 confusiS,
1835 1899 1907 1938 ne
1937 1861 2160 1940 velutB
2184 1877 2465 1949 siquidem
2498 1879 2813 1932 retulerunt
2855 1879 2911 1931 te
2953 1877 3234 1946 corporali
3272 1893 3402 1931 cum
3432 1875 3827 1948 spiritualibus

406 1951 650 2064 'quarta
692 1983 939 2038 persona
979 1971 1174 2026 addita
1218 1973 1499 2041 Trinitati,
1538 1994 1564 2025 «
1608 1975 1705 2030 sed
1753 1977 1871 2046 ipse
1916 1977 2085 2032 Filius

454 2059 551 2112 Dei
583 2059 887 2116 exinanivit
927 2065 1294 2135 semetipsum
1341 2067 1581 2122 formam
1624 2069 1769 2123 servi
1803 2070 2086 2140 accipiens

452 2152 708 2224 (Philipp.
740 2171 799 2224 ιι,
834 2157 916 2223 7);
950 2178 976 2204 ››
1008 2161 1242 2229 propter
1270 2161 1424 2231 quod
1467 2167 1523 2214 et
1555 2179 1726 2216 unam
1761 2180 1863 2217 nec
1891 2163 2084 2218 divisi-

451 2245 626 2301 bilem
654 2248 994 2318 proﬁtemur
1023 2253 1329 2307 essentiam
1359 2254 1662 2322 Trinitatis,
1687 2261 1741 2310 et
1764 2257 2082 2328 proprieta-

451 2344 568 2394 tem
586 2346 778 2395 tamen
798 2360 956 2398 suam
980 2344 1187 2399 scimus
1209 2346 1393 2401 inesse
1415 2349 1669 2418 personis
1693 2367 1705 2404 :
1731 2367 1909 2405 unam
1930 2351 2085 2406 enim

453 2434 630 2488 Patris
648 2437 989 2505 proﬁtemur
1006 2454 1126 2493 esse
1144 2455 1464 2510 personam,
1483 2458 1653 2497 unam
1676 2443 1802 2498 Filii
1827 2443 1925 2498 Dei
1950 2461 2084 2499 eum

451 2533 738 2600 assumpta
779 2547 970 2599 carne,
1001 2549 1172 2586 unam
1223 2533 1460 2605 Spiritus
1487 2537 1689 2603 sancti,
1719 2540 1775 2591 et
1817 2554 2086 2608 personas

453 2622 892 2694 proprietatibus
923 2625 1303 2697 designantes,
1328 2631 1386 2682 et
1411 2644 1514 2700 per
1539 2629 1812 2685 unitatem
1833 2632 2086 2688 essentia;

453 2713 834 2787 inseparabile
850 2718 1140 2775 Trinitatis
1157 2721 1497 2792 mysterium
1514 2723 1878 2793 conﬁtentes;
1899 2742 2085 2797 neque

455 2809 608 2862 enim
635 2811 848 2881 ambigi
868 2817 1052 2884 potest
1073 2814 1309 2869 verbum
1327 2815 1428 2870 Dei
1448 2815 1601 2871 inter
1619 2817 1855 2886 virginis
1874 2818 2086 2874 viscera

459 2919 564 2972 per
588 2919 819 2958 carnem
845 2905 1161 2962 humanam
1182 2909 1549 2980 assumpsisse
1572 2913 1863 2981 naturam,
1887 2929 1991 2967 nec
2013 2912 2084 2967 ab

453 2994 754 3050 obstetrice
766 2996 981 3052 factum
996 2999 1149 3054 intra
1162 3001 1388 3056 vulvam
1411 3005 1748 3058 naturarum
1766 3003 2086 3060 munitione

453 3087 717 3143 divisum.
749 3090 888 3145 Nam
917 3092 1064 3147 sicut
1103 3110 1220 3148 non
1269 3099 1352 3150 est
1388 3094 1446 3150 in
1491 3111 1559 3150 eo
1591 3096 1920 3153 humanitas
1961 3097 2085 3153 sine

454 3181 566 3236 Deo
597 3181 767 3250 edita,
795 3183 873 3239 sic
901 3185 962 3240 in
993 3202 1221 3242 crucem
1249 3204 1364 3243 non
1395 3192 1480 3244 est
1507 3189 1870 3261 impassibilis
1891 3191 2086 3246 divini-

458 3277 542 3329 tas
566 3291 598 3329 a
627 3277 814 3332 carnis
842 3279 1099 3350 passione
1125 3280 1319 3348 divisa,
1345 3283 1498 3354 quod
1524 3282 1764 3356 virginis
1790 3289 2006 3356 partus,
2030 3290 2086 3341 et

453 3369 793 3426 intemerata
838 3371 1174 3443 fecunditas,
1205 3381 1262 3430 et
1305 3375 1613 3448 singularis
1650 3394 1683 3430 a
1725 3379 1965 3434 mortuis
1991 3396 2082 3434 re-

451 3465 748 3532 surrectio,
794 3470 852 3520 et
899 3468 969 3522 ad
1019 3469 1189 3524 caelos
1241 3469 1492 3524 declarat
1540 3471 1814 3528 ascensio.
1867 3475 1996 3527 llaec
2039 3473 2083 3528 si

452 3559 937 3628 quemadmodum
964 3579 998 3616 a
1036 3563 1294 3617 Patribus
1338 3564 1647 3620 constituta
1685 3570 1838 3636 sunt,
1865 3571 2085 3621 servata

454 3652 702 3720 credant,
727 3669 830 3708 nec
860 3655 1092 3710 deﬁnita
1116 3658 1524 3712 transcendant
1551 3675 1584 3712 a
1611 3675 1722 3730 quo
1743 3660 1971 3715 tramite
1989 3661 2084 3731 qui

453 3745 736 3801 declinant
760 3747 868 3818 ipsi
909 3747 1011 3802 sibi
1044 3749 1314 3805 nebulam
1343 3751 1717 3807 dubitationis
1744 3753 2080 3809 obtendunt.

455 3839 559 3892 Nos
590 3844 784 3894 autem
803 3841 945 3896 illud
972 3843 1350 3914 apostolicum
1377 3847 1828 3917 contemplantes
1858 3851 2086 3901 conten-

457 3932 607 3986 liosis
634 3934 982 4003 respondere
1013 3952 1131 3989 non
1162 3952 1388 3992 necesse
1418 3941 1533 4004 est;
1563 3943 1619 3993 et
1647 3956 1748 3994 nos
1779 3940 1926 3994 hanc
1955 3956 2086 3994 con-

456 4025 815 4080 suetudinem
844 4043 958 4080 non
988 4029 1283 4097 habemus,
1311 4035 1368 4084 et
1400 4047 1502 4084 nec
1534 4033 1776 4087 Ecclesia
1808 4033 1924 4088 Dei.
1957 4034 2085 4087 Haec

455 4118 580 4172 ideo
605 4118 852 4174 breviter
879 4120 1127 4190 deﬁnivi,
1163 4123 1296 4192 quia
1321 4139 1427 4177 nec
1457 4125 1670 4196 ambigi
1712 4125 1975 4180 convenit
2013 4127 2084 4181 de

455 4211 644 4281 rebus,
677 4213 756 4267 ita
782 4230 887 4284 per
923 4215 1093 4270 ﬁdem
1122 4216 1370 4272 deﬁnitis
1398 4217 1621 4290 saepius,
1647 4222 1705 4273 et
1730 4236 1873 4290 pene
1894 4237 2087 4292 super-

453 4322 624 4361 vacua
667 4310 749 4361 est
778 4308 1040 4380 allegatio
1093 4327 1220 4381 quae
1267 4311 1570 4368 adhibetur
1613 4313 1919 4384 instructis,
1955 4331 2084 4369 cum

453 4417 624 4471 super
649 4401 773 4456 haec
801 4402 872 4456 ad
891 4403 1396 4460 clementissimum
1427 4407 1746 4480 principem
1774 4425 1888 4463 non
1909 4425 2084 4480 parva

445 4494 570 4562 jam
599 4495 1124 4566 perstrinxerimus.
1157 4500 1227 4554 Ut
1267 4499 1402 4570 quia
1431 4499 1501 4556 de
1545 4502 2080 4574 Hierosolymitano-

2105 3227 2159 3302 C

2183 1971 2383 2026 ofﬁciis
2409 1971 2796 2026 incolumitate
2827 1970 3155 2039 subnixum,
3183 1987 3504 2042 congruum
3533 1985 3654 2025 esse
3683 1987 3824 2041 per~

2185 2064 2475 2136 speximus
2513 2066 2659 2118 hanc
2685 2065 2866 2136 ipsam
2908 2081 3081 2135 quam
3120 2069 3312 2120 mente
3356 2064 3604 2136 gerimus
3630 2064 3827 2119 verbis

2185 2158 2457 2229 expedire
2500 2158 2776 2213 laetitiam.
2822 2157 3059 2213 Edidisti
3105 2158 3260 2212 enim
3301 2157 3438 2212 boni
3480 2158 3828 2213 documenta

2183 2252 2464 2324 pontiﬁcis
2497 2252 2634 2306 dum
2683 2256 2740 2306 et
2777 2251 3144 2323 praedicanda
3183 2251 3340 2321 facis,
3373 2255 3429 2306 et
3467 2268 3533 2305 ea
3578 2251 3826 2306 suadere

2186 2362 2299 2400 non
2328 2346 2535 2400 differs.
2570 2345 3008 2416 Praerogativam
3039 2345 3106 2399 de
3132 2345 3311 2399 nostri
3339 2345 3682 2416 sumpsimus
3707 2347 3826 2400 ele-

2185 2440 2370 2495 ctione
2393 2439 2615 2510 judicii,
2643 2439 2873 2510 quando
2900 2438 2956 2493 id
2989 2442 3044 2492 te
3075 2443 3279 2509 sponte
3309 2439 3579 2509 amplecti
3615 2439 3822 2494 didici-

2185 2549 2312 2588 mus
2333 2533 2483 2604 quod
2515 2532 2734 2587 caeteris
2765 2531 3131 2604 imperamus.
3163 2533 3401 2587 Oramus
3429 2532 3706 2604 siquidem
3737 2533 3826 2587 di-

2184 2628 2375 2682 vinam
2396 2627 2757 2682 clementiam
2780 2631 3014 2681 cunctos
3033 2642 3363 2696 agnoscere,
3384 2629 3442 2680 et
3461 2626 3585 2680 haec
3606 2626 3677 2680 ad
3697 2630 3821 2682 stu-

2187 2720 2282 2776 dia
2324 2721 2708 2776 ecclesiasticae
2754 2720 2908 2791 pacis
2950 2720 3334 2774 instrumenta
3372 2719 3822 2777 transmisimus.

2183 2817 2263 2871 Tu
2290 2818 2418 2870 vota
2455 2817 2670 2881 nostra,
2703 2818 2760 2868 et
2797 2812 2949 2868 ﬁdeli
2991 2813 3370 2884 intelligentia
3407 2813 3734 2884 percepisti,
3764 2819 3826 2869 et

2185 2908 2357 2964 ofﬁcii
2378 2907 2636 2980 protinus
2652 2907 2953 2962 devotione
2973 2906 3288 2978 complesti,
3309 2907 3524 2962 cunctis
3544 2907 3827 2962 fratribus

2186 3003 2566 3068 innotescens,
2590 3017 2719 3073 qua
2737 3016 2844 3072 per
2864 3000 3150 3055 caelestem
3183 3000 3429 3072 gratiam
3455 3000 3672 3056 cunctis
3692 3018 3830 3072 pro-

2188 3098 2381 3151 futura
2409 3073 3251 3166 cognoveras.iSuﬁ‘ragantibus
3279 3093 3454 3166 igitur
3477 3094 3579 3149 tibi
3600 3097 3685 3151 tot
3706 3112 3825 3151 me-

2185 3189 2306 3244 ritis
2333 3188 2443 3259 piae
2470 3186 2870 3242 sollicitudinis
2900 3191 2957 3242 et
2983 3187 3216 3257 laboris,
3243 3193 3393 3242 certe
3421 3187 3545 3259 jam
3574 3187 3827 3244 delectat

2185 3283 2512 3354 injungere,
2544 3298 2672 3352 qum
2701 3281 2772 3336 ad
2802 3281 2983 3335 nostri
3010 3296 3205 3334 curam
3243 3285 3462 3336 constat
3485 3280 3657 3335 ofﬁcii
3688 3298 3823 3352 per-

2189 3376 2387 3445 tinere,
2418 3381 2484 3430 ut
2525 3374 2828 3448 provinciis
2853 3377 3016 3429 tanta
3053 3373 3466 3446 longinquitate
3499 3374 3822 3446 disjunctis,

2185 3475 2240 3526 et
2283 3473 2533 3524 nostram
2581 3468 2760 3540 possis
2808 3467 3076 3522 exhibere
3126 3483 3447 3538 personam;
3486 3472 3542 3522 et
3588 3470 3821 3524 Patrum

2185 3563 2398 3634 regulis
2449 3562 2720 3618 adhibere
2765 3561 3106 3617 custodiam.
3153 3561 3312 3617 Vices
3360 3563 3547 3634 itaque
3598 3567 3824 3618 nostras

2187 3675 2287 3728 per
2311 3657 2575 3712 Baeticam
2602 3655 3064 3727 Lusitaniamque
3090 3655 3412 3727 provincias
3447 3655 3609 3710 salvis
3645 3657 3822 3727 privi-

2183 3751 2346 3822 legiis
2368 3767 2494 3822 quae
2516 3749 2969 3820 metropolitanis
2996 3748 3280 3820 episcopis
3304 3749 3550 3804 decrevit
3575 3749 3828 3822 antiqui-

2183 3844 2560 3916 tas,praesenti
2577 3843 2908 3898 auctoritate
2926 3842 3359 3911 committimus,
3373 3848 3645 3914 augentes
3661 3847 3822 3899 tuam

2185 3938 2354 4009 hujus
2379 3936 2814 4008 participatione
2842 3936 3141 3992 ministerii
3173 3935 3535 4008 dignitatem,
3570 3937 3826 3993 relevan-

2185 4037 2272 4086 tes
2287 4034 2506 4085 nostras
2525 4031 2780 4100 ejusdem
2800 4030 3056 4085 remedio
3077 4030 3520 4102 dispensationis
3537 4031 3821 4086 excubias.

2186 4128 2252 4181 Et
2277 4124 2408 4178 licet
2438 4124 2507 4179 de
2549 4123 2789 4194 singulis
2816 4141 2933 4178 non
2969 4124 3225 4196 indigeas
3255 4124 3476 4180 edoceri
3505 4141 3680 4196 quem
3701 4125 3823 4196 jam

2184 4217 2547 4290 probavimus
2575 4218 2794 4272 cautius
2825 4217 3090 4272 universa
3116 4233 3358 4285 servare,
3383 4217 3598 4289 gratius
3625 4221 3820 4273 tamen

2184 4329 2306 4367 esse
2331 4313 2492 4380 solet,
2513 4311 2557 4366 si
2584 4312 2795 4367 iterum
2825 4316 3037 4365 trames
3065 4312 3417 4378 ostendatur,
3439 4314 3496 4365 et
3517 4312 3824 4366 laborisin-

2177 4407 2396 4477 junctio
2418 4405 2678 4477 superius
2700 4407 2944 4460 formata
2969 4408 3341 4460 monstretur.
3361 4407 3627 4459 Paternas
3647 4405 3824 4477 igitur

2184 4501 2406 4572 regulas
2437 4503 2494 4554 et
2520 4500 2745 4554 decreta
2760 4517 2791 4552 a
2809 4499 3016 4570 sanctis
3037 4498 3274 4553 deﬁnita
3294 4498 3541 4553 conciliis
3554 4498 3623 4553 ab
3641 4500 3823 4554 omni-

455 4604 580 4642 rum
602 4589 945 4660 professione
968 4591 1386 4663 respondimus.
1411 4595 1521 4649 Hoc
1538 4611 1768 4666 quoque
1790 4595 2086 4650 aestimavi-
2103 4605 2164 4676 D
2185 4595 2291 4648 bus
2317 4593 2598 4648 servanda
2627 4577 3012 4662 mandamus]
3036 4593 3095 4645 In
3137 4592 3224 4646 his
3258 4591 3606 4662 vigilantiam
3640 4596 3821 4661 tuam,

455 4698 579 4736 mus
599 4683 795 4738 salutis
813 4700 1010 4749 eorum
1039 4703 1207 4741 causa
1237 4691 1631 4758 competenter
1658 4689 2004 4757 addendum,
2025 4693 2090 4744 ut

458 4775 504 4829 si
520 4777 938 4833 communionis
957 4780 1280 4850 apostolicae
1299 4797 1357 4834 se
1373 4780 1638 4835 dederint
1657 4781 1876 4849 unitati,
1893 4787 1949 4837 et
1961 4799 2090 4853 pro-

454 4868 757 4925 fessionem
780 4888 940 4926 suam
963 4872 1173 4944 scripto
1189 4871 1372 4944 261
1401 4873 1670 4941 indicent,
1694 4890 1862 4944 quam
1884 4875 2090 4945 legetis

456 4963 654 5017 vestris
681 4965 833 5035 apud
867 4965 1422 5037 Constantinopolim
1460 4966 1659 5037 positis
1699 4966 1960 5036 offerant,
1993 4973 2093 5024 aut

457 5071 555 5126 per
576 5072 708 5111 suos
737 5057 808 5111 ad
835 5074 941 5111 nos
966 5058 1240 5130 dirigant,
1263 5063 1360 5113 aut
1383 5059 1728 5114 fraternitati
1747 5063 1948 5115 vestrae
1969 5065 2086 5116 tra-

451 5149 608 5214 dant,
639 5150 840 5204 eodem
879 5153 1071 5205 tamen
1116 5151 1260 5206 sicut
1305 5151 1573 5220 diximus,
1603 5156 1803 5208 tenore
1841 5155 2087 5210 conscri-

455 5245 630 5312 ptam,
650 5259 780 5313 quae
803 5243 873 5296 ad
895 5261 998 5298 nos
1016 5245 1202 5300 modis
1231 5246 1497 5300 omnibus
1523 5247 1625 5301 sub
1655 5250 1848 5302 nostra
1871 5249 2090 5304 ordina-

457 5336 613 5390 tione
642 5332 980 5398 deferatur.\
997 5339 1075 5394 De
1106 5339 1703 5396 Thessalonicensibus
1733 5358 1978 5413 quorum
2019 5343 2091 5397 ad

452 5446 555 5485 nos
598 5429 771 5500 legati
803 5446 904 5501 per
927 5433 1356 5488 clementissimi
1383 5437 1438 5488 et
1468 5435 1782 5490 ﬁdelissimi
1820 5435 2092 5510 principis

454 5524 556 5580 ﬁlii
583 5524 764 5579 nostri
796 5525 1211 5582 ordinationem
1239 5531 1544 5596 venerunt,
1576 5546 1646 5584 ne
1671 5529 1807 5602 quid
1834 5531 2091 5586 omisisse

453 5619 774 5689 credemur,
807 5636 970 5676 nosse
1007 5638 1104 5676 vos
1147 5622 1404 5678 volumus
1444 5625 1756 5679 secundum
1791 5625 1899 5679 hoc
1938 5625 2092 5697 quod

456 5713 695 5768 Domino
754 5707 946 5770 nostro
999 5717 1132 5771 Jesu
1182 5717 1402 5772 Christo
1454 5718 1766 5789 inspirante
1815 5719 2093 5790 placuerit

460 5823 692 5860 omnem
721 5824 949 5864 causam
999 5813 1193 5865 nostra
1219 5810 1586 5881 dispositione
1621 5812 2003 5879 tractandam,
2037 5816 2096 5866 et

459 5898 600 5951 sicut
633 5906 848 5968 oportet
881 5904 1099 5975 impleri
1135 5904 1536 5973 ordinandam,
1569 5905 1690 5960 hinc
1729 5921 1831 5977 per
1854 5905 2092 5960 fratrem

2187 4687 2246 4741 in
2273 4687 2359 4740 his
2401 4703 2595 4741 curam
2625 4687 2889 4741 fraternae
2925 4685 3148 4740 monitu
3193 4685 3600 4740 exhortationis
3630 4691 3823 4741 exten-

2189 4780 2394 4836 dimus.
2419 4781 2515 4835 His
2543 4797 2610 4835 ea
2631 4796 2746 4852 qua
2766 4779 3006 4850 dignum
3036 4783 3122 4834 est
3150 4779 3472 4834 reverentia
3503 4779 3820 4848 custoditis,

2185 4875 2409 4928 nullum
2427 4873 2699 4945 relinquit
2714 4873 2896 4943 culpa:
2913 4873 3120 4939 locum,
3137 4889 3242 4927 nec
3257 4877 3463 4927 sancta:
3481 4873 3824 4928 observatio-

2190 4968 2276 5023 nis
2305 4968 2676 5022 obstaculum.
2694 4966 2773 5020 Ibi
2793 4966 2876 5020 fas
2895 4967 3168 5038 nefasque
3197 4966 3597 5038 praascriptum
3624 4971 3731 5034 est,
3747 4966 3823 5022 ibi

2192 5059 2544 5134 prohibitum
2559 5061 2629 5116 ad
2643 5059 2796 5132 quod
2810 5059 3000 5114 nullus
3014 5060 3220 5114 audeat
3229 5059 3496 5131 aspirare,
3512 5059 3592 5114 ibi
3604 5076 3830 5115 conces-

2190 5173 2314 5210 sum
2327 5153 2460 5227 quid
2484 5154 2689 5209 debeat
2711 5169 2870 5208 mens
2888 5155 2999 5208 Deo
3019 5153 3294 5224 placitura
3305 5155 3827 5225 praesumere.Quo-

2191 5249 2298 5303 ties
2321 5247 2649 5303 universalis
2661 5246 2843 5319 poscit
2859 5246 3158 5318 religionis
3174 5264 3340 5301 causa
3354 5247 3428 5302 ad
3441 5246 3748 5302 concilium
3767 5253 3824 5302 te

2193 5342 2379 5398 cuncti
2404 5343 2608 5397 fratres
2633 5345 2896 5396 evocante
2927 5341 3289 5409 conveniant,
3311 5345 3368 5396 et
3386 5340 3432 5394 si
3461 5357 3602 5412 quos
3627 5357 3826 5396 eorum

2192 5436 2458 5508 spiritalis
2471 5435 2690 5508 negotii
2704 5435 2892 5507 pulsat
2904 5435 3168 5504 intentio,
3179 5434 3376 5506 jurgia
3394 5434 3543 5489 inter
3557 5450 3656 5489 eos
3668 5435 3824 5490 obor-

2191 5537 2249 5586 ta
2284 5546 2604 5600 compesce,
2644 5528 2892 5583 discussa
2930 5529 3104 5583 sacris
3138 5528 3356 5599 legibus
3387 5528 3824 5584 determinando

2191 5623 2526 5679 certamina.
2548 5621 2833 5693 Quidquid
2849 5625 3042 5677 autem
3061 5621 3142 5676 illi
3158 5639 3263 5694 pro
3275 5621 3384 5676 ﬁde
3396 5622 3684 5677 veteribus
3699 5623 3827 5677 con-

2194 5717 2401 5772 stitutis
2415 5717 2502 5770 vel
2514 5715 3136 5787 providadispositione
3149 5715 3557 5787 praecipies,vel
3567 5731 3828 5788 personat

2196 5810 2528 5866 auctoritate
2552 5813 2762 5865 nostra:
2789 5810 3080 5877 formabis,
3099 5814 3282 5865 totum
3303 5810 3375 5864 ad
3399 5809 3699 5865 scientiam
3733 5827 3828 5866 no-

2197 5908 2369 5959 stram
2381 5904 2669 5959 instructae.
2683 5903 2973 5959 relationis
2983 5904 3339 5960 attestatione
3355 5903 3753 5976 perveniat.Eo
3767 5905 3824 5961 ﬁt
