4040 6322
193 333 324 386 1049

1419 329 1887 388 DECRETALIUM
1923 327 2308 386 COLLECTIO.

3410 341 3543 394 1050

190 448 251 498 ut
277 447 476 498 noster
505 442 730 497 animus
755 440 924 497 officii
952 441 1231 498 charitate
1257 443 1395 514 dati,
1428 447 1484 499 et
1508 448 1640 499 tuus
1666 460 1820 499 secu-
1838 454 1898 527 Α
1918 442 2075 496 omni
2119 440 2440 498 intentione
2483 441 2892 514 ordinavimus,
2941 446 3008 499 ut
3050 446 3385 502 venerabilis
3441 449 3542 504 Ec-

183 537 348 592 ritate
373 536 698 608 perfruatur
733 536 965 607 accepti.
1010 538 1158 592 Deus
1179 539 1234 593 te
1259 536 1606 594 incolumem
1637 542 1818 594 custo-

189 630 329 700 diat,
358 631 540 686 frater
567 629 915 686 charissima.

223 750 561 818 Rescriptum
603 749 906 804 Hor-misda
942 764 1103 819 papa
1150 749 1224 803 ad
1264 750 1534 820 episcopos
1577 751 1786 806 Baetica

474 822 768 890 provincia
793 821 858 874 de
891 821 1355 888 congratulatione
1377 824 1546 890 pacis.

258 912 546 967 Fratribus
613 912 998 967 dilectissimis
1051 912 1328 967 universis
1381 912 1656 984 episcopis
1717 929 1821 984 per

189 1006 458 1061 Baticam
485 1006 834 1078 provinciam
853 1005 1176 1061 constitutis
1196 1007 1477 1062 Honmsm
1501 1007 1818 1078 episcopus.

257 1100 401 1168 Quid
426 1103 544 1154 tam
571 1100 734 1155 dulce
764 1100 1021 1168 sollicito,
1042 1116 1218 1172 quam
1238 1101 1390 1172 quod
1412 1100 1555 1154 mihi
1577 1101 1646 1156 de
1665 1098 1822 1154 vobis

188 1196 553 1249 innotescunt
578 1194 672 1248 illa
688 1211 814 1266 qua
839 1193 1044 1265 cupio?
1072 1194 1214 1258 Quid
1237 1197 1358 1248 tam
1380 1193 1659 1265 religiosis
1680 1209 1818 1248 con-

189 1288 424 1343 veniens
465 1287 735 1343 institutis
779 1305 951 1360 quam
997 1290 1059 1342 ut
1083 1287 1234 1342 inter
1262 1305 1320 1343 se
1350 1288 1679 1343 sacerdotes
1717 1303 1818 1358 pa-

187 1399 313 1438 cem
360 1399 533 1454 quam
578 1399 672 1437 eos
717 1385 804 1437 est
843 1398 1074 1438 necesse
1100 1381 1226 1436 aliis
1256 1399 1358 1454 pro
1387 1382 1570 1436 ofﬁcio
1595 1398 1817 1436 annun-

190 1477 335 1531 tiare
380 1476 760 1531 conservent?
797 1477 1028 1531 Plenam
1058 1477 1240 1531 fateor
1270 1477 1707 1547 gratulationem
1739 1492 1825 1529 su-

185 1570 339 1642 scepi
384 1569 540 1641 quod
576 1569 762 1625 votiva
800 1568 940 1624 mihi
971 1569 1040 1624 de
1080 1569 1358 1624 charitate
1391 1570 1696 1640 quaeinter
1723 1585 1822 1624 vos

185 1669 289 1732 est,
338 1668 396 1719 et
419 1663 798 1718 Ecclesiarum
826 1680 965 1735 pace
1007 1663 1213 1718 litteris
1253 1663 1578 1730 indicastis;
1617 1666 1821 1734 sponte

190 1757 332 1812 mihi
378 1756 652 1828 quidquid
716 1757 930 1811 hortari
991 1760 1297 1828 poterant,
1353 1757 1632 1828 quidquid
1702 1774 1822 1811 mo-

1918 535 2086 590 clesia
2115 535 2762 606 Constantinopolitana,
2811 553 3034 593 necnon
3077 541 3398 611 complures
3423 543 3545 598 alia

1917 633 2046 684 vota
2088 630 2401 702 suscipiant
2443 635 2647 698 vestra,
2700 647 2815 685 non
2857 632 3042 687 solum
3084 632 3144 688 in
3179 635 3420 704 cateris,
3451 638 3546 692 sed

1917 723 1978 778 in
2009 724 2336 779 auferendis
2365 723 2535 779 etiam
2583 725 2912 780 nominibus
2957 743 3021 781 ex
3067 727 3237 783 sacris
3282 729 3548 800 diptichis

1921 834 2049 888 qua
2081 818 2422 873 removenda
2466 818 2717 874 maxime
2760 820 3105 891 postulastis,
3154 838 3356 877 verum
3401 841 3543 879 non-

1919 911 2094 966 nulla
2164 913 2397 967 fuerunt
2463 912 2636 968 urbes
2660 955 2673 981 ,
2743 917 2797 968 et
2865 913 3128 970 Ecclesia
3196 920 3313 972 tam
3383 919 3546 974 Ponti

1920 1021 2092 1076 quam
2133 1005 2298 1074 Asia,
2347 1021 2410 1060 ac
2455 1006 2747 1078 praecipue
2791 1007 3114 1076 orientales,
3163 1025 3404 1080 quarum
3433 1013 3543 1067 cle-

1919 1098 2022 1153 rici
2074 1099 2159 1153 vel
2210 1099 2407 1170 populi
2461 1098 2725 1154 omnibus
2784 1102 3094 1172 pertentati
3149 1103 3319 1158 minis
3377 1108 3546 1177 atque

1919 1193 2418 1264 persuasionibus,
2461 1196 2654 1248 tamen
2691 1209 3058 1267 nequaquam
3095 1196 3224 1251 ﬂexi
3274 1201 3436 1266 sunt,
3486 1205 3547 1254 ut

1921 1286 2128 1340 tollant
2175 1285 2514 1354 antistitum,
2573 1290 2630 1340 et
2684 1289 2962 1359 repellant
3008 1290 3248 1346 nomina
3296 1309 3546 1363 quorum

1920 1380 2075 1451 apud
2121 1396 2218 1434 eos
2266 1379 2457 1451 opinio
2501 1381 2712 1450 ﬂoruit,
2765 1384 2865 1438 sed
2916 1387 3101 1439 morte
3145 1384 3322 1440 vitam
3351 1387 3544 1443 durio-

1921 1489 2044 1528 rem
2092 1473 2397 1540 astimant,
2453 1474 2500 1527 si
2545 1479 2800 1530 mortuos
2840 1476 3365 1549 condemnaverint,
3409 1498 3547 1551 quo-

1921 1583 2052 1621 rum
2095 1567 2485 1637 gloriabantur
2526 1568 2657 1639 jura
2714 1571 3102 1640 superstitum.
3168 1573 3316 1636 Quid
3373 1573 3548 1645 igitur

1920 1660 2192 1715 faciamus
2239 1661 2567 1730 hujusmodi
2620 1662 2965 1733 pertinacia,
3025 1682 3153 1735 qua
3205 1683 3310 1721 nec
3367 1669 3547 1723 Deum

1921 1753 2157 1809 audiens
2210 1754 2418 1823 existit,
2477 1760 2534 1810 et
2578 1759 2870 1812 tormenta
2911 1757 2971 1812 in
3015 1762 3235 1814 tantum
3291 1760 3546 1832 despicit,

187 1868 326 1906 nere
369 1851 622 1906 delatum
651 1854 754 1906 est.
800 1871 829 1904 ‹‹
856 1851 1166 1908 Confirmet
1206 1851 1312 1905 hoc
1358 1852 1504 1906 Deus
1547 1851 1701 1922 quod
1739 1828 1896 1906 estB
1921 1851 1984 1901 ut
2031 1848 2290 1919 amplum
2346 1847 2452 1902 sibi
2501 1866 2565 1903 ac
2617 1850 2886 1905 festivum
2928 1851 3168 1923 judicet,
3214 1854 3259 1908 si
3310 1828 3546 1927 corpore

186 1949 457 2017 operatus
507 1945 566 1999 in
618 1944 794 2014 vobis,
849 1965 876 1997 »
936 1949 993 2000 et
1043 1961 1172 2017 qua
1225 1944 1496 2016 pracepit
1544 1962 1650 2016 pro
1702 1945 1819 1999 ani-

187 2056 413 2094 marum
463 2039 642 2093 salute
700 2039 976 2106 facienda,
1033 2040 1151 2094 hac
1206 2039 1325 2110 ipse
1375 2055 1502 2110 qua
1555 2039 1824 2110 pracepit

190 2150 292 2203 pro
346 2150 415 2188 ea
453 2149 564 2204 qua
612 2149 717 2187 nos
768 2132 1050 2200 redemit,
1112 2133 1324 2204 pietate
1372 2132 1582 2203 faciat,
1653 2136 1712 2186 et
1760 2133 1822 2187 in

189 2227 354 2281 istam
405 2226 539 2281 boni
593 2227 784 2281 nuntii
842 2243 947 2281 nos
1006 2243 1237 2299 quoque
1289 2226 1686 2298 religiosorum
1737 2226 1818 2280 vi-

188 2337 316 2375 cem
362 2319 718 2375 reddidimus
744 2320 1097 2375 nuntiorum.
1151 2319 1438 2392 Quidquid
1469 2336 1599 2374 cum
1631 2320 1818 2374 orien-

191 2397 422 2469 talibus.
470 2431 614 2486 quos
679 2415 750 2469 ad
818 2413 1082 2468 Ecclesia
1151 2430 1355 2486 corpus
1419 2414 1822 2485 unitatemque

192 2511 474 2563 revocatos
495 2507 595 2562 Dei
623 2506 802 2562 nostri
827 2523 934 2579 ope
953 2506 1156 2562 litteris
1177 2506 1620 2578 signiﬁcavimus
1646 2507 1818 2562 desti-

189 2602 372 2671 natis,
424 2601 614 2656 denuo
667 2617 798 2656 cum
849 2605 1048 2672 aptum
1100 2600 1276 2656 fuerit
1335 2592 1590 2672 repetitis
1634 2601 1820 2656 vobis-

191 2713 319 2752 cum
359 2694 823 2767 participabimus
865 2694 1108 2749 indiciis.
1162 2696 1284 2750 Mox
1331 2697 1459 2766 post
1497 2697 1823 2750 nostrorum

190 2790 437 2846 reditum
480 2790 550 2844 ab
593 2787 970 2844 orientalibus
1013 2787 1187 2843 missa
1233 2788 1446 2860 legatio
1501 2794 1616 2856 est;
1666 2792 1823 2844 certa

191 2884 458 2956 speravit,
506 2888 663 2938 certa
709 2883 1011 2950 consuluit,
1058 2883 1156 2938 sed
1195 2881 1432 2938 facimus
1471 2882 1543 2936 de
1573 2883 1664 2937 his
1693 2899 1822 2953 qua

190 2979 417 3033 fuerant
457 2976 698 3032 dicenda
741 2975 1165 3047 compendium,
1220 2975 1339 3047 ipsa
1387 2975 1575 3047 potius
1616 2975 1689 3031 ad
1729 2977 1818 3030 in-

192 3071 524 3127 struendam
581 3070 841 3125 notitiam
909 3075 1153 3125 vestram
1208 3086 1336 3142 qua
1393 3087 1426 3125 a
1478 3070 1639 3125 nobis
1691 3075 1824 3125 sunt

195 3182 466 3238 responsa
509 3165 843 3236 dirigentes,
889 3181 962 3219 ne
1001 3163 1138 3235 quid
1183 3163 1288 3217 sibi
1329 3164 1432 3218 sub
1473 3164 1654 3235 spatio
1682 3181 1818 3236 pro-

194 3260 389 3315 lixiore
441 3263 746 3328 terrarum,
799 3263 896 3312 aut
949 3258 1139 3329 opinio
1190 3257 1456 3328 vindicet,
1505 3262 1605 3313 aut
1661 3275 1823 3313 error

193 3357 462 3422 assumat,
537 3369 666 3407 cum
737 3353 810 3407 ad
874 3369 1068 3407 rerum
1136 3351 1308 3406 ﬁdem
1382 3351 1565 3422 ipsam
1646 3351 1823 3406 teneri

194 3448 402 3503 sufﬁcit
447 3447 766 3502 veritatem.
826 3447 982 3511 Quod
1034 3449 1226 3501 autem
1281 3445 1351 3500 ad
1405 3445 1820 3500 continentiam

193 3549 507 3597 vestrarum
565 3541 807 3612 pertinet
863 3541 1212 3608 litterarum,
1275 3539 1524 3611 oportuit
1591 3539 1822 3610 quidem

195 3635 474 3692 desideria
513 3635 742 3707 plenius
792 3634 1074 3706 expedire,
1114 3639 1180 3689 ut
1218 3633 1515 3689 astimatis
1555 3634 1823 3688 omnibus

191 3746 528 3802 responsum
602 3729 812 3783 rationi
885 3745 1202 3799 congruum
1281 3727 1633 3783 redderetur.
1679 3728 1824 3787 ,Sed

193 3825 327 3896 quia
353 3823 787 3895 privilegiorum
835 3825 1116 3892 veterum,
1159 3827 1214 3877 et
1257 3825 1598 3877 statutorum
1644 3824 1825 3893 pater-

197 3934 404 3972 norum
470 3917 754 3972 indidistis
814 3916 1015 3972 iisdem
1082 3916 1284 3971 litteris
1349 3916 1701 3971 mentionem
1755 3917 1824 3972 ad

195 4011 499 4067 Salustium
545 4011 809 4078 fratrem,
861 4013 918 4065 et
957 4011 1357 4082 coepiscopum
1404 4013 1666 4065 nostrum
1721 4010 1824 4065 sub

197 4106 299 4160 hac
325 4107 486 4177 parte
524 4104 938 4176 rescripsimus,
978 4104 1131 4158 vobis
1167 4121 1393 4177 quoque
1430 4104 1664 4160 strictim
1697 4121 1826 4176 qua

197 4200 348 4254 dicta
392 4203 528 4253 sunt
561 4198 668 4252 illis
714 4198 882 4253 latius
924 4197 1256 4265 indicantes,
1301 4215 1371 4252 ne
1399 4197 1696 4269 privilegia
1726 4215 1827 4253 nos

196 4293 417 4348 indulta
464 4294 870 4360 convellerent,
913 4297 970 4347 et
1009 4291 1153 4347 nihil
1178 4294 1298 4346 tam
1332 4293 1672 4346 conveniens
1697 4292 1826 4347 ﬁdei

192 4388 474 4459 judicare,
502 4403 674 4459 quam
704 4391 769 4441 ut
794 4386 852 4441 in
879 4387 1099 4441 honore
1125 4402 1227 4440 suo
1257 4403 1290 4439 a
1315 4386 1574 4440 Patribus
1601 4385 1828 4440 decreta

197 4485 517 4536 serventur.
550 4481 693 4536 Deus
717 4483 912 4536 autem
937 4497 1034 4536 vos
1059 4479 1374 4535 incolumes
1394 4479 1694 4550 custodiat,
1721 4480 1828 4534 fra-

197 4579 308 4630 tres
337 4574 674 4630 charissimi.

469 4671 715 4724 Justinus
742 4671 1036 4740 imperator
1062 4668 1362 4725 Hormisda
1381 4683 1563 4739 papa.

268 4765 390 4828 Quo
454 4763 669 4818 fuimus
722 4779 907 4834 nuper
963 4768 1020 4819 et
1075 4779 1188 4835 quo
1242 4778 1437 4817 sumus
1491 4762 1676 4817 studio
1729 4777 1831 4832 pro

201 4856 571 4913 conciliandis
608 4857 901 4913 sententiis
941 4857 1283 4912 catholicam
1318 4857 1493 4912 ﬁdem
1522 4855 1832 4911 colentium

200 4957 262 5008 ut
307 4952 512 5008 eodem
561 4951 752 5007 animo
790 4952 982 5006 cuncti
1027 4954 1373 5007 venerentur
1419 4967 1634 5006 numen
1680 4949 1830 5004 indi-

201 5047 438 5102 viduum
479 5045 763 5102 Trinitatis
793 5045 983 5117 palam
1017 5045 1212 5102 fecisse
1247 5045 1635 5118 dignoscitur;
1682 5060 1834 5099 nunc

199 5140 451 5212 legatum
505 5139 573 5194 ad
638 5145 882 5195 vestram
934 5139 1346 5196 beatitudinem
1401 5141 1546 5194 ultro
1598 5139 1670 5193 ob
1725 5138 1835 5193 hoc

200 5234 390 5306 ipsum
439 5232 752 5304 dirigentes
802 5235 1033 5288 Gratum
1078 5233 1263 5289 virum
1311 5234 1655 5306 magistrum
1695 5233 1830 5286 scri—

203 5327 304 5399 nii,
358 5344 473 5400 quo
522 5328 847 5382 remedium
892 5329 1129 5383 tandem
1178 5329 1499 5400 reperiatur
1542 5327 1836 5382 discordiis

201 5422 356 5478 varia
421 5422 767 5478 certantium
828 5439 980 5477 nunc
1044 5440 1226 5494 prono
1294 5423 1608 5494 libentique
1669 5420 1838 5476 susci-

202 5518 427 5590 pientes
475 5515 684 5571 affectu
732 5516 880 5570 viros
929 5516 1409 5587 religiosissimos,
1463 5534 1603 5589 quos
1656 5517 1834 5570 inter-

203 5617 471 5667 ventores
514 5611 749 5667 unitatis
791 5615 975 5666 vestra
1025 5611 1189 5666 sedes
1245 5611 1552 5683 apostolica
1602 5609 1841 5666 credidit

203 5706 591 5762 destinandos.
636 5705 889 5761 Profecto
934 5705 1150 5761 etenim
1195 5707 1470 5778 tanquam
1515 5704 1702 5778 ipsam
1735 5722 1836 5776 pa-

203 5817 365 5869 cem,
421 5803 480 5854 et
516 5799 783 5872 jocundis
837 5818 935 5856 eos
992 5801 1167 5855 oculis
1218 5801 1574 5872 aspeximus,
1633 5805 1689 5854 et
1741 5816 1836 5854 ex-

207 5896 380 5950 tensis
408 5895 671 5949 manibus
703 5895 964 5949 duximus
1002 5895 1449 5967 amplectendos,
1491 5894 1629 5964 quin
1667 5893 1840 5950 etiam

1919 1939 2258 2012 priusquam
2310 1941 2577 2013 religioso
2623 1943 2861 1998 desistat
2905 1946 3184 2001 consilio?
3235 1948 3405 2003 Nobis
3431 1949 3550 2021 qui-

1923 2033 2288 2089 demvidetur
2301 2051 2443 2105 opus
2468 2051 2595 2091 esse
2612 2035 2841 2091 mollius
2862 2038 3093 2109 agendi,
3111 2042 3166 2094 et
3185 2041 3546 2097 clementius.

1923 2127 2061 2191 Qua
2094 2128 2141 2182 si
2169 2145 2282 2183 non
2309 2128 2370 2184 in
2397 2132 2492 2184 tua
2521 2130 2904 2185 sanctitudine
2928 2131 3054 2202 jam
3095 2149 3200 2188 nec
3225 2133 3283 2188 in
3315 2135 3426 2190 alio
3452 2154 3550 2208 po-

1921 2225 2114 2277 terunt
2155 2221 2422 2277 inveniri.
2471 2223 2610 2277 Nam
2657 2241 2844 2295 neque
2889 2226 3206 2296 sanguinis,
3251 2233 3308 2284 et
3334 2231 3546 2301 suppli-

1922 2315 2144 2370 ciorum
2182 2315 2393 2387 cupidi,
2428 2317 2581 2388 quod
2628 2317 2840 2372 dictum
2888 2319 3064 2375 etiam
3111 2337 3280 2392 grave
3331 2329 3433 2393 est,
3479 2324 3546 2379 li-

1921 2409 2155 2477 bellum,
2212 2409 2579 2482 suscepimus,
2639 2428 2825 2483 neque
2889 2417 2950 2469 ut
3003 2431 3174 2485 parvo
3223 2417 3549 2474 discrimine

1923 2506 2261 2558 remaneant
2299 2503 2636 2576 imperfecta
2665 2507 2985 2562 concordia
3018 2508 3316 2579 desideria,
3353 2513 3450 2566 sed
3479 2514 3546 2567 ad

1920 2597 2349 2669 propagandam
2378 2614 2492 2669 quo
2521 2615 2826 2675 possumus
2858 2600 3058 2656 ordine
3087 2603 3550 2675 conjunctionem

1922 2663 2319 2746 membrorum
2368 2663 2647 2747 Ecclesia.
2680 2663 2904 2776 (Utrum
2955 2694 3144 2767 itaque
3185 2663 3550 2768 prastantius

1923 2783 2032 2840 erit
2075 2783 2366 2838 minorum
2419 2785 2598 2856 gratia
2645 2787 2705 2840 in
2760 2789 2948 2842 totum
2995 2804 3116 2844 esse
3171 2790 3336 2846 nobis
3387 2809 3546 2847 acce-

1922 2880 2047 2949 ptas
2094 2882 2284 2934 tantas
2321 2879 2736 2949 multitudines,
2787 2897 2862 2936 an
2900 2883 3181 2938 concessis
3228 2885 3443 2958 exiguis
3496 2891 3553 2943 et

1922 2971 2175 3028 remissis
2223 2973 2465 3044 majora,
2509 2976 2567 3028 et
2607 2973 2766 3029 omni
2808 2974 3025 3031 ratione
3075 2980 3388 3049 quarenda
3436 2998 3552 3036 cor-

1922 3065 2053 3137 rigi,
2101 3070 2164 3121 ut
2206 3083 2335 3138 qua
2373 3083 2488 3122 non
2526 3066 2686 3123 licuit
2725 3085 2832 3140 per
2874 3069 3065 3125 omnia
3108 3072 3306 3128 saltem
3353 3089 3418 3129 ex
3457 3092 3552 3131 ne-

1923 3159 2175 3214 cessariis
2221 3161 2480 3231 partibus
2533 3162 2871 3233 allegentur,
2928 3164 3154 3219 veniam
3206 3167 3400 3238 itaque
3448 3186 3548 3224 no-

1925 3254 2150 3307 minum
2209 3256 2589 3325 postulamus,
2644 3273 2758 3310 non
2807 3257 3029 3327 Acacii,
3091 3275 3204 3313 non
3258 3263 3551 3335 utriusque

1923 3347 2102 3415 Petri,
2157 3364 2274 3402 non
2324 3348 2574 3403 Dioscori
2623 3350 2709 3403 vel
2772 3349 3085 3421 Timothei,
3154 3369 3397 3423 quorum
3454 3370 3582 3423 vo-;

1926 3441 2129 3495 cabula
2175 3441 2248 3495 ad
2296 3459 2402 3497 nos
2447 3443 2598 3497 data
2643 3443 2949 3498 sanctitatis
2989 3449 3098 3499 tua
3136 3446 3386 3516 epistola
3413 3466 3549 3504 con-

1922 3535 2202 3606 timebant,
2257 3535 2356 3590 sed
2408 3553 2548 3607 quos
2591 3537 2650 3591 in
2699 3536 2824 3591 aliis
2876 3538 3178 3593 celebravit
3231 3541 3551 3598 civitatibus

1925 3629 2326 3701 episcoporum
2371 3631 2712 3698 reverentia,
2765 3635 2821 3686 et
2869 3632 2978 3686 hoc
3035 3635 3282 3706 exceptis
3318 3636 3553 3691 urbibus

1923 3723 2022 3777 ubi
2083 3727 2280 3779 vestra
2340 3723 2706 3779 beatitudinis
2770 3724 2973 3780 libellis
3019 3727 3143 3798 jam
3196 3728 3254 3782 in
3317 3731 3553 3800 plenum

1927 3817 2205 3872 admissus
2250 3823 2352 3886 est,
2400 3817 2508 3872 nisi
2556 3818 2705 3872 hanc
2748 3834 2979 3892 quoque
3039 3827 3259 3893 partem
3315 3823 3557 3880 benevo-

1925 3912 2101 3967 lentia
2146 3912 2409 3967 statuerit
2439 3915 2627 3968 vestra
2660 3913 2859 3968 mitius
2895 3914 3312 3988 corrigendam.
3345 3920 3554 3974 Verum

1925 4022 2030 4061 nec
2072 4005 2294 4078 judicio
2340 4010 2495 4062 caret
2544 4023 2635 4062 res
2684 4007 2833 4063 sedis
2894 4009 3248 4081 apostolica,
3315 4019 3380 4068 ut
3443 4031 3552 4068 non

1927 4102 2109 4172 magis
2167 4100 2332 4156 venia
2391 4101 2634 4157 dicenda
2688 4102 2778 4172 sit,
2848 4119 3023 4174 quam
3081 4105 3390 4162 deliberata
3435 4110 3556 4180 jam

1927 4212 1991 4249 ac
2048 4201 2341 4267 perspecta
2393 4195 2671 4250 deﬁnitio.
2723 4197 3052 4252 Anastasius
3098 4199 3380 4270 siquidem
3422 4203 3555 4256 reli-

1929 4288 2265 4359 giosissima
2312 4288 2606 4342 memoria
2647 4294 2845 4344 vestra
2891 4291 3116 4346 culmen
3170 4294 3429 4349 Ecclesia
3461 4313 3558 4366 pa-

1930 4383 2044 4436 lam
2100 4385 2411 4452 aperteque
2474 4381 2800 4449 constituit,
2862 4400 2993 4438 cum
3059 4385 3165 4439 hoc
3221 4387 3378 4442 idem
3429 4389 3561 4444 scri-

1928 4476 2112 4543 beret,
2169 4475 2467 4546 negotium
2523 4475 2808 4530 decessori
2850 4481 3044 4533 nostro
3096 4479 3229 4535 satis
3282 4498 3404 4536 esse
3454 4500 3558 4555 pa-

1847 4577 2055 4650 Dcem
2104 4568 2526 4638 affectantibus,
2590 4569 2637 4624 si
2701 4586 2914 4625 nomen
2978 4575 3207 4628 tantum
3257 4575 3564 4633 reticeatur

1930 4664 2132 4720 Acacii.
2189 4665 2341 4736 Ergo
2397 4664 2587 4734 priora
2645 4667 2845 4719 vestra
2897 4665 3046 4721 sedis
3101 4669 3408 4724 constituta
3469 4690 3558 4726 se-

1931 4758 2146 4832 quitur,
2193 4758 2292 4832 qui
2328 4774 2447 4813 non
2487 4775 2688 4814 omnes
2724 4759 3032 4815 memorias
3068 4766 3429 4820 mortuorum
3464 4765 3563 4838 ju-

1933 4853 2085 4909 dicat
2143 4853 2622 4922 contemnendas,
2684 4859 2749 4910 ut
2807 4853 3107 4927 indignum
3161 4856 3437 4914 habeatur
3507 4866 3564 4917 et

1932 4949 2341 5020 incongruum,
2393 4949 2438 5003 si
2491 4965 2608 5003 non
2668 4947 2943 5020 placidior
2993 4950 3256 5006 omnibus
3303 4969 3420 5008 non
3471 4971 3561 5010 so-

1934 5043 2056 5096 lum
2101 5042 2404 5112 defunctis,
2450 5042 2551 5097 sed
2595 5042 2768 5098 etiam
2814 5043 3209 5114 superstitibus
3251 5051 3436 5102 vestra
3479 5049 3564 5105 di-

1933 5137 2200 5206 vulgetur
2243 5137 2304 5192 in
2359 5136 2513 5192 omni
2562 5135 2677 5193 ﬁne
2729 5141 3012 5193 terrarum
3066 5137 3295 5209 lenitas.
3347 5142 3413 5198 Et
3460 5143 3568 5199 hoc

1935 5229 2171 5301 quidem
2221 5246 2337 5286 non
2395 5230 2864 5299 dubitaverimus,
2918 5231 2996 5286 ita
3045 5233 3358 5304 gratiosum
3413 5238 3571 5293 vobis

1936 5325 2195 5379 futurum
2245 5327 2308 5378 ut
2355 5325 2589 5396 paciﬁco
2643 5325 2835 5380 statim
2873 5341 3144 5398 responso
3187 5328 3372 5384 latior
3407 5347 3573 5388 mun-

1937 5419 2042 5473 dus
2112 5416 2426 5488 reddatur;
2495 5419 2736 5474 retineat
2793 5424 2988 5475 autem
3060 5425 3249 5478 vestra
3311 5426 3574 5480 sanctitas

1939 5512 2092 5584 quod
2133 5512 2348 5568 dudum
2396 5511 2726 5584 scripsimus
2773 5529 2837 5568 ex
2880 5515 3111 5571 Oriente
3137 5517 3574 5588 supplicationes

1941 5607 2101 5662 nobis
2145 5624 2266 5661 esse
2313 5606 2644 5676 destinatas,
2699 5609 3054 5662 voluntatem
3099 5609 3357 5680 ipsorum
3404 5614 3576 5666 conti-

1939 5704 2159 5770 nentes,
2192 5706 2250 5756 et
2281 5699 2582 5756 arbitrium
2609 5700 2669 5754 in
2701 5717 2816 5772 quo
2845 5718 2905 5755 se
2936 5701 3236 5756 duraturos
3267 5704 3577 5760 ostendunt

1941 5795 2204 5864 ﬁrmiter,
2259 5801 2314 5850 et
2364 5811 2477 5867 quo
2528 5795 2682 5850 nulla
2738 5794 2956 5849 ratione
3003 5795 3393 5851 desistendum
3425 5800 3576 5854 asti-

1942 5895 2120 5945 mant.
2181 5890 2330 5945 Hanc
2385 5890 2576 5961 itaque
2634 5889 2954 5947 chartulam
3011 5889 3326 5944 secundum
3385 5898 3577 5950 nostra

3571 3407 3582 3456 Ι
