4040 6332
504 339 623 390 1051

1383 335 1665 392 APPEND.
1706 336 1793 391 AD
1830 337 1989 392 SEC.
2033 335 2118 390 IX.
2149 366 2217 376 —
2255 335 2503 392 lSIDORI
2541 335 2965 392 MERCATORIS

3720 337 3862 389 1052

493 444 798 513 promissa,
860 461 962 515 per
1008 447 1279 498 Joannem
1336 446 1521 498 virum
1581 446 2119 499 reverendissimum
2140 441 3861 532 Atam.lntelligimusquoqueetsuscipimuscontidentes,et

493 538 824 608 episcopum
879 537 1233 608 dirigendam
1286 536 1444 591 vobis
1495 538 1553 592 in
1596 539 1867 609 prasenti
1908 538 2116 593 merito

492 631 854 700 credidimus,
900 635 961 683 ut
1002 646 1035 684 a
1072 633 1261 684 vestra
1290 630 1424 684 sede
1461 631 1632 685 etiam
1667 636 1833 685 tenor
1869 632 1992 702 ejus
2015 631 2116 685 ad-

492 724 697 778 missus
739 723 811 778 ad
854 723 1200 793 colligendas
1245 724 1524 795 proﬁciat,
1558 727 1615 778 et
1639 725 1978 779 adunandas
2004 725 2122 778 ubi-

492 835 603 888 que
660 817 1009 872 venerabiles
1063 817 1367 884 Ecclesias,
1435 823 1491 872 et
1549 818 2120 889 Hierosolymitanam

493 911 800 982 pracipue,
852 911 942 964 cui
982 914 1204 964 tantum
1257 927 1455 966 omnes
1497 911 1749 965 favorem
1774 912 2122 982 impendunt

492 1005 652 1075 quasi
701 1005 872 1058 matri
928 1004 1231 1059 Christiani
1279 1005 1550 1072 nominis,
1606 1007 1666 1058 ut
1723 1021 1891 1059 nemo
1917 1005 2121 1060 audeat

487 1099 557 1152 ab
598 1115 665 1152 ea
694 1114 812 1152 sese
845 1097 1186 1152 discernere.
1222 1099 1573 1153 Consensum
1603 1099 1791 1169 itaque
1824 1099 2118 1169 proprium

491 1195 651 1245 tuam
696 1191 1054 1246 sanctitatem
1090 1191 1384 1262 epistolari
1415 1207 1641 1262 quoque
1673 1191 1878 1262 pagina
1911 1208 2115 1246 conve-

492 1285 578 1338 nit
607 1270 910 1352 declarare,
958 1289 1020 1338 ut
1053 1284 1280 1356 cognito
1327 1285 1592 1339 omnibus
1633 1291 1804 1355 atque
1838 1285 2118 1355 patefacto

494 1382 749 1433 tenorem
777 1377 1038 1448 ejusdem
1064 1378 1337 1433 chartula
1359 1395 1392 1432 a
1411 1378 1566 1432 vobis
1597 1378 1769 1432 etiam
1800 1377 2040 1447 laudari,
2064 1384 2120 1433 et

489 1472 764 1527 tenaciter
809 1471 1102 1541 custodiri,
1146 1471 1326 1526 latior
1368 1472 1620 1526 mundus
1660 1471 1877 1526 existat.
1929 1473 2118 1526 Datav

488 1566 615 1620 Idus
655 1565 1000 1636 Septembris
1036 1565 1413 1635 Chalcedone,
1461 1565 1690 1620 Rustico
1743 1565 1994 1633 consule,
2025 1582 2116 1620 ac-

490 1663 656 1730 cepta
681 1658 869 1729 pridie
898 1659 1182 1713 Kalendas
1210 1659 1474 1714 Decemb.
1501 1675 1658 1714 cons.
1689 1677 1735 1712 s.

469 1723 506 1762 χ
559 1723 578 1730 -
682 1723 701 1729 -

445 1781 530 1878 /
564 1848 606 1878 ῃ
866 1845 960 1878 Μ.
1025 1754 1321 1856 Ewemplar
1345 1769 1581 1857 precum.

2218 540 2553 594 conﬁtentes
2566 539 2698 609 quia
2709 555 2884 592 unam
2894 535 3265 592 substantiam
3276 536 3365 590 vel
3377 552 3687 608 personam
3698 535 3860 607 quod

2219 632 2374 686 idem
2408 632 2533 702 ipsa
2564 637 2755 686 sancta
2797 631 3045 702 synodus
3073 630 3132 684 in
3160 630 3380 685 duabus
3411 631 3650 698 naturis,
3680 629 3742 684 id
3772 633 3861 684 est

2219 726 2448 795 deitate,
2474 729 2531 778 et
2550 725 2908 779 humanitate
2927 723 3164 779 indivise
3192 729 3249 778 et
3270 724 3562 779 inconfuse
3581 723 3857 795 pradica—

2219 818 2314 888 vit,
2345 820 2523 872 Deum
2546 817 2812 887 verbum;
2837 822 2893 872 et
2913 818 3182 872 Dominus
3202 822 3396 872 noster
3413 819 3575 872 Jesus
3594 817 3857 872 Christus

2223 929 2366 966 unus
2416 917 2500 966 est
2546 929 2617 966 ex
2661 917 2871 980 sancta,
2911 912 3078 965 unius
3124 912 3379 966 essentia
3419 910 3711 965 Trinitate.
3765 910 3856 965 Sic

2219 1005 2374 1060 enim
2394 1005 2702 1060 Dominum
2718 1005 2776 1059 in
2789 1005 2969 1059 tribus
2987 1004 3331 1073 substantiis,
3347 1005 3492 1059 sicut
3508 1004 3726 1058 dictum
3745 1007 3852 1073 est,

2220 1099 2568 1169 accepimus;
2599 1101 2769 1153 Pater
2791 1088 2984 1153 autem
3001 1114 3115 1152 non
3137 1103 3222 1152 est
3239 1098 3579 1166 incarnatus,
3606 1114 3709 1152 nec
3726 1097 3855 1168 Spi-

2216 1192 2358 1246 ritus
2371 1197 2624 1259 sanctus;
2650 1193 3048 1247 DeusVerbum
3060 1193 3469 1258 incarnatus,et
3479 1192 3653 1246 homo
3667 1192 3856 1245 factus

2219 1289 2300 1338 est
2319 1301 2468 1340 unus
2487 1303 2556 1340 ex
2578 1291 2792 1353 sancta,
2811 1290 2866 1340 et
2885 1285 3054 1340 unius
3075 1285 3334 1340 essentia
3345 1284 3635 1352 Trinitate,
3655 1301 3856 1339 secun-

2219 1379 2357 1432 dum
2390 1378 2679 1435 ﬁliationis
2710 1379 3141 1451 proprietatem.
3180 1379 3269 1434 Sic
3303 1379 3493 1450 itaque
3535 1379 3857 1434 secundum

2219 1472 2511 1542 pradictas
2538 1479 2755 1528 sanctas
2788 1476 3034 1544 quatuor
3065 1472 3307 1544 synodos
3327 1472 3644 1542 credentes,
3676 1477 3734 1526 et
3759 1489 3852 1526 se-

2219 1567 2463 1620 cundam
2478 1567 2743 1621 DeiVerbi
2756 1566 3133 1634 nativitatem,
3147 1566 3462 1621 secundum
3476 1582 3708 1620 carnem
3723 1582 3856 1620 con-

2217 1659 2366 1715 fiteri
2387 1677 2504 1715 non
2522 1661 2836 1715 renuimus.
2856 1660 3015 1715 Unde
3032 1659 3260 1731 proprie
3280 1659 3375 1713 Dei
3393 1659 3642 1730 genitrix
3655 1664 3860 1714 sancta

2219 1750 2386 1820 Virgo
2407 1766 2525 1804 esse
2548 1750 2815 1816 creditur,
2839 1754 3115 1820 tanquam
3144 1765 3273 1820 qua
3291 1754 3512 1816 natura,
3535 1754 3591 1804 et
3607 1749 3855 1803 veritate

564 1848 675 1901 Deo
735 1845 966 1900 amabili
1028 1862 1092 1900 ac
1152 1845 1404 1917 piissimo
1467 1846 1801 1918 imperatori
1865 1863 1935 1901 ex
2001 1848 2116 1903 Deo
2138 1832 2194 1904 Β
2219 1843 2386 1896 unius
2413 1844 2669 1898 essentia
2691 1843 2868 1897 Patris
2897 1843 3098 1897 Filium
3134 1843 3443 1898 Dominum
3469 1843 3720 1896 Verbum
3748 1859 3859 1912 per

491 1944 765 2011 Augusto,
819 1943 876 1994 et
922 1938 1166 2010 principi
1215 1940 1436 1995 Iustino
1482 1940 1981 2008 Christianissimo,
2026 1942 2120 1995 de~

489 2033 776 2105 precatio,
832 2035 889 2087 et
938 2032 1276 2102 supplicatio
1328 2033 1397 2086 ab
1443 2032 2007 2104 Hierosolymitanis,
2063 2039 2120 2088 et

491 2125 888 2195 Antiochanis,
943 2130 1001 2179 et
1054 2126 1318 2180 secunda
1375 2126 1552 2197 Syria
1618 2126 1856 2194 clericis,
1912 2131 1968 2181 et
2020 2127 2117 2180 ab-

490 2221 714 2275 batibus
764 2226 820 2274 et
861 2219 1279 2291 possessoribus
1328 2219 1631 2291 provincia
1671 2220 1888 2291 Syria:
1924 2242 1950 2268 «
1981 2222 2120 2275 Hau-

491 2315 597 2369 rite
651 2330 862 2384 aquam
911 2330 1039 2367 cum
1092 2313 1289 2368 latitia
1332 2330 1401 2368 ex
1446 2313 1697 2368 fontibus
1747 2314 1943 2368 salutis
1987 2314 2115 2385 (Isa.

493 2427 598 2477 xu,
655 2409 738 2479 3),
792 2429 819 2455 »
880 2407 1214 2462 vociferator
1267 2406 1432 2461 Isaias
1481 2407 1766 2478 propheta
1813 2409 2115 2477 exclamat,

491 2505 673 2558 fontes
722 2501 918 2556 salutis
974 2501 1333 2571 evangelica,
1385 2500 1638 2556 veritatis
1686 2501 2120 2571 pradicationes

491 2597 791 2652 manifeste
849 2595 1173 2663 ostendens,
1241 2611 1310 2649 ex
1370 2594 1574 2666 quibus
1635 2594 1788 2650 beati
1844 2595 2116 2666 Apostoli,

491 2698 547 2747 et
597 2706 794 2746 eorum
842 2689 940 2760 qui
983 2705 1090 2760 per
1123 2689 1383 2743 ordinem
1439 2689 1667 2744 fuerunt
1721 2689 2002 2760 discipuli,
2065 2694 2121 2744 et

491 2785 770 2856 sapientes
821 2781 1082 2836 Ecclesia
1139 2781 1398 2836 doctores
1446 2782 1746 2836 salutarem
1795 2799 2006 2853 aquam
2050 2782 2116 2835 ﬁ-

491 2879 581 2933 dei
638 2876 994 2944 haurientes,
1056 2892 1293 2930 omnem
1349 2878 1601 2929 sanctam
1653 2876 1752 2929 Dei
1806 2875 2119 2930 Ecclesiam

487 2971 902 3041 irrigaverunt,
957 2985 1082 3039 qua
1137 2969 1195 3022 in
1248 2972 1404 3038 petra
1455 2969 1669 3022 summi
1725 2969 2116 3039 apostolorum

489 3064 744 3132 subnixa,
796 3069 1014 3116 rectam
1057 3068 1113 3116 et
1158 3061 1532 3115 inﬂexibilem
1571 3062 1985 3117 confessionem
2017 3080 2116 3117 cu-

492 3157 764 3222 stodiens,
814 3154 1154 3209 ﬁducialiter
1208 3171 1338 3208 cum
1389 3171 1458 3210 eo
1509 3155 1583 3209 ad
1625 3155 1988 3226 unigenitum
2027 3157 2112 3210 Fi-

488 3253 630 3307 lium
686 3251 786 3304 Dei
840 3249 997 3302 omni
1043 3252 1309 3320 tempore
1350 3249 1652 3315 exclamat,
1689 3248 1882 3304 dicens
1922 3269 1934 3303 :
1985 3271 2010 3299 ‹‹
2035 3251 2116 3304 Tu

489 3365 549 3402 es
612 3344 866 3400 Christus
934 3342 1105 3396 Filius
1171 3343 1266 3396 Dei
1337 3342 1444 3395 vivi
1513 3343 1688 3413 (Joan.
1757 3359 1829 3410 ιι,
1906 3344 2016 3414 27).
2088 3364 2112 3392 ››

490 3443 642 3496 Hanc
698 3439 1002 3492 salutarem
1060 3435 1480 3491 confessionem
1527 3452 1560 3490 a
1616 3436 1822 3491 sanctis
1870 3440 2118 3508 quatuor

486 3534 715 3606 synodis
757 3548 886 3604 qua
922 3530 1262 3602 evangelicis
1301 3531 1602 3602 praceptis
1644 3535 1776 3586 sunt
1821 3531 2116 3587 honorata

486 3627 874 3699 suscipientes,
931 3641 1230 3696 nunquam
1281 3642 1386 3696 per
1413 3623 1621 3680 Christi
1658 3624 1906 3696 gratiam
1941 3643 1974 3680 a
1999 3630 2112 3681 tra-

488 3723 620 3778 ditis
671 3721 836 3776 nobis
888 3720 1052 3774 rectis
1117 3719 1482 3789 dogmatibus
1539 3718 1910 3786 deviavimus,
1973 3719 2117 3775 sicut

485 3834 681 3874 rerum
739 3817 982 3870 testatur
1019 3812 1302 3884 probatio,
1356 3816 1413 3867 et
1463 3816 1718 3883 tempore
1772 3812 2116 3868 necessitatis

484 3911 622 3966 ﬁdei
675 3906 994 3963 constantia
1047 3906 1419 3960 demonstrat.
1489 3905 1544 3960 Si
1608 3905 1784 3976 igitur
1833 3909 1895 3958 ut
1949 3905 2111 3961 Chri-

486 4003 655 4059 stiani
699 3998 943 4055 rationis'
970 3997 1105 4052 ﬁdei
1133 4014 1328 4051 sumus
1359 3997 1678 4068 participes,
1713 3998 1948 4052 domine
1975 3999 2112 4069 piis-

487 4100 658 4165 sime,
737 4099 793 4150 et
840 4093 911 4147 ad
961 4107 1324 4146 communem
1374 4107 1592 4160 pacem,
1629 4095 1685 4145 et
1719 4091 1790 4145 ad
1833 4092 2114 4148 unitatem

486 4191 840 4260 festinamus,
891 4189 1148 4241 nostram
1206 4185 1379 4240 ﬁdem
1434 4202 1605 4256 quam
1651 4184 1721 4239 ab
1780 4184 1940 4240 initio
1989 4204 2110 4243 sus-

487 4286 763 4359 cepimus,
831 4297 934 4354 per
989 4281 1136 4334 hanc
1191 4278 1631 4334 satisfactionem
1682 4282 1933 4334 nostram
1988 4297 2109 4335 ma-

485 4383 757 4438 nifestam
811 4379 1011 4432 vestra
1064 4372 1304 4428 facimus
1359 4373 1593 4444 pietati,
1646 4378 1710 4428 ut
1765 4377 1968 4429 notum
2019 4375 2110 4444 sit,

488 4476 623 4548 quia
637 4478 694 4528 et
704 4471 829 4544 paci
845 4466 1260 4534 concurrimus,
1276 4471 1332 4522 et
1345 4484 1378 4520 a
1390 4470 1544 4522 recta
1557 4483 1688 4522 cum
1703 4467 1804 4522 Dei
1815 4468 2112 4539 juvamine

2137 3202 2191 3276 C

2218 1940 2479 1990 naturam
2530 1937 2955 1990 immutabilem
2995 1953 3061 1990 ex
3103 1937 3224 2007 ipsa
3281 1937 3492 1990 factum
3547 1935 3857 1990 hominem

2221 2029 2386 2084 enixa
2415 2032 2537 2099 est;
2565 2034 2622 2084 et
2641 2030 2778 2084 duas
2806 2033 3039 2084 naturas
3062 2029 3118 2083 in
3143 2029 3387 2098 Christo,
3412 2046 3516 2100 per
3537 2028 3855 2084 essentiam

2221 2123 2306 2176 vel
2332 2123 2724 2195 :substantiam
2766 2123 2954 2177 unitas
2988 2122 3342 2190 conﬁtentes,
3388 2122 3532 2176 sicut
3580 2123 3639 2176 in
3685 2122 3857 2176 unius

2219 2233 2461 2288 persona
2489 2217 2576 2270 vel
2611 2216 2945 2272 substantia.
2977 2217 3167 2288 Neque
3199 2217 3404 2271 harum
3443 2216 3856 2284 diversitatem,

2221 2311 2303 2364 vel
2334 2309 2745 2380 proprietatem
2784 2314 2912 2381 post
2941 2309 3258 2365 unitionem
3285 2309 3617 2378 auferimus,
3658 2313 3715 2362 et
3746 2325 3855 2362 nec

2220 2420 2315 2456 eas
2355 2403 2607 2457 dividere
2652 2404 2708 2457 in
2749 2403 2967 2458 duabus
3016 2403 3272 2474 personis
3301 2407 3358 2459 et
3386 2403 3717 2458 substantiis
3746 2419 3856 2474 per

2219 2496 2544 2551 unitionem
2577 2513 2776 2551 sumus
2804 2497 3025 2566 edocti;
3073 2497 3455 2568 eumdemque
3481 2497 3687 2551 scimus
3712 2496 3851 2550 uni-

2221 2591 2481 2662 genitum
2523 2591 2726 2644 Filium
2753 2591 2873 2658 Dei,
2908 2594 2966 2645 et
2989 2595 3119 2646 ante
3149 2591 3597 2646 incarnationem
3626 2592 3770 2662 ejus,
3797 2597 3854 2645 et

2219 2689 2348 2755 post
2375 2684 2556 2738 Deum
2589 2685 2850 2740 similiter
2887 2688 2943 2740 et
2968 2685 3269 2739 hominem
3299 2684 3626 2756 passibilem
3656 2700 3850 2749 carne,

2219 2777 2621 2848 impassibilem
2656 2777 2881 2848 deitate,
2914 2777 3401 2849 circumscriptum
3441 2793 3695 2850 corpore,
3730 2794 3848 2831 non

2219 2871 2601 2941 conscriptum
2634 2871 2856 2942 spiritu,
2890 2872 2948 2926 id
2988 2877 3092 2940 est,
3122 2875 3414 2927 terrenum
3449 2876 3506 2926 et
3538 2871 3850 2938 calestem,

2220 2980 2392 3035 quem
2421 2965 2675 3019 mundus
2705 2968 2771 3019 ut
2791 2965 3086 3021 hominem
3118 2966 3282 3037 cepit,
3309 2969 3368 3020 et
3387 2965 3691 3021 Dominum
3720 2981 3854 3019 con-

2217 3058 2397 3112 tinere
2418 3074 2537 3112 non
2565 3059 2773 3129 potuit,
2805 3062 2863 3113 et
2888 3061 3210 3127 mortalem,
3235 3064 3291 3114 et
3309 3059 3696 3114 immortalem
3717 3076 3852 3113 nus-

2217 3169 2392 3222 quam
2417 3156 2756 3208 naturarum
2775 3152 3102 3209 diversitate
3127 3153 3362 3224 sublata,
3385 3169 3568 3225 neque
3585 3152 3849 3208 dividen-

2217 3251 2301 3299 tes
2322 3262 2424 3317 per
2443 3247 2747 3302 essentiam
2767 3247 3098 3302 unitionem.
3116 3249 3226 3303 Hoc
3243 3247 3402 3302 enim
3415 3263 3545 3302 vere
3563 3263 3849 3318 magnum

2215 3339 2446 3410 pietatis
2491 3341 2845 3412 mysterium,
2883 3342 3019 3412 quia
3061 3359 3210 3396 unus
3254 3359 3318 3396 ex
3352 3345 3560 3409 sancta,
3593 3344 3651 3396 et
3677 3341 3852 3396 unius

2217 3436 2465 3491 essentia
2503 3437 2788 3491 Trinitatis
2830 3437 3181 3505 incarnatus,
3207 3441 3263 3493 et
3291 3438 3462 3493 homo
3490 3438 3673 3493 factus
3698 3439 3850 3493 Deus

2216 3530 2464 3584 Verbum
2492 3531 2549 3584 in
2579 3535 2825 3603 utraque
2851 3535 3054 3587 natura
3083 3533 3328 3603 deitatis,
3363 3535 3421 3587 et
3447 3532 3847 3599 humanitatis,

2218 3629 2274 3677 et
2300 3624 2538 3678 indivise
2590 3628 2648 3679 et
2689 3625 2979 3680 inconfuse
3025 3627 3400 3697 cognoscitur,
3445 3631 3500 3682 et
3549 3626 3847 3693 adoratur,

2216 3734 2332 3772 non
2379 3719 2805 3774 conversionem
2848 3721 2938 3774 vel
2975 3720 3353 3776 mutationem
3399 3720 3702 3787 sustinens,
3746 3721 3848 3775 sed

2215 3812 2621 3883 proprietatem
2660 3815 2959 3886 utriusque
3000 3819 3218 3870 natura
3260 3814 3319 3869 in
3364 3831 3475 3868 una
3520 3831 3760 3886 persona
3786 3815 3848 3868 in

2217 3906 2522 3976 semetipso
2562 3889 3056 3974 conservans.i0b
3105 3909 3253 3963 hanc
3291 3907 3465 3979 igitur
3490 3908 3667 3962 ﬁdem
3693 3925 3844 3979 pra-

2213 3998 2389 4053 dictas
2429 4005 2651 4055 sanctas
2689 4003 2934 4073 synodos
2958 4002 3325 4074 suscipientes
3351 4005 3407 4057 et
3431 4001 3844 4069 custodientes,

2213 4093 2758 4150 anathematizamus
2783 4112 2979 4151 omnes
3010 4097 3110 4167 qui
3135 4097 3401 4151 adversus
3438 4113 3554 4163 eas,
3583 4113 3844 4167 quocun-

2213 4201 2322 4257 que
2348 4191 2603 4259 tempore
2635 4190 2718 4244 vel
2743 4189 2918 4245 modo
2944 4191 3156 4261 aliquid
3184 4191 3662 4262 conscripserunt,
3695 4208 3844 4262 pra-

2213 4280 2379 4352 cipue
2429 4283 2708 4337 Joannem
2747 4285 3007 4354 Egotam,
3051 4285 3150 4356 qui
3176 4285 3443 4340 adversus
3465 4288 3846 4339 memoratam

2211 4379 2467 4430 sanctam
2488 4377 3012 4432 Chalcedonensem
3032 4378 3313 4450 synodum
3340 4380 3549 4434 multas
3566 4385 3633 4434 ut
3651 4380 3848 4434 Nesto-

2210 4468 2406 4523 rianus
2430 4469 2818 4541 blasphemias
2849 4472 3134 4541 evomuit;
3169 4472 3429 4527 similiter
3458 4473 3849 4528 condemnan-

488 4587 601 4625 non
638 4565 974 4622 divertimus
1005 4562 1137 4629 ﬁde,
1182 4560 1280 4616 sed
1306 4579 1535 4617 omnem
1565 4579 1631 4616 ex
1656 4579 1819 4634 aquo
1841 4563 2110 4618 haeresim
2131 4575 2190 4647 D
2212 4566 2294 4616 tes
2348 4563 2713 4619 Timotheum
2781 4566 3070 4620 Hellurum
3138 4567 3606 4638 cognominatum
3631 4611 3645 4634 ,
3702 4568 3852 4623 sicut

485 4677 848 4720 exsecramur
873 4675 987 4713 non
1015 4656 1198 4710 solum
1223 4660 1279 4711 et
1299 4655 1752 4727 Eutichianistas,
1781 4660 1838 4711 et
1854 4657 2111 4728 Acepha-

482 4757 708 4828 los,’sed
729 4760 786 4810 et
803 4751 1182 4818 Nestorianos,
1203 4754 1258 4805 et
1279 4751 1576 4805 hominem
1596 4751 1847 4805 colentes
1860 4754 1980 4804 toto
1996 4751 2115 4806 ani-

484 4871 580 4910 mo
613 4847 808 4925 262
840 4846 1100 4902 odientes
1129 4845 1713 4914 anathematizamus;
1756 4861 1860 4899 nos
1898 4848 2111 4913 autem,

484 4942 962 5005 Christianissime
1002 4941 1342 5011 imperator,
1396 4939 1540 4994 sicut
1590 4938 1848 5009 superius
1898 4938 2113 4993 dictum

485 5047 588 5109 est,
644 5041 701 5094 in
735 5040 981 5104 Patrem,
1040 5038 1099 5089 et
1142 5033 1369 5101 Filium,
1417 5035 1476 5087 et
1524 5032 1799 5103 Spiritum
1852 5035 2110 5086 sanctum

484 5138 554 5192 ab
602 5133 761 5189 initio
816 5129 1085 5202 baptizati
1135 5136 1366 5200 queque
1421 5131 1478 5181 et
1531 5126 1864 5193 credentes,
1937 5143 2112 5181 unam

483 5228 783 5286 essentiam
848 5225 948 5279 Dei
993 5224 1052 5278 in
1114 5222 1291 5276 tribus
1350 5219 1728 5275 subsistentiis
1784 5219 2107 5291 adoramus,

483 5330 539 5381 et
600 5319 914 5377 secundum
974 5320 1304 5372 sanctorum
1366 5316 1603 5368 Patrum
1665 5313 1980 5383 mathema,
2053 5319 2112 5370 et

482 5416 808 5492 symbolum
863 5412 1192 5477 credentes,
1262 5410 1322 5462 in
1391 5423 1568 5461 unum
1636 5408 1950 5463 Dominum
2003 5411 2106 5464 Pa-

485 5522 629 5570 trem
705 5508 1194 5579 omnipotentem,
1275 5505 1333 5555 et
1403 5501 1461 5555 in
1537 5518 1719 5556 unum
1804 5503 2107 5559 Dominum

483 5613 744 5664 nostrum
820 5605 1009 5658 Jesum
1084 5596 1369 5654 Christum
1450 5595 1814 5668 unigenitum
1901 5599 2104 5652 Domi-

482 5720 622 5758 num
682 5697 926 5753 Verbum
975 5691 1267 5757 similiter,
1323 5695 1379 5745 et
1425 5705 1608 5745 unum
1659 5690 1931 5762 Spiritum
1976 5709 2106 5746 san-

485 5802 661 5862 ctum,
703 5798 761 5846 et
804 5786 1115 5844 secundum
1163 5785 1265 5837 hoc
1309 5784 1563 5839 divinum
1593 5785 1878 5840 mathema
1912 5785 2108 5840 deﬁni-

483 5888 695 5942 tionem
743 5901 775 5937 a
813 5885 1008 5935 sancta
1045 5878 1481 5933 Chalcedonensi
1521 5878 1734 5948 synodo
1782 5880 2106 5950 promulga-

2215 4657 2697 4729 Eutichianistam,
2723 4659 2991 4715 adversus
3013 4677 3138 4715 eam
3153 4677 3284 4715 cum
3299 4661 3413 4716 suis
3433 4662 3746 4716 latrantem
3765 4680 3850 4718 se-

2213 4751 2500 4822 quacibus.
2533 4754 2611 4807 lta
2638 4771 2776 4825 ergo
2805 4771 2934 4808 cum
2962 4755 3062 4810 Dei
3084 4755 3380 4826 juvamine
3407 4773 3634 4827 semper
3662 4757 3844 4812 sensi-

2212 4861 2359 4915 mus,
2388 4848 2445 4900 et
2462 4846 2586 4918 jam
2612 4865 2764 4902 nunc
2788 4848 3064 4904 sentimus
3089 4867 3405 4922 exponere;
3446 4850 3581 4922 quia
3607 4851 3846 4921 quidam

2212 4939 2466 4995 haeretici
2483 4941 2622 4996 dum
2640 4959 2800 4997 suam
2825 4944 3034 4997 malam
3055 4944 3229 4998 ﬁdem
3249 4945 3532 5000 occultare
3551 4945 3845 5013 festinant,

2211 5040 2463 5091 nostram
2487 5034 2548 5088 in
2574 5035 2793 5090 Christo
2820 5035 3170 5107 libertatem,
3213 5042 3268 5093 et
3297 5043 3513 5094 rectam
3539 5039 3714 5094 ﬁdem
3745 5040 3843 5094 de-

2213 5133 2452 5185 trectare
2484 5135 2781 5185 conantur.
2811 5130 3202 5203 Supplicamus
3232 5132 3408 5204 igitur
3441 5138 3694 5188 vestram
3731 5134 3844 5188 cle-

2214 5224 2490 5278 mentiam
2515 5224 3072 5296 sollicitudinemque
3097 5226 3168 5281 de
3190 5227 3440 5298 perfecta
3461 5228 3847 5283 Ecclesiarum

2209 5318 2464 5373 unitione
2503 5321 2823 5373 sanctarum
2867 5319 3082 5375 habere
3113 5320 3344 5388 debere,
3407 5323 3468 5375 ut
3503 5322 3691 5376 unitas
3715 5338 3844 5393 qua

2209 5429 2339 5466 cum
2365 5412 2463 5467 Dei
2489 5412 2639 5468 facta
2662 5413 2833 5469 fuerit
2844 5413 3155 5485 juvamine,
3181 5432 3284 5470 nec
3311 5415 3424 5470 ullo
3451 5415 3721 5488 deinceps
3751 5433 3841 5470 ra-

2208 5507 2487 5575 tionabili,
2519 5513 2616 5563 aut
2639 5508 3016 5564 irrationabili
3046 5509 3355 5565 occasionis
3379 5509 3580 5565 fomite
3622 5511 3841 5583 inquie-

2207 5601 2317 5656 tari
2344 5617 2451 5671 pax
2478 5602 2680 5672 possit;
2713 5603 2860 5657 Deus
2889 5608 3087 5659 autem
3112 5604 3374 5658 omnium
3403 5606 3653 5659 vestrum
3681 5606 3841 5676 pium

2206 5696 2511 5766 adimpleat
2551 5695 2900 5752 desiderium
2943 5698 3002 5754 in
3049 5698 3286 5769 gloriam
3318 5699 3404 5752 sui
3431 5708 3488 5754 et
3513 5699 3842 5771 reipublicae

2207 5789 2582 5859 disciplinam.
