4040 6304
199 318 214 367 l
228 318 332 369 053

1415 311 1886 371 DECRETALIUM
1927 313 2310 372 COLLECTIO.

3416 313 3550 371 1054

773 632 1348 724 INCIPIUNT
1439 633 1962 724 DECRETA
2051 631 2529 725 JOANNIS
2619 631 2982 722 PAPIE.

1571 843 1660 851 εσυ-ς-
1665 843 2064 851 ...ρορ-ιν-υοσ-μ-σ.
2067 844 2110 850 -.σ-
2117 843 2173 850 δο-

263 985 503 1040 ιοΑΝΝεε
537 986 690 1040 urbis
719 988 921 1042 Romae
964 988 1262 1060 episcopus
1304 991 1590 1046 Zxcnanu-z
1631 989 1822 1044 arcbi-
1845 1001 1905 1074 Α
1924 1005 2042 1043 non
2083 993 2250 1043 exeat
2274 988 2614 1059 impunitus,
2644 988 2742 1042 sed
2771 1004 2901 1042 cum
2930 987 3398 1058 multiplicatione
3425 1004 3550 1042 om-

194 1077 462 1149 episcopo
493 1079 751 1134 salutem.

266 1171 455 1242 Exigit
496 1172 718 1227 dilectio
745 1179 860 1242 tua,
887 1175 1066 1230 frater
1090 1176 1443 1247 charissime,
1476 1181 1824 1248 praeceptum

191 1265 516 1336 apostolica:
535 1266 703 1335 sedis,
722 1267 781 1321 in
804 1284 917 1339 quo
936 1269 1170 1323 Patrum
1192 1269 1419 1325 decreta
1439 1271 1822 1338 consentiunt,

192 1358 345 1429 quod
386 1376 492 1414 nec
520 1360 644 1428 tibi,
676 1378 780 1416 nec
811 1362 909 1416 ulli
941 1367 1093 1417 recte
1136 1363 1464 1434 viventium,
1499 1369 1556 1419 et
1584 1365 1822 1420 creden-

193 1451 337 1505 tium
364 1453 719 1508 sacerdotum
764 1471 979 1526 negare
1006 1455 1090 1510 fas
1116 1472 1236 1511 esse
1273 1457 1574 1511 credimus.
1604 1459 1672 1512 Et
1696 1457 1826 1513 licet

193 1545 295 1600 tibi
323 1563 430 1616 pro
457 1547 659 1602 merito
693 1551 751 1602 et
778 1549 997 1604 honore
1043 1550 1341 1605 sacerdotii
1373 1567 1484 1621 quo
1513 1551 1824 1622 plurimum

191 1640 374 1710 polles
401 1640 645 1709 vivendi,
674 1646 731 1696 et
757 1642 995 1698 docendi
1022 1644 1419 1698 ecclesiasticas
1447 1645 1659 1716 regulae
1686 1650 1830 1700 nota‘

193 1733 307 1787 sint
333 1734 544 1804 omnia,
577 1738 768 1790 tamen
799 1737 936 1808 quia
961 1738 1234 1792 Romana:
1264 1738 1524 1794 Ecclesiae
1555 1755 1820 1794 normam

192 1831 364 1899 atque
410 1830 802 1885 auctoritatem
859 1847 1212 1902 magnopere
1264 1833 1560 1903 postulasti
1605 1833 1826 1905 scriptis

193 1921 305 1975 tuis
320 1921 567 1977 breviter
585 1924 933 1994 respondere
954 1925 1296 1980 curavimus.
1320 1927 1397 1980 De
1417 1927 1650 1981 occultis
1669 1927 1824 1981 enim

194 2015 384 2069 cordis
419 2015 591 2071 alieni
625 2019 838 2072 temere
872 2018 1134 2089 judicare
1161 2019 1421 2090 iniquum
1447 2025 1528 2075 est
1559 2037 1572 2074 :
1613 2021 1823 2076 etenim

194 2108 355 2178 cujus
384 2126 498 2163 non
524 2109 788 2165 videntur
812 2127 986 2182 opera
1012 2112 1122 2166 nisi
1155 2113 1308 2167 bona
1344 2118 1711 2184 peccatorum
1741 2117 1827 2168 est

196 2219 260 2256 ex
287 2202 609 2274 suspicione
637 2205 1084 2276 reprehendere.
1118 2207 1260 2262 Oves
1286 2223 1423 2278 ergo
1453 2224 1581 2278 quae
1611 2209 1825 2278 pastori

196 2313 297 2350 suo
323 2296 641 2350 commissae
666 2297 918 2367 fuerunt,
950 2315 1084 2353 eum
1122 2317 1228 2354 nec
1266 2301 1688 2372 reprehendere
1715 2300 1824 2356 nisi

195 2406 227 2443 a
251 2395 403 2445 recta
432 2391 545 2446 fide
576 2391 996 2461 exorbitaverit,
1026 2393 1258 2461 debent,
1287 2399 1342 2448 et
1378 2395 1703 2450 nullatenus
1729 2411 1822 2449 ac-
1844 2371 1900 2444 Β

197 2501 391 2539 cusare
419 2489 683 2556 possunt;
713 2487 846 2557 quia
882 2486 1031 2541 facta
1056 2491 1348 2558 pastorum
1373 2488 1485 2542 oris
1517 2488 1708 2560 gladio
1740 2488 1822 2543 fe-

198 2578 395 2632 rienda
436 2595 550 2633 non
597 2584 747 2646 sunt,
786 2597 1117 2652 quanquam
1160 2585 1316 2636 recte
1356 2582 1824 2652 reprehendenda

197 2671 517 2726 videantur.
551 2672 680 2727 Ideo
700 2673 806 2728 ista
829 2674 1098 2743 dicimus,
1125 2675 1258 2746 quia
1284 2675 1342 2729 in
1375 2675 1597 2747 scriptis
1627 2676 1826 2730 vestris

199 2766 518 2836 reperimus
561 2766 837 2837 quosdam
875 2768 1166 2840 episc0pos
1190 2769 1390 2824 vestris
1426 2769 1484 2822 in
1512 2770 1768 2841 partibus
1794 2787 1828 2824 a

201 2858 440 2930 propriis
467 2859 663 2914 ovibus
685 2865 994 2931 accusatos,
1021 2861 1240 2933 aliquos
1271 2863 1529 2918 videlicet
1556 2880 1626 2917 ex
1654 2863 1829 2934 suspi-

200 2952 385 3019 cione,
416 2954 474 3006 et
503 2953 722 3024 aliquos
749 2970 813 3008 ex
840 2958 992 3008 certa
1030 2955 1249 3010 ratione
1283 2973 1296 3009 :
1332 2960 1387 3010 et
1412 2956 1622 3010 idcirco
1651 2973 1823 3027 quos-

201 3046 327 3099 dam
372 3045 488 3100 suis
528 3062 648 3100 esse
693 3047 860 3102 rebus
908 3048 1271 3118 exspoliatos,
1303 3049 1577 3119 quosdam
1619 3066 1750 3104 vero
1795 3067 1829 3103 a

203 3139 434 3210 propria
487 3140 622 3194 sede
656 3141 865 3211 pulsos.
911 3142 1063 3206 Quos
1106 3142 1244 3196 scias
1288 3159 1393 3196 nec
1431 3144 1504 3196 ad
1545 3143 1828 3214 synodum

201 3233 753 3304 comprovincialem,
769 3251 872 3289 nec
889 3236 956 3290 ad
977 3237 1303 3306 generalem
1316 3253 1478 3307 posse
1492 3253 1825 3303 convocare,

201 3345 302 3382 nec
326 3327 543 3399 aliquid
561 3328 822 3398 judicare
841 3333 1154 3401 antequam
1181 3335 1382 3385 cuncta
1402 3347 1529 3401 quae
1546 3331 1628 3384 eis
1646 3331 1829 3385 ablata

202 3427 333 3476 sunt
370 3421 592 3492 legibus
633 3423 896 3493 potestati
936 3439 1138 3478 eorum
1182 3424 1622 3496 reintegrentur.
1672 3425 1829 3479 Prius

201 3532 338 3585 ergo
366 3520 592 3587 oportet
620 3517 816 3571 omnia
836 3517 929 3570 illa
956 3517 1175 3589 legibus
1201 3517 1561 3590 reintegrari,
1584 3521 1641 3573 et
1661 3519 1830 3573 eccle-

201 3609 308 3664 sias
331 3626 461 3680 qum
492 3610 597 3664 sibi
625 3611 859 3665 sublatae
885 3616 1036 3679 sunt,
1065 3629 1197 3666 cum
1224 3612 1384 3666 omni
1410 3611 1706 3683 privilegio
1729 3630 1828 3666 suo

201 3704 453 3772 restitui;
497 3707 554 3757 et
593 3706 956 3776 postmodum
989 3723 1106 3760 non
1151 3707 1255 3760 sub
1288 3705 1514 3778 angusti
1551 3707 1830 3777 temporis

201 3797 402 3868 spatio,
426 3797 523 3852 sed
543 3802 766 3853 tantum
786 3800 1060 3870 temporis
1091 3800 1340 3871 spatium
1370 3801 1449 3855 eis
1470 3801 1832 3871 indulgeatur

203 3895 483 3963 quantum
511 3893 810 3964 exspoliati
839 3894 924 3948 vel
954 3894 1168 3965 expulsi
1205 3911 1326 3949 esse
1354 3894 1639 3962 videntur,
1667 3900 1829 3949 ante-

203 4003 375 4057 quam
403 3985 477 4040 ad
502 3987 784 4058 synodum
809 3993 1211 4059 convocentur,
1231 3994 1286 4044 et
1305 3989 1375 4042 ab
1403 3989 1666 4043 omnibus
1685 3989 1832 4061 quis-

206 4096 316 4151 que
339 4097 457 4134 suae
485 4080 791 4152 provinciae
812 4081 1086 4153 episcopis
1109 4082 1392 4138 audiatur.
1416 4085 1556 4137 Nam
1578 4100 1684 4138 nec
1703 4100 1833 4138 con-

204 4174 389 4229 vocari
416 4174 488 4228 ad
515 4191 764 4244 causam,
795 4192 898 4230 nec
929 4176 1226 4248 dijudicari
1266 4181 1451 4247 potest
1487 4177 1834 4249 exspoliatus

205 4269 287 4322 vel
309 4269 595 4339 expulsus,
616 4269 749 4340 quia
772 4286 886 4323 non
904 4273 993 4324 est
1010 4269 1370 4342 privilegium
1395 4287 1509 4342 quo
1533 4271 1832 4342 exspoliari

207 4362 382 4432 possit
398 4362 679 4432 nudatus;
706 4363 862 4418 unde
885 4367 943 4417 et
961 4363 1276 4436 antiquitus
1305 4365 1593 4420 decretum
1615 4371 1698 4420 est
1718 4382 1836 4420 om-

207 4472 307 4510 nes
328 4456 729 4526 possessiones,
753 4460 810 4512 et
836 4457 1026 4512 omnia
1052 4436 1157 4512 sibi
1189 4457 1406 4512 sublata
1427 4462 1598 4530 atque
1619 4461 1837 4515 fructus

209 4553 441 4603 cunctos
471 4554 602 4604 ante
632 4550 788 4606 litem
826 4555 1218 4619 contestatam,
1250 4555 1568 4622 praeceptor
1593 4554 1678 4608 vel
1718 4554 1834 4624 pri-

208 4659 331 4697 mas
358 4645 662 4714 possessori
696 4645 974 4700 restituat.
999 4647 1067 4700 Et
1091 4645 1222 4700 alibi
1252 4645 1526 4716 scriptum
1556 4645 1833 4702 habetur:

219 4737 316 4792 Ille
331 4737 429 4808 qui
450 4737 776 4793 violentiam
803 4740 1037 4810 pertulit
1057 4739 1316 4794 universa
1335 4739 1392 4793 in
1418 4742 1567 4793 statu
1589 4757 1702 4811 quo
1722 4741 1840 4796 fue-

211 4835 360 4900 rant,
389 4831 644 4903 recipiat,
681 4838 736 4888 et
775 4850 902 4904 qua:
951 4833 1204 4905 possedit
1247 4849 1474 4889 securus
1512 4837 1720 4889 teneat.
1772 4837 1841 4890 Et

212 4926 347 4980 alibi
373 4925 432 4980 in
458 4926 820 4998 synodalibus
846 4929 1077 4982 Patrum
1108 4928 1368 4994 decretis,
1400 4933 1455 4983 et
1485 4944 1688 4999 regum
1717 4928 1836 4982 edi-

211 5020 317 5074 etis
329 5019 540 5092 legitur
551 5024 825 5075 statutum
844 5038 857 5074 :
874 5022 1012 5077 Rein
1021 5023 1298 5094 tegranda
1307 5025 1438 5077 sunt
1453 5022 1642 5076 omnia
1653 5037 1842 5093 exspo-

1923 1080 2018 1136 nia
2047 1081 2337 1150 restituat;
2372 1083 2524 1136 unde
2561 1087 2616 1136 et
2655 1081 2712 1135 in
2766 1080 3071 1152 Evangelio
3115 1081 3389 1151 scriptum
3426 1085 3550 1135 est:

1927 1195 1954 1226 (ι
1989 1175 2153 1239 Quod
2200 1175 2246 1228 si
2293 1175 2501 1246 aliquid
2549 1175 2898 1243 defraudavi,
2945 1174 3120 1228 reddo
3164 1174 3551 1245 quadruplum

1925 1268 2071 1338 (Luc.
2121 1285 2236 1336 xIx,
2281 1270 2353 1339 8).
2391 1290 2417 1317 ››
2462 1271 2526 1354 Et
2571 1269 2629 1322 in
2677 1268 2899 1348 legibus
2947 1267 3136 1322 saeculi
3182 1273 3412 1322 cautum
3457 1269 3555 1323 ha-

1923 1361 2090 1443 be_tur
2120 1379 2132 1416 :
2164 1362 2270 1426 Qui
2297 1379 2420 1416 rem
2449 1362 2695 1433 subripit
2739 1362 3010 1443 alienam,
3041 1361 3126 1414 illi
3153 1361 3314 1443 cujus
3355 1378 3444 1416 res
3475 1361 3554 1415 di-

1924 1461 2087 1536 repta
2110 1461 2211 1524 est,
2231 1457 2291 1510 in
2306 1457 2692 1535 undecuplum
2715 1455 3084 1536 qugublata
3106 1457 3551 1536 suntlrﬂe’stiyiat,

1925 1527 2786 1604 W
2161 1550 2552 1631 gedivinale
2561 1527 3416 1629 ἷῗικῖἐιῑέὂῖᾱιιῖξᾚὶῶιίε
3455 1527 3551 1620 qn

1923 1644 2197 1698 transfert
2240 1645 2519 1699 terminos
2559 1643 2806 1714 proximi
2847 1644 2955 1698 sui.
2986 1645 3052 1697 Et
3090 1643 3240 1698 dicet
3287 1643 3551 1714 populus,

1923 1739 2101 1791 Amen
2127 1737 2304 1808 (Deut.
2333 1754 2500 1805 xxvn,
2529 1740 2633 1809 l7).
2660 1760 2686 1787 »
2711 1737 2866 1791 Talia
2897 1753 3037 1808 ergo
3062 1753 3177 1790 non
3206 1752 3557 1807 praesuman-

1923 1835 2018 1886 tur
2071 1830 2283 1902 absque
2339 1832 2572 1899 ultione,
2619 1848 2722 1886 nec
2769 1834 3152 1885 exerceantur
3193 1830 3406 1901 absque
3455 1847 3556 1885 sua

1925 1908 2431 2073 damnationeJTu
2481 1942 2635 1993 vero,
2664 1925 2842 1980 frater
2885 1923 3234 1993 charissime,
3271 1924 3389 1978 haec
3430 1923 3554 1978 vide

1925 2034 1996 2072 ne
2041 2023 2302 2073 transgre
2346 2018 2496 2073 laris.
2543 2022 2598 2073 et
2641 2018 2888 2073 relicuos
2932 2019 3224 2073 enisconos
3275 2021 3392 2071 tam
3442 2022 3554 2072 tuae

1923 2034 1996 2072 ne
2041 2018 2496 2089 transgrediaris,
2543 2022 2598 2073 et
2641 2018 2888 2090 reliquos
2932 2019 3224 2088 episcopos
3275 2021 3392 2071 tam
3442 2022 3556 2072 tuae

1924 2127 2076 2166 cura:
2115 2112 2466 2181 commissos,
2513 2116 2571 2167 et
2612 2112 2753 2166 alios
2800 2111 3044 2166 ﬁrmiter
3090 2116 3284 2165 tenere
3333 2111 3554 2176 doceto,

1925 2205 2060 2276 quia
2113 2206 2438 2276 transgredi
2500 2206 2807 2277 apostolica
2868 2207 3073 2260 statuta
3114 2204 3324 2274 absque
3374 2209 3552 2258 trans-

1926 2299 2200 2370 gressoris
2225 2299 2436 2370 gradus
2460 2300 2716 2370 periculo
2741 2299 3061 2353 nullatenus
3086 2301 3345 2369 possunt.
3369 2298 3558 2352 lnimi-

1925 2393 2002 2447 cis
2045 2409 2180 2448 vero
2229 2393 2666 2464 accusatoribus,
2700 2394 2789 2447 vel
2833 2393 2904 2446 de
2949 2391 3170 2446 inimici
3208 2392 3378 2446 domo
3419 2408 3554 2462 pro-

1925 2486 2251 2554 deuntibus,
2284 2503 2379 2541 seu
2411 2487 2510 2558 qui
2540 2503 2670 2541 cum
2697 2486 2943 2540 inimicis
2969 2490 3268 2540 morantur
3294 2501 3411 2540 non
3437 2501 3554 2540 cre-

1925 2580 2112 2648 datur,
2155 2597 2229 2635 ne
2269 2580 2397 2634 irati
2442 2597 2650 2635 nocere
2695 2579 2948 2650 cupiant,
2999 2595 3071 2634 ne
3116 2578 3233 2632 lassi
3277 2595 3337 2632 se
3382 2578 3557 2632 velint

1927 2673 2120 2728 ulcisci
2148 2674 2208 2728 hi
2234 2690 2462 2745 quoque
2501 2673 2796 2744 rejiciendi
2826 2679 2977 2738 sunt,
3013 2689 3130 2727 non
3177 2672 3552 2742 approbandi.

1926 2769 2076 2837 Haec,
2109 2767 2463 2835 charissime,
2508 2771 2659 2836 tene,
2693 2770 2752 2821 et
2795 2767 3085 2838 prohibita
3129 2782 3358 2837 semper
3403 2782 3552 2820 cave.

1927 2861 2071 2916 lllud
2099 2861 2414 2933 adimplere
2444 2861 2625 2928 stude,
2655 2861 2807 2932 quod
2843 2861 2991 2914 bene
3032 2860 3103 2914 ad
3139 2861 3330 2914 Jesum
3375 2859 3556 2913 filium

1927 2955 2140 3026 Syrach
2169 2956 2385 3010 dictum
2415 2961 2499 3010 est
2531 2971 2544 3008 :
2579 2956 2766 3026 Usque
2795 2955 2864 3009 ad
2891 2958 3138 3008 mortem
3167 2957 3317 3008 certa
3335 2970 3438 3025 pro
3461 2971 3556 3007 vc-

1929 3049 2116 3117 ritate,
2150 3055 2214 3124 et
2242 3065 2466 3121 semper
2491 3049 2768 3104 Dominus
2798 3049 2943 3103 Deus
2982 3052 3114 3102 tuus
3138 3047 3417 3118 pugnabit
3453 3065 3558 3118 pro

1927 3148 2006 3198 te.
2039 3144 2213 3214 Hujus
2245 3161 2384 3214 ergo
2412 3143 2493 3198 rei
2524 3143 2702 3215 gratia
2730 3143 2888 3197 vobis
2914 3145 2972 3196 et
3001 3142 3160 3196 nobis
3186 3145 3381 3196 sancta
3405 3158 3556 3196 com-

1929 3237 2102 3292 missa
2161 3242 2247 3291 est
2289 3238 2552 3305 Ecclesia,
2599 3241 2663 3290 ut
2708 3253 2812 3307 pro
2860 3236 3122 3290 omnibus
3169 3236 3458 3290 laboribus
3505 3243 3562 3290 et

1929 3331 2146 3385 cunctis
2180 3347 2346 3402 opem
2375 3333 2526 3385 ferre
2553 3347 2671 3385 non
2703 3329 3095 3401 negligamus;
3126 3329 3396 3400 quoniam
3424 3330 3562 3383 dum

1927 3424 2090 3478 fortis
2121 3427 2371 3478 armatus
2397 3424 2642 3478 custodit
2682 3424 2892 3478 atrium
2938 3439 3130 3491 suum,
3160 3421 3219 3476 in
3247 3439 3385 3493 pace
3427 3431 3561 3476 sunt

1931 3518 2121 3572 omnia
2151 3534 2277 3588 quae
2309 3517 2577 3589 possidet.
2612 3517 2860 3588 Ideoque
2905 3519 3064 3570 tanta
3088 3519 3334 3588 urgente
3360 3533 3558 3571 neces-

1929 3612 2092 3666 sitate
2119 3628 2481 3683 summopere
2508 3616 2693 3666 vestra
2732 3609 3160 3682 apostolicaque
3204 3610 3558 3677 auctoritate,

1930 3710 1988 3760 et
2030 3705 2278 3776 reliquos
2321 3705 2617 3776 episcopos
2669 3707 2899 3775 oportet
2945 3703 3256 3774 reprimere
3306 3703 3558 3772 infestos,

1930 3801 2180 3854 relevare
2218 3815 2536 3871 oppressos,
2565 3804 2631 3854 ut
2665 3798 2880 3870 absque
2926 3797 3085 3869 gravi
3118 3797 3358 3852 Domino
3399 3799 3558 3852 auxi-

1931 3893 2106 3948 liante
2123 3893 2480 3963 difficultate,
2498 3893 2606 3964 ipsi
2629 3894 2922 3964 gratanter
2943 3891 3102 3947 omni
3121 3897 3378 3963 tempore
3399 3892 3564 3947 sacri-

1930 3988 2101 4042 ﬁcare
2143 4003 2474 4042 mereamur
2503 3987 2680 4042 illaasi.
2713 3986 2796 4041 Ad
2842 4003 2938 4041 vos
2975 4002 3199 4058 quoque
3235 4003 3327 4041 me
3359 3987 3565 4041 reverti

1932 4082 2085 4152 cogit
2110 4081 2382 4153 propositi
2407 4081 2595 4152 operis
2613 4080 2798 4135 amica
2818 4080 3094 4148 conditio,
3120 4081 3219 4152 qui
3239 4081 3565 4136 melioribus

1933 4176 2208 4230 hactenus
2231 4192 2406 4246 opera
2425 4175 2575 4229 volui
2603 4191 2813 4230 novare
2841 4174 3218 4242 sermonibus,
3234 4172 3377 4229 dum'
3393 4177 3562 4230 talem

1933 4269 2218 4324 rationem
2239 4269 2417 4339 exigit
2443 4269 2690 4323 toxicata
2706 4269 3032 4336 necessitas,
3050 4267 3306 4322 mandati
3329 4269 3566 4323 caelestis

1934 4362 2211 4418 habitatio
2237 4379 2340 4416 nos
2381 4366 2481 4416 aut
2510 4362 2728 4431 miscet,
2763 4367 2865 4416 aut
2908 4365 3165 4432 separat;
3194 4377 3302 4416 nec
3331 4361 3566 4417 interest

1935 4475 2062 4530 quae
2107 4456 2400 4511 intervalla
2445 4471 2547 4510 nos
2596 4460 2920 4527 segregent,
2954 4455 3002 4510 si
3049 4472 3162 4509 una
3202 4455 3263 4510 in
3303 4471 3566 4527 supernae

1937 4551 2248 4607 mansionis
2288 4551 2440 4605 clave
2471 4549 2822 4616 retinentur;
2854 4566 2961 4604 nec
2991 4549 3152 4604 vobis
3191 4550 3333 4605 tales
3360 4566 3567 4606 nocere

1937 4647 2263 4716 maluerint,
2287 4645 2335 4699 si
2359 4644 2606 4700 invicem
2627 4643 2976 4715 adjutorium
2998 4644 3184 4699 facere
3209 4661 3323 4699 non
3343 4644 3568 4700 distule-

1937 4741 2059 4797 ritis
2095 4758 2107 4796 :
2147 4738 2474 4795 inauditum
2531 4737 2684 4792 enim
2740 4754 2920 4809 genus
2974 4739 3251 4809 sacrilegii
3293 4742 3380 4794 est
3415 4742 3568 4812 quod

1939 4835 2196 4890 mentita:
2216 4833 2507 4905 religionis
2526 4833 2802 4888 honorem
2830 4831 3051 4905 praeﬁxi
3073 4833 3268 4888 aemuli
3288 4834 3566 4891 colorant.

1941 4929 2285 4984 Dehonestat
2335 4928 2492 4984 enim
2536 4927 2843 4984 venerandi
2888 4927 3272 4982 reverentiam
3319 4929 3569 4984 nominis

1941 5023 2037 5093 qui
2066 5023 2388 5094 adjutorem
2419 5039 2478 5078 se
2508 5023 2570 5078 in
2605 5021 2694 5076 his
2721 5038 2850 5094 qua:
2887 5022 2945 5076 in
2975 5022 3150 5076 Deum
3179 5022 3377 5093 jactat,
3408 4993 3609 5098 (δοίη-ί

213 5113 361 5168 liatis
386 5115 474 5169 vel
502 5114 694 5185 ejectis
715 5115 1014 5188 episcopis,
1037 5116 1468 5188 praesentialiter
1489 5115 1844 5170 ordinatione
1863 5118 1922 5191 D
1944 5117 2117 5171 missa
2142 5117 2460 5188 pollicetur.
2491 5115 2861 5173 Contumelia:
2887 5131 3067 5187 genus
3093 5119 3178 5171 est
3201 5118 3366 5189 quasi
3393 5117 3452 5173 in
3479 5136 3569 5175 so-

215 5207 574 5278 pontiﬁcum,
604 5214 661 5264 et
684 5209 743 5263 in
773 5226 973 5264 eorum
1002 5212 1155 5266 unde
1183 5211 1575 5266 abscesserunt
1597 5214 1840 5282 potesta-

215 5305 337 5355 tem
356 5301 614 5357 funditus
640 5305 979 5371 revocanda,
1003 5322 1340 5378 quacunque
1362 5303 1686 5360 conditione
1706 5307 1846 5359 tem-

213 5394 385 5466 poris,
407 5401 506 5450 aut
530 5397 680 5467 dolo,
704 5401 801 5452 aut
825 5398 1170 5469 captivitate,
1193 5403 1290 5455 aut
1315 5399 1520 5454 virtute
1544 5399 1843 5469 majorum,

216 5494 316 5544 aut
355 5506 460 5560 per
504 5507 873 5562 quascunque
922 5492 1160 5563 injustas
1206 5510 1419 5561 causas,
1456 5509 1545 5548 res
1587 5492 1845 5548 Ecclesia:

217 5583 303 5638 vel
325 5583 605 5656 proprias,
628 5589 724 5640 aut
746 5585 1093 5640 substantias
1119 5603 1247 5640 suas
1272 5586 1588 5658 perdidisse
1611 5603 1849 5642 noscun-

217 5680 330 5748 tur,
353 5681 486 5733 ante
514 5679 950 5749 accusationem,
978 5683 1076 5734 aut
1105 5680 1434 5750 regularem
1463 5681 1534 5736 ad
1563 5681 1848 5753 synodum

219 5771 573 5828 vocationem
605 5790 825 5844 eorum,
849 5779 904 5829 et
928 5773 1165 5846 reliqua.
1195 5776 1291 5830 Est
1314 5775 1488 5830 etiam
1512 5775 1571 5830 in
1601 5776 1851 5848 antiquis

223 5866 478 5922 Ecclesiae
533 5868 754 5922 statutis
799 5867 1108 5936 decretum,
1138 5870 1199 5922 ut
1240 5869 1337 5941 qui
1381 5869 1567 5924 aliena
1610 5869 1847 5938 invadit,

1942 5210 2078 5264 latio
2103 5227 2226 5266 esse
2251 5211 2482 5266 sublimi
2503 5213 2672 5283 juxta
2694 5211 3025 5283 Apostolum
3048 5227 3060 5265 :
3094 5232 3121 5260 ‹‹
3148 5211 3228 5265 Tu
3253 5211 3352 5283 qui
3379 5229 3439 5268 es
3472 5215 3572 5286 qui

1937 5303 2160 5374 judicas
2200 5304 2454 5359 alienum
2497 5307 2814 5361 servum?»
2845 5303 2990 5370 Quid
3031 5304 3264 5360 auribus
3292 5306 3574 5378 imperitis

1943 5397 2190 5452 illudunt
2219 5401 2277 5452 et
2306 5398 2626 5468 graviorem
2654 5401 2919 5455 vindictae
2952 5400 3194 5472 speciem
3215 5400 3431 5455 faciunt
3453 5418 3575 5458 esse

1945 5507 2116 5562 quam
2131 5492 2311 5562 culpas
2323 5492 2350 5545 ἵ
2365 5491 2422 5546 Si
2436 5491 2634 5546 odium
2657 5494 2892 5562 habent,
2909 5494 3228 5550 excessibus
3242 5495 3572 5552 emendent.

1945 5587 2057 5640 Cur
2087 5601 2223 5656 ergo
2251 5583 2486 5638 liberius
2511 5585 2904 5644 condemnant
2930 5589 3141 5644 scelera
3161 5605 3335 5660 quam
3361 5589 3576 5646 vitent?

1947 5679 2043 5734 Sui
2071 5679 2324 5751 profecto
2351 5677 2724 5750 impugnator
2747 5684 2832 5734 est
2859 5682 3047 5736 omnis
3071 5683 3167 5754 qui
3205 5685 3397 5740 Patres
3425 5683 3572 5740 inse-

1948 5775 2164 5848 quitur,
2196 5776 2296 5829 aut
2319 5773 2620 5829 detrahere
2649 5790 2763 5828 non
2802 5774 3097 5830 formidat.
3130 5777 3278 5832 Nihil
3312 5783 3398 5834 est
3425 5780 3577 5854 enim

1951 5870 2308 5925 inimicorum
2338 5868 2396 5923 in
2438 5885 2551 5942 quo
2594 5868 2705 5922 tela
2746 5867 2984 5922 Domino
3011 5884 3178 5937 opem
3212 5871 3428 5929 ferente
3458 5891 3575 5930 non
