4040 6342
445 358 579 408 {0355

1333 353 1618 410 APPEND.
1661 353 1748 408 AD
1784 353 1946 409 SEC.
1989 352 2075 406 IX.
2107 381 2175 392 -
2215 351 2457 410 ISIDOBI
2496 351 2919 411 MERCATORIS

3673 353 3810 404 l05ti

433 477 702 533 superare
758 462 1004 528 valeatis,
1050 462 1095 515 si
1143 461 1308 532 juxta
1354 462 1602 517 veritatis
1651 477 1850 516 vocem
1902 460 2076 515 talem
2098 473 2281 546 Aper
2308 463 2519 517 multas
2547 461 2861 534 gratiarum
2889 460 3160 530 actiones,
3187 458 3439 514 abundet
3481 459 3539 512 in
3567 458 3812 529 gloriam

437 555 662 626 qualem
711 555 986 610 Dominus
1029 555 1320 626 praecepit,
1351 555 1664 611 habueritis
1710 555 2074 610 dilectionem
2178 555 2371 630 263
2400 557 2520 610 Dei.
2551 559 2786 627 Propter
2811 555 2965 626 quod
2995 571 3112 609 non
3141 553 3453 622 deﬁcimus,
3477 553 3573 606 sed
3602 553 3735 606 licet
3763 551 3812 605 is

437 649 508 702 ad
547 649 812 702 invicem.
845 650 983 702 Data
1027 665 1095 702 xv
1126 649 1406 703 Kalendas
1452 648 1805 714 Novembris,
1838 649 2074 702 Maximo

437 747 492 795 et
517 742 728 796 Olibrio
763 743 827 795 IV
854 742 1196 796 consulibus.

649 836 738 890 Ad
762 838 1036 906 episcopos
1072 836 1249 892 Italiae
1274 837 1340 890 dc
1373 836 1691 891 Thcodorico
1717 852 1859 906 rege.

505 929 753 982 Joannes
784 927 1079 999 episcopus
1117 929 1381 983 omnibus
1411 946 1515 999 per
1542 929 1857 1000 provincias
1910 927 2077 983 Italiae

437 1021 758 1076 constitutis
791 1023 1073 1093 episcopis
1104 1022 1161 1076 in
1192 1023 1436 1077 Domino
1467 1023 1726 1078 salutem.

510 1115 832 1185 Saepissime
856 1117 1034 1171 multo
1053 1115 1178 1186 jam
1208 1115 1607 1187 experimento
1630 1114 1796 1170 didici
1821 1119 2078 1170 sanctum

434 1209 657 1280 pietatis
678 1212 878 1263 vestrae
893 1209 1148 1264 studium
1165 1210 1314 1264 circa
1336 1208 1675 1280 religionem
1695 1208 2077 1265 Christianam

437 1302 692 1372 gloriosis
750 1319 1024 1369 crescere,
1069 1308 1125 1358 et
1173 1301 1398 1358 dilatari
1439 1303 1793 1372 augmentis;
1843 1305 1900 1357 et
1941 1301 2078 1356 ﬁdes

438 1401 590 1450 recta
617 1412 744 1466 quae
781 1413 896 1450 non
923 1397 1104 1450 solum
1136 1413 1254 1463 me,
1288 1395 1387 1451 sed
1413 1413 1611 1450 omnes
1639 1395 1861 1450 Domini
1891 1411 2076 1448 sacer-

433 1491 594 1543 dotes
622 1490 945 1544 consolatur
982 1496 1038 1545 et
1078 1491 1324 1557 roborat,
1365 1490 1564 1545 vestris
1605 1489 1664 1543 in
1697 1490 1982 1544 mentibus
2023 1492 2080 1542 et

435 1584 701 1652 operibus
729 1600 832 1654 per
863 1584 1223 1638 sacerdotale
1251 1584 1580 1654 agnoscitur
1613 1599 1774 1654 opus,
1807 1587 1864 1637 et
1889 1583 2079 1636 dilata-

437 1681 547 1729 tur.
577 1678 954 1747 Quapropter,
982 1677 1212 1745 fratres,
1243 1678 1444 1731 hortor
1463 1693 1584 1746 vos,
1615 1680 1671 1731 et
1702 1692 1907 1731 moneo
1938 1693 2076 1730 con-

2175 653 2272 722 qui
2301 651 2440 705 foris
2468 655 2571 717 est,
2602 654 2794 704 noster
2819 649 2993 704 homo
3025 651 3369 719 corrumpat,
3391 651 3580 701 tamen
3612 646 3677 714 is,
3710 645 3811 716 qui

2178 746 2329 800 intus
2359 747 2462 814 est,
2489 748 2796 798 renovatur
2823 742 2893 797 de
2921 742 3010 797 die
3031 742 3090 796 in
3112 741 3286 810 diem,
3304 741 3361 794 id
3389 740 3542 795 enim
3563 740 3718 812 quod
3749 740 3810 794 in

2176 839 2443 911 praesenti
2471 841 2554 892 est
2582 841 3048 892 momentaneum
3081 837 3273 890 etleve
3303 834 3684 889 tribulationis
3713 851 3813 888 no-

2177 939 2306 988 stra:
2335 949 2505 1004 supra
2537 931 2780 986 modum
2811 930 2871 984 in
2901 929 3251 984 sublimitate
3297 934 3577 983 zeternum
3609 929 3812 999 gloria:

2178 1026 2400 1098 pondus
2425 1031 2698 1097 operatur
2718 1025 2775 1079 in
2795 1023 2974 1091 nobis,
2998 1041 3117 1078 non
3135 1021 3656 1093 contemplantibus
3677 1038 3810 1093 quae

2177 1121 2458 1191 videntur,
2511 1120 2612 1174 sed
2669 1136 2796 1190 quae
2851 1135 2968 1173 non
3017 1117 3296 1172 videntur.
3353 1117 3488 1181 Quae
3538 1117 3814 1170 videntur

2179 1216 2358 1282 enim,
2389 1213 2727 1284 temporalia
2755 1215 2922 1266 sunt:
2959 1228 3087 1283 quae
3117 1214 3310 1265 autem
3360 1227 3471 1265 non
3516 1211 3809 1274 videntur,

2178 1314 2390 1365 (eterna
2432 1313 2564 1363 sunt
2606 1308 2678 1376 (Π
2720 1307 2839 1361 Cor.
2881 1323 2955 1375 1v,
3005 1307 3178 1372 1-18).
3222 1300 3254 1354 ››’
3299 1328 3325 1354 ‹‹
3377 1305 3595 1360 Scimus
3648 1306 3806 1359 enim

2179 1403 2449 1476 quoniam
2479 1403 2525 1455 si
2550 1400 2828 1456 terrestris
2857 1401 3059 1455 domus
3087 1403 3280 1454 nostra
3305 1400 3477 1470 hujus
3502 1399 3813 1454 habitatio-

2181 1498 2266 1552 nis
2293 1497 2649 1564 dissolvatur,
2681 1495 2829 1567 quod
2875 1511 2943 1549 ex
2988 1495 3102 1548 Deo
3151 1494 3582 1549 mdiﬁcationem
3629 1493 3807 1548 habe-

2182 1609 2330 1660 mus,
2343 1591 2574 1646 domum
2592 1607 2707 1644 non
2726 1589 3388 1644 manufactammternam
3404 1589 3458 1643 in
3474 1589 3646 1643 ccelis.
3662 1589 3806 1642 Nam

2179 1692 2233 1741 et
2258 1687 2317 1740 in
2345 1687 2450 1740 hoc
2477 1684 2900 1756 ingemiscimus
2929 1684 3340 1739 habitationem
3367 1689 3642 1749 nostram,
3677 1700 3812 1754 qua!

439 1777 524 1824 ira
568 1769 840 1824 Ατίδηδω
890 1770 1192 1840 Perﬁdiam
1235 1787 1362 1841 qum
1408 1771 1547 1825 δῙίῐΠ
1598 1787 1710 1824 non
1756 1769 1952 1837 semel,
1983 1769 2139 1850 58d_
2180 1781 2249 1836 de
2284 1781 2423 1834 ccelo
2457 1784 2557 1846 est,
2592 1779 2927 1850 superindui
2967 1779 3299 1850 cupientes:
3331 1778 3376 1832 si
3403 1782 3594 1832 tamen
3623 1777 3809 1831 vestiti

436 1879 587 1933 saepe
620 1862 894 1917 damnata
925 1865 1028 1932 BSt,
1064 1869 1120 1918 et
1151 1864 1319 1918 modo
1347 1864 1405 1917 in
1431 1863 1777 1935 quibusdam
1800 1847 2155 1918 FCViViSCitB
2181 1879 2378 1929 etnon
2414 1874 2552 1929 nudi
2576 1873 2954 1928 inveniamur.
2989 1873 3129 1927 Nam
3162 1878 3219 1927 et
3381 1889 3576 1927 sumus
3608 1871 3668 1924 in
3700 1872 3809 1924 hoc

435 1956 643 2010 armari
674 1957 866 2026 gladio
903 1957 1148 2028 Spiritus
1178 1958 1376 2026 sancti,
1407 1962 1468 2011 ut
1489 1974 1615 2011 eam
1643 1956 2077 2011 adminiculante

437 2050 627 2104 divina
659 2051 868 2121 gratia,
903 2050 1228 2121 opprimere
1261 2054 1318 2104 et
1341 2050 1656 2121 exstirpare
1686 2051 1991 2120 valeamus,
2016 2053 2078 2104 ut

439 2160 544 2198 nec
587 2144 744 2198 radix
796 2144 918 2214 ejus
965 2143 1022 2197 in
1075 2149 1363 2214 posterum
1412 2145 1755 2201 inveniatur.
1804 2143 2077 2198 Ecclesias

437 2254 568 2292 vero
617 2237 958 2293 Arianorum
1013 2238 1341 2309 ubicunque
1396 2236 1722 2292 inveneritis
1772 2238 2077 2292 catholicas

440 2347 535 2387 eas
565 2331 770 2385 divinis
803 2331 1063 2400 precibus
1105 2335 1160 2386 et
1204 2330 1470 2402 operibus
1512 2331 1724 2402 absque
1773 2331 1887 2384 ulla
1919 2347 2078 2385 mora

441 2430 787 2492 consecrate,
817 2424 950 2496 quia
995 2429 1050 2480 et
1079 2440 1182 2478 nos
1227 2425 1454 2496 quando
1500 2425 1718 2480 fuimus
1753 2424 2072 2482 Constanti-

441 2519 630 2590 nopoli
658 2523 776 2573 tam
808 2517 1089 2589 religione
1114 2518 1393 2574 catholica
1422 2535 1596 2590 quam
1630 2524 1687 2574 et
1712 2519 1864 2590 regis
1892 2518 2073 2573 Theo-

439 2612 612 2667 derici
659 2629 825 2667 causa
874 2612 1151 2667 suadente
1194 2615 1364 2684 atque
1408 2613 1681 2667 hortante
1729 2612 2077 2684 Arianosque

447 2707 796 2777 exstirpante
846 2705 1102 2777 piissimo
1143 2709 1317 2777 atque
1353 2705 1834 2761 Christianissimo
1879 2705 2074 2774 justis-

439 2800 582 2855 simo
607 2799 831 2855 Iustino
859 2799 1176 2854 orthodoxe
1207 2799 1588 2870 imperatore,
1623 2816 1987 2871 quascunque
2017 2799 2076 2854 in

439 2893 694 2966 partibus
724 2892 998 2947 Ecclesias
1027 2893 1280 2964 reperire
1305 2892 1604 2964 potuimus
1617 2893 1950 2966 ,catholicas,
1981 2909 2077 2947 eas

443 2987 686 3042 Domino
717 3001 887 3057 opem
910 2986 1132 3041 ferente
1160 2986 1721 3058 consecravimus.\Et
1745 3002 2075 3058 quanquam

443 3080 749 3152 praedictus
778 3078 1164 3134 Theodericus
1205 3095 1305 3132 rex
1336 3094 1540 3134 eorum
1585 3083 1743 3150 peste
1770 3081 1956 3134 tactus
1986 3079 2075 3133 in-

443 3173 722 3228 trinsecus
763 3175 820 3227 et
849 3171 1166 3242 obvolutus,
1200 3171 1552 3227 extrinsecus
1596 3188 1698 3226 nos
1741 3177 1799 3227 et
1843 3188 2076 3227 omnem

440 3267 740 3338 regionem
769 3269 1024 3321 nostram
1054 3266 1298 3338 perdere
1333 3271 1390 3321 et
1417 3266 1608 3337 gladio
1629 3271 1686 3322 et
1710 3265 1843 3338 igne
1875 3283 2078 3322 consu-

441 3378 598 3417 mere
631 3361 898 3416 minetur.
930 3360 1113 3414 Nolite
1142 3364 1338 3414 tamen
1366 3365 1670 3432 propterea
1697 3361 1957 3428 deﬁcere,
1978 3361 2075 3416 sed

439 3455 680 3511 viriliter
731 3455 791 3508 in
845 3470 983 3526 agro
1036 3454 1327 3509 Dominico
1374 3454 1662 3509 elaborare
1707 3455 1947 3524 studete,
1999 3459 2073 3522 et,

431 3551 595 3621 juxta
623 3548 886 3604 Veritatis
915 3564 1132 3615 vocem,
1171 3571 1195 3597 ‹‹
1231 3548 1402 3602 nolite
1433 3549 1630 3602 timere
1661 3565 1755 3603 eos
1795 3549 1894 3620 qui
1929 3549 2075 3603 occi-

442 3644 586 3698 dunt
615 3659 838 3714 corpus,
871 3643 1126 3697 animam
1159 3647 1349 3697 autem
1377 3659 1496 3696 non
1528 3647 1767 3712 possunt
1795 3641 2075 3710 occidere,

443 3739 536 3793 sed
564 3736 752 3808 potius
781 3753 913 3791 eum
938 3736 1132 3792 timete
1167 3737 1266 3807 qui
1294 3739 1486 3808 potest
1512 3736 1764 3791 animam
1793 3741 1850 3791 et
1877 3753 2078 3808 corpus

443 3831 668 3886 mittere
683 3831 741 3885 in
759 3831 1086 3902 gehennam
1103 3830 1317 3899 (Matth.
1338 3849 1388 3897 x,
1407 3829 1520 3901 28),
1539 3849 1566 3881 »
1589 3833 1645 3884 et
1662 3830 1927 3901 egregius
1944 3847 2079 3901 gen-

445 3926 592 3980 tium
619 3925 922 3994 Apostolus
947 3923 1134 3994 inquit
1165 3941 1177 3977 :
1206 3925 1331 3978 Non
1358 3923 1513 3978 enim
1543 3924 1916 3994 nosmetipsos
1937 3940 2080 3994 prai-

447 4019 722 4085 dicamus,
753 4017 848 4070 sed
875 4019 1066 4071 Jesum
1097 4015 1386 4071 Christum
1425 4017 1730 4070 Dominum
1767 4022 2027 4071 nostrum
2060 4035 2073 4071 :

446 4129 552 4168 nos
576 4114 767 4164 autem
799 4126 990 4164 servos
1017 4113 1230 4164 vestros
1258 4126 1362 4180 per
1389 4111 1603 4180 Jesum,
1636 4110 1912 4182 quoniam
1932 4113 2079 4165 Deus

445 4205 544 4278 qui
581 4204 723 4260 dixit
748 4204 818 4258 de
849 4203 1102 4260 tenebris
1135 4204 1333 4258 lumen
1365 4203 1781 4274 splendescere,
1803 4205 1988 4259 illuxit
2017 4205 2076 4258 in

447 4300 709 4355 cordibus
751 4297 962 4354 nostris
1000 4298 1071 4353 ad
1109 4298 1594 4355 illuminationem
1633 4298 1879 4354 scientiae
1909 4299 2076 4354 clari-

450 4395 575 4450 tatis
623 4395 722 4449 Dei
763 4393 823 4448 in
873 4393 1075 4449 faciem
1114 4393 1320 4450 Christi
1363 4394 1837 4486 Jesui‘Habemus
1886 4399 2078 4449 autem

447 4490 785 4545 thesaurum
830 4487 1023 4556 istum,
1055 4487 1114 4541 in
1156 4487 1300 4541 vasis
1344 4486 1611 4542 ﬁctilibus
1655 4492 1720 4542 ut
1761 4487 2080 4543 sublimitas

2096 3221 2152 3295 C

2178 1969 2566 2035 tabernaculo,
2580 1967 3008 2038 ingemiscimus
3031 1967 3266 2038 gravati,
3283 1984 3348 2021 eo
3364 1966 3515 2038 quod
3534 1965 3812 2020 nolumus

2178 2063 2425 2135 spoliari,
2452 2063 2552 2117 sed
2579 2062 2958 2134 supervestiri,
2994 2064 3055 2116 ut
3079 2061 3449 2116 absorbeatur
3472 2061 3622 2132 quod
3651 2077 3809 2114 mor-

2177 2159 2288 2212 tale
2314 2161 2416 2225 est,
2447 2174 2480 2211 a
2508 2157 2642 2211 vita.
2686 2156 2790 2220 Qui
2835 2159 3028 2211 autem
3055 2155 3228 2210 efﬁcit
3259 2172 3363 2209 nos
3392 2155 3452 2208 in
3478 2155 3585 2209 hoc
3614 2153 3810 2225 ipsum

2178 2253 2342 2321 Deus,
2371 2250 2468 2322 qui
2496 2250 2654 2306 dedit
2683 2251 2843 2305 nobis
2872 2250 3082 2321 pignus
3116 2249 3368 2320 spiritus.
3392 2249 3683 2304 Audentes
3704 2247 3814 2318 igi-

2177 2351 2270 2400 tur
2296 2360 2521 2416 semper
2549 2347 2607 2398 et
2633 2343 2894 2410 scientes,
2923 2343 3197 2415 quoniam
3224 2343 3362 2397 dum
3393 2359 3587 2396 sumus
3611 2342 3671 2396 in
3699 2342 3812 2396 hoc

2176 2455 2411 2509 corpore
2448 2437 2885 2510 peregrinamur
2919 2453 2952 2491 a
2991 2436 3248 2491 Domino.
3296 2439 3401 2492 Per
3432 2436 3604 2490 ﬁdem
3652 2436 3813 2491 enim

2179 2533 2556 2601 ambulamus,
2580 2535 2638 2586 et
2660 2549 2777 2587 non
2807 2547 2910 2603 per
2935 2532 3202 2602 speciem.
3226 2530 3516 2586 Audemus
3535 2535 3728 2586 autem
3753 2533 3815 2584 et

2177 2627 2388 2682 bonam
2431 2628 2784 2681 voluntatem
2833 2625 3109 2680 habemus
3153 2624 3336 2695 magis
3374 2625 3734 2696 peregrinari
3781 2635 3854 2678 a'

2176 2736 2436 2792 corpore,
2468 2724 2526 2775 et
2551 2723 2861 2791 praesentes
2905 2735 3028 2774 esse
3059 2719 3132 2773 ad
3164 2719 3373 2787 Deum;
3403 2723 3460 2773 et
3495 2717 3625 2772 ideo
3667 2735 3814 2772 con-

2176 2813 2486 2881 tendimus,
2520 2813 2632 2869 sive
2670 2814 2952 2882 absentes,
2983 2813 3097 2867 sive
3127 2816 3440 2884 praesentes
3480 2811 3704 2883 placere
3732 2811 3814 2868 ei.

2177 2908 2388 2963 Omnes
2415 2908 2570 2962 enim
2601 2923 2708 2962 nos
2741 2907 3102 2962 manifestari
3132 2908 3356 2978 oportet
3392 2909 3526 2960 ante
3556 2905 3814 2961 tribunal

2177 3001 2404 3070 Christi,
2459 3005 2524 3055 ut
2571 3000 2782 3056 referat
2835 3000 3225 3072 unusquisque
3274 3000 3501 3072 propria
3554 3000 3818 3070 corporis

2175 3097 2346 3167 prout
2374 3095 2563 3165 gessit,
2585 3094 2697 3149 sive
2726 3093 2961 3163 bonum,
2993 3094 3109 3147 sive
3136 3093 3377 3148 malum.
3401 3093 3648 3149 Scientes
3667 3109 3815 3164 ergo

2177 3189 2447 3243 timorem
2486 3175 2708 3242 Domini
2739 3187 3072 3242 hominibus
3113 3187 3440 3256 suademus,
3472 3187 3585 3241 Deo
3614 3188 3818 3241 autem

2178 3281 2464 3336 manifesti
2492 3298 2710 3336 sumus.
2739 3281 2914 3352 Spero
2945 3284 3140 3336 autem
3167 3286 3223 3335 et
3251 3281 3309 3334 in
3341 3279 3696 3336 conscientiis
3722 3297 3820 3334 ve-

2177 3376 2306 3430 stris
2331 3375 2660 3430 manifestos
2681 3391 2783 3430 nos
2815 3391 2959 3430 esse.
2988 3375 3110 3430 Non
3140 3374 3348 3430 iterum
3381 3391 3482 3429 nos
3511 3391 3817 3430 commen-

2179 3470 2382 3524 damus
2403 3470 2578 3535 vobis,
2603 3469 2701 3523 sed
2729 3469 3089 3524 occasionem
3113 3469 3318 3524 damus
3343 3469 3500 3524 vobis
3529 3469 3818 3539 gloriandi

2177 3581 2280 3635 pro
2305 3564 2487 3631 nobis,
2515 3569 2577 3618 ut
2607 3564 2858 3620 habeatis
2883 3564 2952 3618 ad
2978 3579 3074 3618 eos
3099 3564 3194 3634 qui
3222 3564 3281 3618 in
3301 3563 3439 3618 facie
3464 3563 3816 3634 gloriantur,

2178 3662 2234 3713 et
2257 3675 2374 3712 non
2403 3657 2460 3711 in
2503 3659 2704 3727 corde;
2736 3659 2850 3712 sive
2881 3657 3035 3712 enim
3068 3661 3260 3712 mente
3292 3656 3639 3726 excedimus,
3671 3657 3816 3726 Deo,

2177 3751 2291 3805 sive
2329 3750 2503 3806 sobrii
2544 3769 2758 3818 sumus,
2787 3751 2966 3806 vobis.
2998 3751 3254 3808 Charitas
3290 3751 3444 3805 enim
3473 3750 3680 3806 Christi
3711 3768 3816 3805 ur-

2181 3849 2275 3917 get
2299 3862 2421 3914 nos,
2453 3847 2805 3900 aestimantes
2834 3847 2963 3912 hoc,
2993 3845 3264 3916 quoniam
3293 3845 3340 3899 si
3372 3862 3520 3898 unus
3544 3862 3650 3916 pro
3683 3862 3815 3900 om-

2177 3939 2342 3994 nibus
2371 3945 2632 3993 mortuus
2660 3943 2764 4006 est,
2795 3957 2931 4011 ergo
2969 3956 3168 3995 omnes
3214 3939 3426 3994 mortui
3472 3942 3625 4008 sunt,
3663 3942 3727 3993 ut
3759 3943 3819 3993 et

2179 4033 2276 4103 qui
2303 4032 2518 4101 vivunt,
2542 4033 2665 4104 jam
2690 4050 2808 4088 non
2835 4033 2939 4088 sibi
2971 4017 3183 4102 vivant,
3212 4033 3308 4088 sed
3339 4033 3389 4087 ei
3424 4032 3520 4105 qui
3546 4049 3650 4104 pro
3675 4033 3818 4104 ipsis

2179 4129 2436 4180 mortuus
2465 4130 2566 4191 est,
2593 4132 2649 4180 et
2680 4127 3010 4182 resurrexit.
3043 4130 3233 4199 Itaque
3264 4144 3368 4182 nos
3397 4143 3461 4182 ex
3489 4127 3595 4182 hoc
3625 4128 3814 4181 nemi-

2179 4237 2312 4274 nem
2336 4221 2459 4291 jam
2488 4221 2750 4276 novimus
2781 4223 3093 4276 secundum
3132 4237 3380 4288 carnem,
3409 4223 3465 4275 et
3491 4221 3536 4274 si
3572 4221 3818 4292 agnovi-

2179 4331 2306 4369 mus
2331 4315 2643 4369 secundum
2669 4332 2897 4370 carnem
2928 4315 3232 4382 Christum,
3257 4315 3354 4369 sed
3386 4331 3536 4369 nunc
3548 4315 3675 4385 jam
3699 4331 3821 4370 non

2178 4408 2458 4464 novimus.
2489 4410 2540 4463 Si
2573 4425 2687 4480 qua
2713 4426 2848 4480 ergo
2892 4410 2954 4466 in
2978 4410 3198 4466 Christo
3228 4426 3373 4464 nova
3403 4412 3685 4480 creatura,
3718 4425 3818 4464 ve-

2180 4508 2304 4557 tera
2331 4503 2700 4572 transierunt,
2726 4520 2852 4558 ecce
2879 4504 3030 4559 facta
3051 4506 3182 4557 sunt
3209 4503 3405 4559 omnia
3433 4503 3824 4572 vera.Dmnia

541 4581 764 4638 virtutis
789 4582 906 4649 Dei,
941 4585 999 4636 et
1023 4598 1138 4636 non
1185 4598 1253 4636 ex
1284 4581 1470 4636 nobis.
1506 4582 1566 4636 In
1601 4581 1866 4636 omnibus
1894 4581 2078 4636 tribu-
2099 4601 2158 4673 Β
2182 4599 2375 4651 autem
2425 4613 2489 4652 ex
2530 4598 2646 4651 Deo
2829 4597 3211 4653 reconciliavit
3252 4613 3355 4653 nos
3522 4581 3632 4668 per‘
3649 4597 3819 4651 (ηυνξ-

444 4677 721 4732 lationem
748 4676 1021 4748 patimur,
1053 4675 1150 4731 sed
1177 4691 1292 4730 non
1325 4675 1743 4745 angustiamur,
1765 4674 2076 4744 adorimur,

448 4776 505 4826 et
531 4789 647 4826 non
675 4770 1058 4826 destituimur.
1090 4768 1550 4824 Persecutionem
1581 4769 1851 4840 patimur,
1883 4772 1938 4823 et
1964 4785 2080 4823 non

452 4865 925 4936 derelinquimur.
953 4863 1283 4934 Dejicimur,
1317 4866 1374 4916 et
1405 4878 1521 4916 non
1547 4861 1816 4932 perimus.
1847 4861 2083 4933 Semper

448 4959 947 5014 mortiﬁcationem
991 4958 1120 5011 Jesu
1162 4956 1222 5009 in
1266 4971 1502 5026 corpore
1541 4957 1734 5010 nostro
1780 4955 2077 5012 circumfe-

450 5055 638 5108 rentes
679 5057 744 5107 ut
776 5055 835 5106 et
860 5051 973 5105 vita
1004 5051 1136 5104 Jesu
1169 5048 1227 5102 in
1271 5049 1602 5120 corporibus
1647 5050 1856 5105 nostris
1893 5051 2078 5106 mani-

450 5146 706 5202 festetur.
741 5147 978 5215 Semper
1005 5142 1158 5198 enim
1197 5159 1300 5198 nos
1340 5143 1439 5215 qui
1464 5143 1705 5200 vivimus
1739 5144 1797 5199 in
1837 5151 2081 5201 mortem

451 5239 734 5294 tradimur
760 5241 996 5310 propter
1024 5237 1238 5305 Iesum,
1272 5240 1333 5292 ut
1361 5240 1417 5293 et
1445 5237 1558 5293 vita
1585 5240 1715 5294 Jesu
1752 5239 2079 5296 manifeste-

449 5341 545 5389 tur
589 5333 645 5387 in
688 5349 856 5388 carne
902 5336 1095 5386 nostra
1140 5333 1388 5388 mortali.
1439 5334 1585 5405 Ergo
1629 5351 1782 5388 mors
1827 5335 1884 5388 in
1918 5334 2081 5389 nobis

452 5430 741 5500 operatur,
763 5427 878 5482 vita
904 5429 1094 5481 autem
1123 5426 1181 5481 in
1209 5427 1389 5495 vobis,
1414 5427 1684 5483 habentes
1703 5431 1895 5482 autem
1915 5443 2078 5482 eum-

451 5523 581 5578 dem
631 5521 890 5594 spiritum
940 5520 1093 5591 ﬁdei,
1125 5521 1268 5576 sicut
1315 5519 1589 5590 scriptum
1633 5525 1762 5575 est:
1800 5521 2081 5578 «Credidi

449 5621 683 5690 propter
697 5615 855 5689 quod
881 5616 1098 5670 locutus
1118 5632 1266 5684 sum,
1292 5636 1319 5663 »
1343 5618 1399 5668 et
1417 5630 1519 5668 nos
1539 5615 1827 5669 credimus
1847 5620 2082 5686 propter

449 5711 603 5783 quod
628 5716 685 5766 et
711 5709 1018 5782 loquimur,
1049 5708 1313 5775 scientes,
1340 5707 1618 5778 quoniam
1656 5709 1754 5779 qui
1796 5709 2082 5764 suscitavit

451 5805 643 5858 Jesum
665 5809 721 5860 et
745 5822 850 5861 nos
869 5821 1000 5859 cum
1023 5805 1047 5859 J
1055 5819 1152 5856 esu
1185 5800 1478 5856 suscitabit
1499 5805 1556 5856 et
1576 5803 1882 5858 constituet
1900 5804 2080 5859 vobis-

454 5912 603 5951 cum.
635 5898 836 5950 Omnia
868 5897 1016 5951 enim
1067 5898 1296 5965 propter
1322 5911 1416 5946 vos
1460 5899 1518 5947 ut
1566 5895 1749 5964 gratia
1784 5897 2082 5953 abundans

2182 4695 2354 4757 stum,
2401 4695 2458 4746 et
2499 4689 2658 4745 dedit
2700 4691 2863 4746 nobis
2909 4691 3295 4747 ministerium
3338 4690 3822 4746 reconciliationis

2184 4783 2453 4854 quoniam
2483 4785 2718 4856 quidem
2745 4786 2893 4840 Deus
2919 4790 3036 4841 erat
3068 4786 3126 4839 in
3157 4785 3376 4842 Christo
3414 4785 3696 4840 mundum
3721 4801 3820 4839 re-

2183 4877 2485 4932 concilians
2520 4877 2644 4946 sibi,
2683 4895 2796 4935 non
2825 4884 3096 4951 reputans
3133 4879 3244 4934 illis
3287 4879 3493 4934 delicta
3536 4879 3818 4950 ipsorum,

2184 4975 2236 5026 et
2295 4971 2482 5042 posuit
2530 4971 2584 5026 in
2657 4973 2823 5028 nobis
2872 4973 3110 5028 verbum
3162 4971 3650 5029 reconciliationis.
3709 4975 3821 5027 Pro

2182 5064 2405 5122 Christo
2438 5081 2575 5137 ergo
2605 5066 2894 5138 legatione
2925 5067 3243 5140 fungimur,
3275 5072 3552 5139 tanquam
3577 5067 3694 5122 Deo
3725 5083 3820 5122 ex-

2184 5159 2449 5214 hortante
2476 5176 2577 5230 per
2603 5177 2728 5215 nos.
2759 5161 3130 5217 Obsecramus
3167 5178 3272 5233 pro
3303 5161 3524 5217 Christo
3554 5160 3815 5216 reconci-

2183 5252 2403 5307 liamini
2449 5255 2586 5308 Deo:
2625 5257 2765 5310 Eum
2802 5255 2898 5327 qui
2932 5273 3046 5311 non
3093 5260 3323 5312 noverat
3365 5259 3662 5326 peccatum
3710 5271 3817 5326 pro

2181 5346 2346 5400 nobis
2374 5354 2668 5417 peccatum
2689 5349 2844 5417 fecit,
2864 5355 2929 5405 ut
2957 5367 3060 5406 nos
3089 5351 3453 5405 efficeremur
3470 5349 3696 5421 justitia
3718 5348 3815 5404 Dei

2183 5440 2240 5494 in
2272 5440 2396 5510 ipso
2431 5442 2505 5513 (II
2533 5444 2651 5499 Cor.
2687 5460 2736 5513 v,
2779 5445 2945 5515 l-2l).
2980 5464 3006 5497 »
3040 5467 3066 5493 ‹‹
3100 5445 3444 5515 Adjuvantes
3484 5447 3677 5498 autem
3719 5460 3816 5497 ρι-

2182 5535 2476 5590 hortamur
2499 5553 2570 5590 ne
2597 5538 2655 5592 in
2680 5555 2924 5593 vacuum
2953 5538 3198 5609 gratiam
3243 5539 3344 5592 Dei
3387 5536 3694 5608 recipiatis.
3726 5537 3818 5590 Ait

2182 5627 2335 5682 enim
2363 5629 2672 5700 :Tempore
2699 5638 2926 5703 accepto
2953 5633 3214 5686 exaudivi
3245 5635 3321 5696 te,
3347 5636 3401 5686 et
3420 5632 3478 5685 in
3506 5631 3596 5684 die
3619 5630 3818 5684 salutis

2182 5722 2372 5792 adjuvi
2403 5727 2474 5777 te.
2503 5725 2641 5778 Ecce
2671 5741 2824 5780 nunc
2856 5731 3080 5798 tempus
3107 5725 3466 5796 acceptabile,
3504 5741 3632 5778 ecce
3667 5740 3815 5778 nunc

2183 5815 2299 5870 dies
2329 5818 2541 5872 salutis.
2589 5819 2814 5873 Nemini
2863 5820 3060 5875 dantes
3104 5820 3280 5874 ullam
3325 5818 3721 5880 oﬁ'ensionem,
3754 5825 3816 5872 ut

2184 5925 2296 5963 non
2326 5910 2674 5980 vituperetur
2702 5913 3081 5968 ministerium
3117 5919 3396 5981 nostrum,
3419 5912 3514 5966 sed
3549 5913 3605 5966 in
3631 5912 3816 5968 enmi-
