4040 6310
153 392 285 444 1057
1357 386 1826 444 DECRETALIUM
1863 384 2246 442 COLLECTIO.
3382 390 3513 443 1υ58

148 498 252 550 bus
279 495 657 551 exhibeamus
684 495 1061 567 nosmetipsos
1096 496 1241 551 sicut
1272 496 1368 550 Dei
1404 496 1697 550 ministros
1725 496 1785 549 in
1809 494 2093 579 Avimus,
2121 500 2182 550 ut
2207 493 2484 565 castigati,
2515 499 2568 548 et
2602 510 2717 548 non
2744 491 3090 562 mortificati,
3123 494 3286 565 quasi
3316 495 3520 564 tristes,

149 590 330 645 multa
372 589 666 662 patientia,
693 588 755 644 in
800 588 1284 658 tribulationibus,
1327 588 1387 644 in
1434 588 1783 645 necessitati-
1885 605 2116 660 semper
2145 593 2341 643 autem
2370 587 2710 658 gaudentes,
2738 587 2881 643 sicut
2911 590 3164 658 egentes,
3192 590 3401 643 multos
3423 605 3523 642 au-

147 683 273 752 bus,
306 684 368 738 in
396 683 696 755 angustiis,
724 683 784 739 in
828 682 1033 755 plagis,
1062 683 1122 738 in
1171 683 1513 751 carceribus,
1542 682 1603 737 in
1635 682 1785 737 sedi-
1885 688 2004 739 tem
2019 683 2455 755 locupletantes,
2474 686 2749 753 tanquam
2766 681 2909 737 nihil
2928 680 3230 750 habentes,
3255 684 3311 737 et
3332 682 3529 737 omnia

148 778 422 845 tionibus,
455 777 513 831 in
544 776 860 848 laboribus,
889 778 949 832 in
974 777 1204 848 vigiliis,
1238 777 1297 832 in
1317 776 1573 849 jejuniis,
1603 776 1664 832 in
1694 793 1786 831 ca-
1885 776 2244 849 possidentes
2278 778 2348 844 (II
2389 777 2508 834 Cor.
2547 791 2624 842 v1,
2665 776 2836 847 1-10).
2871 796 2897 824 ››
2939 796 2965 824 ‹‹
3007 777 3084 830 De
3129 778 3359 845 caetero,
3404 777 3522 831 fra—

149 872 358 940 stitate,
382 871 443 927 in
472 871 728 942 scientia,
751 871 810 927 in
840 870 1292 944 longanimitate,
1320 871 1380 925 in
1412 871 1707 940 suavitate,
1729 871 1790 925 in
1891 874 2027 939 tres,
2061 870 2326 942 gaudete,
2359 870 2599 941 perfecti
2648 874 2846 937 estote,
2880 869 3284 940 exhortamini,
3325 887 3523 942 pacem

150 966 365 1039 Spiritu
425 970 641 1035 sancto,
698 966 759 1021 in
811 966 1082 1021 charitate
1139 982 1255 1020 non
1309 965 1457 1033 ﬁcta,
1513 965 1573 1020 in
1620 965 1791 1021 verbo
1889 965 2117 1029 habete,
2147 968 2213 1019 ut
2254 965 2399 1019 Deus
2438 964 2588 1035 pacis
2620 969 2675 1018 et
2721 964 3039 1018 dilectionis
3068 964 3138 1018 sit
3175 982 3405 1037 semper
3430 983 3523 1019 vo-

149 1060 431 1129 veritatis,
464 1061 523 1115 in
546 1060 755 1115 virtute
787 1061 924 1129 Dei;
956 1077 1060 1131 per
1084 1077 1246 1115 arma
1269 1058 1793 1131 justitiaeadextris
1890 1059 2112 1114 hiscum
2164 1059 2232 1129 (11
2284 1059 2403 1115 Cor.
2450 1075 2568 1127 xm,
2619 1058 2728 1129 Η).
2777 1079 2805 1108 ››
2859 1060 3059 1114 Amen.
3107 1060 3246 1113 Data
3294 1076 3351 1115 ιιι
3399 1060 3527 1115 ldus

153 1162 210 1211 et
235 1172 269 1211 a
299 1155 562 1223 sinistris,
598 1171 700 1226 per
726 1155 967 1227 gratiam
1009 1159 1065 1210 et
1108 1154 1544 1226 ignobilitatem,
1572 1169 1677 1225 per
1704 1153 1791 1208 in-
1889 1152 2064 1222 Junii,
2103 1153 2348 1208 Maximo
2397 1158 2453 1208 et
2502 1151 2713 1206 Olibrio
2758 1151 2891 1206 viris
2938 1151 3268 1207 clarissimis
3323 1170 3524 1209 consu-

152 1249 394 1305 Iamiam
423 1252 481 1304 et
506 1250 718 1304 bonam
748 1250 982 1317 famam,
1013 1252 1077 1303 ut
1107 1249 1433 1304 seductores
1462 1254 1518 1304 et
1546 1263 1792 1318 veraces,
1894 1247 2065 1303 libus.

155 1344 302 1399 sicut
327 1344 511 1416 ignoti
539 1347 597 1399 et
630 1344 862 1415 cogniti,
901 1343 1064 1415 quasi
1105 1343 1437 1410 morientes,
1470 1345 1526 1397 et
1561 1358 1688 1398 ecce
1715 1341 1794 1395 vi-

766 1746 1368 1842 .INCIPIUNT
1436 1747 1955 1842 DECRETA
2028 1747 2470 1840 FELICIS
2539 1749 2899 1842 PAP/E.

237 2087 283 2137 Ι.
314 2082 482 2146 Quod
513 2083 817 2137 missarum
864 2083 1184 2151 celebratio,
1220 2083 1354 2139 alibi
1397 2098 1567 2155 quam
1599 2084 1657 2138 in
1687 2086 1797 2140 Deo
1816 2098 1874 2170 B
1899 2101 2073 2156 parvo
2105 2084 2302 2155 lapidi,
2324 2085 2422 2157 qui
2454 2085 2731 2140 abscissus
2762 2089 2849 2140 est
2876 2086 2945 2140 de
2974 2088 3172 2139 monte
3202 2084 3321 2137 sine
3352 2083 3534 2138 mani-

160 2176 362 2231 dicatis
380 2176 538 2245 locis,
560 2193 675 2231 non
705 2176 915 2232 debeat
939 2177 1083 2246 ﬁeri,
1106 2177 1213 2232 nisi
1234 2194 1446 2249 magna
1466 2179 1800 2249 compulerit
1897 2179 2025 2246 bus,
2044 2182 2101 2234 et
2118 2178 2417 2251 occupavit
2435 2179 2759 2235 universam
2776 2179 2981 2234 faciem
3001 2178 3154 2233 orbis
3174 2180 3341 2232 terrae
3367 2179 3527 2245 (Dan.

160 2271 491 2325 necessitas.
1897 2289 1956 2339 ιι,
1987 2273 2073 2340 34,
2104 2273 2224 2343 35);
2256 2273 2354 2344 qui
2379 2273 2449 2328 ad
2474 2274 2597 2328 haec
2625 2291 2683 2328 se
2713 2289 3123 2345 usquequaque
3150 2271 3443 2342 distendit,
3468 2275 3533 2325 ut

231 2368 283 2419 2.
317 2365 395 2419 De
423 2364 792 2420 ecclesiarum
820 2365 1200 2421 sacrationum
1231 2366 1603 2423 dubitatione.
1653 2368 1797 2431 Quid
1899 2368 2057 2421 omni
2084 2367 2339 2421 humano
2374 2384 2586 2439 genere
2614 2368 2673 2422 in
2702 2367 2917 2422 unitate
2944 2366 3191 2432 redacto,
3209 2366 3383 2421 totius
3402 2382 3529 2420 cor-

161 2460 232 2512 sit
257 2458 574 2529 agendum.

233 2551 620 2606 Dilectissimis
658 2552 946 2617 fratribus,
976 2554 1238 2608 omnibus
1286 2555 1561 2626 episcopis
1586 2573 1690 2628 per
1713 2556 1798 2611 di-

160 2662 351 2701 versas
400 2646 718 2717 provincias
767 2648 1083 2703 constitutis
1133 2648 1299 2703 FELix
1364 2650 1681 2720 episcopus,
1741 2651 1799 2703 in

161 2740 399 2795 Domino
431 2742 694 2796 salutem.

232 2835 437 2906 Magno
467 2851 710 2889 munere
753 2835 1154 2891 misericordia:
1200 2838 1298 2893 Dei
1337 2838 1510 2893 totius
1540 2838 1800 2894 Ecclesim

162 2930 453 2984 catholicae
500 2929 881 3000 multiplicata
922 2934 1053 2985 sunt
1099 2932 1326 3001 gaudia,
1362 2949 1491 2987 cum
1529 2933 1801 2987 Ecclesia-

166 3040 291 3078 rum
329 3027 507 3078 status
539 3039 607 3077 eo
637 3023 794 3093 viget
838 3024 1060 3093 ordine,
1091 3041 1205 3096 quo
1249 3027 1637 3097 apostolorum
1676 3044 1798 3081 suc-

166 3135 420 3173 cessores
469 3117 635 3172 illum
680 3122 1023 3173 statuerunt.
1072 3120 1154 3188 Et,
1186 3137 1315 3174 cum
1358 3121 1581 3191 antiqui
1626 3122 1802 3176 hostis

168 3212 379 3266 astutia
424 3227 556 3266 eum
587 3212 803 3266 turbari
852 3213 1233 3283 agnoscimus,
1263 3230 1377 3268 non
1410 3215 1635 3269 modice
1664 3232 1798 3269 con-

169 3307 465 3360 tristamur
506 3322 773 3360 maerore.
818 3308 995 3371 Quam
1028 3308 1097 3360 ob
1127 3324 1378 3376 causam,
1413 3309 1632 3375 fratres,
1667 3310 1798 3364 hor-

170 3404 367 3479 tamur
415 3416 532 3465 vos,
593 3415 916 3468 monemus,
978 3405 1034 3454 et
1082 3401 1426 3471 ﬂagitamus,
1480 3407 1540 3456 ut
1597 3419 1627 3454 a
1685 3408 1798 3456 tra-

1899 2476 2003 2530 pus
2020 2460 2323 2531 perﬁceret
2352 2433 2630 2531 Evcclesize,
2656 2466 2827 2532 atque
2854 2461 2935 2515 ita
2954 2460 3026 2514 ad
3046 2460 3218 2514 totius
3245 2433 3571 2530 compagis’

1896 2553 2216 2625 pertineret
2247 2555 2609 2609 commodum
2635 2554 3032 2609 membrorum
3065 2553 3408 2624 participalis
3429 2552 3533 2607 ista

1900 2648 2207 2703 distinctio.
2224 2648 2382 2703 Unde
2405 2665 2511 2703 nos
2528 2665 2755 2720 quoque
2772 2648 2971 2703 avobis
2988 2664 3103 2701 non
3125 2648 3292 2717 longe
3313 2663 3528 2714 sumus,

1900 2743 2033 2814 quia
2050 2742 2108 2797 in
2126 2742 2222 2796 illo
2236 2742 2334 2814 qui
2349 2742 2563 2814 ubique
2579 2745 2682 2812 est,
2696 2759 2878 2797 unum
2894 2758 3112 2797 sumus.
3131 2745 3374 2812 Agamus
3391 2758 3529 2811 ergo

1901 2836 1953 2891 ei
1975 2836 2202 2907 gratias,
2234 2836 2331 2906 qui
2359 2836 2557 2890 solutis
2584 2836 2897 2890 inimicitiis
2924 2836 2983 2890 in
3002 2851 3171 2890 carne
3194 2851 3297 2889 sua
3319 2835 3529 2905 (Ephes.

1901 2948 1959 2998 ιι,
1999 2930 2082 3000 lli)
2110 2930 2262 2997 fecit,
2298 2934 2358 2984 ut
2395 2930 2455 2984 in
2492 2930 2650 2985 omni
2699 2930 2837 2985 orbe
2883 2934 3163 2984 terrarum
3195 2946 3343 2984 unus
3387 2934 3535 2983 esset

1903 3041 2061 3096 grex,
2090 3031 2146 3080 et
2172 3041 2352 3079 unum
2373 3024 2518 3079 ovile
2546 3024 2650 3079 sub
2673 3041 2732 3078 se
2757 3041 2871 3079 uno
2890 3029 3141 3095 pastore,
3164 3039 3393 3095 semper
3408 3040 3531 3077 me-

1902 3136 2091 3174 mores
2108 3119 2263 3191 quod
2285 3118 2554 3192 egregius
2580 3119 2923 3174 Praedicator
2952 3118 3277 3185 admoneat,
3302 3118 3532 3173 dicens:

1905 3231 1934 3265 «
1966 3214 2197 3268 Solliciti
2227 3217 2449 3268 servate
2477 3213 2753 3268 unitatem
2781 3212 3026 3284 Spiritus
3050 3212 3109 3266 in
3133 3211 3357 3266 vinculo
3386 3213 3536 3282 pacis

1906 3308 2114 3377 (Ephes.
2160 3324 2230 3371 1v,
2264 3307 2335 3376 3).
2365 3328 2393 3355 ››
2429 3305 2750 3361 Sanctitatis
2787 3309 2988 3361 vestrae
3032 3304 3261 3375 scripta,
3295 3322 3423 3376 quae
3461 3305 3535 3359 ad
3564 3296 3581 3387 ι

1902 3401 2097 3456 sedem
2119 3401 2489 3471 apostolicam
2510 3400 2740 3455 misistis
2756 3416 2927 3471 super
2945 3398 3291 3470 quibusdam
3315 3400 3535 3453 consul-

168 3494 305 3548 mite
338 3493 669 3564 apostolicae
700 3493 1067 3548 institutionis
1098 3511 1462 3567 nequaquam
1490 3496 1798 3565 recedatis;
1822 3471 1877 3547 C
1902 3495 1993 3563 tis,
2010 3494 2173 3565 quasi
2192 3494 2265 3548 ad
2279 3497 2447 3565 caput
2468 3497 2529 3547 ut
2555 3493 2689 3549 inde
2711 3493 3044 3565 acciperetis
3068 3508 3361 3563 responsa,
3381 3494 3533 3547 unde

166 3605 271 3641 nec
324 3605 358 3641 a
408 3587 601 3658 Capite
659 3587 959 3654 dissidatis,
1013 3588 1110 3642 sed
1170 3588 1344 3653 fidem
1401 3595 1457 3643 et
1514 3590 1797 3655 ordinem,

165 3698 342 3751 quem
381 3680 616 3752 apostoli
660 3684 717 3736 et
759 3682 1052 3752 apostolici
1089 3682 1189 3736 viri
1230 3686 1550 3738 statuerunt
1588 3684 1801 3755 absque

168 3777 292 3831 ulla
319 3775 677 3829 hmsitatione
707 3776 968 3830 teneatis.
1000 3777 1140 3830 Nam
1175 3778 1217 3829 si
1258 3778 1536 3832 columna:
1564 3778 1803 3849 alicujus

167 3886 397 3940 magna:
425 3869 629 3923 domus
660 3870 901 3935 ruerint,
934 3870 1053 3940 ipsa
1093 3876 1287 3940 postea
1329 3871 1536 3925 domus
1569 3872 1804 3926 minime

165 3964 372 4033 stabit;
407 3963 484 4017 sic
518 3966 574 4017 et
599 3979 698 4017 vos
744 3964 1026 4018 columnae
1073 3964 1337 4020 Ecclesia:
1368 3967 1521 4033 estis,
1552 3966 1597 4020 si
1641 3966 1799 4021 labe-

168 4058 364 4113 factari
391 4058 697 4128 coeperitts,
728 4062 927 4113 sancta
955 4059 1225 4127 Ecclesia,
1257 4076 1387 4131 quas
1416 4076 1517 4131 per
1540 4077 1637 4114 vos
1662 4062 1804 4131 regi-

168 4158 280 4221 tur,
312 4152 551 4207 tabescit
576 4155 630 4206 et
658 4152 886 4206 labitur.
912 4154 1062 4222 Haec,
1095 4152 1316 4220 fratres,
1340 4171 1468 4225 quas
1496 4155 1620 4210 dico
1644 4156 1801 4211 valde

1901 3588 2087 3643 omnis
2120 3588 2367 3643 Ecclesia
2402 3588 2574 3642 totius
2600 3587 2898 3659 religionis
2942 3587 3185 3658 sumpsit
3219 3588 3533 3655 exordium,

1904 3685 2196 3755 gratanter
2212 3682 2435 3754 suscepi
2452 3685 2507 3737 et
2522 3682 2774 3736 breviter
2789 3681 2946 3737 vobis
2962 3680 3307 3753 respondere
3323 3683 3533 3737 curavi.

1972 3778 2099 3833 CAP.
2155 3779 2193 3831 Ι.
2246 3777 2324 3831 De
2375 3775 2747 3831 ecclesiarum
2788 3775 2939 3831 enim
2989 3775 3431 3843 consecratione,
3482 3781 3539 3830 et

1903 3872 1972 3926 de
2002 3872 2303 3926 missarum
2349 3869 2845 3939 celebrationibus,
2877 3886 2993 3925 non
3031 3869 3235 3925 alicubi
3278 3886 3448 3942 quam
3476 3871 3534 3925 in

1904 3966 2136 4021 sacratis
2157 3966 2404 4021 Domino
2424 3965 2561 4022 locis
2583 3965 2798 4038 absque
2822 3981 3036 4037 magna
3061 3965 3396 4020 necessitate
3414 3964 3541 4020 fieri

1904 4060 2114 4115 debere
2133 4060 2314 4131 liquet
2334 4060 2604 4115 omnibus
2626 4060 2834 4132 quibus
2858 4062 2990 4114 sunt
3011 4064 3150 4115 nota
3177 4060 3312 4115 Novi
3338 4077 3403 4114 ac
3426 4061 3535 4114 Ve-

1904 4154 2039 4207 teris
2108 4154 2455 4209 Testamenti
2518 4159 2818 4225 pramepta.
2885 4153 3337 4207 Tabernaculum
3406 4170 3537 4208 vero

169 4247 427 4302 timenda
474 4252 625 4313 sunt,
673 4251 729 4301 et
781 4263 1007 4301 summo
1054 4248 1444 4303 moderamine
1490 4250 1800 4320 pensanda,

167 4347 339 4413 atque
379 4358 452 4395 ne
496 4341 637 4395 ﬁant
678 4341 949 4395 cavenda.
992 4343 1115 4411 Ipsa
1158 4341 1313 4395 enim
1362 4358 1464 4412 per
1495 4361 1552 4399 se
1594 4344 1804 4399 Veritas

171 4436 249 4490 ait
278 4452 290 4490 :
328 4455 355 4487 ι(
390 4436 499 4489 Vos
524 4435 657 4489 estis
682 4436 761 4489 sal
787 4440 990 4505 terras;
1026 4435 1182 4506 quod
1212 4436 1257 4488 si
1297 4437 1379 4490 sal
1403 4438 1715 4506 evanuerit,
1746 4439 1803 4493 in

171 4546 285 4601 quo
310 4529 581 4584 salietur?
616 4530 827 4599 (Matth.
862 4546 912 4596 v,
942 4528 1097 4600 13.)»
1126 4531 1261 4584 Ecce
1295 4533 1466 4598 terra,
1503 4530 1650 4599 ideo,
1675 4533 1805 4587 cha—
1905 4533 2088 4587 solum
2114 4530 2318 4586 divinis
2342 4527 2610 4602 precibus
2636 4545 2702 4583 ea
2725 4544 2997 4595 sacrasse,
3021 4528 3117 4583 sed
3146 4528 3316 4582 etiam
3357 4531 3539 4585 sancti

173 4624 402 4691 rissimi,
426 4640 524 4678 vos
545 4640 778 4692 moneo,
801 4623 937 4695 quia
963 4623 1184 4678 debitor
1210 4640 1336 4678 sum
1363 4624 1540 4693 vobis,
1566 4628 1624 4678 et
1642 4627 1805 4681 valde
1906 4628 2020 4681 olei
2047 4627 2341 4695 unctione,
2370 4622 2607 4678 Domino
2636 4623 2893 4694 jubente,
2926 4622 3220 4692 perlinisse
3251 4624 3535 4679 novimus.

171 4734 264 4773 vos
290 4717 493 4788 diligo,
519 4722 576 4771 et
605 4717 835 4787 quando
855 4717 1009 4771 bona
1028 4717 1198 4771 audio
1221 4717 1290 4770 de
1315 4716 1470 4771 vobis
1492 4717 1660 4771 nimis
1680 4736 1805 4774 sum
1903 4722 2153 4786 Qualiter
2177 4725 2371 4776 autem
2400 4715 2522 4773 HERC
2554 4718 2703 4773 facta
2730 4716 2860 4784 sint,
2885 4721 2942 4771 et
2966 4732 3084 4771 non
3107 4716 3201 4770 alii
3230 4717 3349 4788 ipsa
3378 4735 3539 4773 sacra

171 4812 427 4883 gavisus;
457 4815 513 4866 et
533 4829 562 4865 e
584 4816 803 4879 contra,
834 4811 1067 4883 quando
1094 4810 1268 4879 mala,
1295 4811 1470 4866 nimis
1497 4812 1799 4866 conturba-
1822 4850 1882 4886 η
1904 4831 2075 4886 quam
2104 4816 2423 4871 sacerdotes
2462 4829 2618 4868 sacra
2658 4810 2933 4867 unctione
2980 4809 3240 4878 delibuti,
3268 4812 3537 4867 Domino-

170 4912 277 4961 tus.
313 4908 435 4977 Ego
460 4922 591 4960 vero
628 4905 887 4977 quamvis
915 4923 948 4960 a
976 4906 1132 4961 vobis
1176 4923 1282 4977 per
1309 4906 1480 4977 longa
1522 4904 1879 4979 terrarumr
1906 4925 2016 4979 que
2044 4926 2174 4964 cum
2213 4910 2458 4964 vestibus
2501 4907 2711 4963 sanctis
2745 4906 2971 4975 sacrati,
3004 4908 3061 4961 et
3097 4904 3282 4960 levitae
3327 4908 3537 4961 tracta-

171 5006 340 5073 atque
373 5000 550 5055 maris
589 4999 887 5055 intervalla
931 5000 1247 5071 disjunctus
1294 5001 1423 5067 sim,
1455 5017 1584 5056 sum
1613 5006 1803 5056 tamen
1903 5002 2062 5071 bant,
2108 5003 2386 5069 ferebant,
2432 5003 2747 5075 erigebant,
2790 5005 2846 5056 et
2887 4999 3268 5072 deponebant,
3305 5000 3359 5054 in
3402 5001 3539 5072 ipsis

173 5096 407 5151 omnino
425 5093 582 5149 vobis
600 5095 772 5149 corde
795 5094 1155 5166 conjunctus,
1175 5094 1348 5166 idque
1369 5095 1439 5150 de
1456 5094 1805 5150 beatitudine
1904 5096 2356 5151 institutionibus
2404 5112 2553 5166 quae,
2592 5095 2834 5149 Domino
2868 5094 3128 5165 jubente,
3163 5110 3266 5165 per
3308 5094 3537 5167 Moysen

173 5193 355 5243 vestra
386 5204 527 5259 erga
573 5205 666 5242 me
696 5188 881 5243 modis
918 5188 1185 5243 omnibus
1228 5188 1465 5259 confido,
1495 5189 1645 5261 quia,
1674 5206 1805 5244 cum
1904 5190 2241 5262 conscripta:
2268 5193 2420 5258 sunt,
2444 5188 2751 5259 reperitur.
2783 5188 3042 5253 Qualiter
3069 5205 3207 5261 ergo
3233 5189 3426 5256 David,
3452 5206 3540 5244 rc-

173 5299 261 5338 me
283 5282 535 5337 vicissim
555 5282 813 5353 diligitis,
835 5298 869 5336 a
886 5298 978 5337 me
1001 5299 1115 5336 non
1134 5283 1267 5337 estis
1292 5283 1485 5354 longe.
1506 5283 1663 5338 Unde
1683 5301 1807 5355 gra-
1907 5302 2047 5357 gum
2078 5283 2383 5355 piissimus,
2418 5282 2849 5352 ampliﬁcaverit
2890 5282 3107 5337 cultum
3147 5284 3262 5351 Dei,
3297 5287 3354 5338 et
3391 5289 3535 5339 tem-

174 5378 274 5432 tias
290 5376 691 5433 referimusilli
710 5392 891 5447 grano
905 5376 1140 5448 sinapis,
1157 5377 1311 5448 quod
1328 5393 1394 5432 ex
1408 5377 1809 5450 modicidespi-
1906 5381 2065 5451 plum
2094 5377 2322 5433 Domini
2350 5376 2629 5431 aediﬁcare
2663 5374 2857 5442 voluit,
2890 5375 2991 5429 sed
3028 5382 3263 5447 propter
3291 5380 3537 5435 multum

174 5471 480 5543 cabilisque
511 5469 744 5525 seminis
776 5470 984 5542 specie,
1006 5470 1088 5524 ita
1108 5471 1281 5525 ramis
1303 5489 1371 5526 ex
1394 5472 1597 5526 eadem
1619 5472 1806 5527 radice
1908 5473 2244 5545 sanguinem
2297 5486 2472 5544 quem
2516 5468 2795 5525 effuderat
2844 5468 3164 5540 prohibitus
3196 5476 3299 5539 est,
3332 5478 3389 5526 et
3420 5473 3539 5545 ipse

175 5565 541 5637 surgentibus
584 5568 754 5636 atque
797 5582 856 5618 se
904 5564 1377 5633 distendentibus,
1405 5581 1811 5638 usquequaque
1908 5569 2215 5639 collegerat
2242 5581 2540 5637 expensas;
2571 5564 2957 5633 Salomonque
2976 5561 3125 5617 ﬁlius
3151 5563 3270 5634 ejus
3290 5554 3572 5699 idipsum‘

177 5660 391 5699 diffugia
424 5658 683 5699 (ﬂiﬂnqnq
710 5659 799 5699 citi
855 5661 917 5699 ni
950 5658 1007 5699 in
1051 5658 1205 5699 [illiql
1232 5660 1473 5699 vnlnfilin
1513 5661 1632 5699 ρωΙί
1666 5677 1805 5699 mm-
1908 5663 2058 5699 mund
2106 5662 2225 5699 inca
2274 5661 2463 5699 fanum
2498 5660 2791 5699 nntnvnrnt
2844 5657 3078 5699 inhnnfp
3128 5661 3179 5699 pi
3228 5659 3540 5699 nnrilinnfu

177 5660 392 5715 diffusis
424 5658 683 5729 (diffusus
710 5659 824 5729 sit),
855 5661 921 5712 ut
950 5658 1010 5713 in
1051 5658 1205 5728 [illis]
1232 5660 1478 5715 volatilia
1513 5661 1636 5715 coeli
1666 5677 1805 5715 cun-
1908 5663 2060 5735 quod
2106 5662 2225 5733 ipse
2274 5661 2464 5715 facere
2498 5660 2809 5730 optaverat,
2837 5657 3079 5728 jubente
3128 5661 3184 5711 et
3228 5659 3541 5715 auxiliante

176 5759 263 5809 cta
288 5753 588 5809 nidiﬁcent
615 5753 829 5823 (Matth.
865 5769 981 5820 xm,
1015 5756 1102 5819 31,
1138 5754 1246 5822 32),
1280 5755 1576 5826 gratiaque
1608 5755 1681 5809 sit
1703 5756 1811 5811 fer—
1908 5758 2043 5826 Deo,
2074 5754 2330 5827 perfecit,
2360 5756 2418 5808 et
2445 5753 2730 5824 templum
2758 5767 2890 5806 cum
2921 5750 3107 5819 altari,
3136 5754 3193 5805 et
3212 5750 3437 5823 reliqua
3466 5755 3540 5808 ad

177 5852 367 5904 mento
396 5847 478 5902 illi
511 5848 663 5919 quod
692 5847 875 5903 tribus
902 5847 1104 5902 farina).
1132 5846 1268 5901 satis
1297 5849 1480 5917 (Ibid.,
1506 5851 1613 5920 33),
1636 5850 1809 5905 totius
1909 5851 2163 5907 divinum
2209 5848 2428 5905 cultum
2467 5847 2867 5920 peragendum
2910 5844 3258 5900 consecravit
3300 5844 3359 5899 in
3396 5846 3541 5902 libro

179 5941 414 5999 humani
432 5941 662 6014 generis
682 5958 930 5997 massam
957 5942 1016 5996 in
1037 5940 1256 5997 unitate
1278 5944 1611 6013 conspersit,
1636 5947 1808 6016 atque
1911 5945 2078 6001 tertio
2104 5929 2324 6015 Regum
2352 5943 2501 5998 inter
2526 5945 2733 5997 caetera
2753 5940 2963 6012 legitur
2983 5939 3060 5994 ita
3083 5957 3094 5993 :
3117 5961 3144 5989 ‹‹
3169 5939 3486 6008 Ᾱῖᾶὶξίρθιιε,
3514 5963 3541 5991 ››

584 6040 856 6104 ΡΑΤιιοι..
909 6038 1134 6104 CXXX.

3067 6044 3143 6100 34

1901 4249 2147 4320 Moysen,
2190 4248 2427 4302 Domino
2481 4248 2872 4318 praecipiente,
2910 4247 3130 4315 fecisse,
3176 4251 3231 4301 et
3290 4264 3537 4302 sacrasse

1904 4359 2035 4397 cum
2078 4358 2279 4396 mensa
2311 4346 2367 4395 et
2390 4340 2551 4395 altari
2581 4341 2724 4411 ejus,
2758 4345 2813 4395 et
2852 4340 3068 4394 caeteris
3096 4341 3239 4394 vasis
3278 4341 3535 4395 utensili-

1903 4438 2008 4492 bus
2033 4437 2103 4491 ad
2134 4436 2386 4491 divinum
2412 4434 2630 4489 cultum
2660 4434 3005 4505 explendum
3031 4434 3275 4505 legimus
3305 4452 3316 4488 :
3343 4439 3397 4488 et
3422 4453 3533 4489 non
