4040 6346
497 397 630 452 1059

1382 392 1663 446 APPEND.
1703 391 1790 446 AD
1827 392 1987 448 SEC.
2028 392 2115 447 IX.
2146 421 2215 433 —-
2253 394 2501 451 ISlDORI
2540 392 2961 450 MEBCATORIS

3716 389 3735 440 I
3749 389 3860 442 060

496 504 704 575 inquit,
732 502 1020 568 Salomon,
1061 517 1089 551 ι(
1135 498 1375 555 Domino
1419 499 1690 555 aediﬁcavi
1736 500 2122 555 habitaculum
2142 513 2202 586 Α
2222 503 2434 573 nerint,
2456 507 2513 558 et
2537 501 2841 569 oraverint,
2874 504 2933 555 et
2954 498 3243 571 deprecati
3272 503 3327 553 te
3355 495 3573 552 fuerint
3596 494 3656 551 in
3683 495 3862 551 domo

495 603 660 653 tuum
700 594 1095 661 fortissimum,
1139 593 1344 648 solium
1394 598 1558 649 tuum
1603 594 2046 666 sempiternum,
2089 614 2119 645 »

494 689 885 759 convertitque
910 702 1006 742 rex
1035 685 1239 742 faciem
1271 702 1434 742 suam
1461 692 1517 742 et
1535 687 1828 742 benedixit
1850 686 2007 742 omni
2027 688 2124 742 Ec-

493 785 677 841 clesiae
716 782 901 838 Israel.
934 781 1130 836 Omnis
1157 781 1313 836 enim
1347 780 1592 837 Ecclesia
1629 781 1797 836 Israel
1828 779 2029 836 stabat.
2056 782 2125 836 Et

495 879 574 933 ait
602 894 615 932 :
653 898 680 927 «
712 874 1053 930 Benedictus
1090 874 1362 930 Dominus
1385 875 1531 930 Deus
1559 875 1749 944 Israel,
1777 874 1876 946 qui
1905 874 2124 929 locutus

493 976 579 1025 est
604 986 701 1025 ore
736 985 837 1023 suo
865 967 938 1022 ad
964 967 1135 1023 David
1178 972 1402 1039 patrem
1436 983 1653 1038 meum,
1685 969 1744 1022 et
1770 967 1831 1022 in
1860 966 2124 1022 manibus

492 1064 636 1120 meis
685 1062 924 1136 perfecit
968 1061 1163 1117 dicens
1196 1078 1209 1116 :
1243 1064 1286 1117 A
1329 1060 1439 1128 die,
1478 1077 1593 1133 qua
1637 1060 1806 1116 eduxi
1846 1061 2120 1133 populum

493 1174 689 1214 meum
711 1156 882 1212 Israel
908 1155 979 1211 de
1004 1157 1266 1227 Egypto,
1287 1171 1403 1211 non
1430 1155 1575 1226 elegi
1598 1154 1882 1210 civitatem
1911 1154 1980 1210 de
2001 1154 2125 1210 uni-

492 1252 668 1308 versis
695 1250 957 1307 tribubus
983 1250 1149 1305 Israel
1172 1266 1185 1317 ;
1217 1254 1282 1304 ut
1305 1248 1680 1304 rediﬁcaretur
1711 1248 1931 1320 domus,
1962 1253 2020 1304 et
2045 1265 2127 1303 es-

494 1352 580 1403 set
602 1360 816 1401 nomen
846 1361 1041 1400 meum
1067 1343 1167 1412 ibi,
1201 1341 1300 1398 sed
1329 1342 1476 1414 elegi
1504 1342 1675 1397 David
1700 1348 1762 1398 ut
1792 1346 1936 1398 esset
1958 1358 2128 1414 super

492 1442 771 1513 populum
795 1455 992 1494 meum
1032 1438 1225 1505 Israel,
1256 1436 1551 1508 voluitque
1580 1435 1756 1492 David
1781 1440 1942 1508 pater
1964 1452 2128 1491 meus

495 1534 772 1590 aedificare
815 1533 1055 1588 domum
1094 1531 1315 1586 nomini
1359 1530 1583 1585 Domini
1621 1530 1719 1585 Dei
1750 1530 1937 1599 Israel,
1965 1536 2022 1587 et
2049 1530 2130 1586 ait

497 1629 773 1683 Dominus
800 1626 871 1682 ad
891 1626 1064 1682 David
1086 1630 1307 1697 patrem
1339 1641 1535 1679 meum
1561 1641 1575 1679 :
1597 1624 1763 1688 Quod
1790 1623 2046 1695 cogitasti
2066 1624 2126 1677 in

496 1722 670 1777 corde
692 1725 790 1775 tuo
809 1719 1086 1775 aedificare
1108 1718 1343 1773 domum
1364 1717 1585 1772 nomini
1602 1734 1754 1788 meo,
1774 1716 2125 1784 benefecisti,

498 1817 604 1870 hoc
658 1815 848 1886 ipsum
898 1817 1092 1867 mente
1146 1816 1420 1867 tractans.
1468 1812 1871 1866 Verumtamen
1916 1813 1972 1865 tu
2013 1826 2129 1865 non

2222 598 2345 665 hac,
2380 596 2582 652 exaudi
2614 596 2673 651 in
2700 594 2841 650 coelo
2875 598 2934 649 et
2960 592 3186 649 dimitte
3219 596 3519 664 peccatum
3544 587 3748 661 populi
3771 587 3863 644 tui

2225 691 2413 761 Israel,
2432 696 2490 746 et
2516 689 2755 746 reduces
2780 704 2876 744 eos
2900 687 2958 742 in
2984 690 3217 754 terram,
3246 700 3417 758 quam
3444 682 3649 740 dedisti
3676 681 3861 754 patri-

2220 784 2327 840 bus
2354 801 2576 840 eorum.
2610 781 2666 841 Si
2693 782 2950 838 clausum
2979 781 3152 837 fuerit
3180 780 3388 836 ccelum
3413 782 3474 834 et
3500 794 3620 833 non
3648 775 3869 848 pluerit

2222 885 2461 952 propter
2498 881 2797 950 peccatum
2829 892 3048 944 eorum,
3082 880 3140 931 et
3181 879 3408 929 orantes
3449 872 3512 927 in
3557 872 3682 927 loco
3729 870 3863 935 isto,

2222 971 2624 1045 paenitentiam
2652 971 2877 1043 egerint
2914 968 3138 1025 nomini
3175 970 3291 1035 tuo,
3319 972 3376 1022 et
3407 982 3441 1020 a
3467 963 3715 1038 peccatis
3744 963 3868 1018 suis

2223 1066 2474 1123 conversi
2502 1065 2721 1121 fuerint
2746 1066 2979 1136 propter
2999 1061 3365 1118 afﬂictionem
3391 1075 3572 1128 suam,
3594 1056 3867 1113 exaudies

2226 1179 2319 1217 eos
2350 1162 2409 1216 in
2441 1161 2607 1229 coelo;
2634 1163 2692 1215 et
2717 1158 2939 1214 dimitte
2968 1160 3199 1229 peccata
3233 1170 3525 1211 servorum
3550 1156 3783 1208 tuorum
3804 1152 3867 1206 et

2224 1255 2420 1329 populi
2458 1254 2543 1310 tui
2588 1253 2775 1323 Israel,
2811 1255 2869 1307 et
2897 1250 3134 1307 ostende
3178 1249 3261 1305 eis
3301 1248 3455 1304 viam
3492 1247 3725 1313 bonam,
3758 1260 3870 1317 per

2226 1366 2397 1422 quam
2429 1347 2744 1414 ambulent,
2772 1348 2832 1400 et
2856 1344 2928 1400 da
2954 1343 3206 1417 pluviam
3233 1358 3406 1414 super
3432 1344 3665 1408 terram,
3684 1354 3867 1410 quam

2229 1443 2434 1499 dedisti
2454 1441 2664 1515 populo
2690 1444 2792 1495 tuo
2818 1440 2879 1493 in
2905 1438 3345 1510 possessionem.
3372 1436 3576 1490 Fames
3590 1434 3637 1489 si
3657 1432 3867 1488 oborta

2228 1536 2402 1593 fuerit
2420 1536 2479 1591 in
2505 1540 2678 1603 terra,
2699 1538 2798 1589 aut
2815 1532 3157 1605 pestilentia,
3180 1535 3280 1586 aut
3305 1531 3605 1600 corruptus
3624 1542 3746 1596 aer,
3764 1529 3871 1580 aut

2227 1647 2445 1703 aerugo,
2477 1630 2715 1699 locusta,
2740 1626 2947 1699 rubigo
2982 1643 2994 1681 :
3025 1631 3083 1681 et
3124 1623 3391 1679 afﬂixerit
3427 1638 3563 1677 eum
3597 1619 3869 1675 inimicus

2229 1726 2368 1797 ejus,
2397 1728 2586 1796 portas
2615 1721 2902 1791 obsidens,
2933 1719 3122 1775 omnis
3162 1718 3356 1791 plaga,
3387 1716 3655 1772 universa
3696 1712 3865 1769 inﬁr-

2230 1819 2415 1886 mitas,
2439 1820 2759 1889 cunctaque
2781 1813 3074 1870 devoratio
3106 1817 3163 1868 et
3187 1810 3541 1883 imprecatio,
3565 1825 3696 1881 quas
3722 1807 3871 1862 acci-

499 1908 798 1964 aadificahis
825 1907 1080 1976 domum,
1115 1905 1210 1960 sed
1242 1904 1391 1959 ﬁlius
1417 1910 1546 1959 tuus
1580 1904 1679 1976 qui
1709 1904 2034 1976 egredietur
2060 1904 2129 1959 de
2152 1888 2204 1960 Β
2230 1913 2382 1969 derit
2394 1910 2588 1985 264
2602 1888 2758 1966 omni
2774 1907 2998 1964 homini
3015 1907 3086 1963 de
3105 1906 3319 1979 populo
3334 1909 3432 1961 tuo
3451 1903 3651 1970 Israel;
3673 1902 3721 1957 si
3735 1901 3870 1973 quis

495 2001 732 2057 renibus
778 2000 889 2054 tuis
928 2000 1047 2072 ipse
1094 1998 1394 2054 aedificabit
1437 1998 1672 2053 domum
1721 1997 1939 2054 nomini
1978 2014 2125 2053 meo.

497 2094 864 2152 Conﬁrmavit
902 2092 1176 2148 Dominus
1220 2108 1551 2147 sermonem
1582 2108 1750 2146 suum
1778 2108 1952 2164 quem
1975 2092 2129 2147 locu-

499 2198 587 2245 tus
614 2193 716 2257 est,
750 2187 991 2259 stetique
1021 2203 1125 2258 pro
1146 2185 1318 2240 David
1349 2189 1511 2257 patre
1541 2202 1696 2255 meo,
1727 2190 1784 2241 et
1810 2185 1931 2240 sedi
1963 2201 2134 2257 super

498 2284 775 2339 thronum
798 2280 967 2336 Israel
995 2280 1141 2335 sicut
1162 2280 1386 2335 locutus
1415 2283 1502 2334 est
1527 2279 1818 2335 Dominus.
1851 2282 1918 2335 Et
1949 2278 2129 2334 aediﬁ-

496 2376 621 2433 cavi
645 2377 883 2432 domum
918 2373 1134 2428 nomini
1164 2372 1389 2428 Domini
1421 2372 1524 2428 Dei
1557 2374 1747 2443 Israel,
1782 2379 1839 2429 et
1862 2372 2132 2428 constitui

403 2502 406 2507 η
497 2470 575 2526 ibi
602 2472 789 2525 locum
814 2485 978 2533 arcae,
1007 2467 1066 2522 in
1093 2484 1207 2539 qua
1232 2467 1416 2522 foedus
1447 2466 1668 2521 Domini
1698 2472 1782 2521 est
1812 2467 1969 2539 quod
2000 2482 2129 2538 per-

496 2564 667 2620 cussit
694 2580 827 2618 cum
854 2561 1112 2634 patribus
1141 2561 1367 2630 nostris,
1402 2560 1630 2633 quando
1663 2561 1873 2632 egressi
1901 2566 2034 2616 sunt
2062 2562 2131 2617 de

498 2663 651 2714 terra
674 2656 924 2729 Egypti.
952 2656 1115 2712 Stetit
1143 2659 1335 2710 autem
1365 2655 1630 2710 Salomon
1663 2659 1795 2710 ante
1827 2655 2008 2711 altare
2034 2656 2135 2710 Do-

498 2753 645 2809 mini
674 2752 733 2806 in
760 2754 1067 2822 conspectu
1111 2749 1373 2805 Ecclesiae
1414 2750 1579 2804 Israel
1608 2752 1667 2804 et
1707 2749 1980 2821 expandit
2008 2766 2131 2805 ma-

500 2864 606 2902 nus
632 2863 760 2901 suas
787 2845 844 2900 in
875 2845 1098 2912 ccelum,
1122 2847 1179 2899 et
1204 2843 1284 2898 ait
1317 2860 1331 2898 :
1362 2843 1598 2899 Domine
1629 2844 1777 2898 Deus
1808 2844 2000 2912 Israel,
2021 2860 2135 2899 non

499 2945 586 2996 est
603 2939 800 2995 similis
823 2939 907 2993 tui
927 2939 985 2993 in
1008 2939 1148 2993 coelo
1176 2937 1439 3008 desuper,
1464 2943 1522 2993 et
1547 2953 1718 3008 super
1741 2939 1951 2992 terram
1974 2937 2136 2994 deor-

500 3050 650 3104 sum,
664 3033 761 3104 qui
774 3032 1022 3087 custodis
1038 3034 1270 3103 pactum
1283 3033 1342 3085 et
1353 3030 1804 3085 misericordiam
1817 3031 1988 3087 servis
1999 3032 2134 3102 tuis,

503 3128 603 3200 qui
615 3126 906 3181 ambulant
921 3141 1114 3180 coram
1130 3129 1188 3180 te
1210 3124 1268 3179 in
1280 3126 1397 3179 toto
1412 3124 1583 3180 corde
1598 3141 1723 3195 suo,
1737 3124 1830 3197 qui
1849 3125 2137 3181 custodisti

502 3221 681 3277 David
708 3220 855 3292 patri
889 3235 1017 3274 meo
1045 3235 1171 3291 quae
1197 3218 1418 3273 locutus
1449 3234 1508 3273 es
1544 3218 1652 3285 eis;
1681 3234 1779 3273 ore
1806 3219 2027 3275 locutus
2055 3235 2134 3289 es,

502 3321 561 3371 et
588 3315 850 3370 manibus
876 3312 1187 3387 perfecisti,
1214 3317 1275 3368 ut
1302 3313 1427 3368 lith
1455 3312 1574 3369 dies
1601 3312 1824 3384 probat.
1853 3313 2010 3368 Nunc
2036 3313 2137 3385 igi-

499 3416 615 3481 tur,
643 3408 882 3464 Domine
913 3408 1063 3463 Deus
1092 3405 1289 3475 Israel,
1323 3409 1383 3461 et
1424 3422 1692 3462 conserva
1720 3407 1889 3463 David
1929 3408 2138 3463 famqu

497 3510 595 3561 tuo
623 3503 773 3576 patri
797 3518 925 3558 meo
954 3518 1082 3574 quae
1113 3501 1337 3556 locutus
1363 3516 1422 3555 es
1448 3500 1520 3568 ei,
1553 3500 1748 3556 dicens
1778 3518 1790 3555 :
1826 3503 1946 3556 Non
1974 3501 2136 3557 aufe-

500 3603 661 3654 retur
681 3597 751 3652 de
780 3601 836 3651 te
864 3596 947 3651 vir
974 3612 1164 3651 coram
1188 3611 1304 3665 me,
1329 3594 1426 3667 qui
1455 3594 1648 3651 sedeat
1672 3612 1843 3668 super
1869 3595 2141 3652 thronum

451 3704 469 3773 ι
499 3692 696 3758 Israel,
729 3691 803 3745 ita
832 3695 1023 3745 tamen
1054 3689 1099 3744 si
1131 3688 1506 3744 custodierint
1529 3688 1628 3743 ﬁlii
1661 3689 1744 3744 tui
1772 3689 1922 3744 viam
1952 3707 2138 3759 suam,

501 3789 568 3841 ut
594 3784 894 3840 ambulent
915 3800 1106 3839 coram
1134 3799 1229 3838 me
1261 3783 1406 3837 sicut
1432 3782 1730 3838 ambulasti
1752 3783 1809 3838 in
1837 3788 2142 3857 conspectu

500 3897 649 3935 meo.
682 3880 748 3933 Et
774 3894 947 3947 nunc,
981 3877 1219 3932 Domine
1252 3878 1397 3931 Deus
1427 3878 1612 3945 Israel,
1637 3876 1943 3934 ﬁrmentur
1968 3879 2143 3935 verba

506 3978 603 4028 tua
649 3988 778 4043 quae
822 3973 1042 4025 locutus
1093 3988 1154 4023 es
1200 3969 1377 4024 David
1429 3986 1588 4025 servo
1645 3974 1743 4025 tuo
1792 3972 1943 4043 patri
1992 3989 2139 4029 meo.

505 4067 731 4137 Ergone
762 4062 1080 4136 putandum
1118 4067 1203 4118 est
1229 4063 1381 4134 quod
1407 4079 1537 4117 vere
1563 4064 1710 4119 Deus
1735 4065 1951 4122 habitet
1972 4083 2145 4140 super

509 4164 721 4214 terram
739 4158 766 4212 ?
796 4157 852 4213 Si
891 4157 1044 4213 enim
1075 4156 1278 4212 ccelum
1306 4161 1362 4211 et
1387 4157 1514 4212 coeli
1548 4158 1817 4214 caelorum
1844 4163 1902 4215 te
1942 4176 2144 4233 capere

508 4269 622 4307 non
655 4256 909 4325 possunt,
943 4255 1157 4322 quanto
1184 4249 1369 4321 magis
1402 4250 1606 4305 domus
1640 4251 1764 4307 haec
1803 4270 1978 4325 quam
2005 4255 2143 4311 tedi-

509 4346 702 4402 ficavil
752 4345 860 4401 Sed
915 4344 1131 4417 respice
1168 4344 1239 4399 ad
1283 4343 1600 4401 orationem
1644 4346 1792 4401 servi
1831 4347 1934 4419 tui,
1974 4352 2032 4405 et
2072 4349 2144 4405 ad

510 4458 707 4514 preces
753 4440 897 4512 ejus,
949 4439 1188 4494 Domine
1237 4439 1381 4494 Deus
1432 4456 1615 4496 mens.
1664 4441 1832 4511 Audi,
1879 4443 2143 4515 Domine,

510 4538 789 4608 hymnum
812 4537 871 4589 et
895 4533 1222 4589 orationem
1243 4549 1414 4605 quam
1436 4550 1631 4589 servus
1655 4538 1788 4591 tuus
1808 4542 1932 4592 orat
1953 4554 2145 4593 coram

2228 2005 2522 2079 agnoverit
2560 2004 2791 2076 plagam
2830 2001 3018 2058 cordis
3050 2000 3136 2056 sui
3181 2002 3238 2055 et
3273 1996 3610 2070 expanderit
3658 2011 3871 2050 manus

2230 2117 2358 2157 suas
2387 2100 2447 2155 in
2477 2098 2648 2154 domo
2679 2097 2804 2163 hac,
2828 2100 2895 2151 tu
2921 2094 3185 2152 exaudies
3214 2094 3274 2148 in
3301 2091 3440 2149 coelo
3464 2091 3678 2147 inloco
3705 2089 3872 2145 habi-

2230 2193 2463 2250 tationis
2502 2196 2618 2247 tua;
2644 2193 2702 2247 et
2727 2187 3193 2262 reprOpitiaberis
3217 2192 3275 2242 et
3298 2186 3473 2242 facies
3495 2187 3564 2240 ut
3603 2183 3704 2238 des
3732 2182 3868 2237 uni-

2231 2289 2434 2360 cuique
2474 2284 2792 2342 secundum
2825 2285 2947 2339 vias
2988 2298 3134 2350 suas,
3164 2282 3310 2336 sicut
3352 2278 3560 2335 videris
3600 2294 3701 2333 cor
3739 2277 3871 2348 ejus

2194 2428 2199 2435 .
2233 2382 2383 2455 (quia
2408 2384 2472 2437 tu
2496 2378 2644 2435 nosti
2668 2379 2818 2434 solus
2838 2394 2938 2434 cor
2958 2375 3220 2432 omnium
3247 2373 3498 2429 ﬁliorum
3516 2371 3869 2439 hominum),

2234 2480 2297 2531 ut
2320 2475 2558 2531 timeant
2581 2478 2637 2529 te
2668 2472 2885 2528 cunctis
2909 2470 3109 2527 diebus
3133 2468 3342 2541 quibus
3366 2466 3565 2521 vivunt
3596 2480 3768 2537 super
3791 2465 3875 2518 fa-

2232 2570 2380 2626 ciem
2415 2573 2583 2624 terraa
2614 2583 2792 2639 quam
2825 2564 3029 2622 dedisti
3064 2562 3321 2636 patribus
3370 2559 3595 2616 nostris.
3631 2561 3875 2630 Insuper

2234 2668 2291 2720 et
2314 2662 2655 2734 alienigena,
2684 2660 2784 2733 qui
2810 2676 2927 2715 non
2956 2661 3043 2714 est
3065 2657 3133 2713 de
3159 2656 3370 2728 populo
3398 2659 3499 2710 tuo
3522 2653 3709 2723 Israel,
3729 2667 3871 2707 cum

2234 2757 2453 2814 venerit
2501 2755 2570 2811 de
2612 2759 2768 2810 terra
2808 2752 3125 2824 longinqua
3166 2751 3400 2822 propter
3441 2762 3654 2804 nomen
3700 2751 3871 2801 tuum

2236 2851 2518 2922 (audietur
2536 2848 2691 2905 enim
2715 2863 2930 2904 nomen
2951 2850 3116 2901 tuum
3141 2859 3442 2916 magnum,
3463 2846 3521 2898 et
3541 2856 3751 2896 manus
3771 2842 3875 2894 tua

2234 2945 2414 3014 fortis,
2451 2949 2508 3000 et
2548 2942 2846 2998 brachium
2888 2946 3053 2996 tuum
3099 2943 3395 2994 extensum
3443 2935 3698 3007 ubique),
3732 2949 3872 2989 cum

2236 3038 2455 3095 venerit
2478 3052 2617 3108 ergo
2647 3039 2707 3091 et
2730 3034 2976 3091 oraverit
3008 3034 3070 3089 in
3093 3033 3218 3088 loco
3243 3031 3376 3102 hoc,
3406 3033 3471 3085 tu
3510 3027 3780 3084 exaudies
3808 3028 3875 3081 in

2235 3133 2394 3200 coelo,
2424 3132 2486 3187 in
2514 3132 2884 3186 ﬁrmamento
2913 3126 3224 3184 habitaculi
3248 3125 3352 3193 tui,
3381 3126 3441 3179 et
3468 3122 3639 3179 facies
3669 3120 3873 3177 omnia

2237 3243 2341 3299 pro
2370 3225 2576 3299 quibus
2600 3223 2948 3280 invocaverit
2969 3226 3026 3277 te
3054 3220 3395 3292 alienigena,
3421 3220 3484 3273 ut
3507 3217 3731 3273 discant
3750 3215 3877 3271 nni-

2238 3320 2384 3375 versi
2430 3318 2626 3392 pepuli
2666 3321 2948 3374 terrarum
2995 3331 3205 3371 nomen
3251 3316 3412 3369 tuum
3455 3311 3682 3380 timere,
3724 3310 3877 3365 sicut

2238 3415 2482 3487 populus
2504 3417 2637 3468 tuus
2675 3411 2867 3479 Israel,
2901 3415 2959 3465 et
2987 3408 3255 3481 probent,
3283 3406 3418 3479 quia
3451 3421 3664 3461 nomen
3702 3408 3874 3459 tuum

2240 3510 2564 3564 invocatum
2584 3510 2669 3562 est
2686 3521 2859 3577 super
2876 3504 3115 3560 domum
3134 3503 3284 3559 hanc
3305 3515 3479 3573 quam
3499 3497 3796 3554 mdiﬁcavi.
3818 3496 3877 3553 Si

2239 3618 2498 3675 egressus
2522 3600 2694 3656 fuerit
2713 3599 2958 3672 populus
2976 3601 3108 3653 tuus
3132 3596 3203 3652 ad
3222 3595 3438 3652 bellum
3463 3596 3664 3649 contra
3684 3591 3878 3647 inimi-

2241 3715 2334 3753 cos
2360 3712 2489 3752 suos
2512 3711 2615 3768 per
2628 3694 2778 3750 viam
2804 3707 3148 3765 quocunque
3172 3689 3393 3745 miseris
3421 3704 3542 3759 eos,
3558 3686 3807 3742 orabunt
3818 3690 3878 3741 te

2240 3797 2435 3848 contra
2449 3790 2601 3846 viam
2620 3787 2859 3845 civitatis
2884 3803 3062 3860 quam
3079 3784 3323 3857 elegisti,
3340 3788 3400 3839 et
3411 3784 3615 3839 contra
3632 3780 3876 3837 domum

2241 3903 2412 3960 quam
2440 3883 2709 3941 aediﬁcavi
2732 3881 2956 3939 nomini
2980 3883 3101 3949 tuo,
3125 3882 3186 3934 et
3208 3877 3471 3935 exaudies
3497 3876 3555 3932 in
3581 3875 3722 3931 caelo
3752 3890 3878 3929 ora-

2242 3982 2462 4037 tionem
2486 3995 2707 4046 eorum,
2735 3981 2793 4034 et
2817 3991 3014 4049 preces
3040 3990 3263 4044 eorum,
3295 3976 3354 4028 et
3387 3971 3553 4027 facies
3587 3968 3878 4042 judicium

2244 4091 2463 4131 eorum.
2480 4073 2642 4139 Quod
2669 4072 2716 4127 si
2739 4069 3095 4144 peccaverint
3112 4068 3218 4124 tibi
3248 4068 3387 4140 (non
3413 4071 3497 4123 est
3521 4065 3678 4121 enim
3701 4065 3878 4119 homo

2245 4169 2344 4242 qui
2364 4184 2481 4224 non
2510 4169 2744 4239 peccet),
2768 4168 2826 4221 et
2850 4166 3027 4220 iratus
3054 4160 3353 4219 tradideris
3377 4176 3471 4216 eos
3492 4157 3740 4215 inimicis
3758 4157 3878 4211 suis

2245 4268 2300 4318 et
2327 4261 2533 4336 captivi
2562 4261 2717 4318 ducti
2744 4260 2958 4316 fuerint
2983 4259 3045 4313 in
3069 4262 3281 4314 terram
3306 4254 3673 4311 inimicorum
3704 4252 3878 4322 longe

2244 4358 2331 4414 vel
2370 4374 2567 4430 prope,
2593 4360 2651 4413 et
2692 4354 2916 4428 egerint
2949 4351 3347 4425 paenitentiam
3378 4349 3440 4404 in
3469 4346 3641 4404 corde
3664 4362 3788 4413 suo,
3817 4344 3878 4399 in

2244 4452 2368 4508 loco
2393 4450 2749 4523 captivitatis,
2783 4451 2840 4504 et
2879 4446 3137 4503 conversi
3172 4443 3458 4517 deprecati
3486 4440 3707 4497 fuerint
3729 4443 3789 4495 te
3816 4438 3877 4493 in

2245 4546 2571 4618 captivitate
2612 4560 2713 4600 sua
2752 4543 3001 4598 dicentes
3032 4557 3046 4596 :
3087 4539 3468 4607 Peccavimus,
3506 4534 3704 4607 inique
3748 4533 3876 4604 egi-

514 4637 567 4686 te
594 4629 790 4697 hodie,
813 4633 879 4683 ut
908 4628 1053 4683 sicut
1077 4627 1224 4683 oculi
1244 4627 1328 4683 tui
1347 4629 1530 4699 aperti
1555 4631 1689 4684 sunt
1713 4647 1887 4703 super
1907 4631 2225 4718 domumD
2246 4656 2395 4708 mus,
2427 4639 2604 4712 impie
2649 4637 2960 4710 gessimus;
2999 4640 3056 4691 et
3095 4632 3308 4689 reversi
3351 4630 3567 4687 fuerint
3606 4626 3681 4683 ad
3716 4630 3777 4682 te
3819 4626 3881 4681 in

515 4726 661 4779 hanc
703 4726 873 4778 nocte
912 4725 969 4776 et
1010 4721 1124 4789 die,
1159 4737 1330 4793 super
1369 4721 1627 4789 domum,
1659 4723 1731 4778 de
1769 4741 1886 4796 qua
1915 4725 2144 4782 dixisti:

516 4818 870 4874 Eritnomen
900 4832 1094 4871 meum
1133 4815 1232 4883 ibi,
1262 4818 1327 4870 ut
1370 4816 1640 4872 exaudias
1682 4817 2147 4890 deprecationem

515 4912 661 4967 servi
694 4911 798 4979 tui,
832 4915 889 4966 et
931 4908 1127 4981 populi
1154 4908 1242 4964 tui
1270 4910 1461 4977 Israel,
1491 4910 1871 4983 quodcunque
1907 4914 2152 4969 oraverit

518 5008 575 5062 in
611 5008 735 5061 loco
784 5004 914 5074 isto,
944 5006 1002 5058 et
1043 5002 1311 5059 exaudias
1347 5003 1404 5057 in
1450 5003 1571 5059 loco
1618 5004 1928 5060 habitaculi
1972 5007 2056 5062 tui
2093 5008 2151 5063 in

518 5101 674 5168 coelo,
705 5104 763 5154 et
787 5114 918 5153 cum
951 5096 1291 5166 exaudiaris,
1326 5097 1607 5169 propitius
1642 5098 1773 5154 eris.
1801 5099 1859 5155 Si
1883 5117 2148 5172 peccave-

520 5194 594 5248 rit
634 5194 811 5248 homo
838 5192 897 5247 in
925 5191 1258 5264 proximum
1303 5206 1492 5258 suum,
1527 5196 1585 5246 et
1627 5191 1893 5248 habuerit
1919 5195 2150 5268 aliquod

514 5289 910 5359 jnramentum
944 5302 1058 5357 quo
1089 5287 1357 5339 teneatur
1385 5283 1666 5354 astrictus,
1695 5288 1753 5340 et
1776 5290 1993 5344 venerit
2018 5307 2145 5362 pro-

520 5388 651 5455 pter
667 5381 1061 5451 juramentum
1092 5394 1284 5434 coram
1313 5377 1479 5432 altari
1505 5381 1603 5433 tuo
1623 5379 1682 5434 in
1715 5380 1948 5439 domum
1966 5389 2148 5456 tuam,

523 5481 583 5531 tu
625 5474 893 5531 exaudies
935 5474 994 5528 in
1039 5473 1201 5541 coelo,
1233 5477 1290 5525 et
1325 5470 1517 5543 facies,
1547 5477 1604 5528 et
1640 5473 1919 5545 judicabis
1962 5496 2153 5537 servos

521 5580 645 5628 tuos
674 5568 1068 5625 condemnans
1115 5564 1382 5636 impium,
1416 5569 1474 5621 et
1515 5568 1758 5624 reddens
1796 5571 1944 5629 viam
1987 5591 2151 5630 suam

523 5681 693 5737 super
712 5664 884 5733 caput
910 5660 1054 5731 ejus,
1070 5658 1498 5731 justiﬁcansque
1517 5660 1738 5732 justum
1758 5668 1815 5719 et
1833 5667 2153 5724 retribuens

524 5762 574 5815 ei
597 5756 910 5812 secundum
930 5752 1210 5823 justitiam
1239 5770 1424 5809 suam.
1448 5754 1502 5809 Si
1527 5756 1737 5828 fugerit
1761 5761 2003 5831 populus
2026 5766 2153 5819 tuus

525 5867 695 5920 super
732 5847 994 5903 inimicos
1038 5862 1187 5912 suos,
1223 5845 1377 5917 (quia
1420 5855 1753 5919 peccaturus
1797 5858 1881 5908 est
1920 5855 2066 5926 tibi),
2098 5863 2155 5913 et

529 5946 763 6019 agentes
795 5938 1211 6011 pwnilentiam,
1243 5942 1298 5994 et
1328 5940 1662 5998 conﬁtentes
1691 5946 1905 6001 nomini
1937 5952 2036 6004 tuo
2066 5968 2154 6005 ve-

2247 4732 2513 4789 universo
2543 4732 2712 4787 corde
2738 4748 2861 4800 suo,
2889 4733 2947 4785 et
2970 4732 3089 4785 tota
3118 4727 3310 4783 anima
3336 4741 3455 4792 sua,
3480 4723 3542 4779 in
3576 4725 3731 4777 terra
3765 4719 3880 4775 ini-

2250 4828 2532 4883 micorum
2562 4843 2798 4883 suorum
2823 4826 2896 4881 ad
2921 4840 3097 4896 quam
3122 4819 3328 4895 captivi
3352 4817 3505 4875 ducti
3539 4817 3793 4883 fuerant,
3826 4817 3886 4868 et

2248 4921 2539 4978 oraverint
2566 4927 2622 4977 te
2667 4923 2866 4976 contra
2894 4919 3047 4974 viam
3084 4921 3256 4972 terrae
3295 4931 3432 4982 suas,
3463 4927 3640 4984 quam
3678 4906 3888 4964 dedisti

2250 5016 2506 5088 patribus
2531 5032 2754 5085 eorum,
2785 5018 2845 5069 et
2869 5013 3111 5069 civitatis
3136 5026 3313 5083 quam
3336 5006 3577 5080 elegisti,
3601 5006 3660 5060 et
3678 5001 3886 5074 templi

2251 5110 2407 5182 quod
2433 5109 2707 5166 aediﬁcavi
2730 5107 2952 5164 nomini
2983 5112 3101 5175 tuo,
3129 5103 3390 5161 exaudies
3413 5102 3474 5157 in
3506 5100 3668 5167 coelo,
3700 5098 3761 5153 in
3784 5096 3877 5151 ﬁr-

2252 5209 2547 5261 mamento
2575 5203 2704 5260 solii
2746 5201 2850 5271 tui,
2880 5201 3202 5257 orationem
3249 5201 3307 5255 et
3342 5211 3538 5270 preces
3579 5208 3799 5259 eorum,
3829 5193 3888 5245 et

2249 5299 2419 5355 facies
2453 5299 2736 5371 judiciiun
2765 5314 2988 5365 eorum,
3018 5299 3077 5351 et
3105 5291 3511 5367 propitiaberis
3546 5287 3757 5361 populo
3788 5289 3886 5339 tuo

2249 5395 2349 5467 qui
2366 5394 2618 5466 peccavit
2634 5393 2756 5463 tibi,
2772 5398 2829 5449 et
2848 5391 3119 5447 omnibus
3141 5385 3532 5460 iniquitatibus
3548 5398 3747 5439 eorum
3765 5378 3890 5452 qui—

2249 5488 2356 5544 bus
2400 5486 2753 5560 praevaricati
2796 5491 2929 5542 sunt
2957 5485 3019 5539 in
3045 5489 3125 5554 te,
3154 5486 3213 5538 et
3237 5479 3401 5536 dabis
3434 5474 3889 5534 misericordiam

2250 5599 2438 5638 coram
2459 5583 2538 5638 eis
2562 5582 2661 5653 qui
2687 5598 2784 5637 eos
2810 5581 3058 5652 captivos
3077 5575 3406 5643 habuerint,
3431 5577 3493 5629 ut
3508 5570 3892 5627 misereantur

2219 5670 2352 5755 feis.
2382 5676 2631 5748 Populus
2658 5676 2812 5732 enim
2852 5680 2982 5730 tuus
3025 5677 3109 5729 est
3153 5675 3211 5727 et
3254 5667 3557 5726 hazreditas
3597 5668 3719 5732 tua,
3745 5677 3892 5735 quos

2222 5762 2229 5775 ³
2254 5771 2494 5825 eduxisti
2525 5770 2597 5825 de
2624 5775 2776 5825 terra
2800 5767 3048 5840 Egypti,
3078 5767 3149 5821 de
3175 5764 3364 5820 medio
3387 5759 3635 5817 fornacis
3665 5758 3887 5824 ferreae,

2252 5869 2318 5917 ut
2342 5863 2455 5917 sint
2477 5863 2625 5918 oculi
2650 5864 2735 5918 tui
2764 5862 2948 5934 aperti
2973 5861 3046 5916 ad
3071 5856 3537 5931 deprecationem
3560 5852 3708 5908 servi
3732 5849 3812 5904 tui
3836 5851 3889 5902 et

2254 5957 2446 6029 populi
2477 5957 2555 6013 tui
2590 5958 2778 6024 Israel,
2808 5962 2865 6013 et
2895 5955 3165 6010 exaudies
3209 5968 3307 6007 eos
3358 5951 3416 6005 in
3462 5945 3744 6003 universis
3789 5959 3890 6016 pro
