4040 6302
178 363 297 415 IOGI

1366 356 1837 413 DECRETALIUM
1876 354 2267 412 COLLECTIO.

3404 364 3535 415 loci-2

166 468 373 540 quibus
398 464 744 519 invocabant
768 470 845 519 te.
887 466 964 518 'l‘u
1003 464 1157 518 enim
1182 466 1453 536 separasti
1480 482 1577 520 eos
1607 464 1705 519 tibi
1737 465 1798 521 in
1822 476 1881 549 Α
1901 464 2105 519 divinis
2134 463 2396 535 precibus
2441 480 2474 518 a
2508 463 2874 536 pontiﬁcibus
2905 463 3104 520 dicatis
3145 468 3205 521 et
3229 465 3291 520 in
3325 469 3538 523 mensis

163 559 563 616 hereditatem
590 558 662 612 de
692 557 966 613 universis
988 557 1214 628 populis
1243 562 1432 627 terrm,
1464 558 1611 613 sicut
1636 559 1798 613 locu-

170 660 258 709 tus
286 669 347 709 es
371 669 478 725 per
504 652 750 724 Moysen,
788 667 1014 707 servum
1055 654 1240 720 tuum,
1285 651 1515 723 quando
1557 650 1804 706 eduxisti

166 752 361 819 patres
407 751 632 802 nostros
679 745 750 800 de
791 750 944 800 terra
963 744 1213 816 Egypti,
1242 744 1476 801 Domine
1497 745 1664 801 Deus.
1697 745 1802 798 Fa-

163 844 325 896 ctum
366 845 451 896 est
495 843 708 907 autem,
755 855 890 894 cum
932 839 1272 909 complesset
1308 839 1598 906 Salomon,
1631 854 1804 893 orans

160 934 469 991 Dominum
506 932 824 989 orationem
863 937 921 987 et
956 932 1417 1003 deprecationem
1460 932 1639 1001 hanc,
1679 948 1800 986 sur-

162 1028 314 1084 rexit
348 1028 420 1083 de
457 1029 765 1097 conspectu
800 1025 992 1081 altaris
1019 1025 1265 1081 Domini.
1298 1028 1614 1097 Utrumque
1650 1026 1803 1081 enim

164 1138 321 1194 genu
347 1122 408 1177 in
435 1125 592 1176 terra
619 1120 845 1191 ﬁxerat,
877 1125 937 1175 et
966 1136 1174 1174 manus
1205 1119 1560 1191 expanderat
1586 1120 1657 1175 ad
1689 1136 1800 1174 cce-

163 1218 303 1271 lum.
354 1216 523 1272 Stetit
566 1231 702 1286 ergo
743 1219 800 1269 et
836 1213 1125 1269 benedixit
1166 1214 1325 1269 omni
1354 1214 1609 1269 Ecclesiae
1635 1213 1803 1268 Israel

164 1325 303 1365 voce
327 1325 544 1380 magna
574 1309 767 1363 dicens
793 1326 806 1363 :
840 1307 1174 1363 Benedictus
1203 1307 1495 1377 Dominus,
1518 1308 1619 1379 qui
1645 1307 1805 1363 dedit

164 1403 423 1475 requiem
446 1402 660 1474 populo
687 1419 791 1457 suo
818 1403 1011 1470 Israel,
1028 1402 1191 1472 juxta
1213 1401 1409 1457 omnia
1430 1418 1559 1472 quas
1582 1402 1803 1458 locutus

163 1502 273 1564 est;
308 1513 427 1552 non
455 1496 658 1552 cecidit
684 1512 756 1551 ne
781 1512 931 1551 unus
959 1494 1192 1567 quidem
1218 1512 1405 1550 sermo
1432 1496 1491 1550 in
1535 1496 1803 1551 omnibus

166 1607 299 1662 quae
328 1591 549 1645 locutus
584 1593 672 1644 est
706 1606 809 1661 per
842 1591 1068 1661 Moysen
1101 1606 1328 1664 servum
1359 1606 1546 1645 suum.
1585 1591 1665 1645 Sit
1690 1591 1799 1645 Do-

163 1684 518 1754 minusDeus
531 1684 850 1751 nobiscum,
869 1683 1017 1738 sicut
1028 1683 1138 1738 fuit
1150 1700 1280 1739 cum
1296 1684 1480 1755 patrib
1487 1701 1549 1738 us
1569 1683 1800 1750 nostris,

170 1796 286 1833 non
314 1778 718 1849 derelinquens
742 1794 848 1833 nos
876 1794 1062 1849 neque
1093 1778 1416 1849 projiciens,
1446 1777 1545 1833 sed
1569 1776 1801 1832 inclinet

1903 557 2143 613 Domino
2169 556 2421 625 sacratis,
2449 561 2506 612 et
2530 573 2691 613 sacra
2710 558 2981 613 unctione
3001 575 3035 613 a
3062 559 3421 630 pontiﬁcibus
3440 562 3534 615 de-

1903 649 2094 706 libutis
2117 666 2223 722 pro
2251 666 2474 705 summa
2512 650 2594 720 (ut
2626 651 2925 722 przeﬁxum
2973 654 3075 722 est)
3099 653 3452 721 necessitate,
3482 659 3540 709 et

1903 759 2018 798 non
2044 760 2149 815 pro
2178 743 2341 798 libito
2366 744 2702 816 cujusquam
2727 750 2783 799 et
2808 744 3041 815 pigritia
3085 750 3310 816 agatur.
3353 747 3540 803 Satius

1904 852 2041 908 ergo
2068 841 2154 893 est
2178 837 2417 893 missam
2441 854 2557 892 non
2581 841 2831 905 cantare,
2860 840 2961 893 aut
2978 855 3097 894 non
3118 839 3336 910 audire,
3361 857 3533 912 quam

1904 931 1964 985 in
1984 930 2096 987 illis
2115 930 2253 986 locis
2274 930 2371 985 ubi
2391 931 2517 986 ﬁeri
2536 948 2654 987 non
2667 936 2908 1003 oportet,
2926 932 3033 986 nisi
3056 934 3137 1002 (ut
3153 948 3301 1005 saepe
3320 934 3537 990 dictum

1905 1028 2006 1095 est)
2026 1041 2133 1096 pro
2162 1041 2385 1080 summa
2409 1025 2709 1097 contingat
2740 1026 3096 1095 necessitate,
3135 1027 3408 1098 quoniam
3432 1046 3535 1084 ne-

1903 1118 2132 1173 cessitas
2153 1135 2271 1173 non
2290 1117 2469 1174 habet
2484 1119 2696 1191 legem.
2722 1119 2879 1174 Unde
2898 1119 3175 1191 scriptum
3199 1125 3282 1175 est
3304 1139 3317 1176 :
3349 1144 3376 1171 ‹‹
3400 1123 3535 1177 Vide

1906 1228 1977 1267 ne
2002 1211 2203 1267 oﬁ'eras
2230 1212 2555 1268 holocausta
2572 1217 2673 1268 tua
2692 1212 2752 1268 in
2777 1213 2934 1267 omni
2959 1214 3083 1268 loco
3112 1231 3283 1285 quem
3306 1216 3532 1283 videris,

1904 1306 2003 1361 sed
2028 1306 2087 1361 in
2112 1307 2234 1361 loco
2259 1323 2434 1378 quem
2466 1307 2705 1377 elegerit
2730 1307 2999 1362 Dominus
3028 1309 3175 1363 Deus
3204 1313 3334 1364 tuus
3359 1310 3531 1380 (Deut.

1903 1417 2001 1467 xu,
2034 1401 2138 1472 l3).
2172 1422 2200 1450 »
2241 1402 2311 1454 Et
2341 1400 2400 1455 in
2435 1401 2624 1456 Exodo
2649 1401 2859 1472 legitur
2886 1419 2898 1456 :
2939 1423 2967 1451 «
2998 1403 3104 1456 Vos
3133 1402 3369 1472 vidistis,
3398 1406 3533 1475 quia

1904 1493 1973 1548 de
1998 1494 2138 1548 coelo
2166 1495 2389 1548 locutus
2414 1510 2541 1548 sum
2576 1495 2749 1549 vobis.
2772 1495 2891 1548 Non
2920 1494 3137 1550 facietis
3163 1496 3303 1551 deos
3327 1513 3529 1569 argen-

1903 1591 2042 1656 teos,
2070 1603 2175 1642 nec
2213 1588 2350 1642 deos
2391 1604 2599 1643 aureos
2625 1588 2839 1642 facietis
2864 1589 3039 1644 vobis.
3070 1590 3257 1645 Altare
3286 1591 3358 1646 de
3384 1597 3533 1647 terra

1902 1681 2119 1737 facietis
2156 1681 2321 1749 mihi,
2361 1685 2419 1736 et
2458 1681 2706 1737 oﬁ‘eretis
2744 1699 2913 1753 super
2948 1683 3085 1738 illud
3114 1684 3445 1741 holocausta
3476 1690 3533 1740 et

1903 1773 2135 1844 paciﬁca
2172 1779 2377 1829 vestra.
2426 1774 2571 1830 Oves
2600 1778 2815 1830 vestras
2843 1780 2899 1830 et
2926 1775 3093 1832 boves
3117 1776 3176 1831 in
3205 1779 3360 1832 omni
3388 1779 3529 1845 loco,

170 1871 350 1925 corda
389 1875 581 1926 nostra
621 1871 694 1925 ad
720 1887 799 1938 se,
831 1874 893 1925 ut
917 1870 1275 1926 ambulemus
1307 1870 1367 1925 in
1397 1870 1671 1925 universis
1698 1853 1877 1925 viisB
1900 1867 1959 1921 in
2009 1884 2122 1939 quo
2178 1868 2454 1923 memoria
2506 1868 2679 1924 fuerit
2727 1869 2978 1924 nominis
3030 1870 3141 1925 mei
3196 1872 3390 1942 (Ewod.
3438 1890 3528 1942 xx,

165 1966 314 2036 ejus,
345 1968 403 2020 et
424 1963 808 2020 custodiamus
826 1962 1096 2018 mandata
1116 1962 1239 2033 ejus
1272 1967 1329 2017 et
1351 1963 1722 2018 caeremonias
1746 1967 1801 2019 et

154 2058 378 2129 judicia
398 2073 753 2130 quaecunque
773 2056 1065 2112 mandavit
1086 2055 1345 2126 patribus
1364 2056 1593 2125 nostris,
1613 2062 1671 2112 et
1688 2056 1802 2112 sint

160 2168 458 2208 sermones
486 2151 603 2207 mei
628 2152 722 2207 isti
745 2151 950 2222 quibus
975 2150 1305 2221 deprecatus
1327 2166 1453 2206 sum
1473 2166 1666 2205 coram
1695 2152 1800 2206 Do-

160 2247 321 2302 mino
361 2245 886 2318 appropinquantes
925 2246 1164 2300 Domino
1211 2245 1326 2300 Deo
1374 2248 1566 2301 nostro
1605 2245 1698 2300 die
1735 2262 1799 2300 ac

160 2345 346 2408 nocte,
390 2345 452 2395 ut
495 2340 666 2395 faciat
705 2338 988 2411 judicium
1030 2355 1191 2393 servo
1235 2355 1337 2394 suo
1370 2342 1427 2395 et
1455 2339 1669 2410 populo
1694 2355 1796 2394 suo

164 2435 331 2489 Israel
350 2449 457 2506 per
473 2433 726 2505 singulos
746 2432 888 2501 dies,
901 2436 967 2487 ut
977 2432 1159 2487 sciant
1176 2448 1378 2488 omnes
1395 2432 1590 2504 populi
1608 2435 1794 2499 terrae,

160 2527 298 2600 quia
323 2527 593 2583 Dominus
617 2527 739 2599 ipse
766 2529 850 2582 est
873 2528 1041 2593 Deus,
1069 2529 1126 2580 et
1152 2542 1267 2581 non
1299 2530 1385 2580 est
1416 2525 1558 2581 alius
1586 2525 1798 2598 absque

162 2638 249 2676 eo.
280 2620 370 2677 Sit
392 2636 623 2693 quoque
647 2636 745 2676 cor
762 2626 1025 2676 nostrum
1051 2620 1370 2692 perfectum
1392 2636 1525 2675 cum
1556 2620 1798 2676 Domino

160 2717 278 2771 Deo
302 2720 518 2785 nostro,
552 2721 614 2771 ut
635 2716 998 2771 ambulemus
1024 2714 1084 2769 in
1107 2714 1351 2770 decretis
1376 2714 1518 2785 ejus,
1543 2717 1601 2769 et
1616 2719 1798 2769 custo-

158 2810 389 2865 diamus
429 2810 705 2865 mandata
747 2810 873 2881 ejus
915 2808 1061 2864 sicut
1102 2815 1161 2864 et
1191 2809 1379 2865 hodie.
1412 2809 1599 2880 Igitur
1621 2825 1718 2864 rex
1744 2786 1831 2877 et?

159 2904 351 2959 omnis
377 2904 545 2959 Israel
562 2920 693 2959 cum
714 2920 782 2959 eo
803 2902 1177 2959 immolabant
1192 2903 1447 2958 victimas
1472 2919 1668 2958 coram
1689 2904 1795 2958 Do-

162 2998 342 3053 mino.
374 2997 742 3069 Mactavitque
768 2997 983 3052 hostias
1013 2997 1272 3068 paciﬁcas
1307 3013 1448 3068 quas
1487 2997 1801 3052 immolavit

164 3091 426 3159 Domino,
457 3091 632 3147 boum
654 3090 853 3163 viginti
872 3091 984 3146 duo
1013 3090 1213 3160 millia,
1245 3092 1436 3145 ovium
1463 3094 1691 3147 centum
1717 3090 1798 3145 vi-

1900 1962 2102 2033 22-24).
2139 1981 2168 2014 ››
2201 1962 2269 2016 Et
2293 1961 2440 2017 sicut
2467 1979 2583 2017 non
2613 1961 2707 2017 alii
2737 1979 2912 2034 quam
2940 1964 3145 2019 sacrati
3172 1966 3415 2021 Domino
3442 1984 3531 2022 sa-

1900 2054 2160 2111 cerdotes
2181 2055 2389 2111 debent
2404 2056 2604 2111 missas
2619 2059 2869 2123 cantare,
2895 2073 2997 2112 nec
3015 2057 3287 2113 sacriﬁcia
3304 2060 3528 2128 offerre,

1900 2149 1978 2203 sic
2022 2165 2126 2205 nec
2175 2150 2237 2204 in
2281 2148 2408 2204 aliis
2445 2165 2618 2221 quam
2661 2149 2721 2205 in
2753 2150 2997 2221 praefatis
3026 2151 3269 2208 Domino
3297 2156 3531 2211 sacratis

1899 2242 2034 2297 locis
2058 2243 2258 2298 missas
2283 2247 2538 2313 cantare,
2565 2247 2666 2298 aut
2690 2243 2960 2300 sacriﬁcia
2998 2244 3203 2301 offerre
3231 2247 3443 2303 licebit.
3475 2250 3528 2305 Si

1897 2341 2089 2392 autem
2136 2341 2198 2391 ut
2236 2337 2446 2409 legitur
2493 2338 2551 2392 in
2599 2333 2835 2393 concilio
2861 2338 3207 2411 Laodicensi,
3254 2357 3380 2414 cap.
3436 2345 3525 2410 26,

1899 2430 2055 2501 quod
2093 2431 2172 2499 hi,
2220 2431 2319 2502 qui
2370 2448 2486 2486 non
2534 2438 2669 2487 sunt
2714 2432 2783 2487 ab
2822 2433 3097 2504 episcopis
3128 2433 3377 2491 ordinati
3408 2440 3529 2492 tam

1898 2524 1959 2579 in
2004 2524 2269 2593 ecclesiis,
2317 2541 2489 2597 quam
2528 2525 2585 2581 in
2613 2525 2877 2581 domibus
2903 2527 3223 2584 exorcizare
3255 2547 3373 2585 non
3399 2547 3525 2602 pos-

1898 2622 2059 2686 sunt;
2092 2619 2271 2674 multo
2313 2619 2496 2690 magis
2534 2620 2764 2689 majoris
2805 2621 3013 2693 gradus
3047 2622 3384 2692 ministeria,
3419 2626 3527 2680 nisi

1897 2713 1967 2767 ab
1996 2713 2294 2785 episcopis,
2326 2713 2423 2785 qui
2454 2714 2526 2768 ad
2557 2730 2656 2769 eos
2677 2715 2885 2785 gradus
2909 2720 3042 2770 sunt
3068 2718 3289 2786 sacrati,
3321 2719 3527 2790 quibus

1897 2806 2060 2878 fungi
2099 2807 2311 2863 debent
2341 2807 2527 2863 ofﬁcia
2550 2808 2666 2880 agi,
2705 2810 2792 2864 vel
2830 2809 3102 2865 sacriﬁcia
3142 2811 3333 2867 offerri
3374 2813 3522 2869 licet.

1897 2902 2054 2966 Quod
2078 2906 2271 2957 autem
2292 2902 2379 2973 (ut
2396 2903 2570 2973 paulo
2595 2903 2853 2974 superius
2872 2904 3231 2975 praslibatum
3248 2908 3349 2977 est)
3371 2908 3530 2964 obla-

1898 2996 2079 3050 tiones
2108 2996 2166 3049 in
2197 2994 2472 3051 domibus
2491 2997 2680 3052 offerri
2699 3014 2813 3052 non
2842 2997 3072 3066 debent,
3092 2999 3154 3053 in
3169 3000 3371 3056 eodem
3387 3018 3527 3058 con-

1898 3089 2025 3144 cilio
2053 3106 2174 3161 cap.
2210 3093 2296 3160 59,
2325 3090 2678 3162 prohibitum
2713 3092 2884 3147 habet
2910 3092 2993 3147 ita
3025 3111 3038 3147 :
3071 3094 3192 3148 Non
3220 3098 3531 3166 oportetin

162 3185 310 3256 ginti
333 3185 534 3253 millia,
559 3190 618 3241 et
634 3185 1039 3241 dedicaverunt
1064 3186 1343 3256 templum
1364 3185 1604 3240 Domino
1622 3201 1723 3241 rex
1743 3189 1800 3240 et
1819 3227 1874 3302 Ο
1901 3183 2165 3238 domibus
2189 3184 2505 3240 oblationes
2529 3186 2799 3241 celebrari
2828 3186 2899 3242 ab
2926 3187 3202 3259 episcopis
3221 3194 3278 3244 et
3302 3192 3530 3263 presby-

162 3279 257 3302 Lllli
290 3280 454 3302 1-..-..I
510 3281 566 3302 1..
607 3279 690 3302 J2-
730 3279 818 3302 ιιι-
858 3279 1223 3302 _.._.-A!ﬂ-_-.21
1254 3296 1351 3302 κ-..
1384 3279 1635 3302 Μυκη-Α
1670 3278 1793 3302 -.ι-εἷ
1901 3278 2063 3302 ιληζ-.
2089 3278 2469 3302 -AIAM.-:L-A..-
2490 3295 2615 3302 ..Α-Α
2647 3279 3062 3302 J_J:--L:-__-_-
3097 3282 3349 3302 --_1A_,'_,,
3514 3291 3524 3302 ι

160 3279 262 3334 ﬁlii
289 3280 481 3335 Israel.
510 3281 572 3334 In
603 3279 695 3334 die
726 3279 825 3333 illa
856 3279 1227 3334 sanctiﬁcavit
1254 3296 1355 3333 rex
1384 3279 1641 3333 medium
1667 3278 1796 3334 atrii

160 3374 319 3446 quod
369 3375 493 3429 erat
533 3378 668 3429 ante
716 3373 951 3428 domum
1003 3373 1251 3428 Domini.
1308 3372 1458 3427 Fecit
1501 3376 1694 3428 autem
1718 3373 1794 3428 ibi

160 3470 558 3523 holocaustum
590 3471 648 3523 et
674 3467 1016 3524 sacriﬁcium
1048 3472 1106 3522 et
1135 3468 1368 3539 adipem
1405 3467 1793 3539 paciﬁcorum,

163 3564 302 3635 quia
335 3564 513 3619 altare
542 3578 767 3618 aeneum
799 3562 949 3633 quod
975 3565 1097 3617 erat
1126 3578 1316 3617 coram
1344 3562 1579 3617 Domino
1607 3562 1796 3617 minus

163 3661 307 3726 erat,
340 3662 400 3712 et
436 3673 642 3729 capere
687 3673 804 3713 non
834 3662 1059 3729 poterat
1084 3657 1476 3712 holocaustum
1503 3661 1558 3712 et
1583 3656 1794 3711 sacriﬁ-

160 3752 311 3808 cium
346 3757 406 3808 et
427 3752 660 3823 adipem
692 3751 1082 3823 paciﬁcorum.
1112 3752 1265 3807 Fecit
1294 3756 1486 3808 autem
1519 3752 1795 3807 Salomon

162 3848 220 3901 in
249 3852 507 3919 tempore
527 3846 622 3901 illo
650 3846 1014 3902 festivitatem
1036 3846 1333 3915 celebrem,
1357 3853 1413 3901 et
1429 3846 1617 3901 omnis
1632 3847 1796 3901 Israel

161 3957 294 3997 cum
321 3957 390 3997 eo
423 3940 729 3995 multitudo
757 3956 990 4011 magna,
1021 3944 1078 3994 et
1102 3940 1343 3996 introitu
1374 3940 1581 3996 Emath
1616 3956 1796 4012 usque

161 4036 230 4089 ad
255 4034 445 4089 rivum
464 4034 710 4105 Egypti,
740 4050 935 4088 coram
952 4034 1194 4089 Domino
1226 4035 1340 4089 Deo
1366 4039 1560 4090 nostro
1579 4039 1795 4106 septem

164 4128 364 4183 diebus
388 4131 448 4183 et
471 4132 689 4199 septem
714 4127 930 4194 diebus,
959 4128 1017 4183 id
1036 4132 1123 4183 est
1139 4130 1575 4200 quatuordecim
1596 4129 1796 4183 diebus

162 4225 219 4277 et
266 4223 328 4277 in
379 4223 469 4277 die
520 4227 712 4277 octava
766 4222 984 4277 dimisit
1032 4224 1272 4294 populos
1329 4225 1429 4293 (ΠΙ
1488 4227 1616 4293 Reg.
1677 4240 1793 4293 vm,

164 4318 363 4387 13-66).
404 4339 432 4367 ››
468 4316 650 4371 Judaei
691 4332 827 4388 ergo
874 4318 1015 4385 loca,
1047 4318 1104 4371 in
1128 4316 1333 4388 quibus
1364 4318 1606 4373 Domino
1635 4318 1798 4373 sacri-

160 4410 428 4479 ﬁcabant,
481 4410 683 4465 divinis
726 4410 1013 4466 habebant
1045 4410 1552 4482 supplicationibus
1606 4428 1797 4467 conse-

161 4506 340 4571 crata,
371 4519 474 4562 nec
497 4504 558 4559 in
586 4505 710 4559 aliis
738 4521 910 4576 quam
944 4505 1002 4559 in
1029 4506 1140 4560 Deo
1171 4504 1371 4559 dicatis
1402 4505 1536 4559 locis
1558 4522 1799 4562 munera

1901 3278 2065 3333 teris:
2087 3278 2472 3335 solemnitates
2490 3295 2621 3334 vero
2641 3279 3067 3336 dedicationum
3090 3282 3453 3339 ecclesiarum
3475 3291 3532 3341 et

1898 3371 2257 3427 sacerdotum
2296 3389 2399 3442 per
2440 3373 2699 3444 singulos
2752 3390 2930 3429 annos
2982 3380 3117 3430 sunt
3153 3378 3524 3447 celebrandae,

1896 3466 2016 3536 ipso
2046 3465 2287 3521 Domino
2312 3468 2575 3538 exempla
2614 3468 2806 3537 dante,
2846 3469 2944 3541 qui
2969 3469 3041 3523 ad
3071 3470 3281 3526 festum
3307 3473 3529 3528 dedica-

1898 3558 2068 3613 tionis
2092 3559 2291 3629 templi
2316 3559 2582 3615 omnibus
2621 3560 2678 3615 id
2719 3561 3043 3617 faciendum
3082 3565 3223 3619 dans
3258 3566 3527 3635 formam,

1897 3669 2028 3707 cum
2049 3652 2282 3723 reliquis
2302 3654 2529 3725 populis
2548 3654 2805 3711 eamdem
2825 3656 3190 3713 festivitatem
3211 3659 3529 3716 celebratu-

1897 3764 1993 3802 rus
2020 3745 2191 3813 venit,
2213 3746 2358 3801 sicut
2378 3748 2651 3820 scriptum
2672 3752 2756 3804 est
2777 3766 2789 3803 :
2812 3771 2840 3799 ι(
2858 3750 3024 3805 Facta
3043 3755 3178 3806 sunt
3198 3754 3451 3809 encaenia
3471 3756 3529 3809 in

1899 3840 2297 3912 Hierosolymis
2331 3848 2387 3897 et
2415 3842 2601 3897 hiems
2630 3848 2768 3898 erat.
2813 3845 2882 3898 Et
2915 3845 3249 3902 ambulabat
3281 3848 3441 3903 Jesus
3471 3850 3531 3904 in

1896 3935 2129 4006 templo,
2178 3936 2235 3989 in
2277 3937 2503 4007 porticu
2534 3936 2853 3992 Salomonis
2884 3938 3060 4010 (Joan.
3089 3956 3140 4009 x,
3167 3940 3278 4012 28).
3308 3963 3336 3991 »
3366 3943 3531 4007 Quod

1896 4032 2090 4085 autem
2122 4035 2247 4085 octo
2272 4030 2497 4085 dierum
2518 4031 2633 4086 sint
2650 4033 2899 4088 enczenia
2921 4034 3286 4104 celebranda,
3308 4037 3367 4092 in
3389 4038 3530 4092 libro

1897 4124 2120 4195 Regum
2152 4131 2380 4196 peracta
2405 4125 2761 4182 dedicatione
2791 4129 2991 4200 templi
3021 4131 3291 4201 reperies.
3510 4104 3567 4179 Α

1969 4220 2033 4272 ll.
2077 4221 2155 4273 De
2197 4219 2565 4273 ecclesiarum
2604 4222 3028 4277 consecratione
3057 4226 3283 4294 quoties
3314 4227 3531 4282 dubita-

1897 4317 2010 4383 tur,
2044 4318 2227 4367 etnec
2253 4315 2410 4368 certa
2437 4312 2736 4384 scriptura,
2764 4331 2869 4369 nec
2896 4316 3038 4370 certi
3068 4321 3238 4373 testes
3259 4320 3527 4377 existunt.

1899 4424 1933 4463 a
1977 4407 2185 4480 quibus
2225 4406 2567 4461 consecratio
2609 4407 2837 4475 sciatur,
2887 4408 3098 4481 absque
3139 4411 3255 4467 ulla
3302 4414 3523 4471 dubita-

1899 4502 2054 4557 tione
2085 4502 2281 4556 scitote
2313 4517 2409 4555 eas
2438 4516 2561 4554 esse
2591 4503 3023 4572 consecrandas,
3072 4521 3175 4561 nec
3204 4506 3330 4561 talis
3359 4510 3530 4580 trepi-

162 4598 403 4653 Domino
442 4597 775 4654 offerebant.
806 4599 861 4653 Si
893 4598 1046 4653 enim
1072 4597 1251 4653 Judaei
1282 4598 1381 4669 qui
1413 4598 1631 4654 umbras
1655 4600 1796 4672 legis
1815 4606 1876 4679 D
1899 4596 2053 4652 datio
2094 4596 2266 4652 faciat
2308 4594 2826 4663 deteriorationem,
2874 4598 3149 4668 quoniam
3196 4616 3316 4655 non
3358 4619 3523 4657 mon-

161 4691 570 4761 deserviebant,
624 4693 745 4746 haec
785 4693 1091 4759 faciebant,
1141 4692 1321 4746 multo
1362 4692 1545 4763 magis
1590 4695 1796 4764 quibus

164 4785 370 4841 veritas
403 4787 686 4856 patefacta
717 4791 818 4854 est,
852 4791 910 4841 et
937 4788 1124 4858 gratia
1154 4790 1212 4842 et
1238 4786 1446 4840 veritas
1480 4803 1582 4858 per
1607 4790 1796 4842 Jesum

162 4880 450 4934 Christum
503 4880 637 4935 data
689 4885 790 4949 est,
835 4882 1046 4953 templa
1098 4881 1341 4936 Domino
1394 4881 1691 4948 aediﬁcare,
1719 4888 1793 4947 et,

167 4976 338 5043 prout
365 4973 568 5029 melius
589 4990 911 5045 possumus,
937 4991 1160 5042 ornare,
1183 4990 1364 5046 eaque
1385 4974 1588 5029 divinis
1610 4974 1792 5045 preci-

162 5067 266 5121 bus
318 5072 376 5122 et
428 5068 636 5123 sanctis
693 5069 1056 5124 unctionibus
1097 5069 1212 5125 suis
1257 5085 1387 5124 cum
1421 5068 1712 5138 altaribus,
1740 5074 1795 5124 et

163 5161 325 5230 vasis,
351 5161 599 5217 vestibus
623 5178 856 5234 quoque
877 5167 935 5217 et
954 5163 1185 5235 reliquis
1205 5164 1273 5218 ad
1296 5163 1554 5218 divinum
1575 5162 1792 5218 cultum

163 5255 513 5327 explendum
534 5256 872 5312 utensilibus
891 5258 1091 5313 devote
1119 5261 1176 5313 et
1202 5258 1529 5313 solemniter
1549 5273 1788 5325 sacrare,

161 5354 219 5405 et
239 5366 355 5405 non
388 5349 449 5404 in
472 5350 596 5405 aliis
619 5367 791 5423 quam
812 5352 870 5406 in
888 5352 1128 5407 Domino
1150 5353 1377 5408 sacratis
1404 5352 1475 5407 ab
1492 5352 1790 5423 episcopis,

163 5447 218 5499 et
244 5460 365 5499 non
398 5460 433 5497 a
465 5445 856 5517 corepiscopis,
888 5446 987 5516 qui
1022 5463 1169 5518 saepe
1201 5446 1469 5519 prohibiti
1502 5451 1656 5517 sunt,
1682 5446 1791 5501 nisi

161 5539 246 5610 (ut
268 5538 607 5610 praedictum
634 5545 732 5610 est)
762 5557 986 5597 summa
1012 5541 1275 5612 exigente
1303 5541 1634 5597 necessitate
1654 5541 1789 5595 mis-

160 5648 250 5687 sas
270 5632 576 5703 celebrare,
594 5650 701 5688 nec
719 5634 989 5690 sacriﬁcia
1010 5634 1247 5690 Domino
1263 5636 1471 5691 offerre
1491 5635 1788 5692 debemus.

162 5727 230 5781 Et
265 5726 371 5781 hoc
406 5726 453 5782 si
492 5744 720 5784 summa
746 5728 1048 5785 necessitas
1088 5745 1257 5799 agere
1281 5730 1640 5802 compulerit,
1672 5746 1790 5785 non

160 5821 219 5875 in
247 5820 535 5892 domibus,
571 5823 708 5894 quia
750 5822 809 5877 in
857 5823 1026 5878 sacris
1065 5823 1375 5878 canonibus
1423 5823 1698 5878 sacriﬁcia
1730 5823 1786 5878 in

249 5868 535 5892 --.μ-..η
573 5868 708 5894 ν...
857 5868 1025 5878 ην---
1066 5868 1374 5878 .....-.......-
1423 5868 1698 5878 -..ν-...ν...

161 5915 425 5972 domibus
452 5915 638 5971 offerri
668 5917 952 5989 prohibita
992 5921 1140 5986 sunt,
1184 5917 1281 5972 sed
1320 5918 1378 5972 in
1409 5916 1789 5972 tabernaculis

1896 4693 2109 4746 stratur
2153 4707 2271 4746 esse
2310 4690 2603 4760 iteratum,
2643 4690 2794 4761 quod
2842 4691 3091 4747 nescitur
3124 4694 3361 4750 factum.
3411 4698 3523 4765 His,

1898 4785 2117 4853 fratres,
2140 4783 2481 4840 testimoniis
2524 4784 2939 4855 Scripturarum
2982 4788 3284 4857 apostolica
3338 4796 3527 4846 aucto-

1896 4879 2059 4935 ritate
2090 4879 2360 4934 consultis
2386 4878 2580 4934 vestris
2604 4878 2852 4935 breviter
2880 4881 3234 4951 respondisse
3260 4884 3520 4941 sufﬁciat.

1895 4972 2058 5027 Vobis
2087 4976 2277 5027 tamen
2298 4972 2725 5044 prievidendum
2751 4977 2834 5029 est
2859 4978 2916 5029 et
2933 4976 3195 5031 omnibus
3216 4979 3525 5049 praedican-

1895 5065 2033 5120 dum
2059 5070 2123 5120 ut
2147 5065 2341 5121 illicita
2388 5083 2506 5122 non
2552 5072 2819 5139 agantur,
2864 5072 2922 5124 et
2967 5070 3191 5125 Domini
3234 5077 3522 5146 prazcepta

1893 5163 2295 5214 conserventur
2338 5163 2396 5213 et
2436 5161 2677 5216 ﬁdeliter
2702 5166 3074 5235 peragantur.
3102 5165 3392 5238 Rogamus
3416 5186 3518 5224 au-

1894 5257 2010 5308 tem
2066 5269 2182 5319 vos,
2239 5252 2459 5323 fratres,
2516 5258 2582 5308 ut
2634 5255 2782 5311 dicta
2827 5258 3081 5329 Apostoli
3134 5262 3516 5332 replicemus:

1896 5371 1923 5398 ‹‹
1946 5346 2226 5418 Corripite
2251 5345 2554 5417 inquietos,
2580 5350 2960 5406 consolamini
2980 5353 3382 5427 pusillanimes,
3405 5376 3520 5415 sus-

1891 5442 2058 5514 cipite
2101 5440 2378 5506 inﬁrmos,
2430 5439 2707 5511 patientes
2751 5447 2930 5499 estote
2972 5447 3042 5501 ad
3068 5465 3289 5507 omnes.
3324 5454 3513 5510 Videte

1891 5554 1964 5593 ne
2007 5535 2133 5609 quis
2163 5534 2380 5589 malum
2412 5550 2515 5604 pro
2540 5534 2689 5588 malo
2719 5535 2887 5589 alicui
2918 5539 3134 5609 reddat,
3168 5545 3266 5599 sed
3291 5563 3518 5620 semper

1893 5632 2042 5705 quod
2079 5630 2298 5685 bonum
2343 5631 2428 5684 est
2466 5626 2761 5682 sectamini
2806 5628 2868 5682 in
2911 5629 3177 5703 invicem,
3215 5643 3271 5693 et
3297 5641 3354 5695 in
3387 5660 3515 5699 om-

1890 5744 2009 5784 nes.
2038 5727 2271 5796 Semper
2298 5722 2560 5795 gaudete,
2606 5722 2726 5778 sine
2770 5722 3188 5783 intermissione
3231 5740 3410 5805 orate,
3457 5739 3516 5794 in

1889 5820 2153 5877 omnibus
2189 5818 2399 5891 gratias
2440 5816 2613 5889 agite.
2660 5818 2790 5873 Haec
2832 5823 2915 5874 est
2952 5819 3106 5875 enim
3131 5823 3393 5882 voluntas
3418 5832 3514 5888 Dei

1891 5917 1947 5971 in
1977 5914 2197 5969 Christo
2241 5914 2364 5969 Jesu
2405 5912 2462 5967 in
2509 5911 2770 5967 omnibus
2807 5912 2981 5969 vobis.
3030 5915 3300 5987 Spiritum
3336 5923 3511 5981 nolite
