4040 6332
305 15 404 24 .-~—-—
411 13 821 25 -_-_.-.—-v——
843 22 1041 26 -——____

482 385 617 445 4063

1383 385 1661 442 APPEND.
1706 387 1792 439 AD
1830 386 1989 440 δίκε.
2035 383 2119 438 ΙΧ.
2153 413 2220 422 -
2261 383 2502 438 lSlDORl
2543 379 2966 436 MERCATORIS

3711 381 3851 433 lOti’t

475 497 865 567 exstinguere;
901 495 1229 566 prOphctias
1257 493 1430 548 nolite
1451 509 1741 564 spernere.
1770 492 1978 546 Omnia
2004 508 2103 545 au-
2130 490 2364 574 Aenim
2408 489 2558 544 illius
2604 489 2871 560 longavi.
2912 490 2974 542 In
3017 486 3295 542 thesauris
3341 485 3638 557 sapientia
3681 486 3857 541 intel—

479 595 592 645 tcm
623 591 874 662 probate,
897 590 1045 660 quod
1073 589 1287 643 bonum
1313 593 1399 643 est
1422 592 1634 642 tenete.
1671 587 1751 640 Ab
1781 586 1937 640 omni
1977 602 2104 656 spe-

477 685 559 739 cie
604 685 756 737 niala
794 682 1073 737 abstinete
1104 699 1218 736 vos.
1255 683 1378 752 Ipse
1404 686 1596 736 autem
1627 681 1770 734 Deus
1799 679 1955 750 pacis
1979 696 2105 733 san-

479 777 683 830 ctiﬁcet
713 793 808 829 vos
835 792 936 845 per
963 776 1183 844 omnia,
1214 781 1280 830 ut
1304 776 1530 846 integer
1553 774 1787 846 spiritus
1818 778 2018 840 vester,
2054 778 2110 827 et

475 869 672 923 anima
697 874 752 923 et
775 886 978 939 corpus
1007 870 1131 923 sine
1159 871 1393 940 querela
1414 869 1471 922 in
1495 869 1739 923 adventu
1763 867 1990 922 Domini
2010 883 2108 920 no-

471 963 566 1016 stri
613 965 744 1017 Jesu
787 962 995 1018 Christi
1039 966 1293 1017 servetur
1339 963 1385 1031 (Ι
1431 963 1610 1016 Thess.
1661 979 1714 1030 v,
1763 962 1867 1031 14).
1905 980 1930 1011 ››
1965 961 2109 1014 Data

475 1057 756 1110 Kalendas
792 1056 992 1124 Martii,
1022 1055 1330 1127 Lampadio
1357 1061 1414 1110 et
1442 1056 1637 1110 Oreste
1664 1057 1727 1109 IV
1759 1053 2103 1110 consulibus.

639 1151 880 1220 Epistola
905 1151 1148 1218 ejusdem
1174 1151 1541 1204 exhortatoria
1567 1149 1640 1204 ad
1665 1150 1950 1206 Sabinam.

544 1244 842 1314 Singulare
872 1241 1198 1298 membrum
1227 1243 1486 1298 Ecclesia
1516 1246 1629 1297 tua
1658 1242 1952 1313 religionis
1986 1259 2106 1296 am-

473 1337 812 1408 plitudinem
833 1337 1094 1404 existere,
1147 1342 1204 1391 et
1245 1354 1278 1390 a
1305 1336 1468 1391 nobis
1495 1336 1970 1392 reverendissime
1997 1335 2109 1390 coli

471 1433 604 1485 satis
631 1435 715 1485 est
742 1431 1009 1486 omnibus
1039 1431 1407 1485 manifestum
1433 1449 1445 1496 ;
1499 1430 1556 1484 in
1594 1431 1715 1501 ipso
1759 1430 1916 1484 enim
1947 1429 2106 1501 apice

475 1525 780 1579 nobilitatis
837 1525 1015 1579 multo
1065 1524 1404 1579 nobiliorem
1452 1525 1715 1580 Ecclesia
1752 1525 2108 1579 devotionem

475 1619 784 1690 impendis,
817 1622 873 1673 et
901 1618 1084 1689 magis
1105 1619 1237 1672 lata
1261 1617 1464 1673 Christi
1491 1617 1784 1689 agnitione
1812 1619 2110 1689 praceptis

479 1713 602 1782 ejus
655 1713 1033 1783 obtemperes,
1093 1715 1150 1765 et
1191 1712 1250 1765 in
1299 1711 1412 1766 ﬁde
1452 1712 1640 1782 potius
1671 1712 1911 1765 exsultas
1939 1728 2109 1783 quam

477 1805 621 1860 tanti
652 1806 881 1875 generis
904 1808 1043 1860 flore
1064 1805 1317 1875 jactaris.
1349 1806 1584 1860 Summa
1601 1805 1776 1859 virtus
1803 1810 1889 1860 est
1912 1806 2108 1860 vicisse

2208 585 2384 639 lectus
2429 587 2485 637 et
2537 582 2790 637 scientia
2853 581 3233 652 religiositas,
3288 581 3601 636 exsecratio
3654 584 3858 634 autem

2209 677 2596 748 peccatoribus
2635 676 2931 747 sapientia.
2972 676 3164 730 Timor
3194 674 3420 730 Domini
3448 674 3679 746 expellit
3721 691 3861 744 pec-

2208 777 2397 826 catum
2423 789 2438 836 ;
2497 787 2635 825 nam
2665 770 2759 841 qui
2788 770 2910 824 sine
2936 770 3142 824 timore
3171 773 3276 838 est,
3305 786 3419 822 non
3448 768 3657 839 poterit
3677 768 3856 838 justi-

2207 864 2360 919 ﬁcari
2401 883 2412 918 :
2452 864 2746 919 iracundia
2773 864 2928 918 enim
2953 863 3330 917 animositatis
3354 861 3522 928 illius,
3553 861 3857 915 subversio

2208 959 2356 1013 illius
2412 962 2516 1013 est.
2571 959 2757 1030 Usque
2807 959 2866 1012 in
2911 961 3138 1028 tempus
3188 955 3488 1011 sustinebit
3515 955 3758 1026 patiens,
3796 959 3857 1010 et

2209 1057 2400 1125 postea
2436 1052 2680 1107 redditio
2697 1051 3092 1122 jucunditatis.
3124 1052 3312 1105 Bonus
3341 1066 3540 1104 sensus
3563 1066 3748 1121 usque
3777 1049 3854 1103 ad

2213 1151 2435 1218 tempus
2473 1146 2780 1201 abscondet
2823 1145 2996 1199 verba
3044 1144 3215 1212 illius,
3269 1149 3326 1198 et
3354 1143 3502 1198 labia
3529 1143 3851 1199 multorum

2210 1241 2562 1296 enarrabunt
2601 1255 2832 1295 sensum
2881 1239 3049 1294 illius.
3107 1241 3168 1293 ln
3218 1238 3498 1294 thesauris
3546 1237 3855 1308 sapientia

2211 1334 2555 1406 signiﬁcatio
2602 1333 2947 1405 disciplina;
3002 1333 3313 1388 exsecratio
3345 1338 3538 1387 autem
3571 1331 3858 1403 peccatori

2210 1429 2428 1483 cultura
2470 1429 2593 1483 Dei.
2649 1427 2783 1494 Fili,
2829 1427 3233 1497 concupiscens
3275 1426 3633 1496 sapientiam,
3688 1441 3855 1479 serva

2203 1523 2502 1594 justitiam,
2521 1526 2577 1576 et
2597 1523 2745 1576 Deus
2759 1521 3035 1592 prabebit
3054 1520 3211 1575 illam
3234 1519 3360 1574 tibi.
3383 1519 3669 1590 Sapientia
3690 1519 3855 1573 enim

2209 1616 2576 1687 etdisciplina
2590 1616 2761 1670 timor
2778 1615 3031 1684 Domini,
3050 1620 3107 1669 et
3126 1615 3231 1668 hoc
3249 1614 3400 1685 quod
3412 1613 3852 1684 beneplacitum

2209 1715 2294 1766 est
2306 1711 2389 1764 illi
2403 1710 2540 1765 ﬁdes
2551 1714 2606 1765 et
2621 1709 3018 1779 mansuetudo,
3035 1713 3096 1763 et
3117 1707 3454 1779 adimplebit
3466 1707 3767 1762 thesauros
3786 1706 3854 1760 i1-

2210 1806 2336 1859 lius.
2358 1806 2675 1859 Contumax
2703 1819 2818 1858 non
2844 1803 2916 1857 sis
2938 1806 2994 1857 et
3013 1801 3366 1856 incredibilis
3387 1801 3573 1855 timori
3595 1801 3854 1866 Domini,

479 1899 721 1970 gloriam
750 1899 956 1966 carnis,
1001 1904 1058 1954 et
1098 1916 1313 1970 magna
1344 1905 1429 1954 est
1459 1900 1668 1954 Christi
1698 1899 1879 1969 gratia.
1908 1899 2110 1954 nobili-
2134 1883 2189 1955 B
2214 1903 2271 1954 et
2314 1916 2385 1953 ne
2421 1898 2720 1953 accesseris
2756 1898 2830 1951 ad
2874 1897 3038 1951 illum
3087 1895 3297 1966 duplici
3348 1896 3540 1950 corde.
3569 1896 3647 1949 Ne
3671 1894 3858 1948 fueris

475 1998 649 2048 tatem
690 1993 946 2047 moribus
987 2009 1301 2064 superasse,
1345 1993 1578 2047 domina
1602 1993 1719 2047 ﬁlia
1747 1993 1953 2048 merito
1984 1993 2108 2047 illu-

476 2087 624 2140 stris.
675 2087 842 2142 Certa
885 2088 1062 2158 igitur
1105 2088 1370 2154 existens,
1423 2087 1808 2156 dilectissima,
1859 2087 1985 2142 vita
2013 2088 2113 2141 hu-

468 2179 562 2250 jus
603 2196 959 2250 quacunque
1005 2183 1138 2234 sunt
1178 2181 1361 2251 spatia
1407 2181 1638 2235 aternis
1684 2180 2001 2252 divinisque
2027 2181 2108 2234 of-

476 2272 616 2327 ﬁciis
689 2274 974 2328 illustrare
1049 2274 1347 2342 contende,
1432 2280 1496 2329 ut
1562 2275 1660 2346 qui
1715 2274 2002 2345 insignem
2056 2277 2110 2329 te

477 2366 762 2437 prastitit,
808 2367 1010 2422 reddat
1053 2368 1158 2421 sibi
1201 2384 1306 2438 per
1349 2370 1558 2422 sacula
1603 2369 1918 2422 clariorem.
1966 2369 2112 2432 Qua-

480 2465 715 2531 propter
780 2464 937 2515 tuam
1001 2463 1304 2516 hortamur
1369 2461 1733 2517 dilectionem
1781 2468 1845 2517 ut
1895 2463 2110 2518 bonum

481 2554 635 2624 quod
669 2555 884 2625 capisti
910 2572 1141 2627 semper
1169 2555 1394 2626 impleri
1425 2573 1541 2611 non
1572 2556 1814 2626 differas,
1842 2557 1978 2628 quia
1995 2573 2111 2612 non

477 2648 744 2702 laudatur
799 2649 1025 2703 initium
1079 2649 1177 2704 sed
1235 2650 1381 2703 linis.
1429 2649 1786 2721 Sapientiam
1844 2651 1998 2706 enim
2057 2655 2111 2706 te

481 2741 778 2796 hortamur
824 2743 1065 2812 diligere
1110 2749 1164 2798 et
1215 2744 1470 2811 scrutari,
1514 2748 1578 2799 ut
1606 2744 2020 2800 rationabiliter
2058 2748 2115 2800 et

479 2836 767 2906 sapienter
809 2837 1077 2907 disponas
1105 2842 1162 2891 et
1183 2837 1407 2908 judices
1433 2854 1496 2893 ea
1522 2855 1650 2909 qua
1680 2838 1776 2892 tibi
1816 2839 2113 2893 commissa

479 2933 631 2995 sunt,
661 2930 882 2984 dicente
911 2931 1149 2985 Domino
1189 2947 1294 3002 per
1320 2932 1659 3002 Prophetam
1691 2949 1703 2986 :
1741 2955 1766 2980 α
1795 2933 2112 2987 Erudimini

478 3023 574 3093 qui
617 3023 878 3092 judicatis
933 3028 1140 3078 terram
1193 3025 1358 3092 (Psal.
1421 3042 1478 3090 ιι,
1539 3026 1642 3096 10).
1691 3049 1714 3073 ››
1761 3026 1920 3079 Time
1972 3043 2108 3096 ergo

475 3116 796 3186 Dominum,
824 3121 878 3170 et
898 3117 1172 3171 mandata
1195 3117 1317 3187 ejus
1337 3133 1514 3185 serva,
1540 3123 1595 3172 et
1625 3119 1797 3190 dilige
1826 3136 1957 3174 eum
1983 3120 2112 3174 totis

480 3209 822 3276 visceribus,
907 3214 963 3264 et
1028 3211 1354 3281 proximum
1423 3218 1586 3266 tuum
1643 3213 1787 3267 sicut
1841 3214 2106 3284 teipsum.

483 3328 509 3354 ((
566 3307 709 3359 Deus
766 3304 1072 3360 altissimus
1127 3305 1333 3359 creavit
1387 3306 1729 3376 sapientiam
1783 3307 1840 3361 in
1895 3308 2112 3378 Spiritu

479 3403 692 3465 sancto,
733 3401 788 3453 et
813 3398 952 3453 vidit
983 3404 1038 3452 et
1068 3399 1448 3454 dinumeravit
1478 3417 1624 3468 eam,
1656 3407 1711 3456 et
1738 3418 1970 3456 mensus
2004 3407 2108 3472 est,

481 3497 538 3546 et
578 3492 777 3547 elludit
819 3493 976 3546 illam
1020 3509 1192 3564 super
1241 3493 1434 3548 omnia
1477 3511 1654 3565 opera
1696 3513 1813 3562 sua,
1861 3499 1916 3550 et
1941 3513 2114 3567 super

481 3602 711 3642 omnem
743 3603 974 3640 carnem
1003 3587 1316 3642 secundum
1344 3587 1540 3642 datum
1571 3605 1758 3657 suum,
1796 3590 2114 3661 etprabuit

474 3681 633 3734 illam
659 3679 1024 3750 diligentibus
1050 3697 1129 3735 se.
1172 3681 1364 3736 Timor
1404 3683 1629 3737 Domini
1660 3683 1841 3754 gloria
1887 3687 1945 3736 et
1989 3684 2109 3754 glo-

479 3774 666 3842 riatio,
726 3779 782 3828 et
834 3773 1049 3839 latitia,
1101 3777 1158 3828 et
1208 3791 1419 3830 corona
1464 3777 1874 3832 exsultationis.
1920 3777 2114 3831 Timor

481 3867 703 3922 Domini
752 3867 1056 3921 delectabit
1107 3885 1224 3936 cor,
1285 3874 1341 3923 et
1389 3869 1543 3924 dabit
1581 3871 1838 3925 laetitiam
1885 3877 1940 3925 et
1981 3889 2113 3941 gau-

479 3961 637 4016 dium
667 3961 724 4013 in
763 3961 1184 4031 longitudinem
1221 3962 1466 4017 dierum.
1515 3965 1755 4020 Timenti
1810 3965 2114 4020 Dominum

480 4055 630 4108 bene
661 4053 769 4107 erit
815 4053 871 4106 in
917 4054 1204 4121 extremis,
1252 4060 1308 4109 et
1352 4056 1409 4109 in
1455 4057 1542 4112 die
1590 4058 1966 4112 defunctionis
1997 4077 2113 4114 sua

477 4147 870 4202 benedicatur.
933 4147 1160 4202 Dilectio
1231 4149 1332 4202 Dei
1379 4151 1727 4205 honorabilis
1780 4153 2106 4224 sapientia:

481 4241 688 4313 quibus
727 4245 916 4295 autem
966 4243 1299 4313 apparuerit
1344 4243 1400 4297 in
1451 4245 1595 4314 visu,
1629 4245 1877 4317 diligunt
1901 4263 2028 4302 eam
2055 4248 2113 4302 in

479 4335 691 4391 visione
724 4340 778 4389 et
811 4334 865 4387 in
899 4335 1192 4406 agnitione
1218 4338 1572 4409 magnalium
1595 4357 1852 4396 suorum.
1881 4341 2113 4396 Initium

482 4428 778 4502 sapientia
824 4430 994 4483 timor
1036 4431 1275 4497 Domini,
1306 4437 1517 4488 etcum
1550 4433 1818 4489 fidelibus
1851 4434 1908 4488 in
1950 4438 2113 4490 vulva

483 4527 813 4578 concreatus
852 4529 955 4593 est,
999 4530 1056 4579 et
1097 4542 1227 4579 cum
1268 4527 1460 4580 electis
1499 4528 1724 4584 feminis
1753 4530 2028 4601 graditur,
2057 4535 2114 4585 et

2132 3262 2186 3335 C

2211 1993 2511 2064 hypocrita
2536 1993 2595 2046 in
2622 1996 2925 2062 conspectu
2948 1991 3269 2057 hominum,
3293 1993 3350 2045 et
3368 2006 3486 2044 non
3505 1988 3856 2044 scandalize-

2212 2087 2286 2141 ris
2524 2087 2580 2141 in
2600 2086 2764 2141 labiis
2787 2086 2913 2139 tuis.
2934 2084 3178 2139 Attende
3206 2085 3265 2137 in
3286 2083 3395 2137 illis
3413 2100 3486 2137 ne
3507 2083 3655 2138 forte
3677 2082 3855 2137 cadas

2212 2185 2268 2236 et
2289 2197 2468 2252 ponas
2494 2180 2825 2234 scandalum
2855 2178 3063 2232 anima
3091 2181 3222 2241 tua,
3250 2181 3304 2231 et
3324 2176 3571 2231 adducas
3598 2176 3854 2230 inhono-

2215 2274 2502 2329 rationem
2551 2274 2672 2341 tibi,
2714 2276 2770 2327 et
2813 2273 3023 2327 revelet
3068 2274 3214 2327 Deus
3238 2272 3510 2326 absconsa
3535 2274 3634 2324 tua
3662 2270 3852 2340 (Eccli.

2215 2385 2251 2437 ι,
2300 2369 2464 2434 9-40).
2522 2369 2626 2420 Pro
2681 2367 2790 2421 fide
2831 2371 2887 2421 et
2921 2365 3144 2437 justitia
3183 2381 3248 2419 ac
3294 2382 3396 2436 pro
3431 2365 3609 2418 salute
3635 2364 3854 2418 anima

2212 2465 2367 2516 certa
2397 2477 2627 2532 semper
2653 2465 2711 2514 et
2734 2477 2840 2532 pro
2868 2459 3149 2530 adjutorio
3179 2460 3423 2513 fratrum
3452 2457 3690 2513 viriliter
3715 2474 3851 2528 age,

2216 2561 2276 2610 ut
2314 2573 2345 2609 a
2391 2555 2629 2610 Domino
2672 2554 2910 2626 recipias
2961 2553 3506 2608 remunerationem.
3563 2551 3855 2623 Scriptum

2213 2656 2297 2705 est
2321 2650 2477 2704 enim
2512 2667 2523 2703 :
2561 2671 2587 2699 ‹‹
2622 2649 2742 2715 Fili,
2772 2664 3037 2702 conserva
3067 2651 3292 2718 tempus
3325 2651 3381 2700 et
3403 2646 3588 2701 devita
3614 2664 3645 2699 a
3673 2646 3846 2700 malo.

2213 2747 2318 2798 Pro
2345 2744 2538 2798 anima
2567 2746 2664 2797 tua
2701 2760 2818 2798 non
2861 2740 3232 2797 confundaris
3267 2741 3456 2796 dicere
3492 2755 3713 2794 verum.
3758 2741 3857 2794 Est

2215 2838 2372 2892 enim
2415 2837 2670 2892 confusio
2703 2836 2995 2891 adducens
3042 2838 3359 2907 peccatum,
3393 2841 3449 2890 et
3478 2839 3562 2888 est
3590 2833 3854 2888 confusio

2212 2931 2500 2986 adducens
2523 2930 2769 3002 gratiam
2794 2936 2851 2985 et
2866 2929 3139 3002 gloriam.
3164 2931 3242 2984 Ne
3262 2929 3504 3000 accipias
3525 2928 3732 2982 faciem
3754 2927 3854 2981 ad-

2212 3041 2403 3080 versus
2447 3025 2653 3079 faciem
2698 3001 2879 3092 tuam,
2926 3041 3030 3078 nec
3079 3023 3348 3078 adversus
3401 3022 3652 3076 animam
3685 3025 3853 3075 tuam

2213 3119 2595 3174 mendacium.
2626 3120 2746 3172 Non
2777 3119 3082 3174 reverearis
3105 3117 3429 3188 proximum
3447 3122 3610 3171 tuum
3631 3115 3690 3170 in
3712 3132 3853 3169 casu

2212 3218 2332 3283 tuo,
2377 3229 2479 3267 nec
2530 3213 2771 3268 retineas
2817 3212 3055 3267 verbum
3104 3211 3163 3265 in
3191 3216 3449 3282 tempore
3476 3209 3692 3264 salutis.
3722 3211 3852 3264 Non

2211 3307 2518 3362 abscondas
2551 3307 2892 3378 sapientiam
2937 3309 3099 3360 tuam
3127 3305 3183 3359 in
3230 3305 3436 3360 decore
3464 3305 3605 3375 ejus.
3643 3305 3705 3358 In
3738 3305 3852 3357 lin-

2215 3418 2329 3473 gua
2363 3401 2520 3456 enim
2558 3401 2886 3471 agnoscitur
2916 3400 3217 3471 sapientia,
3247 3402 3305 3453 et
3334 3415 3550 3466 sensus,
3583 3402 3641 3452 et
3669 3398 3852 3452 scien-

2215 3496 2308 3562 tia,
2344 3499 2401 3548 et
2430 3495 2689 3549 doctrina
2718 3495 2776 3548 in
2807 3493 2992 3548 verbis
3021 3493 3295 3560 veritatis,
3330 3498 3385 3548 et
3417 3493 3856 3547 firmamentum

2215 3589 2272 3643 in
2318 3589 2582 3660 operibus
2620 3588 2874 3660 justitia.
2923 3589 3045 3642 Non
3093 3587 3452 3643 contradicas
3483 3586 3706 3641 veritati
3734 3587 3856 3640 ullo

2213 3683 2400 3752 modo,
2432 3689 2488 3738 et
2517 3683 2584 3737 de
2607 3682 2904 3737 mendacio
2924 3681 3323 3736 ineruditionis
3344 3685 3456 3735 tua
3477 3680 3854 3735 confundere.

2214 3778 2334 3832 Non
2362 3776 2726 3831 confundaris
2762 3776 3022 3830 conﬁteri
3057 3778 3286 3846 peccata
3322 3780 3439 3841 tua,
3469 3780 3524 3830 et
3553 3791 3625 3828 ne
3665 3775 3851 3845 subji-

2215 3872 2330 3926 cias
2374 3876 2429 3926 te
2479 3870 2696 3925 homini
2744 3887 2846 3941 pro
2905 3873 3153 3941 peccato.
3197 3869 3323 3924 Noli
3366 3868 3625 3923 resistere
3654 3872 3856 3922 contra

2210 3965 2422 4019 faciem
2465 3964 2732 4035 potentis,
2760 3980 2864 4019 nec
2889 3964 3107 4019 coneris
3139 3967 3330 4018 contra
3358 3962 3535 4017 ictum
3573 3962 3850 4016 ﬂuminis.

2216 4061 2320 4114 Pro
2357 4058 2577 4130 justitia
2617 4058 2918 4128 agonizare
2965 4075 3069 4129 pro
3120 4057 3314 4111 anima
3342 4060 3457 4125 tua,
3490 4059 3547 4110 et
3573 4071 3749 4127 usque
3780 4056 3854 4110 ad

2214 4157 2457 4207 mortem
2483 4157 2636 4207 certa
2660 4169 2763 4223 pro
2782 4151 3022 4223 justitia,
3066 4154 3124 4205 et
3165 4152 3312 4206 Deus
3351 4149 3706 4222 expugnabit
3745 4167 3850 4220 pro

2216 4253 2269 4302 te
2309 4247 2572 4301 inimicos
2611 4249 2758 4301 tuos.
2805 4246 2925 4300 Noli
2956 4246 3159 4301 citatus
3187 4262 3306 4300 esse
3333 4245 3394 4298 in
3418 4244 3620 4314 lingua
3647 4247 3761 4310 tua,
3795 4249 3850 4297 et

2214 4341 2429 4396 inutilis
2456 4345 2514 4395 et
2538 4341 2810 4395 remissus
2843 4341 2902 4394 in
2933 4340 3198 4411 operibus
3232 4338 3363 4394 tuis.
3405 4338 3526 4392 Noli
3559 4354 3677 4393 esse
3708 4337 3856 4392 sicut

2214 4438 2302 4491 leo
2331 4435 2389 4490 in
2420 4436 2590 4490 domo
2621 4439 2734 4504 tua,
2766 4439 3028 4489 evertens
3057 4434 3390 4489 domesticos
3411 4437 3558 4501 tuos,
3583 4435 3640 4487 et
3659 4431 3855 4502 oppri-

2213 4547 2374 4585 mens
2401 4530 2682 4600 subjectos
2713 4529 2835 4583 tibi.
2866 4530 2989 4582 Non
3020 4529 3090 4582 sit
3122 4544 3324 4582 manus
3353 4531 3451 4581 tua
3497 4529 3754 4596 porrecta
3782 4525 3854 4578 ad

485 4636 613 4673 cum
649 4619 822 4690 juslis
874 4622 929 4672 et
976 4618 1238 4674 fidelibus
1288 4623 1635 4692 agnoscitur.
1667 4625 1857 4679 Timor
1888 4625 2111 4680 Domini
2132 4637 2191 4708 D
2213 4624 2606 4694 accipiendum
2621 4626 2678 4677 et
2695 4623 2764 4678 ad
2783 4623 3034 4678 dandum
3052 4621 3488 4691 collecta(Eccli.
3512 4619 3850 4689 iv,23-56).»

486 4713 735 4768 scientia
765 4713 1121 4782 rcligiositas.
1167 4716 1522 4787 Religiositas
1552 4719 1836 4772 custodiet
1871 4723 1924 4773 et
1953 4720 2118 4790 justi-

485 4808 676 4862 ﬁcabit
724 4825 846 4874 cor,
896 4807 1315 4877 jucunditatem
1371 4814 1540 4882 atque
1613 4813 1887 4883 gaudium
1941 4815 2113 4870 dabit.

487 4902 727 4956 Timenti
764 4901 1070 4956 Dominum
1115 4903 1259 4958 bene
1300 4905 1424 4973 erit,
1460 4911 1515 4960 et
1540 4905 1598 4960 in
1626 4905 1824 4960 diebus
1851 4923 2116 4962 consum-

487 4995 750 5050 mationis
805 4995 958 5050 illius
1011 4997 1400 5053 benedicetur.
1461 4999 1762 5053 Plenitudo
1827 5001 2118 5071 sapientia

489 5095 576 5144 est
608 5090 807 5144 timere
839 5091 1166 5157 Dominum,
1192 5097 1248 5146 et
1273 5092 1566 5162 plenitudo
1594 5109 1628 5145 a
1650 5093 1927 5147 fructibus
1949 5095 2115 5150 illius.

488 5184 733 5237 Omnem
756 5184 991 5238 domum
1021 5184 1171 5238 illius
1201 5185 1460 5256 implebit
1486 5203 1518 5238 a
1546 5187 2034 5260 generationibus,
2063 5195 2120 5246 et

490 5278 845 5348 receptacula
869 5294 901 5330 a
930 5278 1213 5333 thesauris
1254 5279 1428 5333 illius.
1475 5280 1692 5334 Corona
1729 5281 2023 5352 sapientia
2056 5285 2119 5339 ti-

488 5388 618 5426 mor
663 5371 908 5441 Domini,
953 5374 1181 5443 replens
1210 5390 1407 5443 pacem
1449 5378 1505 5427 et
1534 5375 1725 5429 salutis
1748 5376 2016 5433 fructum.
2052 5381 2116 5434 Et

487 5465 645 5537 vidit,
692 5468 748 5519 et
803 5465 1185 5522 dinumeravit
1239 5483 1387 5520 eam.
1452 5468 1696 5540 Utraque
1744 5476 1933 5526 autem
1985 5479 2117 5529 sunt

488 5560 640 5614 dona
685 5559 804 5614 Dei.
853 5560 1156 5614 Scientiam
1201 5566 1258 5614 et
1296 5560 1646 5617 intellectum
1679 5566 1994 5636 prudentia
2022 5568 2114 5623 Sa-

487 5654 698 5726 pientia
751 5657 1064 5724 comparat,
1108 5657 1163 5708 et
1211 5654 1451 5724 gloriam
1499 5657 1826 5714 timentium
1879 5677 1936 5715 se
1967 5664 2115 5716 exal-

489 5751 587 5804 tat.
642 5747 825 5802 Radix
877 5746 1165 5818 sapientia
1223 5752 1304 5802 est
1356 5749 1553 5806 timere
1590 5753 1917 5809 Dominum.
1948 5756 2112 5810 Hami

2217 4719 2310 4772 His
2368 4719 2506 4772 fulta
2558 4718 2975 4789 Scripturarum
3021 4715 3448 4771 auctoritatibus
3496 4730 3725 4784 semper
3768 4716 3858 4767 sta

2217 4817 2388 4880 recta,
2416 4817 2472 4867 et
2498 4829 2532 4866 a
2560 4812 2650 4866 via
2677 4811 2931 4866 veritatis
2962 4827 3032 4865 ne
3071 4809 3363 4879 averteris,
3389 4811 3454 4863 ut
3480 4808 3725 4880 gratiam
3751 4806 3855 4860 Dei

2218 4907 2477 4977 acquiras
2530 4909 2587 4961 et
2633 4907 2930 4972 honorem,
2983 4905 3284 4959 hominum
3328 4902 3578 4957 amicitia
3620 4901 3853 4967 fruaris,

2215 5006 2484 5072 tantoque
2509 5003 2608 5055 tua
2635 5001 2895 5054 voluntas
2919 4999 3141 5072 facilius
3162 4999 3235 5052 ab
3255 5014 3449 5052 amore
3474 4995 3645 5067 hujus
3662 4995 3856 5049 saculi

2217 5068 2412 5163 exeat,
2435 5100 2650 5165 quanto
2689 5099 2744 5148 et
2787 5068 3107 5164 impellitur
3135 5093 3272 5147 dum
3298 5093 3547 5146 vocatur.
3576 5092 3722 5145 Nam
3751 5105 3858 5143 nos

2219 5196 2275 5244 et
2303 5193 2612 5260 prasentes
2656 5205 2754 5242 vos
2790 5187 2983 5242 videre
3014 5186 3277 5258 cupimus
3306 5190 3362 5240 et
3396 5183 3726 5238 absentibus
3752 5199 3857 5254 per

2219 5283 2517 5354 epistolam
2571 5283 2776 5338 saltem
2826 5281 3071 5352 colloqui
3123 5279 3530 5334 desideramus.
3587 5277 3748 5332 Unde
3800 5281 3860 5331 et

2218 5383 2480 5449 optamus
2506 5381 2570 5432 ut
2593 5394 2691 5431 vos
2717 5377 2915 5432 beatus
2941 5377 3138 5430 Petrus
3174 5373 3564 5446 apostolorum
3590 5371 3858 5442 princeps

2214 5472 2284 5528 ad
2311 5489 2412 5527 sua
2436 5472 2637 5526 limina
2662 5471 2906 5526 feliciter
2929 5470 3219 5541 perducat,
3249 5470 3534 5540 quatenus
3564 5466 3625 5520 in
3653 5464 3853 5520 Omni-

2215 5567 2462 5638 potentis
2494 5567 2677 5637 gratia
2704 5565 2919 5638 perfrui
2946 5568 3133 5620 vestra
3168 5563 3475 5635 prasentia
3507 5575 3855 5615 mereamur.

2215 5664 2352 5717 Data
2379 5678 2448 5717 xu
2477 5661 2708 5715 Kalend.
2735 5662 2965 5716 Novem.
2997 5657 3303 5729 Lampadio
3329 5661 3385 5712 et
3411 5657 3608 5712 Oreste
3628 5655 3695 5710 ιν
3723 5669 3854 5707 con—

2215 5756 2448 5811 sulibus.
