4040 6304
167 359 298 412 1063

1420 356 1891 413 DECRETALIUM
1932 357 2314 412 COLLECTIO.

3395 364 3526 416 1066

185 525 3526 548 Ἥ

689 697 1260 792 INCIPIUNT
1348 699 1873 792 DECRETA
1962 697 2528 792 BONIFACII
2617 700 2976 792 PAP/E.

154 1040 405 1108 Epistola
456 1040 693 1110 ejusdem
741 1042 814 1094 ad
855 1042 1133 1096 Eulalium
1179 1042 1620 1095 Alexandrinum
1675 1044 1790 1110 epi-

225 1126 465 1180 scopum,
499 1112 564 1168 de
597 1113 1036 1167 reconciliatione
1065 1113 1508 1182 Carthaginensis
1534 1113 1716 1168 Eccle-

790 1186 902 1246 siae,
931 1184 1159 1238 directa.

232 1301 554 1354 Bommcws
618 1299 913 1371 episcopus
980 1301 1220 1356 EULALIO
1268 1299 1593 1372 coepisc0po
1646 1303 1791 1356 salu-

161 1396 298 1447 tem.

229 1509 378 1564 Olim
406 1514 462 1564 et
487 1510 558 1564 ab
588 1509 750 1564 initio
776 1513 995 1564 tantam
1040 1510 1399 1593 percepimus
1425 1529 1457 1565 a
1495 1512 1657 1569 beato
1686 1517 1790 1570 Pc-

155 1609 240 1657 tro
285 1604 678 1675 apostolorum
726 1604 983 1676 principe
1030 1605 1321 1674 ﬁduciam,
1371 1609 1436 1692 ut
1478 1607 1792 1663 habeamus

157 1697 560 1752 auctoritatem
614 1697 932 1766 universag
981 1699 1264 1766 Ecclesiae,
1320 1699 1624 1757 auxiliante
1683 1703 1790 1757 Do-

155 1756 1788 1864 mium-

355 1855 444 1865 _._
658 1855 663 1857 .
805 1855 825 1862 -

155 1875 620 1959 tate'apostolﬁa
637 1886 922 1957 corrigere
951 1890 1007 1940 ct
1034 1882 1355 1941 emendare.
1383 1879 1464 1944 Ad
1503 1875 1790 1946 110335751

155 1978 363 2032 divinae
413 1961 1361 2052 dispositionimg’iiadii?
1377 1981 1621 2037 diversos
1660 2000 1793 2039 con-

154 2072 341 2125 stituit
370 2088 493 2126 esse
521 2072 834 2140 distinctos,
865 2078 927 2135 ut
953 2073 1092 2128 dum
1133 2075 1507 2130 reverentiam
1541 2076 1793 2133 minores

153 2165 474 2236 potioribus
515 2166 864 2235 exhiberent,
898 2173 954 2222 et
995 2168 1246 2240 potiores
1293 2169 1607 2226 minoribus
1647 2172 1789 2227 dile-

152 2259 404 2314 ctionem
435 2259 857 2331 impenderent,
887 2277 1001 2315 una
1045 2262 1362 2317 concordim
1404 2263 1568 2318 ﬁeret
1606 2281 1674 2320 ex
1702 2266 1790 2320 di-

153 2353 422 2408 versitate
461 2353 740 2420 contexio,
771 2359 826 2409 et
851 2359 1004 2410 recte
1055 2355 1375 2410 officiorum
1422 2363 1793 2428 generaretur

1815 1051 1874 1125 Α
1894 1056 2177 1095 cessorum
2203 1042 2526 1096 nostrorum
2561 1041 2831 1098 Bonifacii
2857 1049 3026 1115 atque
3070 1046 3356 1102 Coelestini
3390 1064 3522 1103 con-

1894 1140 1980 1190 tra
2008 1136 2322 1189 Romanam
2350 1136 2657 1191 Ecclesiam
2685 1137 2883 1210 cospit;
2917 1139 3017 1193 sed
3045 1140 3241 1195 videns
3270 1158 3330 1197 se
3357 1144 3526 1198 modo

1893 1229 2137 1300 peccatis
2184 1230 2390 1284 Aurelii
2439 1230 2683 1285 Eulalius
2712 1249 2744 1285 a
2777 1234 3046 1288 Romana»,
3079 1235 3336 1291 Ecclesiae
3368 1254 3523 1292 com-

1894 1321 2168 1377 munione
2196 1328 2582 1394 segregatum,
2613 1325 2920 1380 humilians
2947 1329 3279 1398 recognovit
3309 1347 3387 1400 se,
3423 1348 3522 1401 pa-

1893 1432 2020 1470 cem
2067 1420 2124 1470 et
2169 1417 2633 1472 communionem
2698 1419 2968 1475 Romanae
3017 1422 3275 1477 Ecclesiae
3326 1428 3527 1495 petens

1893 1509 2294 1565 subscribendo
2334 1528 2447 1565 una
2477 1528 2604 1566 cum
2653 1514 2883 1584 collegis
2916 1514 3030 1569 suis
3067 1515 3356 1572 damnavit
3389 1536 3525 1589 apo-

1893 1603 2090 1657 stolica
2126 1604 2458 1660 auctoritate
2505 1622 2705 1659 omnes
2756 1607 3064 1678 scripturas
3094 1626 3221 1681 qum
3264 1611 3529 1666 adversus

1894 1698 2169 1752 Romanae
2207 1697 2467 1752 Ecclesiae
2518 1699 2816 1771 privilegia
2842 1701 3003 1756 factae
3033 1719 3264 1775 quoquo
3296 1705 3527 1776 ingenio

1895 1790 2127 1846 fuerint.

1893 1887 2188 1955 Exemplar
2221 1901 2442 1955 precum
2481 1889 2596 1955 ejus
2623 1892 2674 1942 et
2710 1891 2917 1943 Justini
2957 1891 3209 1960 praedicti
3241 1895 3528 1964 principis.

1969 2001 1994 2026 ‹‹
2023 1979 2209 2033 Prima
2241 1980 2390 2033 salus
2416 1983 2518 2046 est,
2554 1985 2721 2035 rectae
2761 1982 2894 2036 ﬁdei
2935 1983 3193 2054 regulam
3227 1987 3528 2054 custodire,

1892 2075 1948 2126 et
1973 2089 2007 2126 a
2049 2072 2365 2128 constitutis
2402 2075 2632 2128 Patrum
2678 2075 3000 2130 nullatenus
3031 2077 3279 2148 deviare,
3312 2086 3368 2134 et
3399 2081 3531 2151 quia

1891 2182 2006 2220 non
2050 2171 2236 2236 potest
2268 2167 2497 2222 Domini
2531 2168 2711 2222 nostri
2755 2170 2882 2224 Jesu
2921 2170 3126 2224 Christi
3173 2175 3531 2242 prmtermitti

1892 2260 2174 2315 sententia
2221 2260 2460 2316 dicentis
2495 2279 2507 2315 :
2545 2283 2571 2311 «
2603 2262 2680 2316 Tu
2711 2279 2770 2316 es
2821 2265 3019 2318 Petrus
3067 2269 3124 2318 et
3169 2282 3341 2336 super
3384 2268 3530 2322 hanc

1891 2359 2113 2424 petram
2134 2354 2420 2409 aediﬁcabo
2449 2355 2758 2411 Ecclesiam
2788 2373 2979 2411 meam
2997 2357 3213 2428 (Matth.
3237 2375 3344 2426 xvx,
3369 2362 3474 2432 18).
3499 2383 3527 2411 »

152 2446 574 2502 administratio
593 2448 970 2519 singulorum,
994 2466 1183 2520 neque
1209 2427 1548 2506 universitas
1565 2452 1675 2508 alia
1694 2470 1793 2524 po-
1811 2427 1867 2499 B
1893 2450 1960 2504 Et
1984 2449 2104 2503 haec
2126 2465 2251 2520 quae
2283 2448 2432 2503 dicta
2459 2455 2611 2517 sunt,
2648 2467 2838 2505 rerum
2869 2452 3187 2522 probantur
3214 2427 3526 2523 effectibus,

155 2541 286 2596 terit
315 2542 539 2596 ratione
568 2541 892 2608 subsistere,
917 2543 1025 2597 nisi
1052 2544 1382 2614 hujusmodi
1401 2562 1644 2617 magnus
1664 2563 1792 2602 eam

151 2634 494 2690 differentia
537 2635 675 2690 ordo
727 2640 992 2691 servaret.
1040 2637 1183 2702 Quia
1237 2654 1368 2692 vero
1418 2644 1679 2695 creatura
1732 2641 1790 2696 in

151 2745 269 2784 una
294 2729 616 2800 eademque
645 2730 969 2802 aequalitate
998 2731 1300 2802 gubernari
1329 2732 1416 2786 vel
1455 2733 1644 2788 vivere
1675 2751 1790 2790 non

149 2826 358 2894 potest,
378 2824 688 2879 caelestium
712 2825 1045 2879 militiarum
1069 2826 1333 2897 exempla
1351 2843 1452 2880 nos
1474 2827 1787 2898 instruunt,

149 2917 286 2988 quia
314 2917 453 2972 dum
487 2917 600 2971 sint
644 2919 855 2990 angeli,
894 2919 1005 2973 sint
1053 2920 1402 2991 archangeli,
1437 2920 1615 2992 liquet
1654 2923 1791 2994 quia

148 3028 264 3065 non
334 3012 582 3082 aequales
645 3015 797 3078 sunt,
857 3013 954 3067 sed
1008 3014 1065 3066 in
1133 3016 1410 3084 potestate
1462 3017 1518 3070 et
1570 3016 1785 3086 ordine,

150 3105 296 3158 sicut
346 3105 543 3171 nostis,
575 3104 763 3160 differt
805 3107 950 3161 alter
992 3107 1061 3160 ab
1106 3108 1299 3161 altero.
1346 3108 1402 3162 Si
1453 3125 1590 3179 ergo
1639 3109 1789 3165 inter

152 3199 253 3252 hos
277 3198 374 3270 qui
399 3198 518 3254 sine
543 3203 770 3270 peccato
803 3204 932 3254 sunt
953 3204 1172 3255 constat
1201 3201 1306 3256 ista
1333 3218 1453 3256 esse
1476 3202 1784 3273 distinctio,

151 3293 280 3363 quis
305 3292 607 3347 hominum
641 3294 857 3348 abnuat
900 3312 955 3349 se
991 3295 1233 3349 libenter
1261 3295 1618 3367 dispositioni
1655 3299 1785 3352 sub-

151 3386 429 3441 mittere?
463 3386 602 3441 Hinc
631 3387 784 3441 enim
829 3405 934 3458 pax
967 3393 1020 3442 et
1065 3389 1307 3443 charitas
1357 3393 1553 3443 mutua
1583 3407 1642 3444 se
1671 3391 1786 3445 vice

148 3482 631 3551 complectuntur,
661 3485 718 3535 et
743 3487 938 3536 manet
964 3483 1127 3536 ﬁrma
1155 3483 1457 3537 concordia
1483 3484 1539 3536 in
1568 3485 1787 3538 alterna

149 3580 205 3627 et
248 3576 362 3629 Deo
404 3574 607 3646 placita
659 3576 976 3630 dilectionis
1030 3577 1369 3631 sinceritate.
1423 3577 1561 3641 Quia
1611 3578 1788 3649 igitur

151 3668 606 3740 unumquodque
648 3669 952 3724 salubriter
982 3673 1115 3724 tunc
1162 3671 1479 3741 completur
1513 3671 1783 3738 ofﬁcium,

149 3779 280 3816 cum
307 3761 482 3817 fuerit
509 3779 652 3817 unus
677 3763 750 3817 ad
787 3780 957 3834 quem
985 3764 1163 3835 possit
1190 3764 1402 3819 recurri
1429 3765 1782 3836 praepositus,
1806 3799 1860 3874 C

150 3859 278 3910 vota
335 3858 527 3910 nostra
575 3856 906 3912 charitatem
954 3862 1109 3912 tuam
1154 3859 1332 3914 latere
1379 3860 1666 3926 nolumus,
1712 3875 1786 3914 ne

152 3950 248 4021 qui
277 3950 561 4022 particeps
600 3951 710 4005 fuit
752 3951 1162 4021 sollicitudinis,
1198 3953 1539 4025 gaudiorum
1571 3954 1788 4009 fructus

151 4045 424 4099 reddatur
463 4045 723 4100 extorris.
753 4047 822 4100 Et
868 4045 995 4101 ideo
1041 4047 1554 4119 Carthaginensem
1594 4049 1782 4102 Eccle-

152 4139 291 4194 siam
335 4140 408 4193 ad
456 4139 920 4194 communionem
966 4145 1218 4194 nostram
1266 4142 1500 4196 rediisse
1552 4142 1788 4198 Domino

152 4233 494 4305 propitiante
543 4233 900 4289 tradentibus
951 4234 1340 4304 signiﬁcamus
1396 4236 1679 4307 alloquiis,
1731 4240 1786 4290 et

151 4327 556 4382 mandatorum
602 4344 732 4399 qua:
775 4328 979 4398 legatis
1024 4327 1234 4383 nostris
1276 4328 1535 4384 dedimus
1577 4331 1784 4385 seriem

151 4421 207 4475 in
238 4421 510 4476 omnibus
540 4421 711 4476 fuisse
739 4423 1102 4493 completam.
1137 4423 1216 4476 De
1249 4438 1361 4494 qua
1399 4428 1582 4494 parte,
1617 4429 1677 4479 ut
1713 4425 1786 4480 ad

151 4515 521 4571 dilectionem
548 4520 705 4570 tuam
733 4516 958 4588 plenius
1000 4517 1253 4588 perfecte
1286 4516 1556 4586 gaudium
1587 4534 1785 4588 perve-

156 4609 320 4677 niret,
345 4609 604 4664 libellum
629 4609 831 4664 Eulalii
852 4611 1044 4665 fratris
1071 4614 1128 4664 et
1150 4609 1567 4664 consacerdotis
1587 4613 1784 4679 nostri,

151 4703 612 4774 Carthaginensis
663 4703 934 4776 episcopi,
991 4709 1048 4759 et
1095 4703 1302 4760 Justini
1367 4704 1787 4760 clementissimi

153 4797 428 4868 principis
455 4797 702 4852 Orientis
741 4814 1025 4853 sacrarum
1071 4799 1391 4855 litterarum
1435 4799 1789 4870 exemplaria

155 4891 367 4961 pariter
392 4891 736 4946 credidimus
774 4892 1131 4964 destinanda,
1153 4894 1470 4965 judicantes
1500 4893 1785 4948 nihilomi-

159 5003 262 5040 nus
289 5001 396 5058 per
428 4985 674 5040 Orientis
714 4989 902 5057 partes
945 4988 1228 5059 plurimos
1270 4987 1561 5059 episcopos
1598 4987 1674 5042 sic
1706 4987 1788 5042 fe-

157 5081 320 5134 cisse.
366 5079 638 5150 Superest
677 5082 794 5133 uta
823 5081 988 5135 nobis
1027 5081 1483 5154 competentibus
1531 5081 1790 5153 precibus

1891 2542 2026 2613 quia
2052 2542 2111 2596 in
2155 2542 2287 2597 sede
2325 2543 2630 2612 apostolica
2673 2550 2832 2599 extra
2873 2547 3150 2600 maculam
3183 2563 3412 2618 semper
3443 2554 3528 2604 est

1892 2636 2170 2690 catholica
2195 2639 2412 2690 servata
2439 2637 2664 2708 religio.
2703 2639 2777 2690 Dc
2806 2655 2920 2709 qua
2946 2655 3044 2710 spe
3069 2642 3125 2693 et
3151 2640 3260 2694 ﬁde
3291 2640 3526 2697 minime

1890 2729 2135 2800 separari
2164 2729 2474 2801 cupientes,
2509 2735 2566 2786 et
2598 2733 2831 2785 Patrum
2873 2736 3171 2804 sequentes
3197 2735 3522 2803 constituta,

1891 2823 2440 2878 anathematizamus
2485 2841 2683 2879 omnes
2724 2825 2823 2896 qui
2864 2830 3064 2881 contra
3106 2833 3362 2882 sanctam
3408 2831 3522 2884 Ro-

1889 2933 2116 2971 manam
2157 2920 2212 2972 et
2240 2917 2608 2988 apostolicam
2640 2918 2942 2973 Ecclesiam
2985 2921 3362 2991 superbiendo
3396 2939 3526 2977 suas

1889 3011 2120 3080 erigunt
2147 3011 2412 3080 cervices,
2443 3017 2746 3083 sequentes
2773 3012 2828 3066 in
2864 3012 3129 3068 omnibus
3160 3017 3522 3086 apostolicam

1890 3105 2084 3159 sedem
2115 3109 2170 3160 et
2206 3105 2581 3176 prmdicantes
2609 3106 2730 3177 ejus
2759 3106 2954 3161 omnia
2984 3108 3312 3176 constituta;
3342 3116 3397 3165 et
3425 3127 3527 3182 per

1891 3199 2083 3253 omnia
2137 3215 2299 3270 spero
2341 3204 2407 3254 ut
2460 3200 2518 3254 in
2565 3217 2676 3254 una
2745 3202 3149 3256 communione
3215 3203 3522 3271 vobiscum,

1887 3310 2058 3364 quam
2105 3293 2264 3347 sedes
2309 3293 2624 3363 apostolica
2667 3295 2962 3365 praedicat,
3013 3312 3131 3350 esse
3177 3313 3422 3363 merear,
3465 3299 3522 3352 in

1887 3403 2000 3457 quo
2032 3390 2116 3440 est
2139 3387 2359 3457 integra
2388 3392 2443 3441 et
2468 3404 2603 3441 vera
2631 3387 2959 3442 Christiana:
2989 3389 3282 3459 religionis
3311 3396 3365 3444 et
3397 3409 3518 3461 pcr-

1889 3481 2034 3533 fecta
2077 3479 2347 3545 soliditas,
2376 3480 2714 3551 promittens
2754 3486 3131 3553 sequestratos
3175 3500 3208 3537 a
3252 3501 3518 3538 commu-

1885 3573 2059 3627 nione
2090 3573 2347 3628 Ecclesiae
2387 3574 2702 3640 catliolicm,
2732 3573 2785 3628 id
2834 3579 2919 3630 est
2948 3592 3064 3630 non
3103 3577 3522 3632 consentientes

1887 3666 2005 3721 sedi
2035 3667 2382 3738 apostolicm,
2413 3684 2611 3721 eorum
2644 3668 2882 3722 nomina
2909 3686 3067 3723 sacra
3098 3669 3249 3724 inter
3290 3688 3404 3726 non
3432 3689 3519 3725 re-

1887 3761 2114 3815 citanda
2139 3778 2259 3816 esse
2299 3761 2589 3832 mysteria.
2621 3761 2786 3826 Quod
2819 3762 2862 3816 si
2902 3762 2959 3817 in
3003 3763 3191 3835 aliquo
3222 3782 3256 3817 a
3298 3767 3518 3836 profes-

1885 3855 2042 3910 sione
2095 3871 2226 3910 mea
2279 3855 2508 3910 deviare
2559 3859 2874 3925 tentavero,
2923 3857 3011 3911 his
3063 3875 3203 3929 quos
3255 3858 3518 3914 damnavi

1885 3948 2227 4020 complicem
2273 3965 2404 4004 mea
2440 3949 2725 4004 sententia
2768 3966 2861 4005 me
2904 3966 3024 4005 esse
3054 3952 3342 4022 proﬁteor,
3377 3953 3523 4008 hanc

1885 4048 2076 4098 autem
2114 4043 2528 4115 professionem
2569 4059 2757 4098 meam
2801 4061 2977 4099 manu
3020 4062 3150 4100 mea
3195 4047 3522 4118 subscripsi,

1885 4142 1942 4192 et
1967 4137 2257 4192 Bonifacio
2285 4140 2479 4192 sancto
2511 4141 2567 4192 et
2590 4138 2904 4193 venerabili
2935 4157 3098 4210 papa:
3136 4141 3294 4195 urbis
3325 4143 3520 4195 Romae

1887 4231 2085 4298 direxi,
2150 4231 2430 4285 damnans
2496 4236 2552 4285 et
2614 4234 3002 4286 antecessores
3058 4239 3115 4287 et
3175 4251 3525 4289 successores

1885 4341 2060 4392 meos,
2090 4329 2146 4379 et
2174 4340 2372 4378 omnes
2415 4324 2512 4394 qui
2553 4329 2764 4379 sancta:
2807 4325 3079 4380 Romanae
3119 4332 3177 4382 et
3201 4327 3523 4398 apostolicae

1887 4418 2141 4475 Ecclesiae
2172 4416 2469 4490 privilegia
2495 4434 2714 4472 cassare
2746 4417 3028 4474 nituntur.
3072 4440 3099 4470 »

1959 4514 2097 4569 Hinc
2109 4512 2261 4569 enim
2279 4527 2542 4583 supernae
2559 4511 2964 4566 misericordiae
2978 4512 3384 4569 documentum
3401 4532 3523 4587 per-

1889 4609 2124 4664 docetur
2154 4606 2419 4680 quoniam
2446 4609 2503 4660 et
2529 4605 2805 4660 mundani
2843 4604 3128 4677 principes
3153 4624 3347 4663 causas
3391 4609 3523 4664 ﬁdei

1887 4720 2016 4757 cum
2047 4701 2374 4774 reipublicae
2405 4699 2755 4755 ordinatione
2779 4699 3156 4771 conjungunt,
3180 4706 3234 4756 et
3260 4703 3521 4758 ecclesia-

1887 4815 2016 4852 rum
2039 4797 2309 4868 praasules
2325 4795 2476 4868 quod
2498 4794 2568 4849 ad
2595 4793 3073 4866 dispensationem
3095 4812 3254 4850 suam
3274 4797 3526 4868 pertinet

1889 4890 2057 4944 ofﬁcii
2086 4907 2373 4946 memores
2412 4892 2820 4961 exsequuntur.
2853 4888 3082 4944 Talibus
3112 4890 3268 4944 enim
3297 4890 3521 4961 indige-

1888 4983 1984 5038 bat
2009 4989 2134 5054 post
2162 4984 2461 5039 discordiae
2492 4983 2765 5056 procellas
2791 4983 2991 5055 religio
3012 4983 3330 5039 Christiana
3347 4989 3526 5040 recto-

1890 5077 2067 5143 ribus,
2100 5078 2218 5149 qui,
2252 5078 2588 5149 compressis
2613 5078 2852 5149 provida
2879 5077 3302 5150 dispensatione
3345 5078 3525 5133 turbi-

157 5173 432 5227 Divinitas
481 5177 710 5227 exorata
758 5177 1054 5246 concedat,
1101 5180 1384 5247 quatenus
1430 5177 1499 5231 de
1547 5175 1789 5230 aliarum
1810 5177 1870 5250 D
1892 5171 2079 5237 nibus,
2110 5170 2207 5224 diu
2235 5171 2660 5241 peregrinatam
2692 5189 2887 5244 pacem
2926 5172 3159 5244 depulsa
3187 5175 3527 5244 tempestate

157 5283 386 5338 quoque
435 5267 813 5322 Ecclesiarum
873 5269 1353 5340 redintegrationc
1411 5269 1788 5340 gratulemur.

157 5362 230 5415 Ea
254 5376 394 5415 vero
420 5377 545 5431 quae
569 5361 890 5433 signiﬁcare
918 5363 1258 5432 curavimus,
1288 5365 1346 5419 in
1378 5380 1578 5419 eorum
1607 5379 1791 5418 sacer-

157 5454 355 5509 dotum
385 5454 484 5525 qui
511 5455 854 5510 fraternitati
880 5459 994 5510 tute
1019 5457 1187 5512 vicini
1231 5462 1381 5528 sunt,
1412 5457 1634 5512 curabis
1659 5473 1791 5528 pro-

157 5548 304 5602 ferre
337 5548 619 5616 notitiam,
653 5554 715 5604 ut
751 5553 808 5603 et
834 5549 941 5620 ipsi
978 5550 1046 5604 de
1087 5550 1290 5606 eﬂ‘ectu
1335 5556 1510 5607 tantae
1549 5550 1632 5605 rei
1665 5567 1793 5622 gra-

158 5643 262 5696 tias
307 5642 602 5697 nobiscum
649 5643 888 5698 caelestis
920 5642 1325 5699 misericordiae
1371 5645 1660 5700 beneﬁciis
1706 5661 1795 5699 re-

159 5737 306 5792 ferre
333 5753 452 5791 non
481 5740 718 5792 cessent.
745 5737 1006 5793 Aurelius
1033 5737 1191 5792 enim
1230 5737 1478 5809 perfecte
1504 5739 1704 5794 Cartha
1715 5739 1796 5810 gi-

161 5829 353 5884 nensis
379 5830 642 5886 Ecclesiae
688 5830 822 5886 olim
869 5831 1184 5903 episcopus,
1218 5849 1345 5886 cum
1385 5833 1619 5904 collegis
1665 5832 1798 5900 suis,

167 5924 474 5994 instigante
521 5925 770 5993 diabolo,
821 5925 1114 5998 superbire
1169 5927 1528 5999 temporibus
1580 5926 1798 5998 praede-

1891 5265 2258 5333 reducerent,
2284 5267 2346 5317 ut
2371 5263 2430 5318 in
2457 5264 2649 5319 futura
2670 5271 2798 5335 post
2824 5266 3030 5321 smcula
3054 5266 3125 5321 ad
3145 5266 3422 5339 propositi
3444 5267 3530 5321 sui

1894 5358 2158 5430 exempla
2201 5357 2499 5412 tendentes
2543 5357 2646 5411 sibi
2697 5359 3097 5414 ascribendum
3145 5360 3533 5416 indubitanter

1893 5452 2259 5508 ostenderent
2289 5449 2566 5522 quidquid
2593 5450 2840 5505 Domino
2869 5453 3140 5522 placitum
3167 5455 3408 5526 posteris
3433 5470 3532 5524 pro

1895 5564 1999 5603 sua
2043 5545 2363 5601 imitatione
2411 5543 2696 5598 fecissent.
2745 5543 3154 5601 Benedicamus
3198 5549 3530 5613 Dominum,

1895 5643 2100 5698 fratres
2127 5638 2468 5706 charissimi,
2499 5637 2707 5693 nostris
2738 5637 2848 5692 hoc
2876 5637 3072 5692 diebus
3100 5640 3270 5696 fuisse
3299 5658 3530 5696 conces-

1898 5753 2050 5805 sum,
2080 5738 2138 5789 et
2165 5733 2296 5790 totis
2333 5733 2658 5788 orationum
2691 5734 2749 5788 et
2776 5748 3039 5787 curarum
3072 5732 3285 5787 viribus
3311 5735 3532 5790 annila-

1900 5847 2029 5886 mur
2058 5835 2141 5900 ut,
2174 5845 2303 5901 quae
2332 5828 2428 5883 Dei
2457 5844 2628 5899 opere
2653 5827 2797 5884 bene
2828 5830 3002 5898 coepta
3031 5829 3182 5892 sunt,
3213 5826 3337 5897 ipso
3372 5828 3531 5898 adju-

1901 5927 2064 5980 vante
2092 5941 2196 5996 per
2220 5923 2415 5980 omnia
2443 5923 2852 5995 compleantur.
2884 5919 3244 5992 Sperandum
3276 5919 3429 5975 enim
3451 5924 3535 5976 est.
