4040 6338
481 389 611 442 1067
1374 387 1653 441 APPEND.
1695 387 1781 439 AD
1820 385 1980 440 δίΕΕ.
2024 384 2109 438 IX.

2247 382 2487 437 lSlDORl
2525 380 2948 437 MERCATORIS
3702 378 3721 431 i
3735 379 3846 433 068

481 502 542 550 ut
568 496 639 551 ad
666 513 995 568 compagem
1022 496 1273 567 corporis
1299 497 1385 550 sui
1414 496 1631 567 reliqua
1658 512 1786 567 quae
1812 495 1997 549 adhuc
2025 494 2105 548 di-
2126 506 2185 578 Α
2206 491 2522 562 integritas.
2554 491 2649 544 His
2673 491 2733 544 in
2766 490 2968 544 robore
3005 506 3106 544 suo
3136 489 3287 543 omni
3327 488 3845 560 circumspectione

478 590 598 646 visa
625 596 757 645 sunt
786 590 1047 645 membra
1072 590 1360 659 festinent,
1392 595 1448 645 et
1475 606 1508 644 a
1542 589 1858 660 potioribus
1884 588 2107 643 minem
2206 584 2438 639 servatis
2486 584 2743 639 remedia
2785 583 3146 655 sperantibus
3187 585 3612 638 conservantur.
3664 581 3853 638 Habet

479 701 598 739 non
627 684 966 756 discrepent.
994 684 1074 739 Ad
1098 684 1253 755 quod
1284 700 1415 738 cum
1446 700 1541 738 me
1570 683 1798 738 dilectio
1828 687 1924 738 tua
1952 682 2106 737 Chri-
2205 678 2361 733 enim
2410 678 2919 733 ecclesiasticarum
2968 676 3108 731 ordo
3161 676 3518 749 regularum,
3562 680 3619 731 et
3664 675 3850 746 ipsius

481 778 676 833 stianaa
702 778 893 833 studio
929 778 1218 833 charitatis
1260 779 1537 845 hortatur,
1571 777 1742 833 debet
1782 777 1932 850 quod
1958 776 2101 832 invi-
2206 772 2391 827 forma
2416 770 2673 844 justitiae,
2704 775 2766 825 ut
2791 770 3077 826 medicina
3109 770 3464 826 rationabilis
3498 770 3755 841 benigne
3786 773 3849 823 et

479 876 563 927 tat
586 872 766 943 sequi,
795 876 852 928 et
877 873 1027 944 quod
1053 872 1362 927 amandum
1392 872 1592 927 suadet
1615 872 1905 944 amplecti.
1934 870 2103 927 Simi-
2206 865 2451 920 ﬁdeliter
2497 865 2862 937 sperantibus
2909 881 3027 919 non
3075 869 3342 935 negetur,
3385 880 3491 918 nec
3537 864 3849 935 quisquam

477 968 593 1021 lem
618 966 770 1021 enim
795 967 917 1037 jam
944 966 1075 1022 ﬁdei
1107 983 1303 1021 curam
1349 971 1610 1037 gerentes
1645 982 1746 1038 per
1776 966 2104 1037 religiosam
2206 962 2292 1015 est
2315 959 2394 1013 ita
2421 959 2490 1014 ab
2520 958 2877 1014 humanitate
2913 958 3210 1026 discretus,
3239 974 3414 1030 quem
3445 974 3565 1013 non
3589 976 3622 1012 a
3647 958 3846 1029 rigore

480 1059 827 1132 patientiam,
856 1077 961 1132 per
986 1060 1161 1115 etiam
1184 1060 1487 1131 praemium
1518 1061 1589 1115 de
1614 1059 1753 1116 boni
1779 1061 1965 1131 operis
1985 1076 2107 1132 spe-

478 1170 671 1209 ramus
713 1154 935 1209 effectu.
978 1154 1166 1225 Neque
1211 1154 1371 1208 enim
1420 1152 1841 1208 difﬁcultatibus
1886 1158 1971 1208 est
2012 1171 2103 1208 ce-

481 1247 752 1303 dendum.
794 1249 915 1302 Non
958 1247 1113 1302 enim
1143 1246 1416 1318 fatigatur
1456 1246 1670 1318 asperis
1713 1246 1873 1317 ﬁdes,
1901 1264 2004 1302 nec
2036 1246 2107 1302 ad

480 1343 750 1397 caelorum
781 1342 959 1396 ardua
993 1357 1098 1413 per
1122 1341 1369 1412 proclive
1394 1340 1678 1407 tenditur;
1707 1356 1812 1395 nec
1842 1356 2105 1395 remune-

477 1436 760 1490 rationem
807 1435 947 1489 citra
1001 1434 1210 1489 laboris
1258 1433 1593 1489 exercitium
1652 1434 1779 1505 quis
1830 1436 2103 1489 meretur.

480 1530 635 1585 Unde
659 1544 732 1585 ne
754 1529 1028 1585 facientes
1046 1529 1195 1583 bona
1215 1527 1544 1583 deﬁciamus
1573 1527 1896 1599 specialiter
1914 1528 2110 1584 admo-

477 1642 705 1695 nemur,
735 1626 905 1680 etiam
952 1628 1095 1680 teste
1138 1624 1437 1679 Psalmista
1467 1640 1480 1678 :
1514 1646 1542 1672 ‹‹
1584 1624 1741 1678 Beati
1780 1623 1876 1695 qui
1919 1628 2104 1679 custo-

480 1720 646 1774 diunt
657 1719 959 1790 judicium,
979 1723 1037 1773 et
1054 1717 1273 1773 faciunt
1283 1717 1569 1788 justitiam
1588 1718 1647 1771 in
1674 1718 1830 1771 omni
1849 1722 2109 1789 tempore

478 1814 646 1883 (Psal.
678 1829 794 1881 vui,
829 1812 939 1883 32),
978 1832 1004 1863 »
1033 1811 1169 1883 quia
1193 1827 1309 1865 non
1336 1810 1562 1865 initium
1591 1810 1798 1865 laboris
1834 1827 2106 1866 remune-

2208 1052 2572 1108 districtionis
2604 1052 2838 1108 inclinet
2866 1056 3033 1107 cauta
3060 1052 3413 1124 simplicitas.
3446 1052 3553 1108 Sed
3584 1054 3648 1106 ut
3676 1055 3849 1106 caute

2208 1148 2314 1201 hoc
2350 1149 2698 1219 craterasque
2737 1147 2998 1218 querelas
3043 1152 3142 1201 aut
3189 1162 3413 1202 errores
3456 1146 3697 1217 alicujus
3737 1144 3849 1199 aevi

2207 1242 2395 1295 valeas
2416 1240 2701 1312 expedire,
2724 1240 3088 1296 dilectissime
3116 1240 3311 1308 frater,
3334 1256 3631 1312 personam
3651 1256 3849 1295 meam

2208 1342 2264 1394 te
2295 1339 2355 1393 in
2390 1339 2496 1393 hoc
2541 1342 2762 1410 oportet
2807 1339 3068 1405 induere,
3100 1339 3376 1393 scientem
3412 1339 3472 1392 in
3512 1338 3850 1409 hujusmodi

2208 1432 2406 1501 causis,
2440 1432 2581 1487 sicut
2618 1432 2953 1504 praedictum
2999 1438 3102 1500 est,
3134 1432 3272 1504 quid
3311 1432 3628 1487 cavendum
3657 1432 3751 1500 sit,
3784 1435 3851 1486 et

2208 1526 2289 1580 ita
2308 1525 2501 1580 omnia
2520 1526 2956 1597 providendum,
2976 1531 3039 1581 ut
3055 1530 3112 1581 te
3134 1542 3251 1581 non
3277 1526 3533 1597 ambigas
3552 1526 3845 1580 rationem

2210 1619 2642 1691 dispensationis
2683 1620 2856 1691 hujus
2894 1621 3007 1674 Deo
3057 1636 3174 1676 esse
3220 1620 3562 1676 reddendam
3600 1636 3614 1675 :
3645 1620 3726 1674 ita
3755 1624 3845 1674 ta-

2208 1730 2342 1769 men
2368 1719 2430 1769 ut
2455 1730 2555 1768 eos
2582 1713 2679 1785 qui
2707 1713 2860 1768 vobis
2902 1714 3134 1769 fuerunt
3177 1714 3580 1769 communione
3621 1713 3845 1779 sociati,

2209 1809 2297 1862 vel
2325 1824 2430 1879 per
2454 1824 2549 1862 vos
2575 1806 2695 1863 sedi
2721 1808 3046 1878 apostolica:
3072 1812 3261 1863 vestra
3302 1808 3464 1863 nobis
3492 1808 3698 1879 scripta
3739 1807 3844 1862 de-

478 1907 757 1962 rationem
783 1905 1008 1978 prazmii
1035 1904 1329 1960 consuevit
1353 1903 1634 1974 invenire,
1668 1904 1768 1960 sed
1804 1905 2105 1961 terminus.
2128 1880 2185 1952 Β
2209 1900 2443 1970 clarent,
2471 1900 2679 1973 quibus
2707 1901 2882 1957 etiam
2913 1905 2972 1956 et
2998 1918 3172 1974 quam
3198 1902 3610 1957 continentiam
3632 1901 3849 1956 libello-

478 2003 630 2072 Ergo
666 2000 917 2057 studium
961 1998 1351 2055 sollicitudinis
1383 2002 1756 2067 assumentes,
1785 1999 1990 2070 quibus
2026 2005 2111 2055 est

477 2112 595 2151 una
620 2095 676 2150 in
702 2093 1108 2150 communione
1137 2092 1379 2148 societas
1401 2096 1458 2147 et
1484 2092 1804 2162 credulitas,
1833 2093 2107 2164 quemad-

478 2190 718 2244 modum
747 2188 819 2243 de
846 2187 1066 2242 unitate
1097 2187 1242 2242 sedis
1267 2185 1595 2257 apostolicae.
1624 2190 1683 2241 et
1704 2185 2108 2241 Constantino-

478 2283 746 2354 politanae
774 2280 1034 2336 Ecclesia:
1059 2279 1269 2352 pariter
1292 2279 1642 2335 exsultamus
1666 2278 1727 2334 in
1755 2279 2014 2350 Domino,
2033 2280 2111 2335 ita

480 2378 549 2432 de
580 2377 931 2448 reliquorum
960 2389 1189 2446 quoque
1216 2374 1362 2428 sicut
1388 2372 1682 2428 affectione
1709 2373 2006 2441 admones,
2029 2391 2111 2429 re-

479 2470 896 2541 dintegratione
940 2469 1220 2535 laetemur,
1272 2470 1329 2522 et
1371 2483 1635 2522 curemus
1682 2466 2008 2538 praemium,
2050 2471 2113 2522 ut

480 2565 651 2619 ﬁdem
698 2563 1198 2634 integritatemque
1258 2562 1509 2615 nostram
1561 2561 1985 2615 immaculatam
2040 2561 2110 2615 ab

479 2658 637 2714 omni
664 2656 1011 2727 contagione
1038 2670 1350 2710 servemus.
1388 2654 1543 2709 Nosti
1568 2654 1743 2721 enim,
1775 2654 1951 2710 frater
1974 2655 2110 2710 cha-

479 2752 700 2808 rissime
749 2768 813 2805 ac
862 2749 1236 2816 sanctissime,
1281 2748 1415 2820 quia
1463 2747 1844 2804 ecclesiastica
1887 2752 2112 2803 servant

477 2847 703 2901 vincula
732 2844 1091 2900 concordiam
1120 2859 1246 2914 qua:
1277 2859 1379 2897 nos
1405 2843 1477 2897 ab
1520 2842 1921 2897 haereticorum
1946 2848 2108 2899 tuea-

480 2946 575 2995 tur
607 2938 849 3009 insidiis,
880 2954 986 3009 per
1025 2954 1200 3009 quam
1247 2938 1420 2992 etiam
1471 2952 1755 2991 canonum
1801 2936 2113 2992 custoditur

2207 2012 2339 2051 rum
2370 1995 2684 2051 obtulerint
2721 1994 3023 2051 inseratur.
3059 1996 3149 2051 Sic
3190 2012 3421 2068 quoque
3455 1995 3846 2051 humilitatem

2210 2090 2487 2146 debemus
2530 2095 2727 2146 tenere
2774 2090 2833 2143 in
2882 2093 3098 2158 mente,
3129 2094 3192 2146 ut
3225 2091 3359 2146 inde
3403 2090 3620 2145 ordinis
3662 2089 3848 2144 nostri

2209 2184 2545 2256 dignitatem
2573 2200 2861 2240 servemus
2886 2183 2946 2239 in
2980 2184 3219 2255 honore,
3249 2187 3529 2256 quatenus
3563 2185 3622 2239 in
3654 2184 3843 2251 nobis,

2208 2294 2312 2334 nec
2340 2278 2631 2334 humilitas
2658 2278 2928 2347 timenda,
2953 2296 3058 2333 nec
3080 2278 3225 2334 ratio
3258 2279 3328 2333 sit
3355 2278 3617 2350 superba.
3648 2278 3849 2333 Omni-

2213 2376 2419 2444 potens
2461 2374 2625 2443 Deus,
2654 2372 2996 2441 charissime,
3026 2389 3126 2428 sua
3164 2378 3220 2428 te
3264 2373 3613 2444 protectione
3654 2377 3847 2427 custo-

2215 2467 2350 2537 diat,
2377 2471 2546 2539 atque
2565 2467 2636 2523 ad
2655 2467 2892 2523 caelestis
2918 2468 3445 2523 remunerationem
3470 2467 3675 2539 patriae
3700 2468 3850 2521 mul-

2212 2560 2392 2632 tiplici
2427 2561 2752 2616 animarum
2795 2563 2984 2616 fructu
3013 2561 3304 2633 perducat.
3337 2562 3482 2615 Deus
3518 2564 3572 2614 te
3613 2561 3843 2615 incolu-

2212 2670 2347 2710 men
2390 2654 2687 2723 custodiat,
2718 2654 3186 2710 reverendissime
3228 2655 3423 2710 frater.
3456 2657 3660 2709 Amen.
3699 2655 3849 2708 Data

2214 2751 2409 2804 octavo
2452 2748 2690 2804 Kalend.
2724 2748 3000 2817 Octobris,
3033 2748 3428 2804 Valentiniano
3461 2749 3501 2803 ll
3540 2753 3600 2803 et
3640 2748 3847 2803 Oreste

2211 2844 2277 2897 IV
2304 2842 2646 2899 consulibus.

1037 3305 1637 3425 'INCIPIUNT
1722 3332 2246 3426 DECRETA
2330 3333 2798 3427 JOANNIS
2893 3334 3223 3425 PAPXE

550 3685 1036 3742 Reverendissimo
1101 3685 1265 3741 fratri
1320 3686 1556 3741 VALERIO
1616 3686 1877 3757 episcOpo
1937 3686 2107 3741 JOAN-
2130 3698 2185 3772 ρ
2210 3702 2344 3741 nem
2375 3703 2506 3742 cum
2543 3688 2762 3744 actibus
2790 3688 2924 3759 suis,
2957 3692 3015 3743 et
3048 3688 3350 3744 induentes
3375 3704 3585 3743 novum
3617 3705 3750 3743 cum
3779 3706 3850 3745 eo

481 3799 599 3836 NES.

549 3875 767 3945 Scripta
816 3879 929 3929 tuaa
973 3874 1289 3929 sanctitatis
1331 3874 1642 3945 suscipiens
1681 3874 1846 3944 plena
1881 3890 1945 3928 ea
1981 3874 2112 3929 ﬁdei

482 3971 681 4040 regula
710 3985 824 4038 qua
852 3968 1104 4039 primum
1132 3968 1311 4038 polles
1335 3967 1546 4037 inveni,
1572 3972 1630 4023 et
1648 3968 1760 4022 Deo
1792 3967 2003 4039 gratias
2028 3984 2112 4023 re-

477 4062 583 4117 tuli
610 4062 759 4133 quod
797 4061 989 4115 anima
1033 4065 1089 4115 et
1131 4076 1367 4130 corpore
1404 4066 1460 4116 te
1490 4060 1638 4116 bene
1675 4060 1867 4131 vigere
1913 4061 2107 4117 didici.

479 4158 620 4211 Sane
649 4171 713 4210 ea
740 4171 867 4226 quae
900 4153 1228 4225 signiﬁcasti
1268 4154 1540 4226 quosdam
1587 4154 1775 4209 dicere
1814 4154 1965 4225 quod
1992 4171 2110 4211 non

476 4252 545 4305 sit
558 4250 730 4305 Filius
746 4248 977 4320 aequalis
993 4247 1164 4318 Patri,
1183 4252 1239 4303 et
1258 4248 1411 4320 quod
1427 4248 1485 4303 in
1504 4248 1813 4319 Evangelio
1834 4248 2109 4320 scriptum

475 4346 546 4400 sit
578 4363 591 4399 :
628 4366 655 4395 ‹‹
682 4346 848 4400 Pater
887 4343 1073 4415 major
1101 4358 1193 4397 me
1220 4348 1322 4411 est,
1360 4362 1388 4395 »
1418 4343 1559 4398 scias
1600 4359 1713 4397 non
1750 4347 1903 4398 recte
1942 4342 2106 4397 intel-

474 4440 650 4511 ligere
686 4438 827 4493 tales
864 4438 996 4492 ﬁdei
1032 4437 1282 4508 regulas,
1323 4453 1425 4493 nec
1454 4441 1667 4493 rectam
1711 4436 1885 4493 ﬁdem
1934 4454 2110 4507 penes

476 4551 533 4588 se
562 4534 797 4589 habere.
836 4532 1041 4587 Paulus
1083 4532 1366 4603 apostolus
1396 4548 1516 4587 non
1546 4531 1861 4586 secundum
1888 4530 2110 4586 deitatis

474 4632 736 4684 naturam
764 4626 1052 4682 Christum
1083 4631 1338 4681 creatum
1368 4625 1637 4692 insinuat,
1666 4624 1767 4678 sed
1794 4624 2107 4679 secundum

472 4725 744 4778 humanm
762 4724 983 4776 naturae
1003 4719 1376 4774 substantiam
1397 4718 1660 4774 eumdem
1685 4720 1943 4772 creatum
1961 4717 2108 4773 afﬁr-

475 4823 610 4885 mat,
658 4818 777 4888 ipso
831 4813 1086 4885 Ephesiis
1138 4813 1528 4867 conscribente
1576 4829 1589 4866 :
1640 4833 1667 4861 ‹‹
1713 4811 2137 4883 Renovamini,'

474 4912 679 4983 inquit,
714 4908 915 4980 spiritu
946 4906 1153 4962 mentis
1177 4910 1382 4960 vestra:
1414 4908 1471 4960 et
1498 4904 1722 4959 induite
1763 4921 1974 4960 novum
2001 4906 2103 4962 ho-

2214 3781 2311 3851 qui
2329 3785 2640 3837 renovatur
2655 3782 2713 3836 in
2733 3782 3029 3854 agnitione
3046 3783 3362 3837 secundum
3380 3782 3703 3854 imaginem
3725 3784 3852 3855 ejus

2212 3874 2311 3944 qui
2339 3874 2545 3929 creavit
2574 3892 2706 3929 eum
2735 3874 2867 3945 (Col.
2891 3891 2972 3945 ιιι,
2991 3876 3066 3947 8).
3089 3897 3116 3926 ››
3144 3876 3412 3948 Nunquid
3436 3875 3482 3930 is
3506 3876 3608 3948 qui
3628 3877 3855 3932 uniVer-

2211 3983 2331 4021 sam
2352 3973 2690 4037 creaturam,
2711 3969 2953 4025 visibilia
2973 3972 3029 4025 et
3047 3969 3352 4024 invisibilia
3377 3986 3410 4023 a
3428 3969 3662 4041 propria
3688 3975 3851 4041 pote-

2212 4061 2372 4116 statis
2402 4061 2609 4117 virtute
2649 4064 2966 4134 procreavit
3003 4080 3068 4119 ac
3097 4063 3249 4131 fecit,
3276 4064 3527 4135 seipsum
3562 4067 3730 4120 antea
3762 4065 3848 4119 vel

2212 4155 2603 4226 postmodum,
2625 4157 2779 4228 quod
2799 4157 2989 4213 dicere
3008 4157 3165 4213 nefas
3192 4161 3299 4225 est,
3322 4158 3533 4213 creavit
3552 4157 3639 4212 vel
3660 4158 3850 4213 facere

2216 4248 2418 4318 potuit.
2454 4249 2623 4304 Filius
2654 4251 2846 4306 minor
2884 4255 2968 4306 est
2992 4253 3153 4307 Patre
3183 4251 3241 4305 in
3279 4251 3555 4322 assumpti
3596 4252 3850 4306 hominis

2212 4343 2416 4411 forma,
2441 4345 2678 4414 aequalis
2699 4361 2834 4400 vero
2862 4345 3009 4400 Patri
3037 4349 3123 4400 est
3149 4346 3207 4400 in
3235 4345 3456 4401 deitatis
3478 4350 3701 4401 natura:
3721 4346 3850 4400 sub-

2210 4436 2448 4507 stantia;
2469 4437 2668 4493 eodem
2692 4442 3041 4510 protestante
3066 4458 3079 4495 :
3108 4460 3133 4492 «
3157 4442 3275 4511 Ego
3298 4443 3353 4496 et
3368 4441 3535 4495 Pater
3554 4456 3735 4495 unum
3756 4458 3847 4495 su-

2211 4546 2338 4583 mus
2380 4528 2573 4604 266
2608 4533 2778 4602 (Joan.
2828 4549 2880 4602 x,
2927 4535 3091 4602 30).»
3124 4534 3193 4589 Et
3232 4534 3440 4589 iterum
3476 4550 3489 4587 :
3522 4556 3549 4583 «
3596 4534 3707 4599 Qui
3748 4550 3844 4589 me

2210 4623 2381 4691 videt,
2412 4624 2566 4680 videt
2606 4630 2664 4680 et
2701 4628 2927 4681 Patrem
2961 4628 3137 4699 (Joan.
3172 4643 3283 4696 xw,
3312 4628 3382 4698 9).
3414 4647 3441 4678 »
3475 4628 3543 4682 Et
3585 4628 3793 4683 iterum
3826 4646 3838 4683 :

2213 4741 2239 4767 ‹‹
2271 4718 2374 4782 Qui
2422 4718 2540 4774 odit
2584 4736 2697 4787 me,
2732 4720 2850 4776 odit
2889 4726 2944 4775 et
2983 4722 3208 4776 Patrem
3236 4721 3408 4792 (Joan.
3438 4738 3531 4791 xv,
3572 4721 3686 4792 23).
3718 4744 3744 4770 υ
3777 4724 3845 4778 Et

2209 4812 2417 4867 iterum
2452 4831 2466 4869 :
2499 4833 2525 4864 ‹‹
2555 4814 2626 4868 Ut
2655 4830 2856 4870 omnes
2899 4815 3278 4871 honoriﬁcent
3309 4814 3531 4883 Filium,
3561 4816 3708 4871 sicut
3735 4817 3839 4871 ho-

2206 4905 2520 4962 noriﬁcavit
2562 4909 2788 4964 Patrem
2821 4909 2996 4978 (Joan.
3030 4926 3081 4975 v,
3110 4910 3219 4979 23).
3253 4930 3280 4959 »
3312 4911 3378 4965 Et
3414 4909 3623 4965 iterum
3658 4928 3671 4965 :
3704 4933 3731 4960 ‹‹
3774 4913 3843 4966 Ut

472 5005 688 5059 minem
715 5003 813 5074 qui
841 5001 1155 5055 secundum
1196 5000 1377 5053 Deum
1419 5003 1635 5053 creatus
1680 5004 1766 5055 est
1798 4999 1857 5054 in
1889 5000 2106 5071 justitia
2206 5001 2318 5055 sint
2343 5001 2401 5055 in
2430 5001 2592 5056 nobis
2618 5018 2823 5069 unum,
2853 5002 2997 5057 sicut
3022 5008 3079 5057 et
3107 5019 3208 5057 nos
3236 5020 3431 5058 sumus
3457 5020 3639 5059 unum
3659 5006 3837 5075 (Joan.

473 5104 529 5151 et
580 5097 877 5151 sanctitate
920 5093 1173 5148 veritatis
1203 5093 1417 5163 (Ephes.
1449 5108 1525 5161 1v,
1555 5093 1663 5164 23).
1702 5113 1729 5142 »
1765 5094 1831 5148 Et
1876 5094 1949 5149 ad
1998 5095 2100 5150 He-
2123 5075 2183 5148 Ῑ)
2206 5111 2294 5165 xv,
2317 5094 2470 5166 21).»
2492 5097 2557 5151 Et
2580 5095 2788 5151 iterum
2815 5113 2826 5150 :
2853 5116 2879 5148 «
2901 5097 2981 5151 Tu
3001 5096 3061 5151 in
3078 5113 3173 5152 me
3188 5103 3245 5152 et
3264 5114 3373 5169 ego
3392 5098 3451 5153 in
3475 5098 3781 5168 eis(1bid.).
3809 5122 3836 5149 υ

472 5192 653 5245 bracas
688 5207 700 5243 :
738 5210 764 5242 «
800 5192 860 5242 ln
901 5205 967 5242 eo
1011 5187 1163 5241 enim
1193 5187 1252 5240 in
1282 5201 1396 5257 quo
1428 5203 1621 5257 passus
1659 5191 1744 5241 est
1769 5187 1861 5243 ille
1892 5193 1949 5243 et
1976 5193 2099 5244 ten-
2206 5190 2272 5244 Et
2296 5188 2500 5244 iterum
2538 5207 2551 5244 :
2594 5213 2620 5241 ‹‹
2649 5190 2860 5246 Omnia
2887 5207 3018 5246 mea
3060 5196 3157 5245 tua
3198 5195 3331 5246 sunt
3357 5192 3541 5261 (lbid.,
3576 5193 3681 5262 t0).
3708 5215 3737 5242 »
3770 5194 3839 5247 Et

468 5288 636 5351 tatus,
685 5283 860 5338 etiam
917 5283 1105 5352 potest
1161 5279 1249 5334 his
1307 5280 1404 5352 qui
1459 5284 1755 5337 tentantur
1813 5282 2096 5338 auxiliari.
2201 5283 2457 5338 iterum:
2491 5303 2515 5334 «
2567 5280 2684 5356 Ego
2732 5284 2790 5339 in
2834 5286 3023 5353 Patre,
3058 5291 3115 5340 et
3143 5287 3313 5341 Pater
3338 5286 3397 5340 in
3445 5302 3538 5340 me
3565 5286 3777 5359 (Ibid)
3806 5307 3833 5338 ι)

468 5378 627 5435 Unde
660 5378 867 5430 sancta:
894 5373 1202 5429 vocationis
1228 5375 1555 5447 participes,
1580 5376 1938 5432 considerate
1966 5393 2100 5448 apo-
2200 5378 2267 5432 Et
2290 5377 2501 5433 iterum
2534 5395 2547 5433 :
2585 5400 2613 5429 «
2640 5380 2813 5434 Pater
2838 5379 2899 5434 in
2926 5395 3019 5435 me
3053 5395 3312 5448 manens,
3348 5380 3481 5435 facit
3507 5397 3682 5453 opera
3712 5383 3836 5437 haec

464 5474 673 5529 stolum
722 5475 779 5525 et
822 5468 1148 5541 pontiﬁcem
1195 5469 1569 5525 confessionis
1613 5472 1822 5525 nostra;
1877 5472 2094 5539 Jesum,
2198 5471 2369 5541 (Joan.
2398 5489 2507 5540 xw,
2556 5472 2662 5544 10).
2705 5493 2733 5522 ››
2776 5473 2846 5527 Et
2884 5474 3130 5529 Joannes
3167 5475 3512 5546 evangelista
3549 5476 3676 5531 ait:
3718 5495 3745 5527 α
3774 5478 3831 5531 In

464 5568 691 5623 ﬁdelem
711 5564 1047 5619 existentem
1071 5564 1123 5618 ei
1141 5564 1238 5635 qui
1264 5563 1474 5619 creavit
1494 5580 1627 5619 eum
1648 5563 1828 5634 (Hebr.
1854 5582 1912 5634 n,
1936 5565 2039 5635 t8).
2065 5584 2093 5617 »
2196 5564 2474 5637 principio
2505 5571 2627 5621 erat
2653 5566 2901 5622 Verbum
2929 5572 2985 5623 et
3009 5568 3259 5623 Verbum
3296 5574 3418 5624 erat
3449 5570 3602 5640 apud
3630 5571 3830 5639 Deum,

462 5666 527 5717 Et
558 5662 627 5718 ad
666 5660 1022 5716 Colossenscs
1052 5675 1064 5712 :
1102 5680 1129 5707 «
1159 5659 1318 5713 Nunc
1357 5661 1552 5713 autem
1597 5658 1866 5729 deponite
1903 5663 1960 5713 et
1996 5674 2096 5713 vos
2196 5662 2253 5713 et
2280 5659 2425 5714 Deus
2474 5662 2601 5715 erat
2645 5660 2893 5715 Verbum
2920 5660 3093 5733 (Joan.
3130 5679 3167 5731 ι,
3204 5662 3274 5732 1).
3306 5684 3333 5714 n
3362 5664 3430 5718 Et
3459 5662 3671 5718 iterum
3712 5665 3832 5735 ipse

461 5756 763 5811 universa:
797 5754 968 5820 iram,
997 5751 1480 5821 indignationem,
1512 5751 1810 5817 malitiam,
1838 5751 2094 5822 blasphe—
2196 5752 2264 5806 ad
2298 5754 2529 5808 Parthos
2557 5770 2569 5808 :
2604 5774 2632 5804 «
2670 5756 2802 5811 Tres
2847 5760 3000 5824 sunt,
3039 5755 3244 5828 inquit,
3286 5758 3385 5829 qui
3436 5757 3829 5814 testimonium

462 5849 669 5913 miam',
698 5848 1005 5920 turpiaque
1032 5862 1098 5899 ex
1133 5861 1230 5898 ore
1259 5848 1440 5898 vestro
1471 5859 1585 5897 non
1612 5844 1946 5913 procedant.
1978 5844 2090 5899 No-
2193 5846 2498 5917 perhibent
2519 5847 2580 5902 in
2614 5851 2769 5904 terra
2801 5866 2814 5915 ;
2847 5865 3015 5921 aqua,
3044 5851 3280 5923 sanguis
3316 5854 3376 5905 et
3414 5852 3667 5922 spiritus.
3694 5854 3830 5907 Tres

462 5942 556 5994 lite
580 5940 808 5995 mentiri
828 5940 1093 6003 invicem,
1118 5935 1497 6007 exspoliantes
1518 5952 1612 5990 vos
1630 5941 1877 5991 veterem
1901 5937 2089 5994 homi-
2192 5940 2249 5994 in
2279 5940 2442 5996 nobis
2471 5947 2622 6012 sunt,
2652 5947 2707 5999 et
2736 5947 2849 5999 tres
2876 5943 2974 6015 qui
3001 5945 3395 6000 testimonium
3432 5946 3741 6017 perhibent
3769 5949 3829 6001 in
