4040 6306
193 336 318 384 ltiti!)

1414 334 1877 390 DECRETALIUM
1917 339 2300 395 COLLIiC'I‘IO.

3415 347 3546 399 1070

175 442 335 507 creto,
383 440 564 506 Pater,
617 438 858 492 Verbum
904 443 957 493 et
1002 439 1262 510 Spiritus.
1297 441 1362 495 Et
1390 440 1452 496 hi
1480 446 1594 497 tres
1625 459 1806 498 unum
1831 449 2201 530 Aswculum,
2247 465 2435 520 neque
2483 448 2739 520 adjectus
2782 452 2867 504 est
2911 449 2985 518 ei,
3018 466 3208 522 neque
3252 449 3547 508 minuetur

176 537 328 588 sunt.
362 553 391 585 ιι
425 534 538 587 Nos
575 532 768 605 itaque
811 532 871 587 in
916 537 1118 588 natura
1157 534 1400 603 deitatis,
1447 535 1579 607 quia
1628 553 1811 592 unum

176 631 311 682 sunt
357 629 530 682 Pater
573 630 631 682 et
675 626 866 695 Filius,
916 644 1021 682 nec
1048 629 1274 683 Patrem
1304 629 1589 685 credimus
1621 631 1811 704 aliquo

177 726 436 792 tempore
463 721 832 792 praecessisse,
874 738 944 776 ne
982 721 1164 792 major
1190 723 1262 776 sit
1287 723 1446 792 Filio,
1476 740 1580 778 nec
1608 725 1810 779 Filium

175 821 372 886 postea
414 820 613 870 natum
658 831 798 881 esse,
841 817 903 868 ut
942 814 1152 871 deitate
1182 816 1362 871 Patris
1388 816 1725 873 minoretur.
1755 818 1811 874 Si

175 908 416 979 aequalis
455 909 607 963 Patri
644 909 818 963 Filius
844 924 958 962 non
988 913 1090 978 est,
1123 925 1225 964 cur
1250 910 1330 964 ita
1356 910 1425 965 de
1450 910 1546 965 illo
1571 913 1810 966 Joannes

173 1005 524 1076 evangelista
560 1008 796 1060 testatus
841 1007 924 1059 est
955 1021 968 1059 :
1002 1007 1324 1077 PrOpterca,
1362 1006 1566 1080 inquit,
1612 1024 1807 1080 perse-

172 1099 499 1171 quebantur
520 1098 700 1155 Judaei
723 1100 915 1154 Jesum
937 1102 994 1155 et
1012 1100 1342 1170 quaerebant
1374 1118 1504 1156 eum
1529 1102 1807 1170 occidere,

171 1193 306 1266 quia
345 1209 463 1248 non
509 1193 693 1248 solum
729 1193 983 1248 solvebat
1009 1193 1344 1264 Sabbatum,
1375 1196 1470 1250 sed
1501 1201 1558 1250 ct
1583 1197 1809 1251 Patrem

175 1304 345 1341 suum
365 1286 590 1342 dicebat
607 1287 804 1354 Deum,
827 1286 1104 1358 aequalem
1127 1304 1184 1343 se
1203 1287 1415 1343 faciens
1433 1290 1565 1344 Deo.
1590 1290 1656 1343 Et
1675 1291 1812 1344 Pau-

173 1382 261 1434 lus
291 1381 583 1451 apostolus
616 1396 629 1434 :
660 1402 688 1429 «
727 1381 840 1434 Hoc
866 1380 1075 1435 sentite
1113 1382 1172 1436 in
1215 1381 1396 1450 vobis,
1423 1381 1628 1456 inquit,
1659 1383 1810 1454 quod

174 1480 230 1529 et
258 1474 319 1528 in
346 1473 567 1528 Christo
596 1475 744 1528 Jesu.
769 1474 877 1538 Qui
905 1491 1036 1528 cum
1060 1473 1119 1529 in
1150 1475 1338 1530 forma
1368 1477 1466 1532 Dei
1493 1481 1642 1532 esset
1670 1494 1806 1532 con-

175 1569 428 1635 stitutus,
458 1585 572 1622 non
602 1568 864 1638 rapinam
912 1568 1216 1624 arbitratus
1250 1575 1335 1625 est
1379 1587 1502 1625 esse
1531 1587 1589 1626 se
1619 1588 1806 1643 aequa-

175 1663 289 1715 lem
337 1662 470 1728 Deo,
516 1661 609 1716 sed
654 1661 1022 1732 semetipsum
1064 1662 1370 1718 exinanivit
1393 1664 1637 1719 formam
1664 1665 1806 1720 servi

175 1754 460 1826 accipiens
491 1754 750 1825 (Philipp.
791 1771 846 1822 ιι,
882 1758 952 1818 5).
987 1777 1014 1804 »
1050 1756 1117 1809 Et
1158 1755 1214 1810 in
1259 1757 1563 1812 Salomone
1596 1775 1608 1812 :
1649 1757 1807 1823 «Qui

1909 539 2020 606 illi;
2055 541 2176 612 ipse
2207 543 2288 597 est
2319 541 2474 598 enim
2505 541 2770 598 dominus
2807 547 3080 599 creatura:
3111 561 3248 613 sure,
3282 545 3380 617 qui
3404 545 3549 603 nihil

1911 633 2070 704 eguit
2100 635 2170 689 ab
2193 635 2404 708 aliquo.
2429 637 2494 691 Et
2523 635 2580 690 in
2607 637 2747 708 psal.
2777 653 2925 693 Lxxu
2957 654 2969 692 :
3002 658 3031 688 «
3052 638 3197 703 Quid
3225 639 3382 695 enim
3401 641 3547 697 mihi

1913 730 1997 783 est
2020 727 2079 782 in
2106 730 2268 799 coelo,
2303 733 2359 784 et
2384 730 2456 785 ad
2483 732 2534 785 te
2561 730 2696 802 quid
2722 731 2873 786 volui
2891 749 3064 804 super
3091 736 3325 788 terram.
3355 755 3384 783 ››
3417 737 3545 790 Haec

1913 822 2103 877 omnia
2130 823 2331 878 Filium
2377 839 2494 878 non
2531 824 2861 880 inferiorem
2892 829 3096 882 natura
3127 826 3544 900 demonstrant,

1910 915 2006 970 sed
2041 915 2431 988 aequalitatem
2467 917 2694 973 dcitatis
2729 919 3092 988 annuntiant,
3132 921 3405 992 quoniam
3444 923 3545 994 qui

1910 1011 2151 1081 utraque
2183 1011 2402 1065 locutus
2433 1015 2535 1079 est,
2563 1028 2761 1068 verum
2793 1012 2952 1083 dixit,
2985 998 3362 1085 quia'Veritas
3386 1031 3544 1071 men-

1908 1103 2005 1159 tiri
2051 1121 2165 1158 non
2209 1104 2414 1176 potuit.
2461 1106 2687 1173 Taliter,
2736 1107 2913 1162 frater
2937 1107 3288 1177 charissime,
3320 1126 3546 1182 semper

1907 1213 2035 1268 age,
2063 1200 2411 1270 czeterosque
2437 1215 2635 1254 omnes
2661 1216 2834 1271 agere
2871 1217 3064 1272 mone,
3097 1205 3160 1256 ut
3190 1202 3398 1258 abolito
3437 1205 3543 1258 hoc

1910 1291 2008 1364 qui
2062 1297 2228 1347 natus
2272 1292 2571 1348 videbatur
2615 1309 2831 1366 errore,
2866 1295 2926 1350 in
2957 1295 3184 1350 laudem
3217 1300 3274 1351 et
3303 1297 3542 1369 gloriam

1913 1384 2008 1439 Dei
2022 1401 2125 1456 per
2144 1388 2330 1442 totum
2352 1387 2633 1441 mundum
2655 1404 2768 1443 una
2784 1388 2923 1444 ﬁdes
2937 1387 3009 1442 sit
3025 1392 3082 1444 et
3096 1405 3211 1444 una
3230 1389 3544 1463 eademque

1909 1479 2204 1550 confessio,
2242 1501 2267 1530 ‹‹
2299 1485 2360 1535 ut
2392 1480 2449 1534 in
2473 1481 2702 1536 nomine
2721 1483 2852 1537 Jesu
2877 1498 3050 1537 omne
3077 1498 3230 1554 genu
3265 1484 3543 1554 ﬂectatur,

1909 1573 2242 1641 ccelestium,
2271 1574 2622 1630 terrestrium
2649 1578 2706 1630 et
2730 1576 3108 1647 inferuorum,
3143 1582 3200 1632 et
3225 1578 3413 1632 omnis
3439 1578 3546 1634 lin-

1912 1684 2023 1738 gua
2072 1669 2410 1722 conﬁteatur
2465 1669 2599 1740 quia
2648 1669 2920 1724 Dominus
2969 1671 3130 1726 Jesus
3176 1671 3430 1728 Christus
3485 1672 3544 1727 in

1913 1761 2095 1832 gloria
2144 1763 2230 1817 est
2281 1761 2381 1816 Dei
2439 1761 2620 1817 Patris
2667 1763 2922 1835 (Philipp.
2969 1781 3028 1834 ιι,
3065 1766 3227 1837 10).»
3265 1768 3405 1821 Data

179 1849 379 1918 genuit
404 1865 498 1903 me
525 1848 803 1920 requievit
824 1849 882 1904 in
903 1849 1263 1904 tabernaculo
1296 1867 1426 1906 meo
1449 1852 1629 1922 (Ecch'.
1661 1868 1808 1920 xx1v,
1832 1833 1887 1905 Β
1912 1856 2100 1910 Nonas
2135 1855 2396 1928 Augusti,
2436 1856 2754 1912 Justiniano
2795 1833 3205 1915 et—Athalarico
3246 1861 3308 1916 IV
3336 1877 3542 1916 consu-

183 1942 287 2010 12).
324 1964 351 1990 ››
402 1943 471 1996 Et
509 1941 714 1998 Isaias:
745 1943 899 1998 Sicut
945 1949 1028 1998 est
1070 1943 1139 1997 ab
1180 1943 1367 2014 initio,
1419 1944 1500 2000 ita
1547 1962 1724 2018 usque
1751 1946 1808 2000 in

1910 1947 2076 2003 libus.

185 2146 3535 2173 ____________________________________________

846 2360 1262 2456 INCIPIT
1368 2364 1913 2459 EPISTOLA
2006 2367 2464 2460 AGAPITI
2571 2369 2899 2461 PAP/E

343 2552 455 2615 Ad
478 2553 858 2618 Antemz'um
899 2555 1696 2640 Constantz’nopolz'tanum
1732 2563 2102 2643 episcopum
2137 2563 2212 2625 de
2247 2533 2504 2626 duabus
2529 2564 2786 2626 naturis
2827 2565 2894 2626 in
2933 2581 3062 2627 uno
3103 2563 3380 2630 Christo.

248 2886 526 2940 AGAPITUS
547 2888 794 2942 Aureum
819 2886 1086 2960 episcopo
1120 2889 1381 2947 salutem.

247 2979 420 3034 Multo
471 2980 676 3050 gaudio
729 2997 912 3036 essem
964 2983 1235 3054 repletus,
1290 2985 1337 3039 si
1365 2990 1420 3040 te
1446 2985 1617 3042 talem
1661 2987 1813 3043 circa

181 3072 437 3128 Ecclesia;
473 3089 674 3145 pacem
717 3078 774 3129 et
819 3075 1214 3146 gloriosissimi
1254 3078 1620 3150 imperatoris
1641 3085 1814 3153 atque

177 3167 372 3238 populi
404 3166 721 3222 doctrinam
747 3170 1112 3241 reperissem,
1141 3172 1369 3244 qualem
1402 3176 1456 3226 te
1481 3173 1536 3228 in
1567 3174 1810 3245 primor-
1833 3201 1886 3274 C

179 3261 269 3315 dio
300 3277 422 3317 esse
447 3261 657 3317 audivi.
691 3263 801 3318 Sed
832 3281 983 3318 nunc
1011 3265 1144 3336 quia
1171 3265 1472 3321 didicimus
1497 3284 1528 3322 a
1554 3284 1814 3324 reveren-

178 3354 424 3410 dissimis
448 3355 720 3412 fratribus
749 3359 802 3414 te
828 3362 1026 3412 contra
1055 3361 1271 3415 statuta
1298 3362 1531 3415 Patrum
1563 3362 1808 3433 impera-

179 3455 362 3505 torem
392 3454 448 3505 et
472 3449 721 3523 reliquos
749 3452 989 3524 populos
1017 3453 1241 3521 docere,
1275 3454 1355 3509 ita
1384 3457 1448 3509 ut
1476 3426 1686 3526 negata
1713 3426 1832 3534 hu-l

176 3560 360 3599 mante
380 3544 568 3599 carnis
589 3549 760 3617 atque
781 3547 988 3602 animae
1005 3547 1241 3603 veritate
1261 3551 1484 3603 tantum
1506 3549 1810 3604 Dominum

178 3642 434 3693 nostrum
457 3639 650 3694 Iesum
675 3639 960 3695 Christum
989 3641 1156 3695 unius
1182 3658 1398 3698 asseras
1426 3659 1550 3698 esse
1573 3647 1808 3712 naturae,

179 3736 456 3803 tanquam
495 3732 663 3787 Verbi
707 3733 884 3788 deitas
931 3735 1057 3804 ipsa
1100 3752 1159 3789 se
1187 3735 1246 3790 in
1272 3752 1504 3791 carnem
1531 3736 1810 3792 animam-

177 3843 288 3899 que
312 3825 565 3895 verterit,
619 3830 675 3882 et
719 3831 991 3899 tanquam
1035 3829 1258 3902 concipi
1289 3846 1353 3884 ac
1391 3831 1568 3899 nasci,
1609 3831 1813 3886 nutriri

177 3927 233 3974 ct
258 3936 535 3988 crescere,
569 3919 823 3992 cruciﬁgi
857 3937 921 3976 ac
948 3923 1116 3990 mori,
1146 3922 1371 3994 sepeliri
1398 3941 1462 3979 ac
1490 3940 1808 3995 resurgere,

176 4018 231 4069 et
259 4013 568 4069 ascendere
599 4015 660 4068 in
689 4014 916 4083 coelum,
959 4016 1158 4072 sedere
1193 4016 1265 4071 ad
1293 4017 1585 4073 dexteram
1613 4019 1808 4085 Patris,

173 4107 369 4164 venire
399 4107 470 4162 ad
492 4107 834 4178 judicandos
857 4108 1009 4164 vivos
1041 4115 1099 4164 et
1124 4113 1403 4180 mortuos,
1445 4111 1652 4166 divinae
1686 4115 1810 4166 tan-

175 4206 297 4256 tum
349 4200 653 4257 voluntatis
691 4201 863 4257 fuerit
901 4218 1030 4274 qua:
1077 4202 1218 4256 nihil
1265 4204 1474 4257 horum
1513 4204 1571 4258 in
1603 4221 1660 4259 se
1689 4205 1810 4258 sine

172 4295 361 4351 carnis
401 4295 614 4367 recepit
660 4295 917 4363 veritate,
967 4312 1096 4368 qua:
1143 4301 1346 4351 natura
1384 4296 1539 4352 unita
1591 4302 1811 4352 naturm

172 4389 351 4445 Patris
402 4394 608 4445 natura
659 4393 745 4444 est
789 4389 1029 4460 Spiritus
1072 4390 1252 4444 sancti
1293 4390 1580 4461 simulque
1607 4391 1812 4462 impas-

169 4482 373 4553 sibilis,
403 4482 688 4555 simulque
721 4482 1200 4538 incommutabilis
1229 4484 1597 4554 sempiterna:
1626 4483 1809 4538 Trini-

1911 2895 2150 2966 apostoli
2198 2897 2535 2964 docuerunt,
2576 2901 2633 2952 et
2660 2898 2935 2951 hactenus
2963 2912 3164 2952 eorum
3197 2912 3546 2968 suorumque

1914 3005 2300 3044 successorum
2338 3007 2600 3062 sequens,
2641 2993 2838 3045 sancta
2877 2990 2997 3045 hzec
3027 2991 3280 3044 Romana
3322 2993 3379 3044 et
3409 3008 3544 3062 apo-

1913 3084 2106 3138 stolica
2137 3084 2379 3139 Ecclesia
2408 3084 2726 3140 doctrinam
2762 3084 2949 3139 tenuit
2978 3101 3042 3139 ac
3068 3088 3243 3152 tenet,
3274 3084 3467 3139 docuit
3493 3089 3549 3139 et

1913 3177 2092 3232 docet.
2123 3178 2413 3249 Siquidem
2439 3179 2591 3234 enim
2622 3179 2696 3233 ita
2720 3182 2854 3232 sunt
2873 3177 3158 3244 obczecati,
3193 3181 3250 3232 et
3274 3178 3545 3232 alumine

1914 3266 2162 3321 veritatis
2189 3267 2380 3335 alieni,
2424 3273 2487 3321 ut
2517 3267 2682 3321 Verbi
2711 3267 2808 3321 Dei
2840 3285 2872 3320 a
2915 3271 3169 3337 tempore
3208 3267 3547 3321 incarnatio-

1915 3361 2002 3412 nis
2032 3361 2317 3432 dencgent
2344 3360 2663 3430 veritatem,
2695 3362 2997 3415 ostendant
3026 3361 3080 3415 in
3111 3377 3223 3431 quo
3257 3360 3363 3414 sibi
3391 3361 3546 3415 Chri-

1913 3453 2158 3508 stianum
2187 3470 2401 3508 nomen
2421 3457 2718 3525 usurpent,
2740 3457 2941 3508 etcum
2967 3453 3274 3524 Evangelio
3296 3454 3546 3509 veritatis

1913 3564 2025 3618 qua
2072 3547 2288 3602 ratione
2334 3548 2697 3613 concordent,
2756 3547 2799 3601 si
2847 3564 2949 3618 per
2999 3547 3241 3616 Virginis
3293 3551 3541 3618 partum,

1913 3646 2010 3696 aut
2035 3659 2161 3695 caro
2187 3642 2309 3695 siue
2338 3641 2567 3707 deitate,
2597 3646 2693 3695 aut
2719 3637 2900 3694 deitas
2928 3646 3008 3695 est
3039 3643 3160 3694 orta
3197 3640 3317 3694 sine
3350 3658 3540 3695 carne.

1914 3736 2070 3790 Sicut
2101 3735 2254 3789 enim
2297 3735 2492 3805 negari
2538 3751 2650 3788 non
2702 3739 2880 3804 potest
2907 3734 3271 3805 (evangelista
3299 3734 3542 3801 dicente)

1913 3829 2064 3901 quod
2097 3828 2341 3883 Verbum
2372 3844 2502 3882 caro
2529 3828 2746 3882 factum
2771 3833 2856 3882 est
2880 3831 2939 3883 et
2967 3827 3234 3882 habitavit
3266 3828 3322 3882 in
3354 3828 3540 3895 nobis,

1915 3924 1992 3976 ita
2022 3923 2222 3992 negari
2252 3939 2365 3977 non
2404 3927 2586 3993 potest
2632 3922 2811 3990 (beato
2839 3922 3094 3993 apostolo
3121 3921 3296 3976 Paulo
3336 3922 3542 3993 praedi-

1916 4020 2095 4086 cante)
2128 4016 2276 4088 quod
2304 4018 2450 4071 Deus
2474 4019 2600 4071 erat
2627 4017 2684 4070 in
2711 4014 2953 4082 Christo,
2984 4015 3267 4071 mundum
3295 4016 3543 4070 reconci-

1917 4111 2059 4165 lians
2103 4111 2228 4165 sibi.
2274 4110 2412 4174 Quae
2444 4113 2634 4164 autem
2671 4109 3053 4164 reconciliatio
3082 4127 3200 4164 esse
3229 4113 3416 4181 posset
3438 4127 3548 4182 qua

1913 4204 2168 4259 humano
2219 4203 2419 4274 generi
2461 4203 2935 4274 repropitiaretur
2988 4204 3155 4268 Deus,
3213 4204 3256 4256 si
3301 4204 3546 4258 hominis

1913 4315 2138 4352 causam
2181 4297 2460 4353 mediator
2492 4296 2589 4350 Dei
2629 4300 2685 4352 et
2712 4296 3012 4350 hominum
3041 4313 3154 4349 non
3183 4296 3495 4366 susciperet
3518 4299 3544 4350 ’ἶ

1911 4393 2033 4455 Qua
2077 4409 2208 4447 vero
2253 4391 2476 4446 ratione
2507 4373 2800 4445 veritatem
2832 4389 3158 4444 mediatoris
3187 4389 3405 4460 implet,
3437 4390 3545 4444 nisi

1913 4485 2012 4556 qui
2050 4485 2108 4540 in
2137 4486 2324 4540 forma
2357 4476 2456 4540 Dei
2483 4483 2718 4556 atqualis
2761 4487 2843 4538 est
2883 4483 3053 4550 Patri,
3090 4483 3147 4536 in
3183 4483 3367 4536 forma
3402 4484 3545 4538 servi

169 4578 304 4632 tatis
352 4577 594 4632 indivisa
630 4576 839 4645 unitas,
868 4581 923 4632 et
954 4578 1120 4631 unius
1152 4577 1459 4632 voluntatis
1491 4577 1809 4648 aequalitas,
1833 4572 1891 4644 D
1915 4579 2197 4650 particeps
2238 4583 2388 4633 esset
2427 4582 2483 4634 et
2529 4578 2726 4643 nostri,
2759 4583 2822 4631 ut
2843 4575 3036 4631 mortis
3061 4576 3350 4630 vinculum
3377 4577 3547 4631 unius

177 4672 328 4727 unde
368 4671 413 4725 si
464 4670 671 4742 aliquis
715 4671 880 4725 malae
927 4670 1232 4725 voluntatis
1279 4671 1408 4739 hoc,
1450 4673 1549 4724 aut
1571 4670 1814 4725 infidelis

175 4766 416 4838 quisque
441 4764 700 4820 desciscit
720 4781 793 4818 ne
815 4764 1180 4819 convincatur
1201 4764 1469 4819 deitatem
1492 4763 1814 4835 passibilem

175 4859 387 4916 sentire
421 4864 594 4931 atque
635 4859 959 4928 mortalem,
999 4863 1054 4914 et
1087 4863 1280 4914 tamen
1307 4857 1472 4913 Verbi
1515 4858 1811 4925 incarnati,

175 4955 232 5010 id
276 4957 363 5010 est
405 4952 570 5008 Verbi
615 4956 673 5008 et
717 4952 901 5007 carnis
943 4969 1116 5007 unam
1153 4969 1320 5007 ausus
1365 4952 1535 5007 fuerit
1558 4967 1811 5023 pronun-

171 5049 312 5103 tiare
337 5049 624 5116 naturam,
665 5045 966 5102 manifeste
1015 5047 1073 5100 in
1114 5050 1372 5118 apertam
1401 5049 1460 5100 et
1484 5045 1610 5100 ideo
1639 5044 1814 5100 odibi-

173 5143 288 5197 lem
318 5140 520 5196 transit
541 5140 848 5208 insaniam,
880 5140 979 5212 qui
1005 5140 1380 5196 mediatorem
1421 5139 1516 5194 Dei
1545 5145 1601 5195 et
1625 5139 1812 5194 homi-

173 5251 317 5290 num
373 5235 566 5290 Jesum
620 5235 906 5290 Christum
966 5235 1314 5290 simulatorie
1382 5234 1562 5290 credit
1623 5233 1815 5289 omnia

176 5330 382 5401 egisse,
403 5315 516 5383 (nec
541 5343 741 5383 verum
771 5328 830 5383 in
857 5329 1084 5384 Christo
1102 5345 1326 5400 corpus,
1350 5327 1447 5382 sed
1474 5327 1815 5399 phantasma

173 5424 297 5495 ejus
321 5422 574 5494 corporis
593 5422 842 5493 speciem
871 5421 1045 5477 oculis
1070 5423 1401 5494 apparuisse
1429 5421 1808 5477 cernentium.

171 5519 308 5582 Quae
333 5516 639 5588 impietatis
665 5515 964 5571 mendacia
989 5516 1262 5587 quoniam
1289 5516 1427 5572 olim
1463 5515 1602 5570 fides
1623 5516 1815 5570 catho-

176 5611 286 5666 lica
323 5611 655 5678 detestatur,
691 5615 746 5665 et
772 5609 907 5664 talia
937 5610 1317 5665 assertionum
1350 5609 1645 5682 sacrilegia
1671 5626 1809 5664 con-

176 5703 444 5760 cordibus
473 5721 577 5776 per
603 5707 786 5759 totum
813 5704 1092 5759 mundum
1119 5703 1414 5759 beatorum
1443 5705 1672 5758 Patrum
1706 5703 1812 5758 du-

177 5800 316 5852 dum
341 5801 473 5852 sunt
497 5797 764 5853 damnata
796 5798 1107 5865 sententiis,
1144 5815 1256 5852 non
1293 5797 1532 5853 dubium
1576 5801 1662 5853 est
1686 5813 1816 5853 eam

182 5909 286 5948 nos
327 5891 496 5948 ﬁdem
546 5891 855 5965 praedicare
889 5896 1059 5966 atque
1090 5891 1398 5948 defendere
1428 5908 1598 5965 quam
1639 5893 1814 5949 sancti

1914 4671 2376 4742 praevaricatione
2419 4675 2775 4728 contractum
2817 4671 2986 4726 unius
3031 4676 3234 4737 morte,
3267 4671 3365 4742 qui
3397 4670 3546 4724 solus

1916 4766 2083 4819 morti
2132 4765 2271 4819 nihil
2321 4766 2538 4833 debuit,
2586 4766 2943 4821 solveretur?
2987 4764 3198 4820 Effusio
3230 4764 3380 4819 enim
3406 4764 3547 4834 justi

1916 4859 2208 4930 sanguinis
2237 4859 2443 4914 Christi
2477 4865 2592 4914 tam
2626 4861 2733 4915 fuit
2775 4860 2929 4914 dives
2975 4859 3046 4914 ad
3091 4859 3357 4931 pretium,
3404 4861 3467 4912 ut
3501 4859 3544 4911 si

1915 4952 2252 5008 universitas
2297 4953 2651 5023 captivorum
2695 4955 2752 5007 in
2781 4955 3209 5025 redemptorem
3241 4969 3406 5007 suum
3433 4969 3548 5007 cre-

1915 5048 2092 5116 deret,
2128 5045 2345 5100 nullum
2373 5045 2584 5100 diaboli
2608 5047 2897 5100 vinculum
2931 5047 3236 5112 retineret;
3278 5046 3546 5118 quoniam

1915 5142 2060 5196 sicut
2085 5141 2377 5211 Apostolus
2404 5139 2524 5193 ait:
2562 5160 2588 5189 ‹‹
2623 5140 2727 5194 Ubi
2764 5140 3076 5194 abundavit
3116 5147 3426 5211 peccatum,
3463 5157 3550 5195 su-

1917 5233 2324 5307 perabundavit
2367 5229 2423 5288 et
2461 5231 2646 5303 gratia
2681 5233 2728 5301 (Ι
2759 5234 2893 5287 Tim.
2931 5249 2967 5298 ι,
3001 5233 3104 5302 Ili).
3140 5255 3167 5283 »
3200 5235 3416 5289 Etcum
3447 5235 3549 5289 sub

1917 5329 2136 5400 peccati
2185 5325 2518 5398 praejudicio
2565 5325 2684 5379 nati
2735 5327 3078 5395 potestatem
3125 5328 3449 5397 acceperint
3481 5329 3548 5382 ad

1908 5421 2190 5494 justitiam
2230 5419 2588 5488 renascendi,
2632 5417 2870 5474 validius
2896 5416 3107 5471 factum
3135 5423 3217 5471 est
3241 5419 3455 5475 donum
3483 5421 3546 5476 Ii-

1915 5516 2148 5573 bertatis
2177 5531 2348 5587 quam
2384 5513 2642 5570 debitum
2669 5511 2975 5568 servitutis.
3011 5511 3196 5576 Quam
3223 5511 3413 5583 itaque
3447 5516 3553 5570 sibi

1916 5613 1975 5666 in
2019 5610 2188 5681 hujus
2223 5608 2560 5664 sacramenti
2593 5605 2853 5680 praesidio
2880 5623 3042 5678 spem
3073 5605 3421 5677 relinquunt,
3453 5609 3551 5678 qui

1917 5706 1976 5760 in
2004 5705 2288 5760 Salvatore
2322 5707 2516 5758 nostro
2555 5705 2772 5774 negant
2801 5700 3036 5756 humani
3075 5698 3324 5771 corporis
3355 5700 3551 5755 verita-

1916 5804 2032 5854 tem
2048 5799 2076 5854 ?
2099 5798 2300 5854 Dicant
2319 5813 2432 5869 quo
2458 5796 2732 5852 sacriﬁcio
2752 5794 3121 5864 reconciliati,
3138 5811 3251 5866 quo
3273 5793 3549 5865 sanguine

1919 5895 2052 5950 sunt
2078 5892 2402 5966 redempti?
2433 5915 2457 5940 ‹‹
2489 5891 2624 5960 Quis
2649 5894 2752 5960 est,
2777 5894 2840 5947 ut
2866 5888 3161 5963 Apostolus
3184 5889 3283 5961 ait,
3317 5887 3414 5961 qui
3436 5891 3548 5944 tra-
