4040 6322
422 333 549 386 1071

1318 332 1598 385 ΛΡΡΕΝΙ).
1643 331 1728 384 AD
1767 331 1927 385 SACC.
1972 330 2147 383 1x._
2190 330 2431 384 lSlDORl
2470 329 2897 385 MERCATORIS

3658 332 3799 385 1072

417 439 561 495 didit
595 441 969 511 semetipsum
1005 456 1107 511 pro
1150 440 1313 494 nobis
1344 440 1687 494 oblationem
1718 444 1774 493 et
1801 438 2046 492 hostiam
2071 450 2131 522 Α
2151 438 2523 507 declaratum,
2552 438 2674 493 sine
2700 439 2936 493 veritate
2958 438 3145 493 carnis
3165 454 3279 492 non
3299 438 3600 509 juberetur
3615 441 3805 493 trans-

414 535 532 589 Deo
564 534 623 587 in
652 535 888 589 odorem
914 534 1237 601 suavitatis;
1290 554 1317 582 ››
1373 536 1472 587 aut
1495 533 1648 604 quod
1675 548 1928 604 unquam
1960 548 2046 585 sa-

419 627 695 682 criﬁcium
722 628 830 682 fuit
865 627 1135 683 sacratius
1153 644 1324 699 quam
1350 627 1503 699 quod
1528 643 1693 681 verus
1718 629 1775 681 et
1806 630 2051 680 aaternus

420 722 679 776 Pontifex
708 721 866 776 altari
902 721 1082 775 crucis
1106 738 1207 792 per
1230 721 1686 777 immolationem
1718 736 1836 775 sua:
1864 720 2052 774 carnis

420 816 737 885 imposuit?
776 817 836 869 In
885 819 1188 886 conspectu
1230 815 1459 870 Domini
1487 814 1737 887 pretiosa
1777 830 1931 868 mors
1952 814 2049 884 ju-

420 913 640 963 storum
684 909 810 979 fuit,
856 910 1064 964 nullius
1094 914 1291 964 tamen
1320 909 1562 964 insontis
1589 908 1792 963 occisio
1824 908 2052 963 redem-

418 1004 538 1073 ptio
588 1004 698 1057 fuit
746 1004 966 1058 mundi.
1025 1007 1376 1074 Acceperunt
1421 1003 1583 1075 justi,
1622 1019 1735 1057 non
1771 1002 2055 1057 dederunt

418 1114 667 1152 coronas.
706 1098 784 1152 De
816 1097 1152 1152 fortitudine
1182 1097 1437 1152 ﬁdelium
1466 1097 1728 1168 exempla
1765 1099 1896 1150 nata
1923 1100 2054 1150 sunt

418 1191 725 1263 patientia},
758 1208 871 1245 non
900 1191 1054 1246 dona
1073 1168 1685 1290 justitiae.\Singulares
1708 1190 1923 1261 quippe
1945 1189 2055 1244 sin-

419 1285 564 1355 gulis
587 1288 795 1339 mortes
815 1285 1069 1352 fuerunt,
1092 1301 1197 1340 nec
1219 1283 1452 1340 alterius
1472 1284 1773 1356 quisquam
1798 1283 2054 1338 debitum

420 1396 519 1433 suo
557 1379 668 1433 ﬁne
707 1379 996 1450 persolvit,
1041 1396 1169 1434 cum
1215 1379 1360 1433 ﬁlius
1402 1378 1669 1445 hominis,
1712 1394 1857 1433 unus
1902 1378 2055 1432 solus

420 1473 695 1528 Dominus
736 1478 926 1528 noster
962 1475 1121 1528 Jesus
1145 1473 1418 1541 Christus,
1452 1472 1549 1543 qui
1574 1488 1702 1526 vere
1728 1488 1911 1543 agnus
1937 1475 2057 1527 erat

418 1567 850 1635 immaculatus,
903 1567 1202 1622 exstiterit.
1275 1568 1334 1621 In
1378 1583 1489 1638 quo
1536 1582 1734 1620 omnes
1781 1565 2051 1631 cruciﬁxi,

420 1678 619 1716 omnes
668 1662 901 1731 mortui,
955 1677 1159 1715 omnes
1202 1660 1427 1731 sepulti,
1479 1676 1678 1714 omnes
1720 1664 1852 1714 sunt
1882 1659 2057 1714 etiam

421 1755 690 1821 suscitati,
726 1754 797 1808 de
842 1754 1046 1825 quibus
1082 1754 1203 1825 ipse
1232 1753 1452 1808 dicebat
1488 1770 1501 1807 :
1550 1774 1576 1801 «
1607 1753 1748 1808 Cum
1777 1753 2057 1808 exaltatus

2150 530 2288 585 ferri
2331 531 2391 585 in
2423 533 2727 602 Egyptum
2752 547 2916 602 puer,
2948 537 3007 587 et
3042 531 3114 587 ab
3141 531 3375 587 Herodis
3400 532 3805 603 persecutione

2153 624 2410 679 subduci.
2440 624 2571 681 Sine
2602 625 2768 679 Verbi
2794 625 3048 696 potentia
3089 642 3207 681 non
3239 626 3453 681 diceret
3479 643 3583 681 vox
3617 626 3804 680 Patris

2153 719 2326 773 missa
2370 719 2439 774 de
2490 720 2628 774 coelo
2662 736 2675 773 :
2713 742 2739 769 ‹‹
2787 720 2885 774 Hic
2927 723 3012 775 est
3058 719 3225 775 Filius
3260 734 3421 775 meus
3469 720 3709 775 dilectus
3739 722 3802 774 in

2152 828 2264 884 quo
2295 812 2436 867 mihi
2472 812 2618 868 bene
2647 813 2983 883 complacui,
3012 812 3201 886 ipsum
3231 814 3426 869 audite
3454 814 3671 883 (Matth.
3716 830 3797 881 ιιι,

2156 908 2263 976 17);
2296 925 2321 956 ››
2356 909 2414 959 et
2441 905 2560 960 sine
2590 906 2823 961 veritate
2851 906 3036 962 carnis
3055 923 3171 962 non
3195 911 3607 978 protestaretur
3625 909 3801 962 Joan-

2154 1017 2254 1054 nes
2300 1017 2313 1053 :
2366 1002 2561 1055 «Ecce
2613 1007 2808 1071 Agnus
2872 1001 2992 1055 Dei.
3049 1002 3186 1055 Ecce
3242 1002 3341 1073 qui
3390 1002 3537 1057 tollit
3562 1006 3804 1073 peccata

2153 1093 2354 1148 mundi
2382 1093 2553 1163 (Joan.
2588 1111 2626 1162 ι,
2666 1096 2776 1165 29).
2828 1118 2853 1142 ››
2902 1094 3031 1150 Sine
3076 1095 3241 1150 Verbi
3290 1096 3544 1166 potentia
3588 1096 3802 1151 reinte-

2156 1187 2336 1258 gratio
2363 1204 2478 1242 non
2505 1188 2668 1243 ﬁeret
2695 1188 2969 1243 debilium
2994 1192 3053 1243 et
3074 1189 3373 1244 viviﬁcatio
3400 1193 3760 1244 mortuorum
3782 1207 3798 1258 ;

2154 1286 2211 1335 et
2252 1281 2375 1335 sine
2420 1281 2659 1337 veritate
2704 1282 2910 1352 carnis,
2966 1299 3070 1339 nec
3097 1283 3255 1338 cibus
3273 1283 3494 1354 jejuno,
3524 1299 3627 1338 nec
3654 1300 3804 1338 som-

2157 1391 2264 1429 nus
2290 1378 2439 1429 esset
2470 1376 2819 1431 necessarius
2858 1376 3117 1447 fatigato.
3146 1379 3441 1433 Postremo
3480 1378 3599 1432 sine
3630 1377 3803 1432 Verbi

2155 1469 2412 1540 potentia
2430 1485 2549 1524 non
2569 1486 2627 1525 se
2643 1471 2913 1526 Dominus
2928 1472 3078 1527 Patri
3094 1472 3461 1542 proﬁteretur
3479 1471 3763 1543 aequalem
3784 1488 3801 1539 ;

2157 1568 2215 1617 et
2242 1563 2365 1617 sine
2416 1563 2650 1619 veritate
2695 1565 2880 1619 carnis
2920 1581 3037 1620 non
3072 1565 3225 1620 idem
3269 1565 3485 1621 diceret
3525 1566 3691 1620 Patre
3743 1581 3805 1619 se

2158 1673 2278 1711 esse
2307 1657 2609 1725 minorem,
2638 1674 2768 1712 cum
2796 1659 3074 1713 catholica
3102 1658 3242 1714 ﬁdes
3274 1662 3584 1730 utrumque
3616 1659 3803 1713 susci-

2158 1750 2297 1821 piat,
2347 1755 2663 1823 utrumque
2711 1752 3003 1823 defendat,
3055 1769 3185 1824 qua:
3234 1753 3546 1807 secundum
3570 1752 3803 1807 confes-

422 1850 585 1903 fuero
632 1865 665 1901 a
704 1823 878 1914 terra,
926 1823 1122 1902 omnia
1164 1846 1386 1902 traham
1427 1846 1501 1901 ad
1551 1846 1835 1917 meipsum
1880 1846 2055 1916 (Joan.
2079 1823 2136 1895 B
2162 1843 2381 1899 sionem
2412 1844 2567 1900 beati
2596 1846 2745 1900 Petri
2777 1846 3015 1917 apostoli
3045 1823 3225 1901 uinum
3250 1846 3537 1903 Christum
3562 1847 3664 1902 Dei
3690 1846 3808 1900 vivi

420 1959 519 2007 χιι,
550 1943 657 2011 32),
692 1963 719 1991 »
767 1942 910 1995 ﬁdes
954 1940 1167 1996 etenim
1206 1940 1523 2011 justiﬁcans
1550 1939 1756 2011 impios
1781 1943 1837 1994 et
1862 1956 2063 1994 creans

414 2036 599 2106 justos
647 2036 716 2090 ad
762 2034 1103 2090 humilitatis
1154 2038 1398 2089 retracta
1443 2033 1829 2104 participium,
1874 2034 1934 2088 in
1963 2034 2061 2087 illo

421 2128 662 2201 acquirit
702 2130 941 2184 salutem
978 2128 1038 2183 in
1067 2144 1181 2200 quo
1210 2128 1330 2183 solo
1362 2128 1538 2182 homo
1568 2144 1626 2182 se
1660 2126 1877 2182 invenit
1905 2127 2064 2182 inno-

423 2229 669 2290 centem,
726 2223 973 2277 liberum
1018 2222 1234 2276 habens
1273 2238 1377 2292 per
1422 2222 1663 2292 gratiam
1704 2221 1801 2276 Dei
1849 2221 1917 2276 de
1944 2221 2064 2291 ejus

421 2317 678 2387 potentia
706 2316 955 2387 gloriari,
984 2315 1083 2387 qui
1105 2320 1300 2369 contra
1329 2315 1550 2369 hostem
1570 2314 1805 2369 humani
1834 2315 2061 2385 generis

420 2412 478 2464 in
512 2411 694 2465 carnis
731 2415 937 2465 nostra:
992 2408 1312 2464 humilitate
1352 2425 1709 2479 congressus,
1759 2408 1845 2462 his
1879 2408 2056 2463 victo-

419 2506 567 2560 riam
597 2522 756 2559 suam
800 2503 999 2559 tribuit
1041 2503 1098 2556 in
1128 2519 1373 2575 quorum
1399 2519 1637 2574 corpore
1668 2503 2060 2573 triumphavit.

423 2600 574 2654 Licet
602 2615 740 2670 ergo
770 2599 828 2653 in
856 2615 975 2653 uno
1010 2598 1247 2652 Domino
1285 2602 1482 2652 nostro
1510 2599 1638 2652 Jesu
1667 2596 1890 2653 Christo
1931 2613 2064 2651 vero

421 2694 521 2747 Dei
549 2695 717 2764 atque
742 2692 990 2747 hominis
1015 2692 1175 2758 Filio,
1201 2690 1367 2746 Verbi
1394 2695 1451 2746 et
1475 2691 1658 2745 carnis
1687 2708 1799 2745 una
1821 2706 2065 2761 persona

426 2789 515 2856 sit,
572 2802 701 2858 qua:
752 2784 1205 2857 inseparabiliter
1244 2789 1419 2855 atque
1471 2783 1709 2838 indivise
1737 2783 1944 2838 habeat
1972 2800 2060 2837 ac-

425 2881 611 2935 tiones
642 2896 998 2949 communes,
1026 2878 1417 2949 intelligendaa
1440 2881 1633 2932 tamen
1655 2882 1787 2932 sunt
1808 2878 2065 2949 ipsorum

427 2991 666 3045 operum
691 2973 1011 3044 qualitates,
1046 2978 1102 3028 et
1143 2972 1219 3026 sic
1248 2988 1392 3026 verae
1422 2972 1551 3027 ﬁdei
1582 2971 2064 3042 contemplatione

431 3067 785 3123 cernendum
819 3072 922 3133 est,
952 3066 1021 3120 ad
1039 3082 1167 3137 qua:
1182 3066 1531 3137 provehatur
1548 3054 1833 3120 humilitas
1855 3065 2063 3132 carnis,

2162 1937 2368 1994 Filium
2397 1944 2453 1993 et
2481 1939 2776 1994 hominem
2807 1939 2989 1995 credit
3018 1943 3075 1994 et
3101 1956 3325 2011 verum,
3365 1940 3618 1995 Christus
3652 1943 3808 1996 Deus

2162 2039 2359 2089 noster
2405 2050 2570 2087 verus
2617 2033 2693 2088 ita
2721 2035 2870 2089 inter
2900 2035 3082 2088 Deum
3111 2038 3168 2089 et
3194 2034 3487 2089 hominem
3516 2034 3810 2089 mediator

2162 2127 2446 2199 apparuit,
2474 2132 2533 2181 ut
2579 2127 2639 2181 in
2669 2127 2882 2183 unitate
2903 2144 3159 2198 persona
3188 2130 3458 2200 copulans
3493 2131 3807 2200 utramque

2162 2226 2447 2289 naturam,
2499 2224 2555 2275 et
2606 2221 2766 2276 solita
2805 2221 3138 2277 sublimarct
3185 2221 3447 2292 insolitis,
3486 2228 3541 2277 et
3577 2223 3811 2277 insolita

2166 2315 2340 2371 solitis
2356 2318 2728 2386 temperaret.
2746 2314 2891 2379 Quid
2908 2315 3121 2387 igitur?
3138 2316 3280 2371 Cum
3301 2316 3556 2372 Christus
3567 2317 3638 2371 sit
3650 2318 3811 2371 Deus

2165 2415 2220 2465 et
2241 2411 2437 2476 homo,
2460 2409 2711 2479 loquitur
2726 2409 2920 2476 homo,
2941 2413 2997 2463 et
3010 2410 3376 2465 calumniaris
3388 2411 3501 2465 Deo
3516 2410 3543 2466 ?
3561 2412 3658 2466 Ille
3670 2411 3730 2465 in
3744 2427 3809 2466 se

2164 2509 2433 2558 naturam
2463 2502 2834 2557 commendat
2856 2503 3193 2571 humanam,
3217 2503 3276 2557 in
3298 2504 3393 2559 illo
3420 2504 3597 2559 audes
3615 2505 3810 2559 defor-

2165 2613 2327 2652 mare
2358 2597 2606 2651 divinam
2628 2597 2656 2650 ?
2687 2597 2922 2652 Gemina
2946 2613 3085 2668 ergo
3118 2602 3201 2652 est
3230 2598 3541 2653 substantia
3571 2598 3808 2667 Christi,

2164 2690 2353 2745 divina
2381 2690 2612 2759 scilicet,
2655 2706 2767 2761 qua
2812 2691 3048 2761 aequalis
3074 2694 3159 2745 est
3187 2692 3359 2759 Patri,
3388 2693 3645 2748 humana
3669 2709 3810 2747 vero

2165 2801 2279 2856 qua
2308 2783 2499 2838 minor
2526 2788 2610 2839 est
2634 2785 2797 2838 Patre
2828 2801 2840 2837 :
2873 2790 3179 2856 utrumque
3228 2788 3425 2840 autem
3471 2786 3643 2841 simul
3689 2803 3811 2841 non

2165 2879 2296 2946 duo,
2354 2878 2455 2933 sed
2506 2893 2651 2932 unus
2702 2876 2976 2944 Christus,
3039 2894 3111 2934 ne
3143 2879 3213 2933 sit
3239 2880 3597 2950 quaternitas
3633 2882 3807 2937 Deus.

2165 2972 2319 3028 Sicut
2372 2972 2527 3027 enim
2569 2987 2718 3026 unus
2762 2976 2847 3027 est
2891 2973 3064 3027 homo
3101 2973 3161 3027 in
3206 2974 3396 3029 anima
3440 2975 3705 3031 rationali
3746 2982 3814 3033 et

2166 3083 2355 3133 carne,
2385 3066 2462 3120 sic
2507 3082 2655 3120 unus
2691 3069 2776 3120 est
2811 3066 3068 3123 Christus
3107 3068 3253 3123 Deus
3292 3071 3350 3123 et
3379 3068 3576 3139 homo,
3609 3072 3666 3124 et
3703 3087 3813 3141 per

427 3167 483 3217 et
505 3162 575 3216 ad
602 3178 730 3233 quae
760 3160 1062 3214 inclinetur
1083 3158 1322 3214 altitudo
1350 3158 1574 3214 deitatis
1598 3144 1791 3265 ;Iquid
1818 3158 1889 3213 sit
1916 3158 2062 3230 quod
2087 3197 2142 3272 Ο
2167 3160 2274 3214 hoc
2315 3159 2572 3215 Christus
2618 3160 2763 3215 Deus
2805 3161 2999 3216 anima
3038 3162 3335 3217 rationalis
3371 3167 3428 3218 et
3454 3180 3606 3219 caro.
3638 3165 3807 3221 Chri-

428 3272 556 3310 caro
600 3255 719 3308 sine
750 3253 927 3308 Verbo
957 3270 1071 3307 non
1113 3252 1250 3322 agit,
1284 3256 1342 3306 et
1367 3252 1501 3323 quid
1533 3252 1606 3306 sit
1629 3252 1786 3323 'quod
1820 3252 2065 3306 Verbum
2092 3252 2142 3272 ν
2166 3254 2389 3309 stumin
2409 3253 3095 3322 hisomnibus,Christum
3116 3256 3173 3311 in
3190 3256 3428 3329 singulis
3442 3258 3806 3322 conﬁtemur.

429 3350 552 3403 si'ic
581 3365 748 3403 carne
776 3364 889 3401 non
911 3345 1100 3401 efﬁcit.
1133 3345 1265 3400 Sine
1296 3345 1461 3399 Verbi
1489 3344 1644 3400 enim
1678 3345 1936 3416 potentia
1966 3362 2069 3400 nec

426 3443 749 3512 conciperet
782 3442 949 3511 Virgo
978 3456 1084 3495 nec
1112 3442 1357 3510 pareret,
1391 3445 1447 3493 et
1468 3440 1590 3494 sine
1611 3439 1850 3494 veritate
1880 3440 2070 3493 carnis

426 3538 689 3591 obvoluta
709 3535 908 3607 pannis
940 3534 1181 3589 infantia
1210 3550 1323 3588 non
1346 3534 1582 3604 jaceret.
1618 3533 1750 3589 Sine
1780 3533 1946 3588 Verbi
1976 3549 2073 3604 po-

434 3631 613 3685 tentia
663 3647 779 3685 non
830 3629 1137 3684 adorarent
1176 3628 1330 3699 magi
1372 3643 1640 3698 puerum,
1684 3627 1845 3683 stella
1887 3626 2074 3682 indice

338 3922 439 4060 >

446 3825 483 3834 .-

650 4378 897 4447 Epistola
927 4378 1204 4432 Amatoris
1229 4380 1466 4448 episcopi
1494 4379 1567 4433 ad
1593 4380 1855 4434 eumdem.

512 4470 836 4526 Beatissimo
864 4470 1118 4526 SILVERIO
1138 4472 1369 4527 Annon
1395 4473 1714 4544 episcopus.

505 4568 551 4619 Α
578 4565 937 4637 quibusdam,
983 4566 1149 4620 Pater
1187 4565 1573 4633 dilectissime,
1607 4566 1721 4621 illic
1747 4583 1780 4620 a
1811 4567 2073 4621 Patribus
2092 4590 2151 4662 D

432 4659 870 4715 adventantibus
904 4658 1228 4714 audivimus
1257 4676 1356 4714 vos
1384 4677 1418 4715 a
1444 4660 1574 4716 sede
1602 4662 1785 4716 sancti
1811 4661 1961 4716 Petri
1986 4660 2072 4715 in-

426 4756 582 4826 juste
623 4754 856 4825 pulsum
890 4752 1084 4807 exsilio
1116 4752 1486 4809 destinatum.
1518 4754 1681 4819 Quod
1708 4755 1878 4809 nimis
1906 4771 2074 4825 grave

432 4850 683 4905 ferentes
727 4846 989 4902 misimus
1032 4862 1203 4916 parva
1242 4847 1578 4902 munuscula
1612 4849 1669 4902 id
1720 4854 1802 4903 est
1850 4850 2076 4919 argenti

435 4942 610 4996 libras
652 4957 776 5009 xxx,
829 4938 900 4993 ad
949 4941 1192 4994 vestram
1249 4945 1678 5013 vestrorumque
1718 4941 2075 4997 sustentatio-

439 5052 593 5101 nem,
648 5050 777 5104 qua:
831 5033 1075 5103 petimus
1118 5037 1178 5087 ut
1233 5035 1309 5089 ita
1350 5038 1511 5106 grato
1538 5035 1733 5090 animo
1762 5035 2076 5105 suscipiatis

438 5130 581 5182 sicut
614 5131 774 5197 grata
807 5126 1115 5183 mittuntur
1143 5128 1476 5185 intentione.
1510 5131 1820 5183 Prccamur
1846 5145 2075 5200 quoque

438 5227 499 5276 ut
525 5238 627 5292 per
651 5225 893 5276 vestram
921 5222 1219 5293 epistolam
1251 5224 1414 5279 nobis
1457 5223 1795 5278 remendare
1834 5240 1949 5277 non
1982 5223 2076 5277 de-

437 5315 755 5388 dignemini
774 5317 1016 5388 qualiter
1043 5318 1193 5373 circa
1214 5335 1312 5373 vos
1334 5318 1407 5372 sit
1433 5322 1624 5372 actum
1655 5318 1739 5371 vel
1764 5317 1930 5371 modo
1953 5318 2072 5388 agi-

437 5415 549 5478 tur,
577 5414 643 5465 ut
667 5414 886 5466 certam
918 5412 1201 5466 rationem
1227 5412 1296 5466 de
1341 5410 1502 5466 vobis
1539 5411 1684 5465 scire
1714 5414 1772 5465 et
1810 5410 2076 5466 fratribus

432 5506 651 5559 valeam
677 5505 962 5560 nuntiare.
1012 5503 1160 5568 Quid
1208 5505 1362 5560 enim
1408 5511 1571 5576 putas
1612 5505 1681 5559 de
1728 5504 1889 5559 nobis
1926 5505 2071 5574 ﬁeri,

434 5601 596 5654 Pater
646 5615 891 5666 summe,
946 5613 1078 5653 cum
1124 5597 1193 5652 de
1246 5615 1472 5653 summo
1519 5602 1751 5669 pastore
1785 5602 1840 5654 et
1870 5599 2074 5654 vicario

432 5693 613 5747 sancti
639 5692 788 5746 Petri
813 5691 950 5746 talia
978 5690 1172 5745 ﬁunt?
1216 5692 1324 5746 Vos
1365 5696 1555 5747 tamen
1605 5693 1779 5747 nolite
1828 5694 2074 5747 multum

435 5785 669 5850 tristari,
714 5785 813 5839 sed
843 5784 1247 5839 confortamini
1292 5801 1521 5854 semper
1554 5786 1612 5839 in
1640 5786 1903 5852 Domino,
1937 5803 2071 5856 quo-

428 5877 581 5931 niam
618 5882 820 5947 potens
843 5882 926 5931 est
957 5878 1226 5933 divinitas
1257 5878 1553 5933 immensa!
1584 5879 1943 5950 tempestatis
1986 5879 2074 5935 in-

979 4010 1558 4103 INCIPIUNT
1661 4013 2187 4105 DECRETA

2164 3349 2312 3403 Deus
2354 3352 2409 3403 te
2454 3353 2745 3403 convertat
2789 3349 2849 3403 in
2895 3350 3138 3417 bonum,
3167 3351 3361 3419 frater,
3388 3357 3445 3407 et
3469 3356 3638 3408 rectae
3669 3354 3811 3409 ﬁdei

2168 3458 2432 3497 normam
2470 3447 2523 3498 te
2561 3444 2618 3497 in
2658 3444 2927 3499 omnibus
2964 3449 3155 3500 tenere
3180 3447 3239 3500 et
3264 3445 3466 3501 docere
3505 3448 3809 3503 concedat.

2171 3540 2369 3593 Amen.
2403 3537 2545 3591 Data
2578 3538 2776 3591 Kalen.
2799 3538 2944 3607 Maii,
2971 3538 3288 3594 .lustiniano
3316 3546 3517 3612 quarto
3544 3546 3600 3597 et
3622 3542 3811 3597 Theo-

2175 3631 2304 3686 dato
2326 3632 2391 3685 IV
2420 3630 2759 3686 consulibus.

2295 4012 2786 4105 SILVERII
2891 4013 3259 4105 PAP/E.

2172 4383 2325 4433 certa
2351 4378 2503 4433 bono
2526 4379 2845 4433 serenitatis
2872 4394 3161 4435 amovere.
3195 4378 3306 4433 Ora
3329 4395 3433 4450 pro
3461 4378 3649 4445 nobis,
3681 4379 3817 4433 bea-

2172 4472 2391 4527 tissime
2424 4488 2593 4543 papa.

2301 4569 2637 4637 Rescriptum
2662 4567 2899 4635 ejusdem
2928 4569 3002 4622 ad
3026 4569 3335 4623 Amatorem
3359 4570 3686 4638 episcopum.

2250 4659 2623 4715 Dilectissimo
2645 4664 2816 4733 atque
2837 4662 3233 4717 amantissimo
3255 4664 3502 4718 ΑΜΑτοιι
3522 4661 3819 4734 episcopo,

2177 4756 2486 4810 SILVERIUS.

2247 4850 2289 4903 Ο
2338 4865 2513 4920 quam
2540 4848 2692 4905 bona
2730 4854 2815 4904 est
2841 4850 3087 4905 charitas
3112 4867 3241 4922 qua:
3269 4851 3526 4906 absentia
3552 4867 3656 4922 per
3682 4852 3826 4907 ima-

2177 4943 2369 5013 ginem
2418 4943 2727 5013 praasentia
2767 4943 3106 5015 sibimetipsi
3150 4944 3379 5001 exhibet
3405 4960 3508 5017 per
3534 4962 3818 5001 amorem.

2177 5035 2364 5091 Divisa
2413 5036 2616 5108 tangit,
2676 5037 2912 5092 confusa
2960 5038 3203 5108 ordinat,
3263 5039 3571 5110 inaequalia
3621 5040 3818 5107 sociat,

2175 5130 2510 5201 imperfecta
2536 5129 2777 5202 perﬁcit.
2800 5132 2983 5195 Quam
3005 5137 3158 5188 recte
3176 5133 3522 5204 praidicator
3543 5135 3815 5205 egregius

2176 5223 2463 5278 vinculum
2515 5224 2887 5294 perfectionis
2936 5229 3123 5295 vocat,
3153 5226 3287 5297 quia
3323 5226 3554 5282 virtutes
3581 5227 3812 5298 quidem

2176 5322 2398 5372 caeteras
2438 5318 2850 5389 perfectionem
2880 5325 3179 5389 generant,
3213 5320 3311 5374 sed
3343 5324 3539 5375 tamen
3570 5337 3664 5375 eas
3689 5322 3819 5376 cha-

2178 5412 2313 5467 ritas
2369 5411 2524 5482 ligat,
2572 5416 2634 5466 ut
2670 5413 2739 5466 ab
2778 5413 3023 5469 amantis
3062 5419 3252 5469 mente
3292 5414 3523 5470 dissolvi
3551 5416 3678 5486 jam
3716 5433 3813 5471 ne-

2176 5511 2406 5577 queant.
2447 5507 2557 5560 Hac
2592 5506 2786 5578 itaque
2823 5507 3049 5573 virtute,
3096 5508 3278 5563 frater
3308 5507 3660 5577 cbarissime,
3691 5510 3815 5581 ple-

2176 5616 2315 5655 num
2343 5603 2397 5655 te
2426 5599 2652 5671 reperio
2681 5600 2817 5655 dum
2838 5618 2952 5655 non
2983 5601 3167 5656 solum
3189 5602 3258 5657 de
3284 5619 3378 5656 me
3412 5602 3739 5659 suscitando
3764 5610 3819 5660 et

2175 5693 2452 5748 visitando
2502 5710 2699 5748 curam
2745 5695 2937 5764 habes,
2998 5696 3097 5751 sed
3149 5696 3321 5751 etiam
3369 5696 3534 5751 bonis
3584 5699 3699 5752 tuis
3725 5714 3817 5755 me

2177 5788 2377 5842 fulcire
2423 5793 2479 5842 et
2520 5790 2841 5845 sustentare
2892 5806 3008 5844 non
3066 5790 3296 5845 desinis.
3350 5791 3575 5855 Quanta
3618 5797 3814 5847 autem

2177 5882 2326 5935 mala
2348 5881 2407 5935 in
2442 5897 2531 5935 me
2562 5885 2785 5954 peracta
2806 5886 2955 5952 sunt,
2986 5900 3089 5939 nec
3118 5900 3407 5953 enarrare,
3436 5900 3538 5940 nec
3568 5886 3815 5942 scribere
