4040 6316
165 367 296 418 1073

1395 365 1872 420 DECRETAEIUM
1911 363 2296 422 COLLECTIO.

3389 371 3524 425 1074

159 475 260 528 libi
291 489 394 544 per
435 475 628 530 omnia
673 491 923 546 possum.
971 479 1114 531 Ante
1163 475 1357 530 omnia
1387 491 1520 530 vero
1563 473 1798 546 patricia
1819 475 2051 558 Atione
2087 478 2399 548 apostolica
2425 479 2600 534 fultus
2631 480 2797 550 juxta
2823 479 2972 533 vires
2997 494 3148 548 suas,
3178 481 3236 533 et
3275 477 3526 532 fraterna

159 569 366 624 infesta
399 567 546 624 mihi
581 572 721 636 erat,
755 585 820 624 eo
854 570 1004 641 quod
1049 587 1168 625 non
1207 569 1576 625 restituebam
1621 571 1796 624 Ante-

159 663 348 718 mium
377 662 600 717 dudum
639 663 1034 735 patriarcham
1076 663 1794 734 Constantinopolitanum,

159 773 334 828 quem
411 759 616 811 sanctae
688 758 980 812 memoriae
1064 757 1340 828 Agapitus
1415 756 1798 826 prmdecessor

161 867 324 906 meus
364 851 482 904 suis
523 850 740 906 meritis
788 849 1098 906 damnavit.
1139 852 1387 922 Urgente
1421 867 1646 922 quoque
1675 847 1830 950 ejusj

152 945 410 1016 jussione
474 946 736 1000 exierunt
797 945 1032 1015 quidam
1097 945 1222 1000 falsi
1305 949 1476 1000 testes
1549 945 1798 1000 dicentes

161 1040 464 1094 adversum
511 1056 602 1092 me
651 1039 912 1106 crimina,
945 1055 1192 1110 quorum
1224 1039 1505 1110 particeps
1537 1055 1652 1094 non
1695 1040 1793 1094 fui.

161 1132 351 1205 267
385 1133 498 1188 Sed
529 1133 666 1187 dum
705 1133 872 1187 multi
917 1133 973 1188 in
1019 1134 1220 1188 eadem
1261 1134 1619 1188 accusatione
1663 1149 1793 1204 per-

161 1228 450 1296 sisterent,
477 1227 670 1282 timuit
697 1227 990 1282 Julisarius
1019 1228 1289 1298 patricius
1319 1233 1528 1295 noster,
1560 1233 1617 1282 et
1641 1243 1797 1282 man-

162 1321 316 1375 davit
339 1337 436 1375 me
463 1321 536 1374 ad
565 1337 622 1375 se
641 1321 834 1375 venire
865 1320 1096 1391 pacifica
1129 1337 1231 1391 pro
1262 1321 1604 1392 quibusdam
1625 1321 1798 1376 eccle-

161 1415 404 1468 siasticis
445 1414 908 1484 dispositionibus
935 1416 994 1469 in
1037 1415 1312 1486 palatium
1343 1415 1614 1486 principis
1642 1419 1698 1469 et
1725 1415 1798 1470 ad

161 1509 416 1580 primum
444 1513 500 1562 et
521 1508 834 1562 secundum
857 1509 1046 1563 velum
1071 1509 1305 1564 retinuit
1329 1525 1558 1562 omnem
1579 1510 1795 1564 clerum

163 1607 218 1656 et
241 1603 524 1672 populum
542 1603 638 1674 qui
663 1619 888 1657 mecum
911 1603 1194 1670 veniebat,
1218 1609 1274 1657 et
1293 1603 1513 1657 nullum
1535 1603 1796 1674 permisit

163 1697 428 1766 introire,
447 1696 558 1750 nisi
577 1713 670 1750 me
691 1697 870 1750 solum
895 1701 952 1750 et
969 1697 1236 1768 Vigilium
1256 1697 1549 1751 diaconem
1573 1713 1792 1751 meum.

163 1791 244 1844 Mc
267 1806 402 1844 vero
431 1789 482 1843 vi
513 1793 758 1858 retento,
781 1795 838 1844 et
863 1795 994 1844 ante
1018 1791 1352 1860 praedictam
1377 1790 1678 1861 patriciam
1702 1791 1796 1844 de-

163 1885 333 1938 ducto
363 1885 648 1938 miserunt
679 1884 734 1937 in
769 1883 1052 1951 exsilium,
1085 1885 1144 1938 in
1170 1901 1283 1955 quo
1313 1885 1485 1938 modo
1513 1887 1798 1939 sustentor
1817 1857 1872 1929 Β

165 1995 306 2048 pane
333 1978 714 2032 tribulationis
743 1983 797 2032 et
817 1994 967 2048 aqua
995 1979 1290 2049 angustiae.
1317 1980 1433 2048 Ego
1459 1982 1652 2032 tamen
1675 1995 1797 2048 pro-

163 2079 360 2142 pterea
391 2089 506 2125 non
541 2071 728 2125 dimisi
761 2088 868 2125 nec
896 2071 1122 2126 dimitto
1163 2071 1411 2126 officium
1453 2089 1670 2140 meum,
1701 2073 1796 2127 sed

162 2182 290 2220 eum
321 2165 600 2235 episcopis
630 2182 768 2236 quos
805 2181 1160 2235 congregare
1199 2166 1382 2237 potui,
1416 2182 1509 2219 eos
1539 2166 1636 2236 qui
1664 2166 1799 2220 talia

166 2275 304 2330 erga
329 2275 422 2314 me
452 2264 698 2329 egerunt
736 2259 1232 2324 anathematizavi;
1266 2265 1322 2314 et
1359 2276 1473 2314 una
1513 2276 1643 2314 cum
1689 2260 1799 2314 illis

165 2353 474 2425 apostolica
491 2353 746 2424 synodali
765 2353 1104 2408 auctoritate
1121 2355 1292 2408 statui
1311 2355 1532 2408 nullum
1545 2369 1798 2425 unquam

167 2448 353 2502 taliter
381 2447 784 2518 decipiendum
815 2447 956 2501 sicut
983 2447 1248 2517 deceptus
1273 2464 1419 2514 sum,
1444 2451 1500 2501 et
1521 2449 1564 2501 si
1597 2447 1829 2518 aliquis?

164 2542 429 2611 deinceps
461 2541 640 2594 ullum
669 2556 930 2610 unquam
959 2541 1356 2611 episcoporum
1389 2541 1462 2594 ita
1491 2541 1794 2610 deciperet,

163 2636 470 2690 anathema
497 2633 838 2689 maranatha
863 2635 1024 2689 ﬁeret
1049 2635 1109 2688 in
1137 2639 1437 2704 conspectu
1468 2635 1566 2688 Dei
1590 2638 1646 2688 et
1665 2651 1795 2688 san-

163 2735 386 2784 ctorum
411 2729 772 2798 angelorum.
803 2728 1078 2783 Similiter
1099 2735 1422 2782 sanctorum
1451 2731 1682 2782 Patrum
1713 2745 1797 2781 ro-

163 2824 438 2878 borantes
467 2823 692 2876 decreta
723 2823 1044 2890 statuimus,
1074 2821 1204 2876 licet
1229 2821 1536 2892 saepissime
1551 2822 1670 2892 jam
1692 2825 1797 2875 sta-

163 2923 350 2972 tutum
381 2917 574 2983 fuerit,
603 2933 707 2970 nec
737 2917 928 2983 falsos,
963 2933 1066 2970 nec
1096 2915 1361 2970 inimicos
1389 2921 1674 2987 suspectos
1705 2933 1793 2969 ac-

163 3015 444 3065 cusatores
471 3011 556 3064 vel
585 3015 754 3065 testes
777 3027 1034 3081 unquam
1057 3027 1227 3081 super
1257 3011 1547 3081 episcopos
1569 3011 1793 3080 suscipi,

164 3107 358 3177 eisque
405 3121 612 3158 nocere
661 3105 990 3159 nullatenus
1035 3121 1218 3175 posse,
1269 3105 1406 3175 quia
1455 3105 1652 3158 falsam
1700 3109 1798 3158 aut

163 3200 420 3254 odiosam
447 3215 643 3252 vocem
667 3204 764 3252 aut
799 3199 1084 3252 funestam
1117 3199 1303 3268 potius
1335 3198 1596 3252 interdici
1626 3214 1796 3269 quam
1818 3227 1872 3302 Ο

163 3295 342 3348 audiri
391 3293 595 3346 sanctis
639 3293 900 3346 Patribus
945 3292 1176 3363 placuit.
1226 3293 1617 3362 Summopere,
1659 3293 1794 3346 cha-

164 3389 408 3454 rissime,
442 3388 581 3442 tales
611 3387 842 3442 cavendi
873 3391 1024 3454 sunt,
1059 3392 1114 3441 et
1145 3385 1436 3441 avertendi
1463 3391 1633 3456 atque
1661 3386 1792 3456 reji-

164 3482 368 3548 ciendi,
397 3481 442 3534 si
473 3484 746 3536 nocentes
773 3479 1166 3551 apparuerint,
1198 3480 1330 3550 quia
1359 3497 1474 3534 non
1509 3481 1688 3532 solum
1712 3496 1796 3534 ec-

165 3574 510 3642 clesiasticze,
543 3575 642 3628 sed
679 3575 848 3628 etiam
889 3574 1080 3628 sreculi
1119 3575 1273 3644 leges
1310 3575 1451 3628 tales
1477 3589 1596 3627 non
1623 3573 1794 3626 susci-

165 3670 347 3739 piunt,
377 3669 476 3724 sed
505 3669 817 3738 repellunt;
857 3669 1012 3721 unde
1051 3667 1322 3738 scriptum
1363 3672 1446 3720 est
1476 3685 1487 3720 :
1526 3687 1550 3718 α
1579 3668 1650 3722 Os
1682 3667 1794 3720 im-

163 3765 390 3834 piorum
441 3762 679 3816 devorat
719 3762 1080 3832 iniquitatem
1132 3762 1309 3832 (Prov.
1357 3779 1466 3826 xxx,
1517 3763 1632 3832 28);
1671 3783 1695 3808 η
1743 3765 1796 3815 et

167 3857 442 3912 Dominus
487 3873 590 3926 per
639 3857 978 3927 prophetam
1025 3855 1280 3926 loquitur
1327 3856 1519 3911 dicens
1553 3873 1565 3909 :
1599 3857 1798 3910 «Cum

167 3955 360 4006 sancto
388 3955 618 4005 sanctus
645 3950 775 4017 eris,
810 3955 865 4004 et
892 3965 1022 4004 cum
1049 3949 1166 4003 viro
1192 3950 1498 4004 innocente
1530 3950 1794 4004 innocen-

165 4051 252 4100 ter
281 4045 423 4116 agis.
457 4047 600 4101 Cum
645 4044 826 4099 electo
867 4045 1077 4098 electus
1119 4043 1250 4112 eris,
1286 4050 1340 4099 et
1371 4060 1498 4098 cum
1531 4061 1797 4115 perverso

167 4140 508 4210 perverteris
537 4141 610 4208 (II
641 4143 769 4206 Reg.
817 4154 946 4205 xxn,
979 4139 1095 4208 26);
1131 4143 1186 4192 et
1224 4137 1528 4208 Apostolus
1573 4138 1794 4209 inquit:

171 4258 194 4284 ‹‹
225 4236 562 4289 Pervertunt
587 4249 772 4287 mores
795 4232 970 4286 bonos
997 4231 1277 4301 colloquia
1307 4233 1456 4284 mala
1485 4233 1530 4296 (Ι
1556 4235 1672 4289 Cor.
1707 4249 1796 4301 xv,

169 4331 286 4398 33);
319 4349 346 4376 ››
373 4327 604 4394 idcirco,
634 4331 700 4381 ut
719 4327 842 4397 jam
875 4325 1238 4396 praelibatum
1277 4327 1380 4390 est,
1411 4323 1546 4378 mali
1575 4341 1802 4396 semper

1898 569 2202 626 dilectione
2231 589 2264 626 a
2299 577 2494 628 sancta
2535 573 2811 645 religione
2855 589 3046 629 mores
3091 573 3356 644 proprios
3394 587 3523 626 con-

1897 679 2120 719 servare
2148 671 2204 721 et
2245 666 2303 720 in
2335 668 2733 724 communione
2775 668 3114 724 alterutrum
3153 666 3442 737 adjuvare,
3474 667 3531 720 ct

1897 758 1954 811 in
1977 759 2252 814 charitate
2269 777 2630 831 permanere,
2651 765 2710 816 et
2725 761 2824 816 Dei
2847 760 3124 816 voluntati
3144 759 3531 814 indesinenter

1896 853 2164 908 studeant
2209 854 2516 924 inhaerere,
2559 859 2620 910 ut
2660 855 2829 910 simul
2877 855 3175 910 laudantes
3217 853 3526 908 Dominum

1897 945 2205 1002 indefessas
2221 947 2302 1002 illi
2317 949 2524 1019 gratias
2545 965 2778 1020 semper
2797 965 3052 1020 agamus.
3067 949 3204 1002 Vale
3223 947 3282 1002 in
3303 947 3526 1002 Christo

1899 1056 2146 1111 semper,
2181 1047 2238 1096 et
2267 1041 2540 1112 praedicta
2569 1047 2742 1114 prout
2779 1043 2985 1098 melius
3027 1041 3258 1112 poteris,
3288 1039 3525 1096 Domino

1898 1151 2002 1204 ope
2025 1135 2263 1202 ferente,
2285 1136 2622 1207 adimplere,
2647 1141 2704 1192 et
2723 1137 2970 1207 reliquos
3001 1137 3200 1190 fratres
3221 1134 3526 1206 apostolica

1895 1231 2230 1284 auctoritate
2263 1231 2574 1285 informare
2605 1233 2846 1286 studeto.
2890 1233 3024 1285 Data
3059 1248 3110 1284 1x
3142 1228 3379 1283 Kalend.
3416 1229 3523 1282 De-

1899 1323 2160 1390 cembris,
2189 1324 2509 1380 Justiniano
2539 1326 2578 1378 V
2610 1329 2668 1378 et
2691 1325 2944 1380 Julisano
2977 1327 3039 1378 lV
3065 1323 3414 1378 consulibus.

2041 1420 2287 1488 Epistola
2322 1419 2540 1474 Silverii
2569 1435 2735 1489 papae
2761 1420 2836 1474 ad
2869 1419 3130 1488 Vigilium
3157 1433 3378 1487 papam.

1969 1511 2253 1567 SILVERIUS
2281 1512 2580 1583 episcopus
2607 1515 2839 1567 VIGiLIo.

1967 1605 2152 1660 Multis
2183 1611 2236 1660 te
2265 1605 2810 1675 transgressionibus
2839 1607 3124 1661 irretitum
3165 1603 3528 1658 sacerdotalis

1889 1699 2236 1770 jamdudum
2249 1701 2404 1754 novit
2415 1701 2774 1770 generalitas.
2793 1703 2861 1756 Et
2873 1701 3004 1772 quia
3019 1699 3299 1752 cruciatus
3312 1699 3528 1768 [cruen-

1896 1793 1984 1865 tis]
2021 1794 2274 1848 humano
2305 1795 2583 1864 sanguine
2615 1794 2875 1848 manibus
2907 1791 3294 1848 decessoribus
3321 1789 3529 1844 nostris

1896 1887 2208 1957 pervicacia
2225 1891 2322 1940 tua
2341 1887 2659 1956 subripiens
2676 1887 2908 1941 leviticis
2927 1883 3356 1956 praesumpseris
3369 1899 3530 1936 excu-

1895 1981 2033 2034 bare
2046 1981 2349 2052 mysteriis,
2367 1981 2628 2052 plerique
2649 1981 2912 2040 noverint
2935 1979 3212 2034 tidelium.
3233 1979 3376 2032 Nam
3399 1977 3534 2048 quia

1897 2078 2094 2128 contra
2118 2075 2253 2144 jura
2295 2074 2560 2128 canonica
2604 2073 2957 2144 temporibus
2985 2075 3197 2126 sanctae
3236 2069 3530 2126 memoria:

1900 2168 2168 2222 Bonifacii
2217 2185 2396 2239 papae,
2439 2169 2560 2239 ipso
2603 2167 2821 2222 vivente
2871 2182 3156 2221 successor
3203 2165 3326 2235 ejus
3375 2163 3524 2218 desi-

1901 2261 2062 2332 gnari
2087 2261 2396 2330 conabaris,
2425 2261 2535 2315 nisi
2559 2261 2662 2316 tibi
2692 2258 3030 2332 amplissimi
3058 2261 3292 2314 senatus
3317 2257 3528 2311 obvias-

1899 2359 1982 2410 set
2006 2355 2244 2426 justitia,
2273 2359 2406 2409 tunc
2437 2354 2792 2425 providentia
2834 2353 3102 2424 pastorali
3147 2351 3396 2422 auspicia
3433 2355 3530 2404 tua

1901 2449 2208 2520 pontilicali
2231 2449 2566 2503 auctoritate
2589 2448 2930 2502 exsecranda
2947 2449 3068 2518 jam
3099 2446 3416 2501 debuerant
3437 2445 3531 2498 de-

1897 2543 2171 2598 truncari.
2201 2542 2310 2597 Sed
2338 2543 2474 2596 dum
2507 2557 2742 2612 parvum
2769 2541 2972 2594 vulnus
3017 2540 3076 2593 in
3117 2543 3172 2594 te
3200 2540 3530 2610 neglectum

1899 2642 2001 2706 est,
2053 2636 2366 2690 insanabile
2412 2635 2658 2689 accrevit
2698 2639 3002 2705 apostema,
3032 2632 3184 2704 quod
3229 2631 3336 2686 nisi
3383 2631 3532 2686 ferro

1899 2730 2069 2784 altius
2111 2730 2490 2796 abscindatur,
2521 2730 2908 2783 fomentorum
2957 2727 3166 2781 sentire
3199 2743 3310 2779 non
3342 2729 3530 2796 potest

1897 2824 2240 2879 medicinam
2266 2841 2278 2876 :
2309 2823 2520 2894 quippe
2541 2823 2638 2893 qui
2661 2821 2997 2893 nequissimi
3025 2819 3253 2890 spiritus
3271 2819 3526 2884 audacia,

1899 2917 2224 2974 ambitionis
2265 2917 2534 2972 frenesim
2575 2915 2917 2986 concipiens,
2946 2915 3006 2968 in
3043 2913 3195 2968 illius
3235 2912 3530 2984 apostolici

1897 3011 2102 3067 medici
2154 3011 2244 3066 cui
2285 3011 2506 3066 animas
2551 3009 2764 3080 ligandi
2811 3007 3184 3078 solvendique
3225 3007 3431 3060 collata
3469 3009 3526 3060 et

1898 3121 2162 3160 concessa
2211 3108 2464 3176 potestas
2513 3107 2618 3173 est,
2669 3102 2905 3156 versaris
2951 3100 3377 3167 contumeliam,
3425 3115 3531 3154 no-

1897 3215 2144 3271 vumque
2172 3200 2352 3253 scelus
2391 3199 2448 3252 in
2488 3197 2794 3268 apostolica
2833 3196 2966 3250 sede
2995 3211 3187 3249 rursus
3222 3194 3422 3248 nitaris
3457 3193 3534 3246 in-

1897 3295 2102 3348 ducere
2149 3297 2204 3346 ct
2247 3294 2306 3346 in
2361 3308 2516 3345 more
2567 3285 2828 3356 Simonis,
2877 3289 3037 3358 cujus
3087 3287 3428 3357 discipulum
3471 3291 3529 3340 te

1896 3388 2143 3442 ostendis
2162 3386 2450 3457 operibus,
2477 3385 2610 3439 data
2632 3383 2890 3454 pecunia,
2921 3385 2938 3404 ⁶
2967 3397 3154 3452 neque
3181 3380 3410 3450 repulso
3433 3379 3532 3450 qui

1895 3483 2120 3536 favente
2147 3479 2384 3534 Domino
2407 3477 2584 3532 tribus
2600 3477 2725 3547 jam
2743 3476 2961 3546 jugiter
2988 3474 3232 3530 emensis
3253 3477 3374 3527 tem
3381 3473 3528 3543 pori-

1895 3577 2000 3630 bus
2026 3575 2077 3630 ei
2103 3573 2366 3644 praesidio
2397 3577 2652 3642 tempora
2684 3587 2812 3624 mea
2841 3568 3038 3624 nitaris
3067 3567 3356 3622 invadere.
3381 3567 3532 3620 Habe

1900 3685 2035 3738 ergo
2067 3683 2194 3722 cum
2225 3667 2311 3720 his
2345 3667 2442 3736 qui
2471 3665 2572 3719 tibi
2599 3662 2963 3718 consentiunt
2993 3678 3174 3732 poena:
3206 3659 3526 3714 damnatio-

1897 3763 2102 3833 nisquc
2131 3761 2497 3828 sententiam,
2528 3758 2930 3828 sublatumque
2955 3755 3056 3810 tibi
3087 3770 3292 3810 nomen
3322 3759 3379 3808 et
3403 3769 3528 3807 mu-

1898 3873 2005 3912 nus
2043 3853 2340 3911 ministerii
2379 3851 2734 3909 sacerdotalis
2782 3865 3024 3921 agnoscc
3070 3847 3247 3903 sancti
3291 3847 3532 3918 Spiritus

3543 3307 3586 3466 ί

1891 3951 2126 4024 judicio,
2159 3955 2214 4005 et
2239 3947 2547 4021 apostolica
2573 3963 2606 4000 a
2639 3945 2800 4000 nobis
2833 3943 3171 4000 auctoritate
3201 3942 3530 3996 damnatus.

1901 4046 1986 4102 Sic
2012 4045 2168 4100 enim
2191 4045 2356 4100 decet
2381 4043 2554 4098 fidem
2579 4045 2904 4095 sanctorum
2929 4041 3162 4094 Patrum
3201 4037 3258 4090 in
3291 4033 3536 4092 Ecclesia

1902 4141 2110 4196 servari
2143 4138 2437 4206 catholica,
2469 4141 2530 4191 ut
2575 4135 2722 4207 quod
2773 4133 2976 4188 habuit
3021 4132 3265 4197 amittat,
3297 4130 3396 4200 qui
3425 4129 3531 4183 im-

1901 4232 2182 4305 probabili
2211 4230 2528 4287 temeritate
2559 4228 2714 4300 quod
2755 4244 2869 4282 non
2899 4225 3118 4296 accepit
3143 4221 3532 4293 assumpserit.

1901 4329 2036 4382 Data
2080 4329 2272 4380 octavo
2313 4322 2554 4377 Kalend.
2603 4320 2730 4376 Julii
2776 4319 3040 4391 principii
3083 4316 3288 4370 Basilii.
3335 4315 3536 4369 Cazlius

167 4421 424 4490 cavendi,
459 4424 516 4474 et
543 4419 705 4474 bonis
747 4423 918 4491 atque
945 4418 1230 4474 benevolis
1264 4421 1350 4472 est
1379 4417 1797 4486 inhzerendum,
1903 4419 2168 4475 Silverius
2195 4433 2342 4487 papa
2361 4413 2521 4469 urbis
2550 4420 2782 4468 aeterna:
2805 4412 2936 4466 huic
2959 4410 3190 4465 decreto
3211 4408 3538 4462 anathema-

167 4520 230 4570 ut
267 4515 586 4587 periculum
627 4513 876 4581 desidiae,
913 4516 1194 4584 quantum
1237 4527 1558 4583 possumus,
1590 4511 1797 4566 devite-
1859 4569 1862 4572 _
1901 4513 1971 4568 tis
1997 4513 2054 4566 in
2086 4509 2290 4582 Vigilio
2323 4524 2630 4580 pervasore
2655 4507 2826 4576 facto,
2859 4505 2932 4560 ad
2960 4503 3152 4560 omnia
3173 4503 3384 4557 statuta
3409 4517 3540 4556 con-

171 4627 330 4678 mus;
359 4615 417 4664 et
447 4625 520 4662 ne
561 4608 731 4678 pestis
761 4608 884 4662 haec
925 4607 1088 4662 latius
1131 4607 1476 4678 divulgetur,
1509 4605 1804 4660 severitate
1822 4598 1882 4670 D
1904 4623 2137 4662 sensum
2159 4603 2417 4676 praebens
2445 4601 2752 4672 subscripsi
2779 4599 3014 4671 pariter,
3046 4601 3104 4653 et
3141 4601 3390 4668 quatuor
3415 4595 3535 4666 epi-

173 4723 284 4776 qua
313 4718 616 4775 possumus
647 4702 1066 4771 abscindamus,
1097 4701 1366 4772 quoniam
1411 4717 1526 4755 non
1567 4700 1800 4755 temeri-

173 4804 256 4853 tas
277 4797 588 4852 intervenit
613 4795 1070 4866 praasumptionis
1089 4795 1184 4850 ubi
1209 4799 1294 4850 est
1311 4795 1610 4866 diligentia
1629 4793 1805 4866 pieta-

171 4894 256 4947 tis.
281 4895 432 4964 Agat
454 4907 679 4962 semper
707 4889 1094 4961 unusquisque
1123 4893 1372 4944 vestrum
1403 4891 1506 4944 hac
1533 4889 1805 4976 informa:

1903 4701 2058 4772 sc0pi
2103 4698 2576 4768 subscripserunt,
2609 4695 2667 4749 id
2701 4699 2804 4762 est,
2829 4689 3274 4760 Terrocinensis,
3314 4689 3538 4744 Funda-

1903 4813 2027 4864 nus,
2078 4791 2384 4848 Firmensis
2431 4796 2488 4846 et
2531 4788 2906 4845 Meterrensis.
2957 4787 3096 4842 Data
3137 4786 3242 4840 ista
3283 4783 3542 4838 chartula

1903 4906 2003 4960 per
2033 4885 2388 4945 Anastasium
2427 4883 2860 4940 subdiaconum.

177 5087 3528 5110 ____________________________________________________—.

771 5279 1347 5374 INCIPIUNT
1449 5275 1974 5371 DECRETA
2076 5275 2475 5370 VIGILII
2582 5271 2949 5364 PAPjE.

249 5643 294 5693 l.
328 5640 404 5692 De
436 5637 871 5692 Priscillianistis
901 5635 1000 5706 qui
1027 5633 1097 5688 ab
1143 5649 1240 5686 esu
1287 5633 1542 5688 carnium
1581 5647 1640 5684 se
1672 5631 1802 5684 sub-

175 5733 430 5786 trahunt.

247 5831 296 5880 2.
331 5827 406 5880 De
435 5825 582 5880 trina
613 5825 916 5880 mersione.

249 5925 298 5974 3.
329 5921 405 5975 De
433 5919 519 5973 his
549 5918 648 5990 qui
673 5919 742 5973 ab
770 5919 989 5974 Arianis
1017 5917 1228 5973 iterum
1257 5915 1638 5985 baptizantur.

1979 5633 2030 5683 4.
2060 5631 2134 5684 De
2167 5630 2540 5685 ecclesiarum
2567 5625 2982 5682 restauratione
3009 5625 3068 5678 in
3087 5623 3314 5678 fabricis
3334 5621 3422 5676 vel
3452 5621 3544 5676 dc-

1910 5723 2186 5777 dicatione
2215 5724 2352 5794 quid
2395 5723 2468 5778 sit
2495 5721 2930 5779 observandum.

2063 5819 2137 5872 De
2163 5816 2391 5870 Pascha:
2417 5817 2722 5872 festivitate
2749 5821 2804 5872 et
2831 5831 3064 5888 precum
3093 5812 3294 5868 ordine
3326 5829 3391 5868 ac
3419 5811 3546 5866 mis-

1909 5927 2100 5967 sarum
2131 5909 2438 5966 solemniis.
