4040 6338
450 380 579 436 1075

1337 383 1622 438 ΑΡΡΕΝΙ).
1664 384 1748 437 AD
1789 385 1947 438 S.‘EC.
1992 385 2076 436 ΙΧ.
2108 414 2174 422 —-
2217 384 2456 439 ISIDORI
2498 385 2920 440 MERCATORIS

3682 389 3814 440 l076

516 494 568 544 6.
598 489 757 553 Quod
802 489 860 543 in
914 489 1147 544 nomine
1191 489 1479 545 Trinitatis
1529 491 1736 546 debeat
1784 491 2080 562 baptizari.
2104 492 2426 579 Adacium,
2459 496 2516 546 et
2551 491 2922 547 cauteriatam
2964 491 3303 547 habentium
3335 509 3493 547 suam
3519 494 3814 548 conscien-

515 587 566 637 '7.
598 582 760 647 Quod
794 582 947 636 beati
977 583 1218 653 apostoli
1249 584 1401 638 Petri
1425 586 1694 653 Romanae
1725 585 1943 640 scilicet
1979 587 2078 640 Ec-

445 675 628 732 clesiae
655 676 818 731 sedes
848 676 1213 732 sacerdotalis
1249 681 1432 734 mater
1459 678 1531 735 sit
1560 678 1877 751 dignitatis,
1909 682 2082 752 atque

445 769 832 825 ecclesiasticae
876 770 1152 842 magistra
1180 771 1437 827 rationis.

517 865 643 919 CAP.
677 866 716 918 Ι.
750 863 1126 920 Dilectissimo
1162 864 1356 920 fratris
1385 867 1604 922 Enrcao
1634 867 1901 923 VIGILIUS.

517 958 772 1013 Directas
800 958 874 1012 ad
903 975 1002 1013 nos
1030 962 1143 1013 tua:
1170 959 1462 1015 charitatis
1491 961 1754 1032 epistolas
1777 962 1976 1032 plenas
1995 978 2083 1016 ca-

453 1051 676 1107 tholica:
710 1052 1090 1123 inquisitionis
1135 1053 1512 1110 sollicitudine
1544 1058 1842 1126 gratanter
1877 1056 2080 1127 accipi-

450 1162 597 1215 mus,
627 1146 1032 1202 benedicentes
1054 1147 1158 1202 Dei
1183 1147 1361 1202 nostri
1387 1148 1769 1216 clementiam,
1794 1150 1926 1220 quia
1946 1150 2085 1205 tales

450 1240 722 1295 extremis
752 1241 950 1295 mundi
985 1242 1240 1312 partibus
1280 1242 1551 1314 dignatur
1579 1242 1694 1297 suis
1726 1243 1920 1299 ovibus
1949 1261 2081 1315 pro-

445 1339 637 1393 videre
667 1340 944 1409 pastores,
980 1356 1083 1410 per
1107 1357 1247 1412 quos
1273 1345 1329 1396 et
1354 1340 1578 1412 pascuis
1619 1341 1846 1397 valeant
1875 1342 2082 1396 saluta-

447 1432 605 1486 ribus
633 1432 943 1503 abundare,
975 1437 1032 1488 et
1061 1433 1130 1488 ab
1161 1434 1384 1506 antiqui
1421 1433 1599 1490 hostis
1634 1435 1942 1507 rapacitate
1965 1453 2081 1491 ser-

443 1525 586 1595 vari,
619 1529 680 1579 ut
721 1525 956 1581 insidias
987 1528 1438 1599 nequeantejus
1484 1528 1864 1601 subreptionis
1891 1529 2081 1584 incur-

443 1635 589 1674 rere.
620 1620 776 1675 Unde
805 1625 1026 1676 certum
1060 1626 1144 1676 est
1169 1622 1304 1693 quia
1332 1622 1627 1694 promissae
1652 1639 1750 1677 vos
1778 1623 2083 1678 beatitudi-

441 1715 531 1768 nis
563 1713 745 1784 gratia
789 1715 1185 1786 subsequatur,
1220 1716 1454 1786 quando
1496 1734 1529 1770 a
1564 1717 1721 1771 vobis
1766 1718 2082 1772 ccelestium

444 1807 716 1878 perfectio
747 1807 1134 1863 doctrinarum
1163 1814 1319 1864 tanta
1346 1809 1531 1864 votiva
1561 1811 1924 1866 suscitatione
1945 1827 2074 1882 per-

2184 586 2352 655 tiam;
2403 586 2774 657 prohibentes
2824 586 3061 655 nubere,
3095 590 3152 641 et
3194 586 3540 642 abstinentes
3580 603 3613 641 a
3655 587 3817 656 cibis,

2186 696 2330 751 quos
2357 681 2504 734 Deus
2534 680 2747 734 creavit
2786 680 2859 734 ad
2889 679 3318 752 percipiendum
3343 697 3473 736 cum
3501 681 3819 753 gratiarum

2185 773 2410 829 actione
2435 773 2698 829 ﬁdelibus
2724 779 2780 830 et
2809 774 2898 829 his
2931 775 3031 846 qui
3073 780 3463 845 cognoverunt
3497 775 3819 843 veritatem,

2187 867 2321 938 quia
2347 868 2537 922 omnis
2575 872 2832 924 creatura
2864 869 2962 924 Dei
2991 869 3139 923 bona
3167 873 3271 939 est,
3299 873 3356 923 et
3379 868 3523 923 nihil
3553 869 3819 940 rejicien—

2184 961 2321 1016 dum
2349 961 2496 1033 quod
2526 978 2655 1017 cum
2685 962 3002 1034 gratiarum
3031 962 3251 1017 actione
3277 962 3591 1033 percipitur
3606 962 3656 1033 (Ι
3678 966 3818 1018 Tim.

2186 1073 2257 1123 iv,
2291 1060 2360 1125 1).
2392 1077 2421 1106 ››
2455 1057 2585 1110 Haec
2615 1056 2792 1127 igitur
2819 1045 3114 1127 sequentia
3144 1058 3377 1112 Patrum
3406 1057 3822 1112 venerabilium

2185 1151 2514 1220 constituta,
2547 1149 2866 1222 specialiter
2894 1166 2988 1205 eos
3018 1154 3362 1206 censuerunt
3387 1166 3507 1206 esse
3534 1151 3818 1220 damnan-

2183 1245 2306 1314 dos,
2336 1244 2434 1316 qui
2460 1261 2592 1299 cum
2620 1244 2883 1299 carnibus
2907 1244 3280 1316 abstinerent,
3315 1261 3382 1300 ea
3424 1261 3653 1317 quoque
3691 1261 3818 1300 cre-

2185 1337 2396 1392 debant
2421 1353 2540 1393 esse
2565 1338 2795 1392 vitanda
2821 1355 2949 1410 qum
2977 1339 3244 1392 carnibus
3281 1336 3452 1393 fuisse
3475 1337 3822 1394 videbantur

2183 1431 2445 1486 admista.
2474 1433 2615 1486 Nam
2644 1436 2698 1487 et
2711 1432 2834 1503 ipse
2857 1433 3128 1486 Dominus
3159 1435 3354 1487 noster
3376 1433 3534 1488 Jesus
3561 1433 3820 1488 Christus

2183 1526 2263 1581 ita
2313 1525 2662 1598 praemonuit
2705 1526 2899 1580 dicens
2945 1544 2958 1580 ε
2999 1548 3025 1576 ‹‹
3066 1527 3191 1581 Non
3240 1527 3390 1598 quod
3433 1526 3610 1582 intrat
3650 1526 3710 1581 in
3753 1543 3819 1581 os

2182 1619 2514 1691 coinquinat
2540 1619 2825 1689 homines,
2848 1619 2943 1674 sed
2968 1635 3095 1690 quae
3115 1620 3430 1691 procedunt
3453 1620 3522 1675 de
3549 1635 3666 1689 ore,
3689 1620 3818 1675 haec

2182 1716 2314 1768 sunt
2357 1730 2486 1785 quae
2529 1713 2903 1785 coinquinant
2946 1714 3241 1769 hominem
3272 1714 3488 1784 (Matth.
3518 1730 3607 1782 xv,
3640 1715 3747 1786 Η).
3783 1735 3811 1762 »

2182 1807 2540 1878 Quapropter
2562 1824 2670 1862 nec
2690 1807 3089 1862 abstinentiam
3112 1808 3226 1863 Deo
3248 1807 3510 1879 placitam
3539 1807 3813 1879 reproba-

444 1900 707 1972 quiritur.
737 1900 1026 1974 Scriptum
1057 1905 1143 1958 est
1168 1903 1323 1958 enim
1350 1922 1362 1958 :
1395 1924 1422 1953 α
1452 1905 1606 1960 Beati
1633 1905 1729 1976 qui
1756 1909 2080 1960 scrutantur
2097 1879 2154 1951 Β
2179 1917 2326 1970 mus,
2357 1917 2460 1956 nec
2487 1917 2581 1957 eos
2612 1901 2710 1973 qui
2735 1905 3101 1956 exsecrantur
3127 1900 3353 1957 Domini
3377 1903 3698 1958 creaturam
3718 1917 3810 1958 re-

443 1994 775 2050 testimonia
803 1997 946 2067 ejus,
977 1996 1034 2050 in
1065 2001 1188 2052 toto
1220 1997 1386 2052 corde
1419 1998 1728 2070 exquirunt
1752 2015 1886 2054 eum
1911 1998 2073 2068 (Psal.

443 2104 627 2156 cxvm,
655 2090 730 2159 2).
762 2111 791 2139 »
831 2090 947 2145 Hoc
989 2090 1184 2161 igitur,
1216 2092 1394 2147 frater
1435 2092 1786 2160 charissime,
1817 2093 2075 2165 proposi-

442 2186 566 2237 tum
594 2187 709 2238 tum
737 2183 1170 2239 consultationis
1197 2190 1313 2240 tota
1339 2191 1532 2242 mente
1560 2189 1888 2256 tractantes,
1919 2187 1989 2243 de
2017 2192 2075 2242 te

439 2291 665 2348 quoque
689 2277 992 2348 provenire
1021 2279 1440 2348 contendimus,
1464 2281 1563 2352 qui
1594 2282 1854 2352 regulam
1881 2281 2073 2336 catho-

441 2369 564 2424 licae
595 2369 726 2425 ﬁdei
758 2370 960 2426 iisdem
995 2372 1186 2428 studes
1215 2377 1412 2429 tenere
1438 2375 1692 2446 vestigiis
1711 2374 1916 2446 quibus
1945 2392 2072 2431 eam

439 2464 748 2535 apostolica
771 2465 882 2520 ﬁde
910 2467 1205 2537 cognoscis
1236 2483 1360 2522 esse
1384 2468 1707 2524 fundatam.
1730 2471 1799 2524 Et
1817 2469 2072 2541 quamvis

438 2573 608 2613 sonus
635 2574 832 2613 eorum
854 2562 970 2615 toto
1003 2561 1140 2616 orbe
1173 2561 1406 2617 diffusus
1435 2566 1493 2617 et
1523 2579 1700 2634 usque
1727 2563 1797 2618 ad
1825 2564 1967 2618 ﬁnes
1987 2580 2072 2619 or-

437 2652 521 2706 bis
543 2657 712 2707 terrae
731 2654 908 2709 verba
925 2670 1123 2710 eorum
1148 2655 1416 2724 distensa,
1435 2656 1753 2712 dilectionis
1775 2659 1885 2712 tum
1905 2658 2073 2713 corda

437 2746 655 2802 Christo
699 2749 1064 2818 probaverint
1100 2767 1224 2805 esse
1269 2750 1483 2818 ﬁdelia;
1513 2754 1707 2807 tamen
1747 2751 1791 2805 si
1835 2751 1974 2824 quid
2005 2768 2070 2809 ex

439 2839 526 2896 his
554 2841 613 2895 in
643 2842 904 2910 Ecclesia,
927 2858 1053 2914 quae
1073 2847 1186 2898 tuae
1209 2845 1608 2916 gubernationi
1625 2847 1741 2900 Deo
1761 2845 2070 2902 auxiliante

439 2935 741 2989 commissa
761 2938 866 3003 est,
886 2936 1129 2991 necdum
1160 2938 1333 3008 plena
1360 2938 1485 2993 luce
1511 2938 1798 3007 claruerit,
1821 2939 1893 2994 ad
1917 2956 2071 2994 eum-

439 3029 571 3083 dem
599 3027 816 3084 fontem
860 3029 930 3084 de
973 3046 1085 3100 quo
1113 3030 1211 3085 illa
1243 3031 1498 3086 salutaris
1529 3037 1784 3088 manarat
1811 3033 2067 3105 lympha,

437 3121 749 3192 recurritis,
783 3122 840 3178 id
884 3126 971 3177 est
1004 3124 1155 3194 quod
1193 3125 1385 3179 debita
1412 3125 1690 3181 charitate
1727 3143 1921 3181 sumus
1948 3143 2067 3182 am-

437 3215 606 3286 plexi,
638 3215 772 3287 quia
801 3216 1144 3272 ﬁducialiter
1167 3218 1237 3272 de
1265 3219 1371 3287 his,
1407 3219 1555 3274 unde
1582 3220 1734 3291 apud
1759 3237 1851 3275 eos
1883 3221 2068 3276 obser-
2091 3253 2146 3328 Ο

436 3309 687 3365 vantiam
737 3327 859 3367 esse
911 3311 1132 3366 dixistis
1185 3313 1536 3385 ambiguam,
1582 3319 1773 3370 nostra
1816 3315 2066 3370 voluistis

436 3404 805 3477 responsione
825 3404 1060 3460 ﬁrmari.
1080 3405 1443 3478 Quapropter
1457 3408 1818 3464 dilectionem
1834 3412 1989 3464 tuam
2008 3410 2066 3465 in

436 3499 680 3554 Domino
707 3500 1018 3556 salutantes
1045 3498 1114 3556 de
1139 3501 1376 3573 singulis
1395 3501 1533 3573 quid
1546 3502 1715 3574 juxta
1730 3503 2067 3559 catholicam

435 3593 788 3666 disciplinam
817 3597 1008 3650 teneat
1036 3595 1360 3666 apostolicae
1387 3595 1537 3651 sedis
1575 3597 1900 3668 auctoritas,
1933 3597 2066 3652 sub-

427 3687 590 3756 jectis
617 3687 903 3760 aliquibus
947 3688 1121 3744 etiam
1166 3694 1487 3745 sanctarum
1534 3690 1793 3763 capitulis
1839 3692 2065 3763 regula-

434 3797 582 3850 rum,
601 3785 656 3836 te
683 3782 968 3838 credimus
993 3783 1414 3839 instruendum.
1440 3787 1518 3840 Ac
1544 3785 1799 3855 primum
1823 3784 1907 3839 his
1928 3802 2068 3857 quos

433 3874 792 3930 Priscillianze
825 3876 1061 3931 haeresis
1096 3876 1357 3932 indicasti
1384 3878 1533 3932 vitiis
1558 3878 1849 3950 inquinari
1876 3883 2067 3934 sancta

431 3970 491 4021 et
516 3969 876 4022 convenienti
919 3969 1188 4040 religioni
1230 3970 1519 4025 catholicae
1546 3987 1639 4026 eos
1687 3972 2067 4028 detestatione

426 4059 646 4129 judicas
671 4061 1017 4132 arguendos,
1053 4062 1150 4133 qui
1176 4063 1254 4116 ita
1280 4079 1341 4118 se
1367 4063 1471 4117 sub
1502 4063 1860 4120 abstinentia:
1889 4065 2066 4121 simu-

432 4154 566 4208 latae
592 4156 874 4225 praatextu
895 4155 966 4210 ab
989 4155 1128 4211 escis
1142 4155 1412 4212 videntur
1430 4158 1686 4213 carnium
1706 4158 2064 4228 submovere,

435 4251 498 4304 ut
526 4249 636 4303 hoc
667 4249 1070 4305 exsecrationis
1109 4251 1302 4322 potius
1329 4251 1520 4307 animo
1550 4247 1726 4325 quam
1753 4254 2066 4310 devotionis

433 4343 749 4415 probentur
775 4344 996 4400 efficere
1021 4362 1034 4399 :
1058 4345 1116 4400 in
1138 4362 1252 4418 qua
1270 4362 1331 4402 re
1353 4345 1488 4418 quia
1523 4347 1943 4404 nefandissimis
1962 4350 2066 4405 Ma-

432 4438 662 4494 nichazis
689 4455 811 4494 esse
844 4439 1161 4495 consimiles
1207 4441 1618 4512 approbantur,
1641 4443 1794 4514 juste
1835 4444 2064 4498 Patrum

432 4533 841 4589 venerabilium
891 4534 1207 4590 constitutis
1248 4535 1318 4590 ab
1364 4535 1471 4590 hac
1516 4537 1917 4608 superstitione
1959 4538 2061 4592 sub

2175 1995 2415 2066 cipimus
2441 1996 2499 2050 in
2529 1997 2727 2050 nostra
2754 1996 3040 2050 societate.

2491 2092 2567 2144 De
2590 2092 2986 2145 renascentium
3014 2091 3162 2145 trina
3202 2091 3483 2146 mersione.

2249 2186 2313 2239 Il.
2343 2185 2422 2238 De
2465 2183 2748 2254 baptismo
2785 2199 3012 2256 quoque
3055 2183 3385 2239 solemniter
3417 2183 3808 2254 adimplendo,

2173 2277 2437 2333 similiter
2466 2277 2605 2349 quid
2653 2277 2976 2348 apostolica,
3005 2278 3090 2332 vel
3122 2277 3374 2333 sanxerit
3396 2279 3479 2332 vel
3509 2283 3812 2334 conservet

2175 2371 2500 2440 auctoritas,
2532 2372 2591 2425 in
2619 2371 2888 2442 subjectis
2918 2375 3016 2426 tua
3043 2371 3287 2426 charitas
3311 2371 3604 2427 evidenter
3626 2389 3811 2443 agno-

2173 2469 2318 2536 scet;
2363 2466 2504 2521 illud
2546 2471 2736 2520 autem
2781 2465 2984 2520 novelli
3039 2482 3161 2521 csse
3200 2465 3524 2537 judicamus
3573 2466 3807 2536 erroris,

2171 2559 2320 2632 quod
2347 2577 2477 2614 cum
2504 2559 2562 2614 in
2591 2560 2704 2615 ﬁne
2733 2560 3082 2631 psalmorum
3112 2560 3182 2615 ab
3208 2559 3475 2616 omnibus
3513 2561 3812 2616 catholicis

2171 2670 2240 2708 ex
2270 2670 2427 2708 more.
2461 2653 2679 2708 dicatur
2708 2671 2720 2709 :
2756 2674 2784 2706 «
2816 2654 3007 2710 Gloria
3038 2653 3211 2723 Patri,
3243 2660 3301 2710 et
3337 2653 3499 2725 Filio,
3533 2658 3592 2709 et
3626 2655 3806 2726 Spiri-

2171 2748 2252 2805 tui
2285 2753 2502 2818 sancto,
2538 2767 2565 2798 »
2603 2748 2778 2820 aliqui
2823 2748 2965 2802 sicut
3011 2748 3245 2818 indicas,
3284 2749 3559 2804 subducta
3591 2749 3812 2820 syllaba

2171 2843 2552 2915 conjunctiva,
2587 2841 2902 2914 perfectum
2943 2847 3223 2898 conantur
3257 2843 3518 2898 minuere
3557 2843 3807 2898 vocabu-

2169 2937 2290 2992 lum
2331 2936 2637 3004 Trinitatis,
2676 2958 2703 2986 «
2736 2936 2919 3008 gloria
2964 2936 3138 3006 Patri,
3167 2940 3222 2992 et
3268 2936 3430 3007 Filio,
3473 2941 3530 2992 et
3567 2937 3810 3010 Spiritui

2171 3035 2383 3090 sancto.
2409 3051 2436 3080 »
2460 3030 2724 3096 Quamvis
2753 3047 2892 3102 ergo
2918 3031 3040 3103 ipsa
3065 3047 3168 3086 nos
3195 3030 3336 3086 ratio
3362 3031 3654 3086 evidenter
3674 3031 3811 3086 edo-

2171 3127 2314 3194 ceat,
2344 3124 2478 3196 quia
2516 3124 2793 3180 subducta
2832 3141 2947 3179 una
2991 3125 3221 3198 syllaba,
3256 3141 3561 3197 personam
3593 3125 3718 3180 Filii
3749 3129 3811 3180 et

2173 3218 2413 3290 Spiritus
2439 3217 2618 3274 sancti
2654 3235 2830 3273 unam
2860 3219 3279 3290 quodammodo
3323 3235 3441 3274 esse
3479 3219 3808 3290 designant,

2170 3316 2365 3367 tamen
2406 3312 2478 3367 ad
2521 3328 2774 3367 errorem
2823 3312 3022 3367 talium
3071 3312 3529 3368 convincendum
3573 3312 3807 3383 sufﬁcit,

2169 3407 2324 3478 quod
2355 3406 2632 3461 Dominus
2667 3407 2826 3462 Jesus
2867 3407 3122 3462 Christus
3150 3407 3456 3478 designans
3486 3406 3543 3460 in
3574 3407 3809 3462 invoca-

2169 3501 2324 3557 tione
2350 3499 2636 3556 Trinitatis
2675 3501 3029 3556 credentium
3073 3501 3280 3557 debere
3323 3501 3602 3572 baptisma
3650 3502 3806 3556 cele-

2168 3595 2340 3665 brari,
2365 3595 2544 3650 dixit:
2571 3614 2598 3647 «
2621 3596 2723 3666 Ite,
2751 3595 2954 3651 docete
2981 3611 3180 3651 omnes
3207 3599 3428 3667 gentes,
3451 3595 3810 3667 baptizantes

2169 3705 2282 3758 eos,
2316 3689 2374 3743 in
2426 3689 2659 3744 nomine
2705 3688 2905 3757 Patris,
2951 3693 3008 3744 et
3050 3689 3193 3757 Filii,
3238 3693 3290 3744 et
3337 3688 3574 3760 Spiritus
3621 3689 3806 3743 sancti

2171 3784 2386 3852 (Matth.
2416 3800 2608 3851 xxvui,
2645 3783 2751 3853 19).
2781 3804 2808 3833 ››
2841 3784 2989 3854 Ergo
3018 3799 3148 3837 cum
3189 3799 3304 3837 non
3347 3781 3571 3850 dixerit,
3601 3784 3661 3837 ln
3693 3800 3808 3838 n0-

2167 3876 2323 3931 mine
2349 3878 2550 3945 Patris,
2582 3880 2640 3932 et
2665 3876 2810 3946 Filii,
2843 3881 2901 3931 et
2935 3876 3174 3948 Spiritus
3203 3877 3400 3945 sancti,
3435 3877 3532 3932 sed
3560 3876 3806 3948 aequali-

2167 3971 2273 4024 bus
2309 3969 2784 4038 distinctionibus,
2815 3972 3044 4025 Patrem
3073 3976 3130 4026 et
3170 3969 3375 4025 Filium
3419 3973 3477 4025 et
3519 3970 3804 4041 Spiritum

2167 4069 2425 4119 sanctum
2462 4065 2699 4138 jusserit
2739 4063 3045 4132 nominari,
3077 4066 3301 4120 constat
3336 4064 3463 4119 illos
3499 4065 3739 4120 omnino
3774 4082 3809 4118 a

2166 4161 2277 4215 Deo
2297 4157 2555 4214 doctrina
2575 4157 2825 4227 deviare,
2848 4158 2949 4231 qui
2974 4158 3190 4230 aliquid
3211 4158 3342 4213 huic
3365 4157 3650 4213 voluerint
3671 4175 3809 4214 con-

2166 4252 2397 4308 fessioni
2435 4252 2739 4325 derogare.
2777 4252 2884 4317 Qui
2929 4252 2974 4306 si
3011 4252 3072 4307 in
3115 4268 3309 4308 errore
3352 4251 3804 4324 permanserint,

2165 4347 2301 4402 socii
2326 4346 2490 4402 nobis
2518 4363 2640 4401 esse
2668 4363 2786 4402 non
2813 4349 3066 4418 possunt.

2238 4443 2326 4497 III.
2356 4442 2430 4496 De
2462 4441 2549 4496 his
2582 4441 2755 4496 etiam
2779 4441 2878 4512 qui
2921 4439 3276 4512 baptismatis
3317 4439 3502 4510 gratia
3537 4441 3808 4495 salutaris

2165 4540 2412 4607 accepta,
2442 4535 2593 4607 apud
2635 4534 2873 4590 Arianos
2916 4534 3129 4589 iterum
3176 4533 3464 4605 baptizati,
3497 4533 3806 4605 profundae

430 4627 817 4683 anathematis
853 4634 983 4683 sunt
1013 4628 1480 4684 interminatione
1511 4631 1806 4702 prohibiti,
1837 4631 2065 4702 quando
2083 4631 2143 4704 D
2164 4628 2447 4701 voraginis
2477 4631 2611 4684 sunt
2636 4631 2821 4683 morte
2849 4627 3114 4696 demersi,
3135 4627 3274 4700 quid
3300 4643 3405 4699 per
3431 4627 3690 4698 singulos
3709 4644 3804 4682 or-

430 4721 647 4794 aliquid
683 4721 938 4777 ciborum
979 4723 1320 4794 contagione
1361 4723 1620 4779 carnium
1660 4724 1912 4780 creditur
1942 4742 2062 4780 esse

429 4815 729 4886 pollutum,
759 4816 892 4888 quia
918 4816 989 4871 de
1024 4816 1110 4871 his
1156 4817 1426 4873 omnibus
1463 4835 1592 4890 quae.
1623 4819 1696 4873 ad
1743 4819 2064 4875 humanum

430 4910 644 4965 victum
665 4909 1057 4966 misericordia
1078 4911 1173 4967 Dei
1189 4912 1445 4980 contulit,
1467 4913 1611 4968 nihil
1633 4912 1922 4968 catholicis
1943 4931 2063 4968 csse

429 5004 686 5059 videatur
705 5003 1086 5059 immundum.
1104 5004 1194 5060 Sic
1212 5005 1365 5060 enim
1383 5005 1568 5061 Titum
1591 5007 1786 5061 doctor
1799 5006 2061 5078 gentium

428 5098 631 5152 Paulus
679 5101 876 5152 monet
919 5099 1205 5170 apostolus
1252 5099 1448 5154 dicens
1479 5117 1491 5153 :
1528 5121 1555 5149 «
1595 5099 1803 5154 Omnia
1845 5101 2063 5156 munda

428 5190 656 5245 mundis
686 5208 700 5246 :
735 5192 1119 5264 coinquinatis
1147 5198 1345 5248 autem
1372 5197 1428 5248 et
1456 5192 1782 5248 infidelibus
1807 5193 1948 5248 nihil
1981 5199 2065 5248 est

429 5284 732 5353 mundum,
762 5286 861 5341 sed
890 5287 1105 5358 polluta
1133 5289 1266 5341 sunt
1292 5302 1495 5341 eorum
1521 5303 1684 5342 mens
1705 5288 2064 5343 etconscien-

428 5379 528 5434 tia.
555 5379 734 5434 Deum
765 5380 1109 5436 conﬁtentur
1134 5396 1194 5435 se
1223 5395 1408 5446 nosse,
1430 5379 1589 5435 factis
1607 5384 1795 5436 autem
1823 5387 2060 5451 negant,

424 5473 832 5529 abominabiles
861 5479 917 5530 et
942 5473 1242 5541 increduli,
1271 5479 1328 5529 et
1352 5473 1421 5528 ad
1464 5490 1634 5529 omne
1667 5491 1809 5546 opus
1846 5474 2062 5529 bonum

425 5567 652 5640 reprobi
683 5567 809 5638 (Tit.
853 5585 891 5634 1,
938 5569 1042 5635 l5).
1073 5589 1101 5618 »
1142 5565 1420 5622 Similiter
1464 5574 1520 5623 et
1565 5568 1673 5624 alio
1716 5567 1775 5623 in
1821 5568 1945 5623 loco
1992 5568 2062 5622 ad

424 5662 789 5718 Timotheum
817 5661 886 5717 de
909 5660 1242 5732 hujusmodi
1261 5661 1523 5718 cavendis
1549 5661 1841 5718 erroribus
1862 5661 2062 5733 praadi-

427 5756 575 5810 cavit
599 5756 832 5811 dicens:
868 5777 896 5806 «
925 5757 983 5810 In
1027 5755 1349 5811 novissimis
1379 5756 1730 5829 temporibus
1773 5754 2064 5812 discedent

429 5847 662 5916 quidam
689 5866 722 5902 a
746 5849 882 5917 ﬁde,
917 5850 1276 5905 attendentes
1307 5849 1596 5921 spiritibus
1625 5848 1835 5905 erroris
1872 5853 1927 5904 et
1959 5850 2057 5905 do-

433 5939 629 5992 ctrinis
659 5940 1072 5998 daemoniorum
1093 5961 1106 6011 ;
1131 5943 1188 5998 in
1219 5943 1505 6015 hypocrisi
1525 5943 1885 6014 loquentium
1906 5958 2061 5999 men-

2164 4723 2326 4778 dines
2365 4723 2448 4778 vel
2489 4727 2684 4778 aetates
2726 4725 3154 4778 antecessorum
3199 4725 3521 4777 nostrorum
3570 4722 3808 4776 decreta

2164 4821 2528 4885 censuerunt,
2559 4833 2686 4888 quae
2731 4815 3032 4888 multiplici
3067 4820 3201 4870 sunt
3226 4815 3444 4886 digesta
3469 4815 3714 4886 ratione,
3747 4824 3810 4872 ct

2166 4915 2361 4966 nostro
2399 4910 2606 4965 scrinio
2632 4911 2882 4965 relevata
2910 4909 3158 4980 capitula
3190 4908 3279 4963 his
3305 4908 3556 4980 subjecta
3585 4909 3802 4964 direxi-

2164 5021 2311 5070 mus,
2337 5006 2396 5059 in
2423 5003 2628 5075 quibus
2657 5007 2846 5058 tamen
2875 5002 3015 5058 illud
3043 5001 3271 5073 speciali
3309 5002 3582 5057 charitate
3627 5002 3803 5057 etiam

2163 5097 2431 5152 convenit
2458 5096 2779 5164 observari;
2805 5100 2870 5151 ut
2896 5095 3032 5167 quia
3060 5112 3164 5167 pro
3190 5095 3431 5166 peccatis
3457 5095 3721 5166 plurimis
3741 5095 3804 5149 in

2166 5191 2429 5262 gentibus
2465 5189 2738 5262 iniquitas
2766 5191 2888 5262 ipsa
2918 5189 3161 5245 surrexit
3185 5190 3246 5243 in
3279 5188 3656 5244 aestimatione
3685 5190 3802 5244 fra-

2163 5285 2451 5340 ternitatis
2479 5289 2592 5340 tuae
2619 5285 2978 5356 aliorumque
3007 5283 3343 5356 pontiﬁcum
3367 5299 3471 5354 per
3497 5299 3625 5337 suas
3658 5283 3802 5338 dioe-

2164 5395 2320 5434 ceses
2351 5379 2722 5451 relinquatur,
2752 5382 2814 5433 ut
2843 5377 2890 5432 si
2919 5377 3160 5449 qualitas
3187 5381 3244 5432 et
3278 5376 3603 5448 paenitentis
3630 5377 3803 5434 devo-

2165 5473 2242 5527 tio
2260 5473 2432 5528 fuerit
2449 5473 2775 5544 approbata,
2795 5471 3170 5543 indulgentiae
3197 5487 3425 5542 quoque
3449 5471 3708 5526 remedio
3729 5471 3806 5524 sit

2162 5567 2364 5621 vicina.
2413 5566 2666 5630 Quorum
2710 5569 2903 5620 tamen
2945 5564 3326 5621 reconciliatio
3369 5580 3484 5618 non
3509 5581 3616 5635 per
3643 5565 3803 5619 illam

2163 5660 2597 5732 impositionem
2637 5675 2845 5714 manus
2873 5675 3002 5730 quae
3039 5675 3144 5730 per
3168 5657 3584 5713 invocationem
3621 5657 3804 5713 sancti

2163 5754 2402 5826 Spiritus
2459 5756 2748 5824 operatur,
2794 5753 2890 5808 sed
2949 5769 3051 5824 per
3094 5753 3254 5808 illam
3298 5769 3408 5824 qua
3454 5751 3808 5822 poenitentia:

2162 5849 2378 5903 fructus
2423 5848 2754 5918 acquiritur,
2786 5853 2844 5903 et
2879 5850 3088 5904 sanctae
3116 5844 3536 5904 communionis
3567 5845 3802 5903 restitu-

2164 5942 2242 5996 tio
2271 5941 2580 6015 perﬁcitur.
