4040 6320
221 373 348 426 1077

285 481 366 534 ιν.
403 479 478 534 De
515 481 732 536 fabrica
767 499 899 536 vero
929 481 1231 552 cujuslibet
1266 480 1537 551 ecclesiae,
1565 481 1612 534 si
1652 480 1841 534 diruta

211 573 400 640 fuerit,
433 575 822 644 instauranda,
850 579 908 631 et
945 576 990 630 si
1033 576 1092 630 in
1133 593 1199 631 eo
1239 576 1360 630 loco
1401 574 1840 630 consecrationis

211 669 543 724 solemnitas
590 669 796 725 debeat
833 670 1043 726 iterari.
1093 672 1153 724 In
1201 687 1314 741 quo
1358 669 1673 724 sanctuaria
1719 685 1838 722 non

211 763 442 830 fuerint,
458 763 600 818 nihil
612 764 931 835 judicamus
952 764 1196 831 efﬁcere,
1217 764 1314 819 sed
1334 779 1436 835 per
1451 779 1578 819 eam
1599 762 1840 817 minime

211 873 360 928 aqua
379 857 685 913 benedicta
698 858 964 928 jactetur,
994 859 1130 930 quia
1150 857 1638 914 consecrationem
1660 856 1840 927 cujus-

208 950 350 1006 libet
375 951 628 1006 ecclesiae
662 953 722 1007 in
751 969 866 1024 qua
896 953 1139 1024 Spiritus
1176 952 1350 1006 sancti
1389 967 1484 1005 ara
1517 966 1632 1005 non
1668 951 1838 1021 poni-

208 1049 322 1112 tur,
354 1045 743 1102 celebritatem
779 1050 1000 1102 tantum
1039 1048 1248 1102 scimus
1275 1063 1396 1102 esse
1433 1045 1754 1112 missarum,
1786 1048 1843 1099 et

213 1138 336 1194 ideo
362 1140 410 1194 si
439 1157 553 1212 qua
578 1144 904 1197 sanctorum
933 1142 1163 1197 basilica
1189 1159 1223 1196 a
1241 1140 1636 1196 fundamentis
1663 1139 1840 1194 etiam

213 1233 380 1288 fuerit
418 1234 707 1304 innovate,
741 1236 862 1290 sine
900 1237 1090 1308 aliqua
1129 1235 1478 1291 dubitatione
1507 1251 1638 1290 cum
1675 1235 1734 1289 in
1777 1249 1842 1289 ea

213 1327 512 1382 missarum
539 1329 711 1384 fuerit
746 1330 1023 1384 celebrata
1051 1329 1402 1400 solemnitas,
1429 1329 1602 1384 totius
1632 1327 1836 1383 sancti-

213 1421 398 1477 ﬁcatio
428 1423 870 1479 consecrationis
890 1423 1084 1498 268
1112 1424 1462 1496 implebitur.
1488 1423 1548 1478 Si
1563 1439 1696 1478 vero
1716 1439 1842 1478 san-

212 1516 428 1571 ctuaria
461 1533 589 1588 qua:
617 1518 862 1573 habebat
881 1519 1070 1573 ablata
1099 1522 1249 1588 sunt,
1281 1535 1476 1573 rursus
1507 1533 1708 1572 earum
1739 1517 1840 1571 de-

209 1609 494 1680 positione
515 1615 572 1666 et
591 1611 895 1668 missarum
923 1611 1280 1668 solemnitate
1311 1611 1685 1668 reverentiam
1716 1627 1843 1666 san-

211 1703 566 1760 ctiﬁcationis
599 1705 853 1778 accipiet.

413 1803 487 1855 De
513 1801 729 1857 Pascha?
753 1802 1085 1856 solemnitate
1111 1807 1160 1856 et
1179 1817 1398 1872 precum
1430 1803 1642 1856 ordine-

281 1895 344 1948 V.
375 1894 587 1948 Pascha
621 1910 752 1950 vero
785 1894 1038 1949 futurum
1081 1911 1210 1961 nos,
1256 1895 1302 1949 si
1345 1897 1490 1950 Deus
1519 1893 1763 1949 voluerit
1787 1909 1841 1946 x1
1861 1861 1918 1933 B

211 1987 600 2042 Kalendarum
636 1989 904 2043 Maiarum
934 1989 1026 2044 die
1067 1989 1458 2044 celebraturos
1483 2005 1602 2044 esse
1627 2003 1839 2058 cogno-

209 2081 364 2136 scite.
402 2081 674 2136 Ordinem
703 2099 929 2154 quoque
956 2099 1190 2154 precum
1217 2083 1276 2137 in
1298 2082 1626 2138 celebritate
1650 2081 1844 2135 missa-

208 2193 340 2230 rum
381 2175 537 2230 nullo
585 2193 689 2231 nos
715 2181 995 2247 tempore,
1029 2177 1186 2232 nulla
1215 2177 1518 2232 festivitate
1559 2175 1841 2248 signiﬁca-

209 2287 340 2324 mus
393 2271 602 2325 habere
655 2270 919 2340 divisum,
966 2271 1063 2344 sed
1114 2287 1338 2342 semper
1392 2271 1591 2326 eodem
1643 2273 1842 2325 tenore

211 2365 400 2418 oblata
483 2365 596 2418 Deo
665 2381 904 2418 munera
974 2381 1327 2419 consecrare.
1406 2365 1634 2428 Quoties
1713 2381 1844 2418 vero

211 2457 509 2528 paschalis,
561 2463 658 2512 aut
703 2459 1044 2513 ascensionis
1085 2459 1308 2513 Domini
1353 2459 1438 2514 vel
1469 2460 1840 2528 Pentecostes,

211 2559 268 2607 et
299 2553 634 2624 Epiphaniae
660 2559 1098 2624 sanctorumque
1129 2553 1226 2607 Dei
1255 2553 1424 2608 fuerit
1443 2553 1666 2622 agenda
1692 2552 1844 2606 festi-

211 2646 372 2710 vitas,
421 2646 644 2717 singula
688 2646 938 2718 capitula
987 2647 1186 2702 diebus
1234 2651 1365 2717 apta
1417 2646 1838 2718 subjungimus,

211 2741 420 2810 quibus
486 2740 1092 2796 commemorationem
1170 2743 1376 2795 sancta:
1448 2740 1839 2810 solemnitatis,

209 2837 312 2889 aut.
343 2851 541 2888 eorum
581 2834 876 2902 faciamus,
913 2851 1158 2906 quorum
1189 2834 1438 2889 natalitia
1467 2835 1839 2902 celebramus,

210 2932 416 2984 caetera
461 2944 594 2983 vero
644 2928 841 2984 ordine
884 2931 1156 2984 consueto
1211 2929 1629 3001 persequimur.
1693 2929 1839 2993 Qua-

209 3027 443 3093 propter
470 3027 526 3077 et
549 3023 723 3094 ipsius
754 3023 1041 3078 canonicae
1077 3023 1258 3094 precis
1287 3026 1507 3078 textum
1538 3022 1845 3078 direximus

209 3116 404 3171 subter
443 3116 746 3187 adjectum,
786 3133 958 3188 quem
997 3117 1112 3172 Deo
1151 3117 1399 3188 propitio
1432 3135 1494 3171 ex
1540 3117 1846 3188 apostolica

207 3211 514 3265 traditione
544 3211 926 3282 suscepimus;
975 3216 1030 3266 et
1055 3215 1120 3266 ut
1144 3210 1387 3265 charitas
1413 3213 1510 3265 tua
1539 3215 1918 3305 cognoscatIC

209 3304 415 3376 quibus
467 3304 599 3359 locis
650 3277 840 3376 aliqua
887 3277 1282 3360 festivitatibus
1339 3309 1470 3376 apta
1518 3277 1869 3400 coniiectas,‘

209 3397 489 3469 paschalis
527 3397 636 3453 diei
681 3415 879 3469 preces
923 3399 1092 3453 simul
1139 3398 1468 3468 adjecimus.
1525 3398 1619 3453 His
1667 3398 1846 3468 igitur

210 3491 580 3547 fraternitatis
623 3498 736 3546 tua:
783 3492 1140 3564 inquisitioni
1183 3492 1489 3564 responsis,
1539 3493 1842 3547 Dominum

211 3589 471 3640 nostrum
501 3591 780 3657 quantum
815 3602 1114 3656 possumus
1137 3601 1460 3655 exoramus,
1492 3591 1553 3641 ut
1579 3587 1846 3641 omnibus

209 3679 504 3734 catholica:
533 3679 827 3750 religionis
873 3679 1130 3735 Ecclesiis
1176 3680 1326 3735 circa
1373 3679 1663 3735 universos
1705 3697 1846 3752 quos

211 3773 408 3827 ﬁdeles
454 3773 558 3826 sibi
601 3773 793 3840 efficit,
829 3773 1026 3844 gratiae
1071 3790 1187 3828 suae
1216 3773 1366 3828 dona
1405 3773 1760 3845 multiplicat,
1791 3779 1850 3829 et

211 3867 281 3920 ab
314 3865 580 3920 omnibus
613 3866 832 3920 insidiis
857 3866 1166 3938 spiritualis
1193 3867 1368 3922 hostis
1399 3873 1569 3940 atque
1599 3866 1846 3922 carnalis

210 3963 441 4014 cunctos
477 3960 718 4031 populos
757 3977 888 4015 suos
932 3961 1192 4031 redigere
1227 3961 1494 4033 dignetur
1535 3962 1842 4016 immunes.

211 4054 581 4124 Signiﬁcatur
611 4054 783 4109 etiam
821 4055 1118 4109 beatorum
1151 4057 1540 4127 apostolorum
1569 4057 1655 4111 vel
1693 4071 1840 4110 mar-

1449 371 1920 426 DECRETALIUM
1957 369 2339 424 COLLECTIO.

1841 455 1882 588 l

1859 588 1878 1196 ἱ

1855 1196 1873 1383 l

1841 1574 1870 1736 l

3435 367 3565 420 M78

1941 481 2130 549 tyrum
2171 478 2316 533 sicut
2357 493 2648 548 speramus
2686 479 2880 530 sancto
2926 493 3027 530 nos
3071 474 3298 530 aﬂ'ectui
3344 477 3441 528 tuo
3477 474 3564 528 di-

1937 571 2152 626 rexisse
2167 571 2454 644 reliquias,
2473 575 2886 644 praesumentes
2903 569 3074 624 ﬁdem
3093 571 3343 625 vestram
3363 583 3564 623 eorum

1940 665 2207 737 deinceps
2235 665 2463 737 plenius
2493 681 2614 719 esse
2650 663 2868 720 meritis
2888 663 3290 736 adjuvandam.

2011 760 2096 814 Vl.
2127 760 2181 814 Si
2213 759 2340 831 quis
2359 759 2656 830 episcopus
2697 763 2796 814 aut
2825 758 3118 830 presbyter
3127 757 3292 829 juxta
3319 771 3568 828 praecep-

1941 859 2062 908 tum
2103 853 2326 908 Domini
2365 869 2480 907 non
2513 852 2886 923 baptizaverit
2920 852 2978 905 in
3015 851 3254 906 nomine
3285 851 3489 917 Patris,
3511 856 3570 905 et

1942 945 2084 1013 Filii,
2129 951 2185 1002 et
2213 947 2452 1018 Spiritus
2494 947 2691 1014 sancti,
2721 946 2822 1000 sed
2859 946 2920 1000 in
2953 962 3070 1001 una
3111 961 3357 1017 persona
3381 944 3566 998 Trini-

1944 1041 2094 1110 tatis,
2128 1045 2227 1096 aut
2251 1041 2486 1108 duabus,
2506 1041 2678 1095 autin
2697 1040 2878 1096 tribus
2895 1039 3167 1112 patribus,
3189 1043 3290 1094 aut
3307 1039 3366 1092 in
3387 1039 3568 1093 tribus

1910 1135 2090 1202 .filiis,
2136 1140 2232 1190 aut
2275 1135 2454 1190 tribus
2499 1135 2815 1206 paracletis,
2843 1133 3174 1206 projiciatur
3209 1133 3279 1188 de
3325 1132 3566 1190 Ecclesia

1943 1228 2056 1284 Dei.

2013 1323 2124 1376 VII.
2157 1322 2305 1377 Nulli
2341 1323 2426 1376 vel
2453 1322 2705 1378 tenuiter
2743 1321 3031 1388 sentienti,
3073 1322 3156 1375 vel
3199 1319 3442 1391 pleniter
3472 1335 3566 1374 sa-

1939 1416 2122 1488 pienti
2165 1415 2404 1470 dubium
2444 1421 2546 1484 est,
2575 1415 2732 1488 quod
2773 1415 3015 1471 Ecclesia
3058 1416 3308 1471 Romana
3353 1413 3565 1468 funda-

1941 1515 2201 1566 mentum
2243 1513 2300 1566 et
2337 1511 2525 1565 forma
2572 1509 2642 1564 sit
2685 1510 3082 1576 Ecclesiarum,
3135 1525 3168 1563 a
3207 1525 3321 1579 qua
3369 1523 3568 1563 omnes

1941 1605 2204 1661 ecclesias
2243 1604 2588 1676 principium
2615 1603 2923 1676 sumpsisse
2947 1619 3117 1658 nemo
3147 1605 3298 1658 recte
3334 1602 3565 1658 creden-

1941 1699 2084 1754 tium
2113 1699 2344 1770 ignorat
2373 1715 2384 1753 :
2417 1697 2688 1770 quoniam
2723 1697 2856 1752 licet
2882 1697 3137 1752 omnium
3176 1696 3566 1768 apostolorum

1943 1810 2044 1864 par
2077 1795 2228 1847 esset
2252 1792 2471 1860 electio,
2497 1792 2663 1847 beato
2689 1795 2878 1846 tamen
2911 1793 3076 1846 Petro
3105 1806 3435 1845 concessum
3462 1794 3568 1859 est,

1943 1891 2006 1942 ut
2048 1887 2265 1942 caeteris
2298 1887 2716 1958 praeemineret,
2757 1885 2908 1940 unde
2951 1889 3007 1939 et
3056 1885 3270 1956 Cephas
3313 1887 3566 1954 vocatur,

1943 1981 2075 2052 quia
2105 1983 2275 2053 caput
2319 1985 2402 2035 est
2447 1984 2504 2034 et
2541 1980 2762 2050 primus
2787 1980 3044 2034 omnium
3073 1980 3472 2051 apostolorum.
3505 1980 3572 2034 Et

1945 2075 2096 2146 quod
2122 2075 2183 2129 in
2210 2074 2393 2146 capite
2421 2073 2726 2145 praecessit,
2761 2073 2818 2127 in
2849 2073 3124 2128 membris
3152 2073 3314 2144 sequi
3343 2088 3570 2128 necesse

1943 2172 2046 2224 est.
2089 2169 2471 2234 Quamobrem
2501 2171 2696 2222 sancta
2723 2169 2982 2224 Romana
3023 2167 3266 2224 Ecclesia
3293 2166 3414 2237 ejus
3441 2183 3566 2220 me-

1943 2263 2052 2317 rito
2079 2262 2304 2317 Domini
2329 2278 2462 2317 voce
2491 2265 2835 2330 consecrata,
2869 2265 2927 2316 et
2970 2266 3294 2317 sanctorum
3339 2263 3570 2315 Patrum

1943 2357 2275 2412 auctoritate
2301 2356 2582 2424 roborata,
2601 2357 2910 2428 primatum
2927 2359 3084 2412 tenet
3109 2355 3369 2411 omnium
3391 2355 3572 2411 Eccle-

1942 2451 2177 2520 siarum,
2199 2451 2268 2505 ad
2297 2467 2468 2522 quam
2507 2456 2626 2506 tam
2655 2467 2883 2505 summa
2913 2452 3314 2522 episcoporum
3339 2449 3571 2520 negotia

1943 2547 1998 2600 et
2022 2543 2238 2615 judicia
2263 2547 2431 2615 atque
2459 2545 2725 2626 querelas,
2761 2561 2934 2615 quam
2963 2547 3022 2599 et
3043 2544 3289 2615 majores
3316 2543 3573 2598 ecclesia-

1944 2656 2072 2693 rum
2112 2637 2472 2710 quaestiones,
2508 2638 2665 2709 quasi
2705 2639 2775 2693 ad
2802 2643 2974 2709 caput
3011 2653 3240 2710 semper
3275 2637 3572 2692 referenda

1942 2737 2094 2788 sunt.
2145 2734 2285 2787 Nam
2326 2739 2382 2788 et
2426 2732 2525 2805 qui
2575 2749 2632 2786 sc
2685 2733 2791 2787 scit
2830 2732 2950 2787 aliis
2999 2749 3120 2786 esse
3177 2730 3568 2803 praepositum,

1945 2844 2058 2882 non
2112 2827 2349 2882 moleste
2408 2827 2557 2882 ferat
2609 2826 2858 2898 aliquem
2909 2841 3028 2881 esse
3075 2825 3183 2880 sibi
3241 2825 3568 2898 prmlatum.

1945 2924 2067 2994 Ipsa
2109 2937 2357 2993 namque
2397 2919 2640 2976 Ecclesia
2677 2937 2806 2992 quae
2850 2919 3038 2992 prima
3085 2925 3170 2976 est
3209 2920 3288 2975 ita
3337 2919 3573 2991 reliquis

1945 3016 2190 3072 ecclesiis
2225 3015 2372 3070 vices
2404 3032 2533 3070 suas
2571 3015 2810 3071 credidit
2843 3014 3190 3086 largiendas,
3221 3017 3282 3072 ut
3319 3013 3380 3068 in
3408 3017 3571 3087 parte

1945 3111 2058 3167 sint
2077 3115 2286 3167 vocatae
2307 3109 2720 3178 sollicitudinis,
2739 3126 2855 3165 non
2873 3109 2933 3165 in
2953 3103 3307 3182 plenitudine
3333 3111 3574 3181 potesta-

1945 3206 2034 3276 tis,
2066 3206 2217 3262 unde
2246 3207 2506 3261 omnium
2536 3204 2948 3277 appellantium
2973 3203 3342 3276 apostolicam
3381 3203 3572 3260 sedem

1944 3299 2340 3372 episcoporum
2360 3299 2576 3370 judicia
2603 3305 2660 3354 et
2686 3301 3016 3353 cunctarum
3035 3299 3322 3368 majorum
3343 3297 3574 3369 negotia

1945 3409 2244 3448 causarum
2290 3393 2475 3449 eidem
2519 3396 2730 3447 sanctae
2760 3391 2879 3447 sedi
2918 3395 3196 3447 reservata
3223 3407 3342 3446 esse
3369 3391 3570 3462 liquet,

1945 3487 2260 3559 praasertim
2310 3503 2442 3542 cum
2491 3486 2551 3541 in
2597 3487 2684 3542 his
2729 3486 2994 3542 omnibus
3047 3486 3170 3558 ejus
3224 3501 3453 3557 semper
3504 3486 3572 3541 sit

1945 3581 2382 3652 exspectandum
2432 3583 2752 3636 consultum
2805 3598 2817 3635 :
2869 3581 3030 3652 cujus
3083 3580 3298 3635 tramiti
3347 3579 3392 3634 si
3443 3581 3572 3651 quis

1945 3675 2167 3731 obviare
2209 3675 2528 3743 tentaverit,
2571 3675 2929 3731 sacerdotum
2972 3691 3171 3730 causas
3208 3691 3268 3729 se
3307 3691 3422 3729 non
3447 3675 3572 3729 sine

1945 3770 2178 3826 honoris
2221 3770 2304 3824 sui
2351 3771 2602 3840 periculo
2630 3770 2779 3842 apud
2811 3769 3073 3826 eamdem
3095 3771 3346 3825 sanctam
3375 3769 3570 3824 sedem

1943 3865 2165 3920 noverit
2197 3863 2578 3920 redditurum.
2613 3865 2752 3920 Data
2777 3865 3016 3921 Kalend.
3045 3863 3245 3934 Martii,
3277 3863 3571 3920 Wisiliano

1945 3963 2000 4015 et
2028 3960 2284 4016 Johanne
2314 3961 2382 4014 IV
2411 3959 2753 4016 consulibus.

781 4458 1358 4552 INCIPIUNT
1463 4461 1843 4553 DECRE'

1945 4464 1988 4553 ἱ
2093 4463 2538 4556 PELAGll
2645 4463 3009 4556 PAPIE.

487 4798 728 4866 Eptstola
758 4797 965 4863 Pelagii
981 4812 1144 4866 papae
1170 4797 1243 4850 ad
1279 4799 1557 4864 Vigilium.

272 4893 542 4945 PELAGIUS
573 4890 873 4961 episcopus
899 4891 1112 4946 VlGILIO
1135 4890 1472 4962 coepiscOpo
1499 4892 1762 4948 salutem.

270 4983 498 5039 Gaudeo
521 4984 652 5038 ﬁdei
679 4983 983 5038 devotione
1007 4988 1120 5039 tua:
1159 4985 1311 5056 quod
1339 4985 1675 5056 religiosum
1716 4991 1836 5042 stu-

203 5079 362 5133 dium
406 5081 464 5132 et
498 5078 751 5132 divinum
796 5078 1051 5132 ofﬁcium
1099 5079 1401 5150 dignanter
1437 5079 1740 5150 impendis,
1786 5087 1842 5136 et

205 5172 457 5226 maxime
499 5171 653 5242 quod
695 5171 830 5225 fidei
875 5171 1136 5227 inimicos
1180 5172 1468 5227 azmularis
1521 5173 1841 5244 apostolica:

203 5265 349 5320 sedis
371 5281 632 5336 quarens
658 5267 938 5336 exempla.
967 5266 1146 5320 Didici
1175 5283 1308 5322 sane
1337 5271 1452 5321 tam
1475 5283 1576 5338 per
1603 5268 1840 5323 latorem

201 5365 434 5414 tuarum
464 5375 636 5430 quam
663 5365 720 5415 et
748 5377 852 5431 per
891 5360 1110 5414 litteras
1139 5363 1262 5415 tuas
1289 5361 1442 5433 quod
1468 5362 1582 5415 sint
1610 5361 1842 5434 quidam

203 5471 384 5525 penes
423 5469 524 5508 vos
572 5453 670 5524 qui
719 5453 972 5509 dicentes
1023 5454 1286 5523 garriunt
1323 5471 1334 5507 :
1379 5455 1633 5519 Qualiter
1675 5458 1845 5511 Pater

205 5553 262 5602 et
283 5547 454 5602 Filius
481 5564 628 5601 unus
659 5550 844 5618 potest
872 5563 994 5601 esse
1023 5549 1187 5615 Deus,
1219 5565 1350 5602 cum
1377 5553 1584 5619 praeter
1613 5551 1842 5606 Patrem

201 5627 345 5695 alius
378 5657 494 5695 non
526 5641 598 5695 sit
627 5643 796 5708 Deus,
838 5641 934 5712 qui
965 5640 1188 5695 dicatur
1213 5641 1505 5713 ingenitus
1545 5647 1716 5714 atque
1753 5645 1842 5699 in-

201 5739 475 5795 visibilis?
503 5740 568 5794 Hi
591 5756 725 5794 sane
755 5739 800 5794 si
827 5740 1034 5794 scirent
1061 5739 1280 5795 donum
1305 5741 1425 5808 Dei,
1454 5746 1510 5796 et
1529 5757 1676 5797 vera:
1706 5743 1845 5798 ﬁdei

201 5835 429 5905 regulas
456 5833 865 5904 intelligerent,
890 5850 1252 5904 nequaquam
1273 5836 1408 5890 talia
1437 5835 1804 5892 mussitarent
1825 5855 1840 5905 ;

203 5929 304 5981 sed
348 5929 480 5999 quia
519 5945 634 5984 non
675 5929 948 5983 habentes
993 5927 1208 5982 munda
1250 5929 1420 5982 corda
1472 5945 1600 6000 qua!
1645 5929 1840 5988 videre

1859 4815 1918 4886 D
1943 4807 2162 4859 secreta
2192 4806 2290 4859 Dei
2337 4809 2394 4859 et
2435 4805 2760 4876 intelligere
2803 4805 3074 4876 mysteria
3117 4806 3336 4860 valeant
3363 4804 3572 4874 divina,

1941 4903 1999 4953 et
2021 4899 2348 4955 mandanda
2378 4904 2512 4954 sunt
2540 4899 2694 4971 prius
2737 4899 2911 4955 corda
2937 4915 3134 4954 eorum
3165 4915 3270 4971 per
3294 4899 3572 4970 poeniten-

1939 4991 2074 5045 tiam
2115 4996 2179 5046 ut
2226 4994 2548 5065 intelligere
2593 4993 2975 5066 postmodum,
3032 4999 3088 5048 et
3134 5009 3337 5064 capere
3380 4995 3574 5048 lumen

1941 5085 2196 5140 veritatis
2239 5089 2474 5158 possint.
2522 5088 2738 5154 Quibus
2783 5092 2974 5144 tamen
3001 5089 3070 5143 ad
3103 5104 3300 5144 eorum
3331 5105 3394 5143 ac
3425 5089 3576 5144 mul-

1943 5185 2132 5233 torum
2179 5180 2657 5236 illuminationem
2701 5182 3042 5254 corrigendo
3079 5182 3278 5237 talium
3323 5199 3578 5238 errorem

1944 5273 2253 5344 apostolica
2280 5276 2616 5331 auctoritate
2643 5277 3108 5348 respondendum
3153 5282 3239 5332 est
3271 5277 3352 5332 ita
3379 5297 3392 5333 :
3426 5279 3573 5342 Quo-

1945 5366 2115 5422 modo
2158 5384 2256 5421 vos
2300 5370 2526 5423 Patrem
2568 5373 2624 5424 et
2671 5370 2872 5425 Filium
2923 5385 3104 5427 unum
3159 5371 3413 5444 proﬁteri
3461 5389 3576 5426 non

1945 5461 2162 5516 vultis?
2216 5463 2320 5517 Eos
2363 5461 2537 5516 etiam
2579 5479 2686 5518 nos
2736 5481 2916 5519 unum
2963 5471 3020 5520 et
3063 5483 3262 5521 verum
3317 5467 3493 5522 Deum
3546 5483 3578 5520 a

1947 5555 2239 5626 prophetis
2283 5560 2338 5610 et
2384 5555 2650 5626 apostolis
2699 5558 3053 5614 ostendimus
3103 5560 3498 5632 praedicatum,
3546 5577 3580 5615 a

1945 5649 2150 5721 quibus
2185 5648 2358 5702 etiam
2399 5647 2676 5719 Spiritum
2709 5649 2990 5706 credimus
3019 5658 3278 5708 sanctum
3309 5672 3426 5710 non
3459 5671 3579 5709 esse

1948 5742 2273 5810 discretum,
2297 5742 2438 5798 Isaia
2471 5743 2754 5814 propheta
2785 5743 3006 5798 dicente
3031 5762 3044 5799 :
3075 5767 3100 5796 ‹‹
3127 5749 3243 5818 Ego
3265 5766 3390 5803 sum
3411 5751 3580 5816 Deus,

1945 5843 2002 5893 et
2047 5854 2162 5892 non
2203 5841 2289 5893 est
2316 5837 2458 5893 alius
2497 5841 2706 5908 praeter
2746 5855 2861 5894 me.
2909 5839 2977 5893 Et
3025 5855 3130 5910 per
3176 5843 3582 5914 memetipsum

1937 5932 2088 6003 juro,
2135 5931 2270 6006 quia
2322 5930 2492 5988 exivit
2547 5949 2610 5988 ex
2666 5949 2762 5989 ore
2814 5949 2944 5987 meo
2998 5932 3223 6004 veritas,
3283 5939 3340 5988 et
3393 5951 3581 5992 sermo
