4040 6362
406 377 538 431 1079

1279 368 1563 426 ΛΡΡΕΝΙ).
1606 367 1695 420 AD
1732 366 1890 419 SEC.
1935 363 2019 417 IX.
2051 388 2118 401 —--
2158 359 2397 414 lSlDORl
2441 351 2863 413 MERCATORIS

3638 348 3783 403 1080

399 500 562 541 meus
600 499 714 538 non
746 481 1037 549 avertitur,
1079 479 1215 552 quia
1260 478 1404 533 mihi
1446 474 1814 533 inclinabitur
1857 486 2031 529 omne
2056 467 2307 556 Alsrael
2340 466 2545 523 dilecto
2590 482 2713 521 suo.
2757 465 2887 519 Post
2914 461 3038 518 haec
3072 460 3133 516 in
3171 457 3341 516 terris
3383 456 3535 513 visus
3580 461 3689 525 est,
3726 455 3788 511 et

404 594 580 649 genu,
627 579 684 632 et
729 575 913 632 omnis
955 575 1153 645 lingua
1186 571 1409 645 jurabit
1452 587 1558 643 per
1606 567 1916 625 Dominum
1947 565 2035 621 di-

404 688 575 726 cens:
607 670 828 726 Iustitia
868 672 928 724 et
973 667 1159 740 gloria
1205 668 1277 722 ad
1320 682 1452 722 eum
1498 664 1689 719 veniet
1732 662 1861 733 (Isa.
1912 676 2035 727 XLv,

404 764 607 836 2l-25).
632 786 659 814 »
706 766 774 820 Et
819 769 880 818 ut
918 764 1029 818 hoc
1071 762 1129 816 in
1171 759 1496 817 testimonio
1533 760 1757 813 Patrem
1792 755 2042 811 simulet

403 858 610 913 Filium
632 873 944 930 cognoscas
964 856 1157 926 fuisse,
1180 854 1417 911 Paulum
1443 852 1577 908 audi
1602 851 1903 917 dicentem,
1928 870 1955 899 ‹‹
1975 852 2043 904 ut

401 952 462 1008 in
490 951 745 1019 nomine,
775 951 982 1023 inquit,
1022 952 1148 1006 Iesu
1176 964 1348 1004 omne
1392 963 1543 1019 genu
1584 945 1851 1001 ﬂectatur
1875 943 2037 998 coale-

401 1047 597 1113 stium,
626 1047 982 1101 terrestrium
1013 1047 1070 1099 et
1108 1043 1488 1099 infernorum.
1522 1042 1590 1096 Et
1629 1038 1817 1095 omnis
1843 1038 2043 1109 lingua

404 1140 763 1207 confiteatur,
799 1138 936 1211 quia
978 1137 1251 1194 Dominus
1293 1137 1449 1191 Iesus
1491 1132 1748 1191 Christus
1772 1133 1833 1187 in
1859 1131 2042 1203 gloria

406 1236 491 1288 est
518 1232 617 1287 Dei
648 1232 827 1288 Patris
858 1231 1269 1302 omnipotentis
1298 1230 1559 1299 (Philipp.
1588 1244 1649 1297 ιι,
1686 1227 1792 1298 Il).
1822 1246 1850 1275 »
1880 1224 2041 1289 Quod

405 1326 458 1384 si
495 1327 600 1380 iste
645 1326 819 1380 Filius
863 1325 1056 1379 minor
1099 1328 1185 1379 est
1228 1326 1392 1378 Patre
1421 1339 1544 1389 suo,
1587 1336 1723 1392 ergo
1755 1320 2043 1374 minorata

408 1426 494 1475 est
526 1420 706 1491 gloria
733 1419 913 1474 Patris
941 1420 1001 1474 in
1045 1417 1204 1473 Filio.
1251 1419 1319 1472 Et
1362 1415 1456 1471 ubi
1484 1418 1570 1471 est
1598 1415 1752 1487 quod
1787 1414 1847 1468 in
1883 1412 2039 1468 Salo-

405 1530 581 1569 mone
612 1514 899 1584 Scriptura
935 1512 1193 1583 loquitur
1233 1511 1472 1565 dicens:
1506 1531 1534 1560 «
1578 1508 1730 1565 Sicut
1771 1507 1943 1562 etiam
1983 1507 2044 1560 in

407 1610 718 1679 conspectu
747 1623 970 1674 eorum,
1011 1605 1216 1677 inquit,
1244 1602 1646 1675 magniﬁcatus
1672 1619 1732 1656 es
1760 1601 1819 1656 in
1857 1599 2041 1669 nobis,

408 1702 489 1756 ita
534 1701 592 1754 in
636 1705 944 1772 conspectu
988 1704 1182 1754 nostro
1228 1696 1687 1769 magniﬁcaberis
1731 1695 1789 1749 in
1820 1694 1950 1761 illis,
1982 1701 2049 1748 ut

2139 564 2292 620 inter
2337 561 2603 619 homines
2647 559 3008 615 conversatus
3051 558 3137 611 est
3178 553 3415 626 (Baruch
3466 568 3562 619 ιιι,
3607 552 3719 619 36).
3752 570 3785 599 »

2138 659 2207 712 Et
2250 657 2311 712 in
2353 657 2705 713 Salomone:
2745 673 2771 702 ‹‹
2796 650 3058 707 Miserere
3096 648 3284 715 nobis,
3324 648 3471 703 Deus
3498 645 3785 712 omnium,

2140 761 2201 813 et
2237 756 2476 812 ostende
2519 753 2685 810 nobis
2726 752 2925 807 lumen
2974 747 3380 816 miserationis,
3426 753 3483 802 et
3526 745 3790 801 immitte

2140 855 2412 911 timorem
2452 857 2617 908 tuum
2656 867 2831 924 super
2856 852 3059 922 gentes
3089 864 3219 920 quae
3246 863 3362 903 non
3388 844 3793 918 exquisierunt

2140 955 2216 1018 te,
2264 954 2332 1005 ut
2382 949 2733 1019 cognoscant
2771 945 2906 1017 quia
2957 960 3076 999 non
3122 946 3206 998 est
3256 940 3404 996 alius
3451 941 3619 1009 Deus,
3672 937 3792 992 nisi

2140 1049 2202 1100 tu
2263 1044 2447 1112 (Eccli.
2506 1057 2688 1107 xxxvx,
2741 1041 2811 1111 1).
2863 1058 2890 1091 ι)
2937 1041 3081 1094 Item
3125 1036 3249 1091 ibi:
3283 1056 3311 1085 ‹‹
3344 1033 3583 1090 Domine
3633 1033 3789 1087 Deus

2142 1138 2337 1205 Israel,
2379 1152 2496 1192 non
2528 1139 2614 1191 est
2640 1134 2745 1190 tibi
2789 1132 2988 1189 similis
3031 1133 3092 1187 in
3134 1131 3277 1186 coelo
3314 1144 3558 1198 sursum,
3588 1142 3786 1198 neque

2142 1234 2202 1287 in
2228 1236 2383 1288 terra
2408 1230 2679 1285 deorsum
2702 1228 2874 1300 (Deut.
2907 1243 2982 1296 Iv,
3003 1225 3115 1297 39).
3140 1246 3169 1275 »
3198 1226 3266 1280 Et
3290 1223 3348 1278 in
3374 1221 3596 1294 psalmo
3628 1236 3744 1276 xvn
3768 1237 3784 1274 :

2148 1347 2177 1376 «
2206 1310 2484 1391 Quoniam
2527 1323 2655 1395 quis
2698 1322 2837 1378 deus
2879 1324 3089 1393 praeter
3132 1317 3457 1387 Dominum,
3504 1319 3605 1370 aut
3655 1315 3787 1386 quis

2144 1420 2289 1474 deus
2328 1421 2537 1491 praeter
2575 1419 2755 1473 Deum
2785 1415 3096 1470 nostrum?
3124 1434 3151 1464 ››
3193 1414 3259 1468 Et
3286 1412 3347 1467 in
3374 1409 3577 1466 Genesi
3608 1425 3622 1463 :
3658 1430 3684 1458 «ι
3721 1409 3792 1463 Et

2142 1512 2290 1585 pluit
2328 1510 2604 1567 Dominus
2645 1527 2679 1565 a
2723 1508 2963 1563 Domino
2992 1508 3190 1579 ignem
3236 1508 3295 1560 et
3335 1503 3575 1575 sulphur
3613 1517 3791 1574 super

2146 1605 2450 1662 Sodomam
2501 1607 2558 1659 et
2600 1602 2999 1669 Gomorrham,
3033 1606 3090 1655 et
3119 1598 3322 1656 evertit
3363 1598 3615 1652 civitates
3657 1596 3793 1650 illas

2146 1698 2298 1771 (Gen.
2326 1714 2441 1768 xIx,
2471 1698 2582 1767 24).
2615 1718 2643 1747 ››
2686 1694 2743 1752 Si
2774 1696 2928 1751 solus
2952 1696 3120 1750 Pater
3151 1694 3300 1748 Deus
3345 1694 3450 1758 est,
3478 1690 3605 1761 quis
3640 1688 3793 1760 pluit

408 1797 753 1865 cognoscant
788 1798 847 1848 te
890 1792 1033 1848 sicut
1078 1797 1137 1846 et
1182 1808 1288 1846 nos
1332 1790 1723 1862 cognovimus,
1775 1788 2046 1860 quoniam
2066 1856 2114 1865 __
2146 1793 2342 1863 ignem
2370 1794 2428 1847 et
2459 1791 2700 1863 sulphur
2726 1807 2760 1845 a
2787 1789 3052 1856 Domino,
3084 1787 3171 1842 vel
3210 1784 3562 1857 supradictas
3587 1783 3791 1837 civita-

409 1856 525 1942 non
566 1892 653 1942 est
680 1888 829 1941 Deus
868 1890 1075 1958 prmter
1102 1891 1177 1953 te,
1193 1856 1441 1941 Domine
1482 1885 1667 1955 (Eccli.
1695 1856 1877 1950 xxx—vn,
1911 1882 1984 1953 4).
2014 1902 2043 1931 ››
2066 1856 2123 1929 Β
2149 1856 2232 1940 tes
2263 1885 2510 1941 evertit?
2549 1856 2772 1954 Quaeso,
2803 1882 3107 1954 responde.
3139 1882 3207 1936 Et
3231 1856 3738 1934 Deuteronomium
3776 1893 3790 1930 :

407 1982 725 2052 Diligenter
751 1980 977 2035 attende
1005 1986 1063 2034 et
1094 1995 1341 2050 agnosce
1388 1978 1590 2033 Filium
1631 1993 1773 2043 esse,
1797 1976 1894 2047 qui
1922 1992 2042 2030 ma-

409 2074 776 2147 gniﬁcabitur
798 2074 855 2128 in
874 2073 1092 2145 judicio
1123 2073 1262 2127 dum
1288 2071 1508 2127 venerit
1525 2071 1678 2125 vivos
1709 2073 1767 2125 et
1789 2072 2047 2125 mortuos

400 2168 687 2241 judicare.
734 2170 873 2223 Item
908 2166 1079 2223 Isaias
1109 2185 1122 2221 :
1158 2166 1357 2221 Audite
1386 2181 1501 2233 me,
1534 2165 1738 2220 domus
1776 2162 1946 2219 Iacob
1990 2166 2049 2217 et

410 2262 706 2317 residuum
727 2261 933 2318 domus
954 2261 1147 2327 Israel,
1163 2261 1262 2332 qui
1285 2258 1621 2330 egredimini
1636 2275 1703 2313 ex
1716 2261 1879 2313 utero
1897 2273 2044 2323 meo,

328 2392 333 2401 -
410 2361 469 2411 et
505 2356 815 2411 erudimini
859 2372 893 2410 a
936 2371 1115 2427 puero
1165 2370 1348 2425 usque
1411 2353 1484 2407 ad
1535 2354 1911 2407 senectutem.
1963 2351 2047 2404 Ab

407 2449 574 2505 initio
621 2466 731 2521 ego
780 2466 927 2519 sum,
961 2452 1019 2503 et
1048 2464 1347 2520 quousque
1388 2446 1699 2502 senescatis
1742 2461 1848 2517 ego
1896 2460 2044 2499 sum.

406 2546 527 2615 Ego
559 2560 657 2598 vos
683 2543 811 2612 feci,
843 2547 899 2597 et
919 2559 1027 2613 ego
1059 2541 1331 2596 sustineo.
1362 2542 1480 2611 Ego
1511 2540 1822 2606 remittam,
1853 2542 1911 2593 et
1939 2554 2047 2607 ego

409 2636 890 2709 suscipiam,dicit
915 2635 1213 2691 Dominus.
1246 2637 1311 2689 Et
1339 2632 1550 2689 iterum
1588 2651 1601 2689 :
1634 2635 1753 2704 Ego
1781 2649 1907 2687 sum
1936 2633 2045 2686 Do-

408 2731 598 2786 minus
647 2732 814 2798 Deus,
863 2733 922 2785 et
972 2736 1182 2801 praeter
1225 2745 1316 2784 me
1370 2745 1485 2783 non
1544 2731 1629 2782 est
1683 2727 1827 2782 alius
1881 2728 2046 2794 Deus,

410 2824 760 2880 annuntians
812 2823 1113 2879 novissima
1164 2824 1503 2896 priusquam
1550 2822 1708 2888 ﬁant,
1756 2825 1815 2875 et
1860 2820 2048 2875 statim

410 2922 803 2973 consummata
842 2922 993 2972 sunt.
1041 2918 1183 2972 Item
1214 2916 1370 2971 alibi.
1411 2914 1560 2969 Audi
1608 2931 1719 2985 me,
1773 2914 1944 2969 Iacob
1994 2919 2051 2969 et

414 3012 607 3078 Israel,
634 3028 806 3082 quem
834 3027 940 3082 ego
966 3010 1096 3065 feci.
1128 3011 1244 3080 Ego
1276 3026 1400 3063 sum
1432 3008 1701 3064 Dominus
1726 3008 1874 3062 Deus
1898 3012 2048 3076 tuus,

413 3107 472 3158 et
497 3120 616 3159 non
660 3109 744 3158 est
787 3103 932 3158 alius
977 3105 1188 3174 praeter
1226 3117 1339 3157 me.
1381 3104 1525 3157 Item
1555 3101 1689 3156 alibi
1726 3118 1739 3156 :
1775 3102 1892 3172 Ego
1925 3117 2049 3155 sum

412 3197 687 3254 Dominus
730 3198 877 3252 Deus
907 3202 1058 3265 tuus,
1104 3196 1324 3268 primus
1353 3200 1410 3251 et
1439 3212 1547 3267 ego
1590 3194 1955 3262 novissimus,
1997 3198 2053 3249 et

412 3293 471 3347 in
500 3308 564 3346 ea
586 3308 712 3363 quae
748 3294 1162 3363 superventura
1187 3293 1323 3345 sunt
1347 3290 1405 3345 in
1432 3289 1741 3345 novissimo
1769 3305 1875 3360 ego
1902 3305 2048 3345 sum.

414 3389 555 3441 Item
574 3385 709 3440 alibi
733 3402 746 3440 :
771 3386 889 3456 Ego
910 3402 1039 3440 sum
1060 3387 1203 3441 Deus
1225 3384 1322 3456 qui
1353 3389 1408 3439 te
1440 3384 1649 3453 creavi,
1682 3383 1779 3455 qui
1807 3387 1863 3438 te
1879 3382 2049 3449 adivi,

412 3484 469 3534 et
515 3479 864 3535 communivi
907 3480 1145 3534 dextera
1184 3496 1333 3534 mea.
1377 3480 1442 3534 Et
1474 3477 1751 3533 unitatem
1789 3476 1967 3533 Patris
1998 3458 2064 3531 et.

411 3574 538 3629 Filii
587 3574 881 3645 assignans
917 3573 1174 3646 loquitur
1213 3573 1450 3628 dicens:
1481 3574 1599 3644 Ego
1641 3573 1802 3627 testis
1844 3575 2049 3641 vester,

409 3667 546 3724 dicit
593 3667 866 3723 Dominus
912 3669 1077 3738 Deus,
1127 3670 1186 3722 et
1232 3683 1376 3739 puer
1418 3683 1581 3722 meus
1622 3671 1685 3722 tu
1723 3682 1897 3739 quem
1942 3682 2051 3737 ego

412 3760 579 3833 elegi,
612 3765 674 3815 ut
702 3761 889 3816 sciatis
937 3766 994 3816 et
1040 3761 1287 3817 credatis
1312 3760 1450 3833 quia
1480 3777 1589 3831 ego
1622 3776 1771 3829 sum,
1799 3764 1933 3833 ante
1960 3776 2054 3815 me

410 3826 532 3910 non
565 3826 685 3909 fuit
727 3855 870 3909 alius
920 3856 1085 3923 Deus,
1126 3860 1184 3909 et
1223 3826 1350 3926 post
1386 3871 1480 3909 me
1517 3826 1636 3910 non
1673 3826 2049 4003 eritiUnum,

410 3948 699 4003 hasretice.
727 3947 873 4003 elige
918 3964 948 4003 e
982 3948 1201 4003 duobus
1231 3964 1244 4002 :
1273 3952 1372 4002 aut
1395 3948 1572 4003 fatere
1614 3949 1778 4003 Patre
1876 3952 1933 4003 et
1962 3948 2049 4002 Fi-

410 3948 699 4017 hceretice,
727 3947 873 4019 elige
918 3964 948 4003 e
982 3948 1201 4003 duobus
1231 3964 1244 4002 :
1273 3952 1372 4002 aut
1395 3948 1572 4003 fatere
1614 3947 1843 4003 Patrem
1876 3952 1933 4003 et
1962 3948 2050 4002 Fi-

412 4042 555 4096 lium
578 4057 757 4094 unum
783 4043 999 4111 Deum;
1046 4044 1145 4094 aut
1174 4040 1219 4093 si
1248 4040 1433 4095 solum
1474 4042 1700 4095 Patrem
1725 4042 1905 4096 Deum
1934 4058 2054 4097 esse

412 4132 733 4199 contendis,
768 4118 1056 4205 ergo‘tibi
1098 4133 1370 4189 Dominus
1417 4135 1561 4190 Deus
1604 4134 1760 4189 Iesus
1801 4134 2055 4191 Christus

413 4227 511 4284 Dei
539 4226 711 4283 Filius
740 4243 856 4283 non
884 4227 991 4284 erit
1018 4230 1184 4295 Deus,
1215 4227 1349 4299 quia
1385 4228 1661 4300 scriptum
1689 4232 1775 4284 est
1802 4245 1816 4283 :
1851 4250 1878 4279 «
1905 4230 2053 4285 Ante

413 4338 507 4376 me
540 4337 656 4376 non
696 4320 805 4376 fuit
847 4321 991 4377 alius
1035 4323 1200 4391 Deus,
1247 4326 1304 4377 et
1339 4325 1469 4394 post
1503 4338 1596 4377 me
1639 4339 1754 4377 non
1782 4323 1909 4378 erit.
1937 4343 1965 4372 »
1998 4324 2050 4379 Si

412 4415 727 4471 secundum
750 4418 807 4470 te
830 4415 905 4470 ita
924 4419 1029 4485 est,
1070 4432 1171 4470 cur
1203 4416 1505 4487 Apostolus
1533 4416 1667 4471 talia
1695 4416 1970 4488 praedicat
1997 4421 2055 4472 et

413 4510 680 4566 eumdem
712 4509 917 4565 Filium
936 4512 1115 4565 Deum
1148 4526 1319 4583 super
1343 4510 1540 4566 omnia
1563 4510 1933 4567 benedictum
1959 4511 2050 4565 in-

2145 1980 2423 2038 Dominus
2449 1980 2599 2034 solus
2626 1978 2942 2034 deducebat
2980 1992 3097 2045 eos,
3130 1978 3189 2029 et
3226 1990 3342 2028 non
3377 1973 3485 2027 fuit
3510 1987 3645 2026 cum
3677 1970 3798 2026 illis

2149 2075 2286 2130 deus
2335 2073 2572 2128 alienus.
2623 2073 2691 2127 Et
2737 2070 2946 2126 Paulus
2989 2068 3277 2140 apostolus
3312 2084 3325 2121 :
3368 2087 3396 2116 ‹‹
3438 2067 3593 2121 Unus
3640 2065 3797 2119 Deus

2148 2168 2248 2239 qui
2268 2167 2544 2239 justiﬁcat
2589 2164 3080 2221 circumcisionem
3113 2179 3181 2217 ex
3209 2160 3322 2215 ﬁde
3350 2163 3408 2215 et
3438 2158 3794 2231 praeputium

2146 2278 2249 2335 per
2275 2260 2445 2316 ﬁdem
2477 2259 2647 2332 (Rom.
2673 2276 2753 2326 ιιι,
2783 2261 2891 2329 30).
2923 2277 2951 2309 ι)
2981 2259 3048 2312 Et
3079 2256 3152 2310 ad
3178 2253 3499 2311 Corinthios
3529 2272 3543 2309 ε
3581 2275 3609 2303 ‹‹
3640 2255 3796 2308 Deus

2148 2360 2270 2411 erat
2300 2356 2359 2410 in
2404 2355 2626 2411 Christo
2670 2353 2953 2408 mundum
2993 2348 3364 2406 reconcilians
3407 2347 3513 2402 sibi
3559 2347 3632 2417 (Π
3665 2347 3797 2402 Cor.

2148 2467 2203 2520 v,
2235 2449 2341 2519 19).
2368 2470 2395 2498 »
2429 2450 2497 2503 Et
2535 2448 2746 2503 iterum
2778 2464 2791 2501 :
2830 2469 2857 2495 «
2887 2447 3011 2501 Non
3057 2447 3144 2498 est
3188 2445 3352 2510 Deus,
3397 2440 3509 2496 nisi
3559 2457 3735 2495 unus.
3770 2460 3795 2491 ιι

2150 2545 2215 2599 Et
2240 2542 2309 2598 ad
2333 2543 2556 2597 Galatas
2586 2560 2600 2596 :
2632 2561 2659 2593 ‹‹
2686 2540 2961 2597 Mediator
2979 2543 3172 2593 autem
3192 2536 3362 2591 unius
3383 2551 3497 2590 non
3518 2537 3620 2601 est,
3644 2536 3800 2590 Deus

2149 2639 2344 2691 autem
2374 2651 2524 2690 unus
2569 2638 2655 2689 est
2694 2634 2839 2705 (Gal.
2868 2649 2949 2699 ιιι,
2979 2633 3087 2701 30).
3121 2651 3148 2680 η
3188 2632 3257 2685 Et
3291 2628 3571 2684 unitatem
3612 2627 3803 2683 Patris

2152 2734 2210 2785 et
2261 2729 2384 2784 Filii
2437 2734 2493 2784 et
2536 2728 2778 2800 Spiritus
2823 2726 3006 2782 sancti
3066 2727 3486 2791 demonstrans,
3537 2721 3803 2795 Ephesiis

2150 2824 2423 2893 scribens,
2475 2823 2552 2878 ita
2594 2821 2896 2877 conﬁrmat
2930 2837 2942 2875 :
2980 2840 3007 2872 «
3055 2819 3397 2876 Suﬂ‘erentes
3436 2816 3681 2872 invicem
3731 2817 3799 2871 in

2151 2918 2426 2972 charitate
2476 2915 2699 2971 solliciti
2733 2931 2958 2969 servare
3003 2914 3278 2970 unitatem
3312 2911 3543 2985 spiritus
3577 2909 3636 2965 in
3664 2910 3796 2965 vin-

2151 3012 2276 3066 culo
2328 3011 2499 3083 pacis,
2553 3025 2729 3064 unum
2776 3025 2982 3080 corpus
3033 3010 3092 3062 et
3139 3023 3286 3062 unus
3339 3005 3587 3078 spiritus,
3648 3003 3803 3059 sicut

2151 3105 2327 3161 vocati
2373 3105 2507 3159 estis
2555 3105 2615 3159 in
2672 3119 2790 3159 una
2847 3119 2946 3173 spe
3001 3101 3319 3158 vocationis
3373 3102 3593 3168 vestrae,
3640 3115 3802 3154 unus

2154 3198 2447 3266 Dominus,
2493 3214 2609 3253 una
2650 3198 2811 3265 ﬁdes,
2860 3212 3040 3251 unum
3094 3195 3398 3268 baptisma,
3446 3211 3593 3249 unus
3640 3195 3802 3249 Deus

2155 3293 2371 3365 (Ephes.
2403 3310 2476 3361 Iv,
2506 3293 2579 3363 3).
2612 3314 2638 3342 ››
2673 3291 2728 3346 Si
2757 3290 2910 3345 enim
2939 3289 3192 3362 praedicti
3233 3288 3485 3344 haeretici
3513 3288 3796 3344 unitatem

2153 3387 2283 3442 fidei
2324 3386 2609 3441 voluerint
2640 3385 2885 3457 simplici
2917 3385 3084 3440 corde
3114 3383 3394 3456 recipere,
3424 3399 3489 3437 ex
3532 3383 3639 3437 hoc
3671 3383 3799 3454 jam

2152 3481 2475 3536 testimonio
2521 3480 2578 3535 in
2626 3496 2741 3534 uno
2778 3478 2982 3551 spiritu
3027 3481 3267 3550 possunt
3306 3477 3473 3532 simul
3510 3476 3695 3531 Patris
3740 3479 3805 3530 et

2152 3575 2277 3629 Filii
2304 3574 2584 3629 unitatem
2615 3573 2968 3629 condiscere.
3010 3574 3236 3627 Patrem
3283 3571 3461 3642 igitur
3505 3573 3568 3625 ut
3597 3570 3706 3642 ipsi
3737 3587 3802 3626 se

2155 3668 2352 3723 dicunt
2392 3668 2675 3723 invenisse
2710 3668 2768 3722 in
2812 3666 3017 3722 divinis
3060 3665 3263 3721 litteris
3305 3664 3632 3736 ingenitum
3663 3680 3798 3735 pro-

2152 3763 2275 3833 prie
2307 3761 2552 3834 positum
2596 3777 2700 3817 nec
2742 3761 2935 3832 legere
2967 3764 3205 3832 possunt
3231 3759 3481 3831 penitus,
3526 3775 3632 3814 nec
3661 3775 3798 3830 pro-

2154 3857 2287 3911 bare
2343 3873 2356 3911 :
2419 3856 2520 3911 sed
2574 3855 2707 3927 quia
2761 3854 3009 3926 idipsum
3059 3853 3200 3909 ﬁdes
3253 3852 3433 3925 exigit
3480 3851 3805 3909 Christiana

2154 3950 2368 4022 absque
2426 3950 2545 4004 ulla
2597 3948 2957 4004 dubitatione
3011 3947 3303 4019 ingenitus
3351 3946 3635 4014 creditur,
3700 3948 3801 4019 qui

2154 4050 2347 4099 tamen
2376 4043 2691 4098 secundum
2730 4042 2940 4097 seriem
2972 4042 3392 4114 Scripturarum
3421 4040 3483 4095 in
3513 4040 3651 4096 Filio
3678 4058 3712 4095 a
3739 4057 3802 4095 se

2155 4138 2349 4209 genito
2375 4137 2525 4192 visus
2547 4152 2669 4191 esse
2700 4139 3074 4191 monstratur.
3105 4135 3403 4207 Apostolus
3428 4150 3562 4190 vero
3587 4136 3804 4190 Paulus

2155 4231 2489 4286 missionem
2533 4229 2657 4285 Filii
2708 4230 2803 4285 Dei
2842 4229 2901 4285 in
2953 4229 3162 4301 Spiritu
3209 4234 3403 4284 sancto
3446 4229 3618 4300 longe
3663 4233 3801 4284 ante

2155 4324 2527 4397 conspiciens,
2562 4326 2833 4380 Romana:
2874 4323 3136 4379 Ecclesiae
3168 4322 3416 4378 scribens
3459 4323 3581 4377 haec
3621 4326 3800 4377 testa-

2157 4424 2245 4474 tus
2270 4423 2355 4475 est
2392 4418 2584 4474 dicens
2617 4436 2629 4473 :
2663 4440 2691 4468 «
2723 4418 2881 4483 Quod
2918 4417 3071 4473 enim
3115 4416 3465 4489 impossibile
3506 4421 3630 4471 erat
3658 4417 3802 4488 legi,

2153 4514 2213 4567 in
2273 4529 2389 4585 quo
2452 4511 2854 4568 inﬁrmabatur
2907 4528 3011 4583 per
3062 4528 3329 4579 carnem,
3384 4513 3530 4567 Deus
3590 4511 3803 4566 Filium

415 4603 649 4660 sinuat?
679 4626 706 4655 ‹‹
738 4605 991 4668 Quorum
1016 4608 1226 4676 patres,
1248 4604 1454 4676 inquit,
1472 4620 1541 4659 ex
1566 4604 1773 4676 quibus
1797 4603 2130 4677 ChristusD
2154 4623 2321 4662 suum
2357 4606 2514 4661 misit
2550 4606 2608 4661 in
2654 4605 3088 4661 similitudinem
3137 4605 3322 4661 carnis
3365 4604 3600 4677 peccati,
3630 4608 3688 4660 et
3727 4606 3803 4661 de

414 4698 730 4754 secundum
761 4714 1016 4766 carnem,
1049 4698 1146 4770 qui
1178 4703 1263 4754 est
1286 4714 1457 4770 super
1484 4699 1673 4754 omnia
1699 4701 1847 4754 Deus
1874 4699 2050 4755 bene-

413 4791 596 4847 dictus
632 4792 691 4848 in
738 4792 947 4847 saecula
985 4794 1151 4862 (Rom.
1183 4809 1256 4862 ιιι,
1297 4794 1368 4864 5).
1410 4813 1438 4843 »
1479 4795 1621 4849 Item
1660 4793 1833 4849 Isaias
1868 4793 2005 4849 dicit
2038 4811 2049 4848 :

412 4886 686 4941 Dominus
729 4887 878 4941 Deus
920 4886 1111 4953 Israel,
1151 4886 1254 4958 qui
1297 4886 1560 4942 liberabit
1608 4903 1740 4942 eum
1789 4888 2049 4960 Egypto.

414 4982 530 5051 Ego
558 4998 684 5036 sum
716 4980 936 5052 primus
965 4984 1023 5036 et
1047 4997 1157 5054 ego
1179 4985 1305 5053 post
1331 4981 1472 5049 haec,
1496 4984 1554 5035 et
1579 4986 1790 5053 praeter
1818 4998 1911 5037 me
1940 4999 2052 5037 non

414 5078 499 5128 cst
522 5076 667 5129 Deus
686 5074 830 5129 sicut
847 5091 956 5146 ego
979 5090 1105 5130 sum
1136 5075 1235 5147 qui
1269 5077 1400 5144 stet,
1422 5083 1478 5130 et
1502 5079 1666 5130 vocet
1690 5078 1745 5130 et
1772 5080 2057 5147 praeparet

416 5167 562 5221 mihi
593 5183 658 5223 ex
694 5183 809 5239 quo
840 5157 1132 5224 Hominem
1170 5168 1280 5223 feci
1322 5168 1381 5223 in
1422 5169 1717 5224 saeculum.
1755 5170 1893 5225 Item
1927 5170 2002 5224 ibi
2038 5187 2050 5225 :

417 5264 523 5315 Iste
555 5266 639 5315 est
666 5263 813 5316 Deus
842 5266 898 5317 et
926 5263 1339 5333 nesciebamus,
1370 5263 1539 5333 Deus,
1569 5267 1628 5318 et
1657 5280 1771 5317 non
1798 5267 1886 5319 est
1911 5263 2055 5319 alius

415 5355 554 5409 deus
582 5359 793 5427 prmter
834 5359 909 5411 te.
956 5357 1036 5411 Tu
1069 5357 1226 5412 enim
1265 5373 1323 5412 es
1364 5359 1509 5412 Deus
1538 5362 1595 5413 et
1635 5357 2052 5427 nesciebamus,

414 5452 561 5504 Deus
591 5449 763 5504 Israel
794 5450 1041 5505 salvator
1080 5468 1230 5506 unus
1260 5454 1425 5507 Deus.
1469 5453 1592 5507 Non
1634 5456 1769 5508 sunt
1796 5453 1965 5507 Pater
2000 5456 2057 5507 et

416 5543 587 5597 Filius
617 5542 719 5613 dii,
750 5544 881 5614 quia
921 5547 1007 5598 est
1044 5545 1191 5600 Deus
1225 5545 1284 5600 in
1326 5561 1440 5617 quo
1479 5562 1601 5601 esse
1639 5546 1845 5601 dicitur
1870 5549 2051 5616 Deus;

415 5642 624 5707 praeter
647 5637 821 5691 alium
846 5639 1025 5691 Deum
1058 5654 1175 5692 non
1205 5656 1325 5693 esse
1354 5640 1629 5711 prOpheta
1657 5656 2056 5711 saepenumero

415 5733 783 5800 protestetur.
821 5732 889 5785 Et
914 5730 1193 5785 Ieremias
1227 5748 1240 5785 :
1277 5753 1304 5782 ‹‹
1330 5732 1427 5786 Hic
1452 5734 1595 5787 Deus
1623 5737 1836 5799 noster,
1870 5733 1968 5802 ait,
2000 5738 2058 5788 et

417 5838 534 5876 non
563 5822 941 5892 applicabitur
980 5823 1123 5878 alter
1158 5824 1229 5878 ad
1258 5840 1410 5894 eum,
1440 5826 1538 5895 qui
1574 5826 1791 5882 invenit
1817 5842 2055 5882 omnem

421 5913 673 5967 scientia:
723 5913 893 5979 viam,
927 5921 983 5969 et
1025 5916 1179 5972 dedit
1223 5932 1351 5971 eam
1403 5917 1571 5972 Iacob
1615 5936 1796 5990 puero
1850 5937 1951 5975 suo
2002 5924 2057 5976 ct

2156 4705 2387 4773 peccato
2429 4699 2720 4755 damnavit
2762 4703 3059 4771 peccatum
3097 4699 3156 4755 in
3202 4715 3398 4765 carne,
3458 4702 3520 4754 ut
3570 4699 3801 4770 justitia

2154 4794 2297 4866 legis
2327 4794 2665 4866 impleretur
2702 4794 2869 4864 (Rom.
2909 4810 3029 4863 vm,
3063 4792 3136 4865 3).
3168 4812 3195 4845 »
3226 4793 3496 4849 Cemisne
3524 4793 3800 4865 quoniam

2156 4888 2328 4944 Filius
2358 4906 2473 4943 non
2504 4887 2823 4944 secundum
2854 4886 3124 4943 deitatem
3167 4904 3202 4942 a
3248 4889 3411 4942 Patre
3450 4887 3659 4943 missus
3688 4890 3797 4957 est,

2156 4983 2249 5039 sed
2281 4983 2595 5039 secundum
2632 4998 2886 5051 carnem,
2919 4997 3092 5053 quam
3122 4980 3438 5037 clementer
3462 4984 3518 5036 et
3560 4981 3653 5053 pie
3689 4998 3797 5053 pro

2156 5077 2317 5132 nobis
2360 5093 2651 5132 assumere
2705 5092 2824 5131 non
2878 5076 3223 5147 dedignatus
3277 5079 3381 5132 est.
3438 5076 3577 5131 Nam
3636 5075 3791 5147 quod

2157 5170 2529 5242 semetipsum
2556 5168 2848 5225 exinanita
2863 5169 3177 5241 majestatis
3199 5185 3316 5224 suae
3344 5168 3619 5241 potentia,
3640 5169 3797 5225 idem

2157 5284 2215 5320 se
2268 5265 2441 5320 Filius
2491 5264 2733 5332 miserit,
2790 5263 3090 5335 Apostolus
3140 5266 3493 5320 contestatur
3537 5263 3737 5318 dicens
3781 5280 3794 5318 :

2162 5383 2187 5409 ‹‹
2225 5359 2608 5431 Semetipsum
2650 5357 2964 5414 exinanivit
3004 5357 3254 5414 formam
3300 5358 3445 5413 servi
3489 5356 3794 5429 accipiens,

2157 5453 2482 5508 humiliavit
2525 5452 2897 5524 semetipsum
2942 5452 3126 5508 factus
3174 5452 3448 5508 obediens
3500 5467 3681 5523 usque
3731 5452 3800 5507 ad

2157 5550 2423 5617 mortem,
2465 5551 2711 5602 mortem
2760 5550 2952 5602 autem
2990 5546 3172 5602 crucis
3218 5545 3478 5617 (Philipp.
3529 5561 3591 5613 ιι,
3639 5546 3715 5615 7).
3772 5563 3800 5596 ι)

2157 5642 2225 5697 Et
2266 5640 2433 5695 Isaias
2464 5657 2477 5694 :
2512 5641 2633 5694 Non
2680 5640 2923 5711 legatus,
2969 5655 3159 5711 neque
3202 5639 3476 5711 angelus,
3533 5638 3632 5693 sed
3681 5638 3806 5709 ipse

2157 5734 2431 5790 Dominus
2460 5733 2668 5802 veniet,
2717 5737 2776 5788 et
2817 5734 3055 5790 salvabit
3098 5750 3215 5789 eos.
3264 5735 3407 5789 Item
3448 5732 3574 5788 ibi:
3608 5732 3803 5787 Palam

2157 5828 2393 5900 apparui
2420 5844 2537 5883 non
2571 5827 2962 5898 quaerentibus
3000 5845 3115 5884 me.
3144 5830 3212 5885 Et
3230 5826 3289 5882 in
3313 5827 3601 5883 Ieremia:
3635 5828 3806 5881 Dere-

2158 5920 2298 5993 quui
2329 5921 2565 5977 domum
2599 5937 2805 5989 meam,
2842 5922 3032 5977 dimisi
3061 5920 3461 5980 haereditatem
3500 5936 3717 5990 meam,
3748 5926 3804 5975 et
