4040 6308
208 359 330 416 1081

1447 352 1914 416 DECRETALIUM
1953 361 2336 417 COLLECTIO.

3439 363 3570 420 l08'2

201 470 354 538 veni,
383 472 440 523 et
467 470 646 523 factus
692 485 817 522 sum
850 468 958 523 illis
1005 469 1065 523 in
1106 469 1500 540 opprobrium.
1551 472 1615 525 Et
1651 471 1708 524 in
1735 470 1835 525 Mi-
1859 484 2101 555 Auens,
2145 471 2359 542 ubique
2413 471 2668 541 potentia
2717 486 2819 526 sua
2863 470 3134 537 consistit,
3184 471 3278 526 ubi
3331 488 3363 525 a
3412 474 3574 526 Patre

199 564 356 617 chcea
403 580 414 616 :
461 564 604 616 Ecce
655 562 930 616 Dominus
970 562 1180 632 veniet,
1223 567 1278 618 et
1325 563 1841 618 commovebuntur

204 661 430 711 montes
475 656 579 710 sub
612 673 700 710 eo.
746 657 812 710 Et
836 656 894 710 in
925 657 1192 711 Zacharia
1223 673 1235 710 :
1267 656 1462 711 Gaude
1501 659 1559 711 et
1607 657 1839 723 exsulta,

201 751 321 805 tilia
349 751 505 818 Sion,
541 750 678 821 quia
724 767 852 804 ecce
886 767 992 821 ego
1020 751 1208 817 venio,
1242 755 1298 806 et
1337 751 1739 805 commorabor
1781 751 1841 804 in

201 845 395 898 medio
443 845 546 911 tui,
582 843 718 898 dicit
765 844 1054 899 Dominus.
1097 846 1162 899 Et
1202 844 1499 914 Apostolus
1540 845 1609 898 ad
1652 844 1840 898 Timo-

199 939 402 992 theum
436 955 449 992 :
484 961 510 988 ‹‹
543 937 749 992 Fidelis
776 955 961 992 sermo
989 941 1045 992 et
1071 939 1229 993 omni
1260 939 1582 1009 acceptione
1611 937 1837 1009 dignus,

199 1033 337 1104 quia
364 1034 523 1087 Jesus
553 1032 808 1087 Christus
835 1033 990 1087 venit
1019 1032 1077 1086 in
1115 1032 1269 1087 hunc
1309 1033 1595 1086 mundum
1636 1048 1834 1103 pecca-

201 1133 354 1182 tores
399 1127 578 1180 salvos
623 1126 811 1179 facere
841 1129 888 1195 (Ι
931 1128 1063 1180 Tim.
1115 1143 1150 1193 1,
1191 1128 1294 1194 l5).
1325 1147 1353 1174 »
1383 1127 1448 1180 Et
1491 1125 1833 1180 Malachias:

204 1243 231 1271 ι(
260 1221 402 1275 Ecce
429 1219 618 1274 subito
649 1221 837 1274 veniet
876 1219 935 1274 in
973 1220 1185 1291 templo
1213 1236 1315 1274 suo
1346 1219 1632 1288 Dominus,
1662 1235 1836 1290 quem

199 1331 300 1369 vos
328 1313 603 1386 quaeritis,
639 1319 696 1369 et
735 1314 972 1386 angelus
1008 1313 1353 1382 testamenti,
1387 1329 1557 1384 quem
1586 1330 1682 1367 vos
1710 1312 1834 1367 vul-

199 1409 271 1462 tis
317 1381 577 1480 (llfalach.
623 1424 700 1473 111,
749 1381 1006 1478 l).—»\Et
1053 1407 1113 1462 in
1156 1381 1456 1478 Evangelio
1487 1423 1500 1460 :
1535 1407 1657 1461 Non
1708 1405 1836 1460 veni

196 1518 401 1557 vocare
428 1502 635 1572 justos,
665 1501 762 1556 sed
791 1504 1114 1572 peccatores
1142 1501 1201 1555 in
1238 1499 1593 1571 poenitentia.
1626 1502 1835 1554 lterum

199 1597 273 1650 ibi
306 1613 319 1650 :
354 1616 381 1647 (ι
418 1595 569 1660 Quid
600 1594 761 1650 nobis
790 1600 845 1650 et
871 1595 1006 1665 quid
1038 1594 1160 1661 tibi,
1193 1596 1323 1649 .lesu
1355 1594 1452 1648 Fili
1487 1594 1609 1662 Dei,
1632 1593 1834 1648 venisti

197 1694 330 1744 ante
359 1695 591 1761 tempus
620 1688 861 1759 perdere
908 1690 1058 1743 nos?
1098 1688 1313 1759 (Matth.
1343 1704 1460 1754 vm,
1493 1689 1600 1757 29.)
1636 1708 1662 1736 »
1695 1689 1833 1742 Item

199 1784 273 1837 ibi
300 1801 313 1838 :
341 1805 369 1832 ‹‹
402 1783 569 1837 Venit
593 1782 742 1836 filius
772 1781 1020 1836 hominis
1043 1799 1301 1854 quaerere
1330 1785 1385 1836 et
1411 1782 1627 1836 salvum
1648 1781 1832 1835 facere

1940 565 2268 619 mitteretur
2291 565 2527 620 omnino
2560 582 2673 618 non
2721 565 2939 620 habuit.
2972 565 3190 620 Scimus
3231 566 3387 620 enim
3429 583 3569 636 quo-

1942 657 2092 711 niam
2115 658 2270 711 nulla
2289 675 2422 729 pars
2443 659 2713 713 coelorum
2736 675 2800 712 ac
2823 663 2986 714 terrm
3010 675 3043 712 a
3065 662 3372 730 conspectu
3395 660 3573 713 Patris

1941 749 2236 820 excipitur,
2271 751 2365 804 ubi
2411 752 2722 806 secundum
2768 768 2865 806 eos
2898 769 2930 805 a
2967 754 3132 807 Patre
3174 753 3342 806 Filius
3378 752 3570 807 mitte-

1939 848 2113 898 retur.
2135 842 2326 916 269
2351 844 2580 899 Interim
2596 862 2731 899 vero
2752 845 2848 899 det
2866 861 3126 916 operam,
3142 849 3421 917 quantum
3449 847 3568 900 ﬁeri

1939 939 2145 1007 potest,
2173 941 2273 992 tua
2302 938 2550 1008 dilectio,
2582 944 2642 993 ut
2667 939 2934 993 omnibus
2964 939 3222 994 Ecclesiae
3248 939 3376 994 ﬁliis
3400 940 3568 998 inno-

1937 1034 2132 1096 tescat,
2197 1031 2332 1101 quid
2399 1035 2594 1086 contra
2654 1033 2898 1104 impium
2973 1049 3204 1088 sensum
3252 1033 3569 1088 secundum

1939 1124 2330 1195 Evangelicam
2357 1125 2672 1181 doctrinam
2699 1129 2755 1180 et
2775 1125 3142 1198 apostolicam
3169 1127 3565 1198 praedicemus,

1937 1217 2074 1288 quia
2124 1218 2254 1272 licet
2306 1220 2476 1290 plene
2523 1235 2648 1290 qua:
2691 1235 2917 1291 semper
2961 1220 3161 1275 fuisset
3205 1225 3375 1292 atque
3423 1228 3570 1276 esset

1938 1311 2344 1366 catholicorum
2394 1313 2672 1368 sententia
2723 1314 3133 1385 scripserimus,
3177 1320 3371 1369 tamen
3416 1331 3568 1369 nunc

1939 1421 2169 1476 quoque
2186 1405 2258 1460 ad
2275 1407 2689 1462 confirmandas
2705 1407 2966 1462 omnium
2983 1411 3205 1463 mentes
3226 1425 3340 1461 non
3361 1425 3567 1479 parum

1937 1499 2351 1554 exhortationis
2397 1500 2675 1556 addimus.
2719 1503 2932 1556 Memor
2974 1501 3129 1556 enim
3173 1518 3301 1556 sum
3331 1518 3423 1556 me
3464 1502 3567 1557 sub

1937 1592 2086 1646 illius
2128 1593 2364 1648 nomine
2410 1594 2672 1649 Ecclesiae
2713 1595 3040 1666 przesidere,
3069 1595 3230 1665 cujus
3266 1613 3299 1649 a
3330 1595 3566 1650 Domino

1934 1686 2064 1740 Jesu
2091 1686 2313 1742 Christo
2354 1690 2440 1741 est
2481 1688 2793 1759 glorificata
2832 1688 3124 1754 confessio,
3153 1693 3209 1743 et
3239 1689 3396 1760 cujus
3426 1689 3567 1743 ﬁdes

1937 1795 2138 1833 omnes
2185 1780 2420 1851 quidem
2461 1782 2708 1835 haereses
2755 1780 3014 1848 destruit,
3049 1781 3150 1835 sed
3177 1781 3424 1837 maxime
3457 1782 3565 1837 im-

195 1877 351 1948 quod
401 1877 648 1947 perierat
677 1876 824 1945 (Luc.
859 1892 976 1946 XIX,
1008 1875 1115 1947 l0).
1148 1898 1174 1923 ››
1206 1877 1341 1931 Item
1387 1875 1462 1929 ibi
1495 1892 1507 1929 :
1539 1877 1659 1946 Ego
1703 1857 1907 1929 veniB
1932 1872 2202 1942 pietatem
2249 1875 2544 1944 praesentis
2591 1875 2802 1929 erroris
2849 1881 3163 1946 expugnat;
3211 1878 3270 1930 et
3312 1874 3567 1946 intelligo

198 1975 257 2024 ut
285 1971 466 2025 vitam
494 1970 761 2039 habeant,
793 1974 848 2024 et
875 1975 938 2024 ut
979 1969 1363 2024 abundantius
1391 1969 1657 2023 habeant.
1693 1969 1828 2022 [tem

195 2065 270 2119 ibi
302 2082 314 2118 :
348 2086 376 2113 «
405 2066 588 2119 Nemo
626 2064 875 2118 ascendit
917 2063 973 2118 in
1004 2064 1209 2118 coelum
1255 2063 1365 2116 nisi
1409 2062 1507 2134 qui
1539 2061 1832 2116 descendit

197 2159 266 2212 de
311 2158 477 2226 ccelo,
511 2158 660 2211 illius
705 2157 957 2212 hominis
1002 2156 1100 2228 qui
1143 2159 1227 2210 est
1265 2157 1323 2210 in
1370 2157 1507 2210 coelo
1535 2156 1711 2226 (Joan.
1747 2172 1825 2220 ιιι,

199 2255 303 2323 l3).
338 2275 364 2301 »
396 2251 667 2322 Nunquid
697 2252 757 2305 in
794 2251 884 2306 his
929 2251 1101 2305 tantis
1131 2257 1194 2304 "ac
1223 2250 1430 2304 talibus
1469 2249 1830 2316 testimoniis,

195 2347 408 2417 quibus
446 2362 506 2400 se
547 2345 716 2399 Filius
761 2345 854 2400 Dei
907 2363 938 2398 a
985 2344 1286 2415 semetipso
1331 2344 1547 2399 venisse
1593 2347 1830 2398 testatus

193 2444 296 2506 est,
331 2441 540 2512 poteris
584 2439 770 2494 dicere
820 2441 891 2494 ab
935 2439 1044 2493 alio
1087 2442 1143 2494 et
1188 2456 1303 2493 non
1336 2457 1368 2492 a
1404 2438 1704 2509 semetipso
1733 2455 1827 2491 ve-

192 2536 361 2589 nisse.
400 2535 543 2588 Dum
590 2533 961 2589 manifestum
1005 2538 1091 2588 est
1139 2549 1270 2588 eum
1317 2533 1413 2604 qui
1447 2549 1676 2586 carnem
1725 2548 1826 2585 no-

192 2633 371 2683 stram
426 2628 730 2699 dignanter
779 2627 1081 2702 assumpsit
1125 2627 1442 2682 voluntarie
1495 2631 1551 2680 et
1598 2643 1713 2680 non
1759 2625 1827 2678 ab

193 2723 304 2778 alio
369 2722 574 2776 missus
627 2707 1150 2790 advenerit/Nam
1205 2721 1302 2791 qui
1356 2720 1416 2774 in
1481 2721 1641 2773 Patre
1703 2735 1823 2772 ma-

1931 1966 2094 2021 aliter
2137 1966 2280 2020 mihi
2326 1984 2444 2021 non
2487 1968 2684 2037 licere,
2732 1985 2907 2038 quam
2965 1973 3027 2021 ut
3083 1985 3284 2023 omnes
3334 1974 3566 2024 conatus

1930 2075 2087 2113 meos
2131 2059 2182 2113 ei
2225 2076 2411 2114 causae
2459 2060 2517 2114 in
2563 2077 2674 2132 qua
2718 2059 3050 2114 universalis
3103 2062 3367 2116 Ecclesiae
3413 2062 3566 2116 salus

1929 2153 2245 2219 infestatur,
2262 2153 2620 2224 impendam.
2635 2155 2712 2209 Ne
2730 2157 2924 2208 autem
2937 2154 3173 2225 alicujus
3191 2156 3562 2226 negligentiae

1933 2247 2225 2302 occasione
2269 2248 2475 2318 scripta
2502 2251 2693 2302 nostra
2728 2248 2797 2303 ad
2826 2265 2922 2303 vos
2953 2265 3068 2303 non
3099 2249 3393 2320 potuerint
3432 2265 3558 2320 pcr-

1931 2341 2142 2410 venire,
2172 2343 2229 2396 et
2254 2342 2602 2412 exemplaria
2647 2359 2848 2397 eorum
2881 2359 3033 2397 nunc
3069 2343 3349 2397 mittenda
3379 2343 3562 2398 credi-

1930 2452 2076 2500 mus,
2111 2438 2175 2488 ut
2203 2435 2534 2489 nullomodo
2572 2435 2705 2491 ﬁdei
2747 2453 2921 2507 quam
2953 2437 3312 2491 defendimus
3356 2438 3561 2507 praedi-

1931 2529 2071 2582 catio
2104 2532 2302 2582 vestrae
2354 2529 2628 2583 doctrinas
2672 2529 2884 2584 notitiae
2933 2530 3322 2584 subtrahatur.
3355 2533 3490 2585 Data
3531 2549 3561 2584 v

1929 2623 2070 2676 Non.
2099 2621 2247 2691 Maii,
2275 2625 2491 2677 Joanne
2518 2624 2750 2677 Narsete
2776 2625 2840 2676 ιν
2873 2623 3216 2678 consulibus.

747 3064 1320 3157 INCIPIUNT
1427 3064 1825 3156 DECRE’.

1927 3101 1949 3154 ι
2063 3062 2110 3154 J
2119 3060 2432 3155 OANN
2442 3061 2542 3155 IS
2648 3061 3013 3154 ΡΑΡλίΕ.

259 3374 496 3428 JOANNES
540 3370 855 3442 episcopus,
893 3371 1169 3426 universis
1214 3371 1490 3443 episcopis
1537 3387 1640 3442 per
1681 3372 1895 3458 Ger-C
1923 3368 3556 3441 nullusdonumSpiritussanctipermanusimpositionem

191 3466 401 3520 mania:
448 3471 506 3521 et
546 3466 737 3521 Galliae
768 3466 1083 3537 provincias
1113 3465 1448 3532 constitutis,
1484 3466 1541 3519 in
1574 3465 1818 3519 Domino

189 3561 458 3615 salutem.
475 3561 812 3630 Optavcram
835 3561 1140 3632 siquidem,
1162 3559 1499 3628 charissimi,
1519 3576 1622 3630 pro
1641 3559 1822 3612 nostri

187 3655 470 3709 charitate
501 3654 724 3726 collegii
767 3671 968 3709 omnes
997 3654 1226 3709 Domini
1263 3654 1589 3709 sacerdotes
1619 3653 1676 3706 in
1711 3670 1820 3706 una

186 3749 493 3803 devotione
521 3749 838 3819 persistere,
862 3765 965 3803 nec
992 3765 1368 3821 quemquam,
1393 3748 1677 3820 prohibita
1699 3764 1819 3818 gra-

187 3843 284 3910 tia,
313 3845 414 3896 aut
454 3843 648 3897 favore
693 3843 1055 3897 sacerdotum
1105 3843 1327 3911 sectari,
1359 3848 1457 3897 aut
1490 3859 1523 3896 a
1545 3842 1636 3896 via
1669 3847 1820 3897 recta

188 3936 508 4003 discedere;
541 3942 597 3991 et
621 3953 949 4009 quanquam
995 3938 1296 3992 credamus
1335 3937 1692 3992 dilectionem
1725 3953 1817 3989 ve-

188 4036 366 4085 stram
385 4031 457 4085 ad
480 4047 652 4086 omne
679 4049 821 4102 opus
845 4032 1062 4086 bonum
1090 4047 1209 4086 esse
1236 4035 1517 4102 paratam,
1539 4035 1604 4086 ut
1626 4035 1818 4085 tamen

187 4124 475 4180 efﬁcacior
518 4125 636 4192 ﬁat,
671 4142 992 4196 congruum
1040 4126 1199 4180 nobis
1245 4125 1425 4178 visum
1478 4130 1579 4194 est,
1617 4124 1820 4179 litteris

186 4219 333 4273 sedis
352 4218 701 4290 apostolicae,
721 4225 782 4273 ut
803 4223 1224 4274 antecessorum
1242 4235 1470 4290 quoque
1490 4224 1818 4272 nostrorum

185 4313 428 4384 vestigia
468 4313 782 4381 imitemur,
813 4331 906 4368 vos
937 4331 1173 4368 monere
1219 4317 1499 4384 praecepta
1539 4311 1725 4366 divina
1764 4316 1820 4366 et

183 4407 508 4478 apostolicze
536 4407 682 4462 sedis
711 4408 968 4462 instituta
999 4408 1236 4462 viriliter
1275 4423 1566 4478 peragere,
1602 4408 1659 4458 et
1684 4421 1814 4476 pro-

185 4501 366 4555 hibita
396 4518 511 4555 non
545 4505 802 4572 tangere,
836 4502 934 4556 sed
965 4519 1198 4570 cavere;
1235 4519 1338 4557 nec
1365 4501 1630 4572 cuiquam
1652 4499 1820 4552 liceat

186 4611 441 4666 unquam
467 4595 785 4650 doctrinam
816 4597 1044 4651 Patrum
1079 4597 1360 4664 deserere,
1395 4598 1452 4650 et
1482 4593 1819 4649 sacerdotali

185 4689 404 4743 honore
435 4689 699 4759 gaudere.
726 4691 1008 4744 Perlatum
1029 4694 1112 4744 est
1131 4690 1205 4743 ad
1235 4690 1428 4745 sedem
1452 4687 1816 4760 apostolicam

1923 3462 2234 3516 tradidisse.
2255 3462 2420 3526 Quod
2443 3466 2638 3516 autem
2657 3462 2787 3516 solis
2807 3464 3079 3533 apostolis
3101 3482 3416 3538 eorumque
3436 3485 3556 3522 suc-

1922 3555 2234 3610 cessoribus
2276 3556 2495 3627 proprii
2529 3556 2602 3609 sit
2639 3556 2809 3610 officii
2852 3557 3080 3611 tradere
3117 3559 3393 3629 Spiritum
3423 3579 3551 3616 san-

1921 3654 2097 3717 ctum,
2130 3649 2272 3704 liber
2317 3653 2556 3703 Actuum
2600 3650 2984 3720 apostolorum
3015 3644 3197 3707 docet.
3229 3657 3289 3708 ln
3317 3658 3554 3713 concilio

1920 3760 2052 3799 vero
2101 3743 2428 3798 Caesariensi
2472 3744 2549 3798 ita
2589 3743 2656 3799 de
2705 3744 3083 3816 corepiscopis
3129 3748 3374 3803 habetur
3417 3754 3552 3806 scri-

1919 3841 2116 3908 ptum:
2139 3837 2503 3909 Corepiscopi
2525 3854 2754 3909 quoque
2781 3837 2854 3892 ad
2883 3841 3209 3912 exemplum
3231 3847 3286 3898 et
3307 3844 3552 3901 formam

1922 3932 2281 4003 septuaginta
2325 3931 2592 3986 videntur
2635 3948 2776 4000 esse,
2824 3935 2887 3986 ut
2927 3935 3302 3991 comministri
3361 3943 3554 3995 autem

1921 4030 2157 4097 propter
2177 4026 2429 4081 studium
2455 4027 2606 4096 quod
2633 4043 2768 4097 erga
2789 4044 3072 4099 pauperes
3093 4031 3365 4088 exhibent
3384 4034 3557 4089 hono-

1921 4125 2139 4174 rentur.
2171 4120 2230 4174 Si
2259 4120 2412 4175 enim
2441 4119 2702 4175 meliores
2733 4121 3154 4196 sanctioresque
3185 4128 3394 4182 sanctis
3419 4147 3552 4201 apo-

1920 4214 2072 4268 stolis
2113 4231 2230 4268 esse
2273 4213 2504 4284 putatis,
2533 4215 2695 4290 facite
2741 4231 2868 4285 qua:
2910 4215 2991 4270 illi
3029 4234 3142 4272 non
3189 4220 3466 4290 fecerunt,
3500 4229 3556 4278 et

1919 4307 2342 4377 superextollite
2365 4323 2461 4359 vos
2487 4288 2695 4383 illis.jSi
2721 4307 2876 4361 enim
2902 4308 3161 4378 ejusdem
3190 4313 3403 4369 ordinis
3424 4288 3556 4371 estis

1919 4402 1977 4452 et
2005 4399 2359 4470 aequiparare
2391 4416 2489 4453 vos
2517 4397 2685 4453 vultis
2728 4399 2855 4467 illis,
2887 4402 3066 4457 nolite
3111 4421 3282 4476 agere
3321 4425 3448 4479 quae
3473 4411 3554 4464 illi

1917 4510 2035 4548 non
2061 4496 2319 4563 egerunt,
2351 4494 2448 4548 sed
2489 4493 2812 4561 imitamini,
2844 4500 3014 4565 prout
3053 4499 3256 4553 melius
3295 4503 3549 4573 potestis,

1917 4588 2176 4659 exempla
2203 4591 2259 4642 et
2284 4587 2526 4658 vestigia
2556 4603 2754 4642 eorum
2779 4605 2790 4642 :
2821 4588 2932 4643 illis
2962 4597 3154 4647 autem
3183 4597 3552 4668 praecipiente

1919 4682 2183 4749 Domino,
2213 4681 2437 4754 illisque
2470 4682 2866 4750 denuntiante,
2897 4689 2958 4739 ut
2987 4685 3069 4740 illi
3102 4690 3160 4740 et
3197 4705 3553 4747 successores

185 4782 509 4853 emersisse,
543 4788 601 4839 et
631 4784 816 4838 denuo
842 4783 1175 4838 reviviscere
1205 4784 1581 4853 prohibitum,
1612 4786 1670 4837 et
1694 4783 1818 4836 fun-
1836 4762 1896 4834 D
1918 4793 2114 4833 eorum
2140 4776 2537 4831 tantummodo
2556 4793 2662 4847 per
2683 4793 2892 4832 manus
2916 4777 3344 4850 impositionem
3369 4787 3551 4841 trade-

185 4878 336 4931 ditus
365 4876 818 4948 exstirpandum,
853 4881 969 4932 tam
1002 4895 1034 4931 a
1065 4881 1256 4933 sancto
1302 4878 1536 4931 Damaso
1576 4893 1749 4949 quam
1789 4894 1822 4930 a

185 4976 382 5026 sancto
430 4972 643 5042 Leone,
673 4972 805 5026 viris
848 4971 1170 5044 apostolicis
1213 4973 1383 5042 atque
1432 4970 1501 5024 ab
1549 4970 1821 5026 universis

190 5065 452 5137 synodali
470 5067 809 5122 auctoritate
828 5066 1106 5138 episcopis
1119 5063 1630 5138 reprehensibilem
1651 5071 1820 5136 atque

187 5159 397 5231 oppido
420 5159 708 5216 insolitum
729 5158 1008 5232 usumjeo
1032 5161 1182 5232 quod
1205 5159 1434 5231 quidam
1455 5158 1818 5229 corepiscopi,

187 5253 284 5326 qui
311 5257 368 5308 et
393 5271 425 5308 a
452 5255 854 5325 praedictorum
881 5261 1303 5310 antecessorum
1329 5258 1660 5308 sanctorum
1682 5269 1816 5323 apo-

185 5348 518 5403 stolicorum
568 5350 827 5404 Patribus
867 5355 922 5405 et
952 5350 1084 5404 viris
1125 5347 1464 5421 apostolicis,
1499 5351 1556 5401 et
1585 5347 1656 5400 ab
1687 5346 1822 5418 ipsis

186 5443 301 5497 sive
343 5461 376 5496 a
419 5443 579 5498 nobis
621 5448 755 5499 sunt
793 5444 1084 5516 prohibiti,
1116 5444 1260 5499 sicut
1303 5459 1500 5497 eorum
1545 5441 1820 5495 hactenus

186 5539 469 5592 testantur
489 5537 716 5594 decreta
734 5539 883 5593 ultra
904 5538 1142 5592 modum
1169 5555 1334 5592 suum
1357 5535 1817 5609 progredientes,

187 5631 403 5686 donum
419 5632 594 5686 sancti
606 5632 850 5704 Spiritus
868 5631 1408 5703 perimpositionem
1421 5645 1698 5684 manuum
1711 5632 1822 5682 tra-

187 5726 344 5793 dant,
375 5729 431 5779 et
451 5725 562 5780 alia
583 5743 713 5798 qua:
735 5727 918 5781 solum
938 5725 1302 5799 pontificibus
1326 5725 1606 5780 debentur
1627 5727 1823 5777 contra

183 5819 269 5873 fas
294 5827 607 5892 peragant;
639 5822 957 5892 praesertim
992 5837 1121 5875 cum
1152 5836 1220 5875 ex
1248 5820 1610 5891 septuaginta
1651 5815 1820 5871 disci-

188 5914 335 5989 pulis
374 5931 618 5988 quorum
663 5917 910 5988 speciem
958 5917 1015 5970 in
1062 5915 1305 5970 Ecclesia
1351 5920 1558 5985 gemat
1602 5914 1823 5984 legatur

1919 4877 2048 4927 rent
2062 4870 2334 4943 Spiritum
2355 4873 2637 4938 sanctum,
2659 4876 2715 4926 et
2729 4873 2952 4928 nullum
2972 4891 3225 4946 unquam
3245 4895 3312 4933 ex
3333 4886 3554 4951 septua-

1921 4967 2080 5039 ginta
2107 4965 2350 5020 scientes
2389 4964 2466 5019 eis
2494 4964 2752 5020 illicitum
2784 4966 2925 5034 fore,
2958 4984 3202 5039 quorum
3243 4975 3439 5045 typum
3469 4976 3552 5046 (nt

1919 5061 2257 5132 praedictum
2289 5055 2394 5130 est)
2425 5058 2792 5130 corepiscopi,
2824 5066 3135 5134 antequam
3161 5067 3435 5136 prohibiti
3470 5089 3551 5125 es-

1921 5155 2140 5236 sent,in
2163 5153 2412 5209 Ecclesia
2430 5153 2723 5224 gerebant,
2743 5155 2966 5210 tradere
2984 5173 3089 5228 per
3107 5175 3310 5216 manus
3324 5162 3552 5237 imposi~

1920 5250 2134 5305 tionem
2162 5249 2432 5321 Spiritum
2471 5253 2727 5302 sanctum
2759 5250 3169 5321 permiserunt,
3199 5255 3400 5313 dantes
3426 5276 3548 5315 suc-

1921 5343 2236 5398 cessoribus
2252 5359 2450 5399 eorum
2466 5341 2815 5412 exemplum,
2831 5360 2902 5397 ne
2925 5361 3176 5416 unquam
3197 5350 3329 5406 talia
3341 5369 3552 5424 praesu-

1921 5441 2162 5492 merent.
2193 5438 2350 5493 Unde
2376 5437 2434 5491 in
2460 5435 2685 5492 Actibus
2713 5439 3098 5506 apostolorum
3131 5444 3402 5516 scriptum
3431 5453 3511 5504 est
3537 5466 3547 5503 :

1924 5554 1951 5581 ‹‹
1983 5532 2122 5586 Cum
2149 5531 2444 5587 audissent
2484 5531 2743 5603 apostoli,
2778 5531 2872 5602 qui
2919 5538 3084 5588 erant
3124 5537 3548 5611 Hierosolymis,

1923 5625 2055 5696 quia
2081 5626 2298 5696 recepit
2336 5625 2598 5680 Samaria
2623 5625 2859 5680 verbum
2891 5627 3003 5694 Dei,
3038 5629 3321 5686 miserunt
3351 5634 3419 5688 ad
3451 5654 3548 5691 eos

1922 5721 2150 5774 Petrum
2191 5723 2248 5773 et
2288 5719 2591 5792 Joannem.
2626 5720 2732 5783 Qui
2763 5737 2896 5775 cum
2933 5722 3218 5778 venissent
3246 5738 3551 5786 oraverunt

1921 5829 2025 5886 pro
2054 5812 2210 5883 ipsis,
2241 5814 2307 5866 ut
2331 5810 2657 5882 acciperent
2689 5815 2960 5884 Spiritum
2988 5823 3266 5874 sanctum.
3297 5821 3551 5880 Necdum

1924 5907 2079 5963 enim
2116 5905 2172 5960 in
2221 5921 2566 5977 quemquam
2605 5906 2838 5962 illorum
2872 5918 3121 5980 venerat,
3155 5914 3253 5970 sed
3285 5915 3552 5990 baptizati
