4040 6338
462 382 475 434 1
488 382 590 435 083
726 390 752 407 ν

1307 369 1587 426 ΑΡΡΕΝΙ).
1612 363 1720 424 -ΑΒ
1761 371 1920 425 8ᾸΞΟ.
1965 370 2051 423 ΙΧ.
2086 397 2153 409 --
2184 367 2426 423 lSlDORI
2465 367 2886 425 MERCATORIS

3684 367 3818 425 mat

457 493 679 543 tantum
719 485 778 538 in
804 483 1033 538 nomine
1078 481 1301 535 Domini
1341 482 1492 534 Jcsu.
1525 480 1677 533 Tunc
1719 478 2085 549 imponebant
2108 481 2316 563 Aante
2345 492 2509 547 reges
2533 481 2587 530 et
2622 478 2892 548 pra‘sides
2937 480 3225 534 ducemini
3257 486 3489 550 propter
3516 495 3612 532 me
3641 479 3699 532 in
3735 484 3821 533 te-

457 596 663 634 manus
692 594 864 648 super
888 576 1035 641 illos,
1065 580 1122 629 et
1149 573 1500 644 accipiebant
1520 572 1792 643 Spiritum
1822 576 2082 626 sanctum

457 675 602 744 (Act.
629 688 746 738 VIII,
773 670 970 740 lci-{7).
1000 690 1026 716 ››
1061 669 1182 722 Non
1215 685 1371 739 ergo,
1401 667 1599 736 utjam
1629 665 1844 720 dictum
1867 670 1968 730 est,
1988 664 2085 719 ali-

437 784 628 881 (quem
659 783 727 819 ex
760 763 1138 834 septuaginta,
1170 762 1300 815 licet
1327 761 1491 832 pauci
1524 765 1715 814 essent
1749 759 1987 829 apostoli
2015 759 2083 812 ad

456 863 471 881 ι
506 877 556 881 ,Α
600 875 733 881 __--_
776 857 1183 881 .‘__[!-1A.‘.J...n
1249 855 1572 881 .11.“.-.nnnnt
1625 853 1720 881 ΛΛᾹ
1769 854 1996 881 Ιὶιιιηιςν-νι
2031 855 2081 881 nl»

456 863 562 916 hoc
593 875 736 930 opus
776 857 1209 928 perﬁciendum,
1245 855 1594 919 direxerant,
1625 853 1725 906 sed
1769 854 1998 907 Petrum
2030 855 2085 906 et

455 958 732 1010 Joannem
754 950 1044 1023 apostolos
1066 965 1170 1021 per
1186 965 1390 1003 manus
1412 946 1838 1018 impositionem
1861 944 2086 999 tradere

458 1048 734 1120 Spiritum
764 1049 1024 1099 sanctum
1045 1043 1344 1108 miserunt,
1368 1057 1612 1112 quorum
1632 1039 1814 1094 vicem
1837 1038 2087 1110 episcopi

457 1144 515 1197 in
546 1140 787 1196 Ecclesia
815 1141 1043 1210 gerunt,
1075 1139 1133 1190 et
1167 1153 1282 1190 non
1325 1133 1698 1206 corepiscopi,
1730 1132 1830 1204 qui
1857 1135 2084 1203 septua-

460 1235 617 1306 ginta
649 1233 1055 1303 discipulorum
1085 1231 1328 1284 formam
1359 1233 1492 1282 ante
1523 1224 1973 1298 prohibitionem
1999 1241 2089 1279 eo-

457 1345 586 1384 rum
615 1327 911 1399 gerebant.
940 1323 1101 1388 Quod
1131 1322 1212 1376 illi
1240 1338 1353 1376 uon
1381 1321 1639 1376 fecerunt
1661 1336 1760 1375 vos
1787 1319 1975 1374 facere
1994 1335 2089 1373 no-

460 1423 576 1490 lite,
607 1438 678 1476 ne
710 1419 1012 1474 dissimiles
1042 1417 1141 1486 eis,
1173 1421 1229 1470 et
1257 1414 1481 1485 indigni
1517 1429 1716 1468 eorum
1743 1411 2089 1467 successione

459 1523 516 1572 et
543 1513 858 1570 ministerio
887 1528 1006 1567 esse
1033 1508 1363 1575 videamini,
1393 1508 1528 1579 quia
1553 1511 1618 1562 ut
1638 1506 1718 1560 ait
1742 1505 2011 1560 Dominus
2030 1506 2088 1560 in

462 1608 790 1680 Evangelia:
813 1607 961 1670 «Qui
986 1622 1098 1659 non
1120 1607 1205 1660 est
1223 1618 1452 1658 mecum
1476 1601 1775 1656 adversum
1795 1616 1888 1654 me
1911 1604 2016 1669 est,
2035 1605 2091 1653 et

461 1703 559 1774 qui
603 1719 722 1756 non
758 1699 979 1770 colligit
1019 1714 1248 1753 mecum
1289 1694 1567 1767 dispergit
1611 1695 1758 1765 (Luc.
1791 1710 1865 1760 x1,
1902 1696 2013 1762 23).
2059 1714 2085 1740 ››

462 1797 552 1852 Sic
588 1800 782 1850 autem
815 1795 1032 1860 Petrus,
1060 1792 1324 1862 princeps
1363 1788 1772 1860 apostolorum,
1798 1786 2091 1857 adjutores

461 1890 566 1944 sibi
594 1887 789 1942 ascivit
819 1887 1024 1941 Linum
1054 1889 1111 1940 et
1150 1885 1394 1952 Cletum,
1427 1899 1540 1936 non
1574 1885 1766 1936 tamen
1812 1883 2090 1951 potestate
2113 1862 2166 1933 Β

465 1982 757 2056 pontificii,
789 1984 889 2035 aut
930 1978 1146 2050 ligandi
1171 1977 1258 2033 vel
1287 1975 1543 2032 solvendi
1581 1976 1660 2030 eis
1687 1991 1947 2029 normam
1972 1979 2086 2028 tra-

464 2078 625 2145 didit,
656 2076 752 2131 sed
779 2073 1084 2129 successori
1109 2088 1210 2126 suo
1239 2075 1436 2126 sancto
1465 2068 1744 2126 Clementi
1771 2068 1868 2139 qui
1893 2067 2088 2122 sedem

460 2170 824 2243 apostolicam
863 2171 992 2240 post
1029 2183 1183 2234 eum,
1212 2170 1269 2221 et
1306 2167 1643 2236 potestatem
1686 2160 2086 2233 pontiﬁcalem,

463 2265 719 2320 tradente
749 2263 855 2317 sibi
896 2263 1061 2317 beato
1109 2261 1295 2329 Petro,
1325 2263 1522 2313 tenere
1552 2256 1888 2329 promeruit.
1922 2255 2090 2309 Linus

462 2376 598 2413 vero
614 2357 869 2413 etCletus
881 2353 1282 2409 ministrabant
1296 2351 1600 2418 exteriora,
1615 2349 1881 2422 princeps
1898 2351 2089 2402 autem

465 2451 876 2523 apostolorum,
910 2450 1106 2503 Petrus
1131 2445 1305 2501 verbo
1333 2448 1390 2500 et
1419 2443 1663 2498 orationi
1703 2441 2008 2511 insistebat,
2037 2444 2092 2496 et

461 2563 588 2619 qua:
629 2562 742 2600 non
773 2544 1084 2613 incongrue
1126 2540 1198 2594 ad
1234 2538 1598 2596 traditionem
1643 2536 1881 2608 Spiritus
1911 2535 2091 2590 sancti

465 2657 567 2712 per
592 2655 796 2694 manus
823 2635 1247 2708 impositionem
1275 2633 1582 2704 pertinent.
1606 2630 1767 2686 Unde
1797 2635 1851 2684 et
1871 2629 1931 2684 in
1951 2629 2094 2684 Acti-

463 2735 567 2788 bus
585 2732 975 2804 apostolorum
996 2730 1273 2800 scriptum
1294 2727 1557 2781 habetur.
1577 2726 1739 2779 «Non
1759 2727 1846 2778 est
1864 2739 2093 2794 aequum

462 2844 567 2883 nos
612 2826 938 2896 relinquere
982 2823 1219 2877 verbum
1269 2820 1368 2874 Dei
1417 2825 1473 2874 et
1512 2819 1836 2873 ministrare
1884 2815 2094 2871 mensis

466 2924 605 2991 (Act.
642 2937 712 2988 v1,
753 2921 828 2989 2).
862 2938 889 2968 »
934 2917 1294 2987 Quapropter
1341 2912 1706 2984 septuaginta
1753 2912 1916 2965 electi
1962 2916 2094 2964 sunt

467 3013 727 3084 discipuli
770 3013 869 3082 qui
916 3010 1200 3064 exteriora
1251 3013 1606 3079 peragerent,
1642 3005 1750 3076 ipsi
1785 3021 1915 3060 vero
1957 3021 2091 3074 apo-

463 3107 596 3163 stoli
627 3106 800 3160 verbo
831 3109 889 3159 et
923 3103 1167 3158 orationi
1196 3101 1540 3167 insisterent,
1572 3099 1708 3153 inde
1743 3104 1799 3153 et
1829 3099 1888 3153 in
1911 3099 2090 3152 Evan-

467 3201 616 3274 gelio
644 3200 958 3256 secundum
985 3199 1197 3252 Lucam
1224 3196 1497 3266 scriptum
1524 3199 1608 3248 est
1637 3192 1713 3247 ita
1741 3210 1753 3246 :
1787 3211 1816 3294 tt
1840 3192 2093 3304 Postheec
2115 3231 2169 3304 Ο

465 3303 656 3351 autem
678 3292 995 3364 designavit
1017 3291 1284 3346 Dominus
1307 3295 1364 3344 et
1387 3289 1523 3342 alios
1549 3285 1905 3359 septuaginta
1927 3286 2090 3353 duos,

467 3394 525 3445 et
553 3389 708 3444 misit
737 3389 864 3442 illos
889 3387 1056 3441 binos
1085 3390 1215 3440 ante
1240 3383 1442 3438 faciem
1473 3397 1633 3436 suam
1661 3381 1720 3435 in
1755 3396 1986 3436 omnem
2015 3379 2090 3433 ci-

464 3485 693 3540 vitatem
719 3487 776 3538 et
800 3483 986 3537 locum
1020 3497 1132 3551 quo
1162 3484 1282 3534 erat
1314 3478 1432 3549 ipse
1460 3479 1752 3531 venturus.
1783 3476 1850 3529 Et
1877 3474 2096 3530 dicebat

465 3579 576 3634 illis
609 3595 622 3632 :
657 3576 846 3632 Messis
888 3575 1123 3646 quidem
1163 3573 1362 3640 multa,
1395 3571 1638 3642 operarii
1674 3573 1866 3624 autem
1907 3567 2091 3640 pauci.

467 3676 678 3745 Rogate
706 3687 843 3742 ergo
869 3670 1164 3724 dominum
1192 3666 1411 3736 messis,
1435 3672 1498 3720 ut
1519 3665 1712 3719 mittat
1731 3663 2016 3735 operarios
2036 3663 2094 3716 in

466 3785 713 3822 messem
746 3782 927 3819 suam.
959 3765 1096 3818 Ecce
1123 3779 1230 3834 ego
1261 3761 1424 3815 mitto
1451 3776 1545 3814 vos
1572 3759 1716 3813 sicut
1738 3774 1918 3830 agnos
1945 3757 2098 3811 inter

465 3864 650 3933 lupos‘.
679 3860 860 3914 Nolite
901 3862 1132 3929 portare
1171 3855 1476 3920 sacculum,
1508 3869 1694 3924 neque
1741 3867 1963 3923 peram,
1991 3868 2091 3906 ne-

466 3972 576 4027 que
607 3954 996 4020 calciamenta,
1027 3957 1084 4004 et
1113 3950 1408 4004 neminem
1452 3964 1556 4019 per
1582 3947 1728 4001 viam
1765 3945 2091 4001 salutaveri-

466 4050 558 4103 tis.
589 4051 648 4102 In
674 4060 1076 4118 quamcunque
1103 4043 1337 4096 domum
1364 4040 1724 4108 intraveritis,
1747 4040 2000 4110 primum
2018 4039 2097 4092 di-

469 4143 579 4196 cite
608 4158 620 4195 :
651 4143 765 4195 Pax
793 4139 926 4194 huic
955 4137 1171 4197 domui,
1221 4137 1285 4190 Et
1325 4136 1371 4189 si
1418 4135 1494 4189 ibi
1538 4133 1712 4190 fuerit
1741 4133 1889 4188 filius
1920 4133 2092 4204 pacis,

468 4236 787 4308 requiescet
814 4249 986 4304 super
1012 4232 1171 4286 illum
1197 4246 1306 4301 pax
1337 4234 1537 4284 vestra.
1571 4228 1670 4284 Sin
1697 4232 1893 4283 autem
1912 4227 1981 4281 ad
2000 4243 2096 4281 vos

468 4334 804 4388 revertetur.
848 4331 909 4382 In
940 4326 1144 4383 eadem
1182 4328 1376 4380 autem
1404 4324 1578 4380 domo
1610 4327 1834 4378 manete
1868 4322 2098 4376 edentes

467 4433 524 4482 et
546 4426 804 4480 bibentes
855 4439 983 4494 quae
1032 4421 1186 4492 apud
1230 4421 1354 4474 illos
1394 4425 1545 4489 sunt,
1577 4417 1786 4488 dignus
1825 4421 1910 4472 est
1939 4415 2094 4470 enim

469 4519 760 4592 operarius
807 4517 1072 4572 mercede
1103 4532 1220 4569 sua.
1263 4514 1444 4569 Nolite
1475 4513 1718 4568 transire
1747 4511 1816 4566 de
1843 4511 2012 4566 domo
2039 4511 2097 4564 in

2186 570 2517 625 stimonium
2539 570 2648 624 illis
2676 573 2734 625 et
2759 572 3046 642 gentibus.
3072 574 3209 627 Cum
3235 577 3427 626 autem
3455 571 3682 627 tradent
3702 589 3821 638 vos,

2188 664 2363 718 nolite
2375 664 2628 735 cogitare
2649 667 2957 736 quomodo,
2974 671 3074 721 aut
3086 667 3223 738 quid
3242 666 3578 737 loquamini,
3598 665 3841 720 dabitur

2187 758 2338 812 enim
2385 758 2442 812 in
2492 758 2585 836 illa
2635 759 2774 813 hora
2811 760 2947 830 quid
2995 760 3340 832 loquamini;
3375 776 3487 814 non
3532 760 3689 814 enim
3725 776 3828 814 vos

2189 851 2321 906 estis
2362 851 2458 922 qui
2504 851 2829 922 loquimini,
2861 854 2958 908 sed
3009 854 3248 924 Spiritus
3288 854 3465 908 Patris
3505 853 3680 907 vestri
3724 855 3826 924 qui

2187 943 2443 1014 loquitur
2486 945 2544 998 in
2571 945 2745 999 vobis.
2775 945 2982 1000 Tradet
3020 950 3216 1001 autem
3261 946 3434 1001 frater
3478 947 3723 1001 fratrem
3765 948 3826 1000 in

2189 1041 2455 1105 mortem,
2487 1044 2545 1092 et
2569 1043 2734 1110 pater
2759 1039 2962 1110 ﬁlium,
2995 1044 3052 1095 et
3077 1043 3390 1111 exsurgent
3415 1040 3514 1094 ﬁlii
3535 1040 3595 1094 in
3616 1057 3825 1111 paren-

2187 1137 2271 1187 tes
2291 1137 2350 1187 et
2370 1136 2553 1186 morte
2586 1149 2686 1186 eos
2712 1132 2981 1202 afﬁcient,
3005 1139 3062 1189 et
3083 1134 3238 1189 eritis
3259 1134 3387 1189 odio
3410 1133 3678 1188 omnibus
3699 1151 3826 1204 pro-

2187 1229 2315 1297 pter
2343 1243 2555 1280 nomen
2586 1243 2800 1281 meum.
2823 1229 2928 1292 Qui
2951 1233 3141 1284 autem
3170 1229 3616 1300 perseveraverit
3642 1243 3823 1298 usque

2190 1319 2247 1372 in
2276 1319 2470 1385 tinem,
2502 1319 2594 1373 hic
2637 1321 2818 1374 salvus
2848 1322 2956 1375 erit
2985 1323 3199 1390 (Matth.
3233 1339 3289 1389 x,
3325 1324 3530 1392 16-27).
3561 1344 3588 1371 »
3619 1322 3827 1375 Linum

2190 1429 2436 1484 namque
2465 1419 2522 1467 et
2549 1415 2768 1468 Cletum
2797 1415 2937 1469 nihil
2969 1415 3181 1486 legitur
3209 1433 3460 1488 unquam
3488 1433 3557 1470 ex
3587 1415 3822 1486 pontifi-

2191 1507 2298 1561 cali
2328 1507 2646 1562 ministerio
2693 1509 2874 1579 egisse
2919 1510 3274 1579 potestative,
3305 1510 3400 1564 sed
3431 1513 3714 1581 quantum
3748 1505 3827 1564 eis

2192 1619 2225 1654 a
2256 1600 2422 1656 beato
2471 1603 2637 1656 Petro
2687 1602 3143 1674 praecipiebatur,
3188 1607 3411 1658 tantum
3457 1604 3828 1659 solummodo

2189 1695 2451 1766 agebant.
2469 1696 2605 1749 Nam
2618 1700 2673 1750 et
2685 1696 2744 1750 in
2757 1712 2976 1751 canone
2992 1697 3202 1767 legitur
3213 1697 3437 1752 Nicaano
3454 1715 3464 1752 :
3483 1698 3827 1769 Episc0pum

2193 1805 2441 1860 namque
2471 1790 2735 1844 convenit
2776 1790 3023 1845 maxime
3055 1791 3287 1862 quidem
3331 1791 3402 1846 ab
3430 1792 3697 1846 omnibus
3727 1791 3828 1863 qui

2191 1885 2323 1936 sunt
2357 1881 2416 1936 in
2457 1882 2746 1954 provincia
2774 1883 3054 1955 episcopis
3101 1884 3374 1939 ordinari.
3403 1885 3459 1940 Si
3487 1888 3684 1940 autem
3720 1886 3829 1939 hoc

2190 1975 2420 2030 difﬁcile
2445 1976 2637 2043 fuerit,
2668 1982 2767 2031 aut
2792 1981 3026 2048 propter
3067 1978 3374 2034 instantem
3404 1980 3825 2044 necessitatem,

2191 2074 2292 2124 aut
2335 2072 2568 2141 propter
2611 2069 2826 2125 itineris
2869 2071 3311 2141 longitudinem,
3340 2090 3372 2126 a
3411 2073 3589 2127 tribus
3635 2076 3828 2126 tamen

2192 2163 2537 2218 omnimodis
2575 2163 2632 2218 in
2671 2164 2918 2236 idipsum
2957 2166 3444 2237 convenientibus,
3475 2170 3532 2220 et
3569 2167 3825 2221 absenti-

2191 2258 2296 2311 bus
2323 2274 2549 2329 quoque
2573 2258 2693 2328 pari
2724 2259 2900 2314 modo
2928 2259 3383 2331 decernentibus,
3407 2265 3464 2316 et
3489 2277 3591 2331 per
3611 2261 3828 2330 scripta

2191 2351 2677 2406 consentientibus
2717 2355 2849 2407 tunc
2889 2353 3170 2408 ordinatio
3216 2353 3553 2422 celebretur,
3583 2355 3830 2408 firmitas

2191 2450 2384 2500 autem
2411 2461 2606 2499 eorum
2636 2446 2735 2517 qui
2767 2450 3044 2517 geruntur
3071 2463 3174 2518 per
3200 2463 3665 2519 unamquamque
3693 2465 3826 2518 pro-

2193 2539 2433 2594 vinciam
2476 2539 2912 2610 metropolitano
2959 2540 3242 2596 tribuatur
3286 2542 3573 2613 episcopo.
3619 2542 3832 2596 Omnia

2193 2649 2418 2704 quoque
2437 2632 2690 2688 maxima
2711 2633 2946 2688 concilia
2974 2633 3262 2689 afﬁrmant
3281 2651 3413 2689 eum
3435 2652 3551 2690 non
3569 2651 3692 2690 esse
3714 2636 3832 2706 epi-

2194 2743 2450 2798 scopum,
2469 2726 2568 2797 qui
2587 2727 2776 2782 minus
2801 2744 2977 2799 quam
2999 2744 3034 2782 a
3051 2729 3312 2784 Patribus
3337 2729 3620 2801 episc0pis
3638 2735 3831 2784 aucto-

2193 2821 2357 2875 ritate
2383 2820 2554 2875 etiam
2591 2821 3013 2892 metropolitani
3055 2822 3229 2877 fuerit
3265 2823 3446 2878 factus
3495 2823 3827 2894 episcopus;

2188 2909 2436 2985 ideoque
2465 2915 2590 2968 illos
2610 2931 2753 2986 quos
2781 2916 3176 2987 corepiscopos
3201 2917 3435 2983 vocatis,
3456 2917 3589 2987 quia
3614 2917 3687 2970 ab
3709 2934 3830 2971 uno

2195 3011 2258 3061 ut
2281 3006 2598 3062 audivimus
2622 3008 2768 3062 tith
2791 3009 3054 3080 episcopo
3091 3008 3381 3081 episcopos
3410 3027 3524 3064 non
3554 3027 3700 3077 esse,
3724 3027 3830 3064 nec

2193 3101 2403 3172 aliquid
2430 3101 2500 3156 de
2527 3101 2841 3172 pontiﬁcali
2864 3101 3162 3174 privilegio
3183 3119 3352 3174 agere
3375 3103 3581 3158 debere
3610 3104 3830 3175 perspi-

2194 3211 2363 3249 cuum
2393 3197 2495 3263 est,
2519 3195 2792 3265 quoniam
2824 3196 2868 3248 si
2892 3212 3107 3250 nomen
3138 3213 3256 3251 non
3278 3196 3512 3264 habent,
3536 3199 3830 3267 quomodo

2194 3288 2443 3342 officium
2473 3294 2706 3359 possunt
2735 3289 2988 3343 habere?
3007 3290 3060 3344 Si
3083 3307 3219 3360 ergo
3250 3291 3501 3361 episcopi
3527 3307 3644 3345 non
3670 3300 3826 3356 sunt,

2197 3387 2254 3436 ct
2282 3382 2590 3453 presbyteri
2617 3398 2862 3453 quorum
2890 3384 3070 3438 vicem
3096 3390 3322 3454 gerunt,
3355 3386 3490 3455 quia
3520 3384 3593 3438 ad
3628 3401 3828 3440 exem-

2195 3477 2354 3546 plum
2375 3479 2433 3530 et
2450 3475 2691 3529 formam
2718 3476 3079 3547 septuaginta
3097 3477 3231 3531 olim
3258 3477 3472 3532 ﬁebant
3501 3495 3621 3532 esse
3645 3479 3832 3549 despi-

2196 3570 2373 3636 ciunt,
2403 3569 2540 3640 quid
2567 3569 2774 3624 erunt?
2807 3571 3062 3625 Profecto
3106 3571 3257 3641 quod
3284 3571 3504 3626 ratione
3530 3577 3705 3638 caret,
3734 3577 3833 3626 aut

2197 3664 2359 3733 nihil,
2390 3667 2489 3718 aut
2519 3681 2717 3735 parum
2746 3668 3073 3735 provectum
3103 3671 3205 3720 est.
3237 3665 3293 3721 Si
3331 3666 3456 3736 quis
3483 3665 3553 3720 de
3584 3666 3673 3720 his
3705 3683 3825 3720 am-

2196 3757 2360 3829 plius,
2393 3762 2450 3812 et
2475 3758 2632 3829 quod
2661 3758 2782 3813 ﬁeri
2826 3775 2943 3813 non
2980 3759 3150 3814 debet
3201 3759 3442 3814 voluerit
3479 3761 3642 3828 scire,
3673 3761 3830 3831 legat

2197 3851 2596 3922 praedictorum
2625 3852 3058 3923 apostolicorum
3093 3855 3341 3919 decreta,
3365 3857 3422 3908 ct
3449 3854 3527 3908 ibi
3556 3855 3827 3925 reperiet.

2198 3947 2274 4001 De
2302 3946 2506 4017 quibus
2535 3947 2728 4016 aliqua
2756 3951 2814 4000 et
2845 3946 2936 4002 hic
2974 3947 3224 4002 inserere
3263 3947 3501 4018 dignum
3533 3948 3826 4002 duximus.

2196 4040 2252 4095 Si
2283 4039 2512 4094 Domini
2549 4039 2935 4095 desideramus
2961 4058 3081 4096 esse
3113 4041 3373 4113 discipuli
3418 4041 3595 4112 ipsius
3634 4041 3826 4096 imite-

2198 4150 2329 4188 mur
2355 4133 2610 4205 vestigia,
2644 4139 2704 4188 ut
2733 4134 2802 4189 de
2848 4135 3012 4190 nobis
3059 4135 3282 4190 dicatur
3309 4152 3319 4188 :
3355 4159 3381 4184 ‹‹
3412 4137 3528 4206 Ego
3560 4152 3690 4190 sum
3724 4153 3827 4206 pa-

2197 4232 2317 4282 stor
2339 4227 2524 4282 bonus
2551 4233 2608 4282 et
2633 4244 2880 4298 agnosco
2909 4245 3040 4283 oves
3066 4245 3245 4298 meas,
3278 4234 3335 4284 et
3359 4246 3494 4284 voco
3520 4247 3612 4284 eas
3641 4231 3826 4284 nomi-

2195 4323 2394 4392 natim,
2439 4326 2496 4378 et
2537 4329 2891 4392 cognoscunt
2934 4339 3025 4378 me
3069 4341 3211 4378 mea:
3239 4324 3388 4392 (Luc.
3426 4341 3478 4392 x,
3511 4324 3620 4394 14),
3655 4346 3681 4372 ››
3717 4327 3827 4379 etc.

2198 4419 2265 4472 Et
2303 4417 2510 4470 iterum
2556 4421 2829 4471 monente
2876 4418 3181 4472 Dominicae
3223 4418 3371 4472 vocis
3417 4417 3684 4489 imperio,
3713 4434 3828 4489 quo

2197 4510 2558 4565 beatissimus
2587 4512 2872 4581 apostolus
2901 4512 3102 4565 Petrus
3137 4511 3289 4566 trina
3333 4512 3668 4584 repetitione
3703 4529 3827 4584 my-

469 4611 821 4698 domum.\Et
843 4611 902 4665 in
922 4625 1328 4683 quamcunque
1348 4609 1633 4663 civitatem
1659 4605 2022 4671 intraveritis,
2042 4609 2098 4658 et
2117 4612 2175 4683 D
2199 4605 2351 4659 sticae
2381 4604 2688 4659 sanationis
2714 4605 3009 4674 imbuitur,
3042 4610 3104 4660 ut
3127 4606 3331 4663 Christi
3366 4623 3499 4662 oves
3541 4606 3641 4676 qui
3664 4606 3829 4660 Chri-

467 4706 820 4780 susceperint
847 4722 966 4772 vos,
995 4703 1334 4759 manducate
1364 4719 1492 4774 quin
1521 4705 1893 4772 apponuntur
1919 4699 2093 4768 vobis,

469 4806 528 4858 et
552 4808 746 4858 curate
782 4801 1036 4855 infirmos
1075 4798 1174 4870 qui
1216 4797 1276 4851 in
1315 4796 1413 4850 illa
1453 4799 1606 4863 sunt,
1635 4800 1692 4850 et
1732 4792 1898 4848 dicite
1945 4792 2091 4846 illis:

467 4893 958 4969 Appropinquabit
985 4893 1043 4946 in
1071 4909 1170 4946 vos
1191 4907 1434 4963 regnum
1460 4889 1579 4944 Dei.
1608 4890 1667 4943 In
1693 4903 2096 4959 quamcunque

467 4991 749 5046 civitatem
776 4985 1143 5053 intraveritis,
1173 4991 1230 5040 et
1258 5001 1376 5039 non
1407 4982 1727 5055 receperint
1751 4999 1866 5049 vos,
1890 4998 2096 5037 exeun-

468 5089 553 5139 tes
584 5086 641 5138 in
671 5081 872 5156 plateis
898 5081 1019 5152 ejus
1064 5079 1232 5134 dicite
1264 5097 1276 5132 :
1313 5077 1495 5134 Etiam
1540 5077 1833 5148 pulverem
1870 5075 1969 5147 qui
1996 5077 2092 5130 ad-

469 5179 631 5234 haesit
671 5177 836 5232 nobis
876 5177 944 5230 de
988 5174 1214 5229 civitate
1256 5177 1442 5228 vestra
1487 5171 1838 5242 extergimus
1881 5172 1939 5224 in
1967 5187 2091 5239 vos;

467 5279 663 5330 tamen
696 5272 818 5326 haec
865 5269 1097 5338 scitote;
1143 5268 1286 5332 Quia
1329 5265 1808 5338 appropinquabit
1851 5281 2092 5336 regnum

468 5367 588 5422 Dei.
624 5365 752 5420 Dico
781 5363 938 5419 vobis
973 5363 1107 5435 quia
1134 5360 1393 5417 Sodomis
1437 5360 1495 5414 in
1535 5360 1630 5414 illa
1669 5359 1759 5414 die
1807 5358 2094 5414 remissius

467 5461 578 5515 erit
615 5475 787 5531 quam
837 5457 920 5510 illi
964 5455 1175 5510 civitati
1204 5458 1346 5523 (Luc.
1380 5471 1432 5524 x,
1463 5453 1636 5521 l-t2).
1671 5476 1697 5503 »
1748 5454 1813 5506 Et
1857 5452 1915 5506 in
1957 5454 2091 5507 Mat-

467 5558 618 5612 thsco
662 5551 1009 5622 evangelista
1051 5551 1324 5620 scriptum
1367 5555 1453 5604 est
1487 5567 1498 5603 :
1535 5569 1560 5600 «
1592 5551 1729 5605 Ecce
1775 5565 1883 5619 ego
1933 5550 2093 5604 mitto

464 5669 565 5706 vos
591 5649 735 5703 sicut
763 5662 897 5702 oves
922 5644 980 5698 in
1018 5644 1205 5698 medio
1231 5645 1518 5713 luporum.
1560 5634 1750 5698 Estote
1785 5661 1922 5714 ergo
1950 5661 2089 5715 pru-

465 5746 668 5798 dentes
693 5741 838 5796 sicut
871 5739 1186 5808 serpentes,
1218 5740 1276 5790 et
1305 5737 1588 5807 simplices
1617 5737 1760 5792 sicut
1789 5737 2087 5793 columbas.

468 5839 674 5891 Cavete
722 5839 913 5888 autem
955 5832 1025 5886 ab
1069 5829 1417 5896 hominibus,
1449 5829 1676 5884 tradent
1705 5830 1858 5884 enim
1895 5847 1989 5884 vos
2034 5833 2092 5886 in

471 5926 739 5990 conciliis,
768 5930 824 5979 et
864 5926 920 5978 in
963 5922 1286 5995 Synagogis
1331 5922 1444 5976 suis
1487 5922 1857 5991 tlagellabunt
1886 5941 2000 5991 vos,
2037 5932 2092 5980 et

2198 4703 2348 4753 stum
2387 4703 2558 4766 amat,
2589 4698 2898 4770 diligenter
2925 4704 3136 4755 etcum
3176 4716 3384 4772 magna
3425 4716 3563 4754 cura
3611 4706 3825 4770 pascat,

2198 4793 2468 4864 quoniam
2511 4793 2686 4864 ipsius
2727 4798 2933 4848 sanctae
2974 4794 3140 4864 sedis,
3171 4794 3262 4849 cui
3289 4810 3390 4865 per
3418 4793 3827 4847 abundantiam

2197 4887 2404 4942 divinm
2426 4887 2628 4958 gratiae
2654 4904 2990 4958 praesumus,
3005 4889 3182 4960 ipsius
3203 4904 3395 4943 amore
3424 4891 3482 4942 et
3504 4887 3828 4942 reverentia

2195 4983 2585 5050 cohortamur,
2617 4986 2680 5036 ut
2705 4985 2876 5036 tantae
2907 4981 3325 5053 superstitionis
3349 4998 3476 5054 quae
3504 4981 3715 5036 nullius
3745 4983 3828 5050 (ut

2195 5093 2347 5148 saepe
2393 5076 2607 5130 dictum
2656 5078 2757 5145 est)
2798 5075 3028 5131 fulcitur
3072 5076 3430 5145 auctoritate,
3479 5076 3824 5147 periculum,

2195 5175 2470 5243 quantum
2505 5186 2828 5241 possumus,
2862 5170 3230 5240 declinemus,
3263 5187 3335 5224 ne
3378 5169 3528 5225 beati
3565 5169 3826 5239 magistri

2197 5265 2373 5321 nostri
2401 5265 2572 5331 Petri,
2604 5265 2817 5319 summi
2842 5265 3076 5335 apostoli
3105 5265 3348 5331 dilectio,
3379 5281 3489 5335 qua
3515 5280 3573 5317 se
3602 5266 3824 5317 amato-

2194 5377 2317 5415 rem
2347 5359 2446 5414 Dei
2473 5377 2594 5413 csse
2623 5363 2856 5414 testatus
2889 5364 2992 5428 est,
3023 5375 3168 5414 vana
3195 5358 3518 5414 inveniatur
3547 5357 3606 5412 in
3631 5357 3824 5426 nobis;

2195 5455 2466 5527 quoniam
2493 5454 2678 5509 omnis
2701 5452 3058 5524 negligenter
3070 5469 3327 5525 pascens,
3350 5453 3516 5507 toties
3535 5469 3826 5506 commen-

2193 5551 2393 5606 datum
2435 5548 2538 5602 sibi
2583 5547 2936 5601 Dominicum
2979 5564 3236 5618 gregem,
3265 5547 3623 5601 convincitur
3667 5563 3821 5601 sum-

2193 5660 2349 5699 mum
2379 5659 2496 5697 non
2535 5657 2730 5696 amare
2762 5643 3074 5708 Pastorem,
3109 5657 3215 5695 nec
3245 5641 3367 5711 ejus
3397 5641 3542 5694 velle
3571 5658 3628 5695 se
3661 5640 3823 5695 disci-

2193 5738 2389 5809 pulum
2433 5736 2577 5806 ﬁeri,
2613 5735 2774 5806 cujus
2817 5736 3074 5806 exempla
3114 5734 3359 5807 negligit
3402 5734 3636 5788 imitari.
3686 5735 3822 5788 Nam

2194 5831 2377 5902 gratia
2421 5846 2651 5901 prorsus
2693 5829 2875 5900 major
2917 5828 3246 5900 acquiritur,
3290 5829 3337 5883 si
3383 5828 3454 5883 de
3503 5828 3826 5883 commissis

2193 5926 2388 5980 ovibus
2417 5925 2636 5979 lucrum
2667 5922 2864 5978 offerat
2891 5924 2999 5978 Deo
3027 5922 3344 5978 sollicitudo
3381 5922 3643 5994 pastoris.
3679 5923 3822 5978 Nam
