4040 6306
224 339 235 388 l
249 339 351 389 085i

1454 335 1922 393 DECRETALIUM
1961 338 2348 394 COLLECTIO.

3443 345 3574 399 l086

212 447 269 496 ct
311 443 546 498 beatum
587 443 781 510 Jacob,
836 445 932 516 qui
971 461 1074 516 pro
1115 445 1387 502 uxoribus
1423 447 1523 502 diu
1566 447 1840 502 servierat
1859 445 2314 532 Afundamenta
2359 447 2416 500 in
2474 447 2718 501 Ecclesia
2765 446 3171 500 tantummodo
3212 448 3578 506 inveniuntur

212 536 422 591 dixisse
440 538 814 592 meminimus
847 555 860 592 :
897 560 926 588 «
950 540 1160 612 Viginti
1182 541 1347 596 annis
1369 541 1451 596 fui
1471 547 1682 609 tecum,
1707 558 1840 597 oves

209 635 322 684 tuas
353 635 411 685 et
437 647 624 702 capra:
652 631 866 687 steriles
881 649 998 688 non
1025 634 1276 705 fuerunt,
1305 635 1513 690 arietes
1541 635 1734 708 gregis
1756 635 1840 691 tui

213 742 328 780 non
355 726 604 792 comedi,
644 742 750 780 nec
789 732 1014 798 captum
1043 745 1077 782 a
1125 728 1303 784 bestia
1335 730 1686 799 ostenditur;
1733 745 1841 800 ego

213 819 492 874 damnum
510 836 684 874 omne
701 820 1026 889 reddebam,
1050 826 1107 876 et
1127 822 1405 894 quidquid
1424 808 1575 879 furto
1594 823 1843 895 perierat

211 929 246 967 a
269 929 363 968 me
396 913 688 985 exigebas.
722 915 820 968 Die
852 920 1140 987 noctuque
1171 920 1314 971 aestu
1344 917 1551 972 urebar
1587 921 1645 972 et
1684 918 1839 988 gelu,

214 1007 473 1079 fugiebat
499 1024 731 1062 somnus
760 1009 829 1064 ab
851 1009 1028 1064 oculis
1047 1011 1192 1066 meis
1233 1011 1383 1083 (Gen.
1407 1029 1557 1082 xxx1,
1581 1011 1786 1082 38-40).
1811 1033 1837 1060 »

213 1100 267 1156 Si
314 1101 493 1172 igitur
535 1101 756 1156 laborat
798 1105 855 1158 et
896 1103 1095 1175 vigilat
1131 1105 1227 1176 qui
1268 1106 1446 1176 pascit
1469 1123 1600 1161 oves
1625 1105 1838 1173 Laban,

212 1200 422 1266 quanto
463 1196 659 1250 labore
711 1197 1050 1269 quantisque
1103 1198 1308 1270 vigiliis
1349 1199 1516 1254 debet
1545 1199 1840 1256 intendere

213 1289 307 1359 qui
335 1289 518 1360 pascit
545 1306 678 1344 oves
711 1291 850 1345 Dei?
895 1291 1006 1346 Sed
1057 1291 1114 1346 in
1163 1293 1248 1346 his
1278 1293 1544 1348 omnibus
1574 1293 1696 1365 ipse
1737 1311 1842 1348 nos

214 1383 474 1450 instruat,
505 1383 603 1454 qui
625 1400 726 1455 pro
751 1384 866 1438 suis
891 1385 1048 1440 dedit
1075 1386 1270 1441 ovibus
1299 1387 1572 1455 animam,
1602 1390 1660 1442 et
1679 1388 1836 1458 adju-

214 1480 304 1530 vet
331 1494 459 1544 nos,
485 1482 546 1532 ut
574 1477 646 1531 de
667 1477 774 1546 his,
793 1478 892 1549 qui
915 1480 1080 1534 nobis
1100 1480 1392 1535 commissi
1414 1485 1567 1551 sunt,
1590 1482 1840 1536 fructum

213 1571 604 1642 multiplicem,
626 1575 683 1626 et
702 1588 1031 1628 mensuram
1053 1575 1558 1646 superefﬂuentem
1587 1576 1658 1630 ad
1681 1579 1841 1631 aeter-

214 1683 285 1719 na
310 1665 522 1737 gaudia
548 1669 840 1737 reportare
877 1668 1171 1736 concedat,
1213 1671 1518 1740 tantusque
1549 1685 1654 1724 nos
1689 1669 1840 1725 beati

213 1759 387 1825 Petri,
417 1759 811 1830 apostolorum
837 1760 1129 1832 principis,
1165 1778 1330 1817 amor
1366 1763 1658 1830 accendat,
1691 1767 1753 1818 ut
1781 1764 1840 1818 in

1940 541 2137 611 posita,
2169 539 2445 612 quidquid
2476 539 2722 610 amplius
2747 539 3002 609 positum
3030 541 3089 594 in
3116 539 3206 594 his
3231 540 3573 609 inveniatur,

1941 637 2090 689 stare
2121 634 2445 689 nullatenus
2470 633 2700 704 poterit.
2730 634 2799 686 Et
2824 633 2975 699 ideo,
3007 649 3140 687 cum
3173 635 3440 690 omnibus
3460 637 3575 690 suis

1938 727 2330 782 fundamentis
2361 734 2418 781 et
2463 726 2780 782 actionibus
2808 730 2979 798 atque
3012 726 3296 782 radicibus
3322 732 3389 783 ut
3420 732 3573 785 evel-

1939 822 2112 891 latur,
2141 836 2375 875 necesse
2397 824 2498 875 est.
2523 823 2602 876 [ta
2633 825 2694 876 ut
2720 819 2966 891 amplius
2987 820 3286 891 pullulare,
3316 839 3420 878 nec
3441 839 3570 894 ger-

1944 915 2164 969 minare
2203 915 2403 970 valeat.
2445 915 2566 969 Non
2616 930 2754 985 ergo
2785 917 3020 985 generet
3047 918 3106 969 et
3134 931 3248 970 non
3277 915 3449 972 faciat
3475 933 3577 972 vo-

1941 1007 2046 1077 bis,
2094 1008 2317 1076 fratres,
2367 1007 2528 1062 toties
2576 1007 2816 1079 repetita
2860 1007 3066 1062 locutio
3118 1008 3445 1077 fastidium;
3520 1018 3577 1066 et

1943 1102 2076 1174 quia
2127 1117 2351 1156 summa
2387 1101 2692 1156 necessitas
2727 1105 2812 1156 est
2838 1101 3042 1172 saepius
3079 1101 3390 1173 prohiberi,
3425 1104 3575 1175 quod

1941 1196 2112 1251 toties
2144 1196 2337 1251 illicite
2372 1198 2696 1266 usurpatur,
2751 1200 2807 1250 et
2837 1196 3110 1266 quoniam
3134 1196 3340 1251 veritas
3367 1198 3576 1269 saepius

1941 1291 2232 1362 exagitata
2257 1289 2440 1360 magis
2466 1288 2806 1361 splendescit
2833 1289 2892 1343 in
2920 1289 3127 1360 lucem,
3152 1295 3209 1345 et
3228 1291 3381 1362 quod
3402 1292 3572 1347 toties

1942 1384 2258 1455 repetendo
2285 1383 2629 1438 admonetur
2663 1382 2853 1438 minus
2893 1389 3219 1454 usurpatur.
3267 1385 3450 1456 Super
3488 1385 3576 1439 his

1943 1479 2096 1533 enim
2151 1478 2329 1532 multa
2371 1477 2492 1548 jam
2543 1477 2614 1531 ab
2669 1477 3120 1532 antecessoribus
3169 1479 3380 1534 nostris
3428 1479 3577 1534 dicta

1941 1575 2094 1637 sunt,
2125 1589 2158 1625 a
2203 1571 2411 1642 quibus
2457 1571 2565 1641 ipsi
2611 1570 2755 1624 sicut
2782 1587 2934 1625 nunc
2962 1589 2994 1625 a
3020 1571 3200 1641 nobis,
3230 1572 3308 1626 ita
3341 1573 3474 1626 olim
3505 1573 3576 1627 ab

1941 1665 2078 1737 ipsis
2127 1664 2382 1719 damnati
2433 1667 2490 1718 et
2537 1664 2812 1734 prohibiti
2849 1669 3000 1720 sunt.
3030 1665 3158 1720 ldeo
3187 1665 3391 1736 saepius
3413 1683 3580 1737 repe-

1943 1763 2128 1813 tentes
2158 1775 2354 1813 omnes
2389 1774 2712 1824 monemus,
2761 1761 2824 1811 ut
2860 1757 3115 1812 vitentur
3152 1758 3480 1829 hujusmodi
3523 1763 3578 1813 et

214 1853 346 1908 ovili
373 1853 568 1925 ipsius,
592 1854 686 1908 cui
706 1870 904 1910 omnes
929 1860 1204 1911 creatura:
1226 1861 1358 1912 sunt
1377 1856 1622 1927 traditae,
1645 1873 1844 1913 omnes
1864 1833 1921 1905 B
1947 1869 1980 1907 a
2004 1853 2208 1906 talibus
2255 1869 2316 1905 se
2361 1850 2554 1924 270
2603 1851 2949 1920 abstineant,
2991 1851 3089 1922 qui
3120 1853 3431 1922 noluerint,
3464 1869 3578 1907 una

215 1948 407 2003 taliter
431 1953 704 2016 errantes,
749 1952 806 2003 et
850 1949 1045 2004 illicita
1081 1953 1252 2022 atque
1303 1950 1593 2022 prohibita
1626 1967 1842 2023 praesu-

211 2045 458 2110 mentes,
485 2043 692 2097 sanctis
718 2043 916 2098 vestris
958 2043 1161 2098 studiis
1200 2060 1424 2100 summo
1455 2044 1845 2116 redintegrare

213 2152 344 2190 cum
391 2135 676 2191 desiderio
710 2136 1010 2205 festinetis,
1053 2138 1300 2209 qualiter
1331 2138 1564 2208 animm,
1597 2139 1844 2210 pretioso

210 2229 419 2287 Christi
458 2230 736 2302 sanguine
777 2231 1092 2303 redemptae
1133 2248 1334 2287 eorum
1373 2249 1492 2288 non
1535 2233 1848 2305 depereant

211 2324 574 2397 deceptione.
598 2326 793 2380 Restat
814 2325 982 2380 etiam
1010 2325 1165 2397 quod
1189 2343 1295 2398 per
1316 2327 1527 2382 ostium
1549 2326 1608 2382 hi
1627 2343 1843 2399 nequa-

212 2435 390 2490 quam
431 2417 852 2486 subintrarunt,
896 2419 992 2490 qui
1036 2436 1155 2475 non
1185 2420 1475 2476 habebant
1503 2421 1713 2476 ostium
1743 2437 1847 2493 per

211 2513 364 2583 quod
389 2511 851 2583 ingrederentur,
879 2513 1034 2585 quia,
1066 2517 1128 2568 ut
1148 2513 1366 2570 dictum
1394 2519 1496 2583 est,
1523 2515 1569 2569 si
1593 2531 1698 2570 nec
1724 2515 1845 2586 epi-

213 2607 368 2677 scopi
392 2611 544 2673 sunt,
567 2610 624 2660 et
645 2608 950 2678 plusquam
967 2608 1283 2679 presbyteri
1303 2624 1424 2664 esse
1443 2608 1723 2676 ambiunt,
1746 2625 1848 2680 per

213 2701 370 2772 quod
412 2701 620 2756 ostium
661 2701 976 2769 intrabunt,
1021 2719 1152 2757 cum
1196 2702 1256 2757 hi
1302 2705 1493 2758 tamen
1529 2703 1756 2758 ordines
1785 2703 1845 2757 in

214 2795 457 2850 Ecclesia
474 2797 757 2866 legantur,
791 2812 896 2850 nec
915 2797 1162 2867 amplius
1180 2797 1251 2852 ad
1278 2798 1562 2868 pastorale
1591 2797 1844 2852 officium

211 2889 448 2961 aliquod
476 2891 633 2960 patet
662 2890 871 2944 ostium
903 2906 1007 2961 per
1035 2891 1186 2962 quod
1221 2894 1417 2962 pastor
1438 2891 1650 2946 intret?
1681 2891 1848 2947 Audi-

214 2992 291 3050 te,
317 2984 541 3050 fratres,
569 3000 686 3038 non
715 3000 831 3051 me,
861 2985 959 3039 sed
982 2984 1164 3056 ipsam
1191 2985 1479 3041 dicentem
1501 2985 1842 3040 Veritatem:

217 3097 246 3130 ‹‹
279 3077 382 3142 Qui
430 3093 546 3132 non
585 3077 762 3132 intrat
810 3095 915 3150 per
959 3078 1166 3133 ostium
1214 3079 1273 3133 in
1320 3079 1464 3134 ovile
1505 3079 1717 3147 ovium,
1747 3078 1846 3134 sed

1944 1963 2076 2001 cum
2111 1947 2191 2001 eis
2232 1963 2265 2000 a
2306 1944 2645 2000 sacerdotali
2680 1945 3021 2015 ministerio,
3060 1949 3124 1999 ut
3153 1945 3412 2014 rebelles,
3453 1945 3580 2002 fieri

1942 2040 2131 2096 alieni.
2163 2039 2323 2104 Quod
2352 2040 2428 2095 ita
2459 2039 2689 2094 demum
2724 2039 2970 2111 probare
2995 2040 3332 2111 poterimus,
3359 2040 3406 2094 si
3435 2041 3575 2096 tales

1947 2135 2276 2206 exstirpare,
2326 2137 2383 2189 et
2430 2149 2544 2188 non
2582 2133 2664 2188 eis
2705 2133 2892 2189 favere
2940 2133 3385 2201 decertaveritis,
3419 2136 3476 2188 et
3501 2133 3578 2189 ita

1945 2228 2314 2301 postmodum
2337 2227 2409 2282 de
2440 2226 2536 2281 tali
2563 2243 2624 2281 re
2655 2227 2884 2298 querela
2913 2227 3172 2296 cessabit,
3206 2227 3340 2299 quia
3372 2231 3574 2282 contu-

1945 2322 2129 2378 meliae
2153 2321 2342 2378 studio
2372 2321 2436 2376 ﬁt
2463 2319 2744 2392 quidquid
2788 2321 3159 2376 interdictum
3203 2321 3374 2376 toties
3417 2338 3574 2376 usur-

1946 2421 2132 2490 patur.
2167 2415 2366 2471 Omnia
2401 2416 2521 2469 haec
2547 2415 2868 2481 decretalia,
2915 2419 2972 2470 et
3008 2417 3344 2470 cunctorum
3383 2416 3574 2471 deces-

1946 2527 2142 2566 sorum
2172 2514 2500 2564 nostrorum
2529 2508 2854 2576 constituta,
2893 2525 3021 2580 quae
3062 2509 3133 2563 de
3181 2509 3574 2565 ecclesiasticis

1948 2603 2242 2660 ordinibus
2271 2609 2328 2658 et
2356 2619 2637 2657 canonum
2664 2602 3029 2674 promulgata
3067 2608 3198 2658 sunt
3241 2603 3576 2674 disciplinis,

1946 2699 2026 2753 ita
2065 2697 2222 2752 vobis
2266 2702 2322 2752 et
2365 2696 2632 2752 omnibus
2676 2695 2953 2767 episcopis
2997 2713 3060 2751 ac
3088 2696 3306 2752 cunctis
3335 2713 3575 2768 genera-

1946 2793 2075 2847 liter
2106 2791 2491 2846 sacerdotibus
2519 2790 2788 2845 custodiri
2817 2790 3024 2846 debere
3054 2791 3412 2861 mandamus,
3439 2795 3502 2846 ut
3529 2791 3572 2845 si

1948 2886 2074 2957 quis
2117 2886 2175 2939 in
2239 2885 2331 2939 illa
2391 2884 2774 2954 commiserit,
2848 2884 3078 2938 veniam
3136 2885 3242 2940 sibi
3308 2885 3578 2956 deinceps

1949 2980 2171 3036 noverit
2222 2979 2494 3050 denegari
2550 2996 2562 3032 :
2620 2978 2890 3050 quoniam
2947 2983 3273 3034 occurreret
3337 2978 3576 3048 veritas,

1947 3075 1992 3128 si
2049 3074 2260 3128 falsitas
2316 3073 2661 3144 displiceret.
2711 3074 2775 3127 Et
2812 3073 3019 3127 merito
3080 3089 3183 3128 nos
3222 3073 3320 3144 qui
3347 3090 3574 3128 summa

216 3167 476 3223 ascendit
498 3167 745 3235 aliunde,
782 3168 876 3222 ille
914 3168 1007 3223 fur
1051 3172 1137 3223 est
1161 3172 1218 3222 et
1246 3168 1389 3223 latro
1421 3169 1596 3238 (Joan.
1625 3187 1677 3238 x,
1716 3171 1842 3239 1),»
1869 3210 1922 3284 Ο
1948 3168 2207 3222 Ecclesiae
2260 3173 2455 3222 tenere
2498 3166 2770 3221 debemus
2823 3166 3226 3237 gubernacula,
3272 3183 3438 3222 causa
3485 3183 3576 3222 re-

221 3265 303 3284 _l-
355 3263 491 3284 l‘--.-
528 3262 689 3284 -1:-..-
727 3262 984 3284 -._..--.1___
1033 3262 1377 3284 .__.-_‘I:--l-..
1429 3262 1568 3284 J:--L
1601 3279 1611 3284 -
1705 3263 1819 3284 I3--.-
1953 3262 2109 3284 __:-2L
2186 3261 2227 3284 ,Σ
2284 3260 2500 3284 -21.....ι1,.
2556 3261 2844 3284 ο..-.,......--..
2911 3261 3082 3284 -..κη-,Ξ
3159 3261 3290 3284 n-A-
3327 3277 3414 3284 η--.
3455 3262 3550 3284 If-‘l

216 3265 326 3317 etc.
355 3263 497 3318 Cum
523 3262 695 3317 etiam
723 3262 986 3334 egregius
1033 3262 1378 3334 praedicator
1424 3262 1572 3317 dicat
1601 3279 1613 3316 :
1647 3285 1673 3311 «
1705 3263 1848 3317 Fun-

215 3357 552 3410 damentum
579 3355 729 3411 aliud
769 3372 939 3411 nemo
982 3362 1170 3426 potest
1213 3373 1425 3428 ponere
1459 3360 1664 3428 prater
1698 3356 1849 3428 quod

216 3450 467 3522 positum
525 3452 610 3504 est
658 3450 706 3520 (Ι
739 3450 858 3506 Cor.
900 3467 982 3520 111,
1022 3451 1126 3521 ll).
1157 3472 1186 3500 »
1227 3451 1366 3506 Cum
1414 3450 1686 3521 praedicta
1734 3449 1848 3504 duo

1949 3262 2130 3334 spicit,
2185 3261 2230 3314 si
2282 3260 2504 3316 silentio
2556 3261 2847 3315 faveamus
2906 3261 3106 3315 errori.
3158 3261 3296 3316 Data
3327 3277 3414 3316 xw
3455 3262 3575 3316 Kal.

1948 3355 2212 3426 Augusti,
2261 3354 2578 3409 Iustiniano
2628 3355 2693 3406 Vl
2749 3359 2804 3409 et
2857 3357 3085 3411 Narsete
3143 3357 3206 3411 1V
3253 3372 3331 3410 cc.
3379 3371 3577 3411 consu-

1951 3449 2115 3504 libus.

746 3793 1322 3886 INCIPIUNT
1411 3796 1932 3888 DECRETA
2025 3793 2619 3886 BENEDICTI
2717 3793 3080 3885 PAP/E.

291 4097 782 4155 Reverendissimo
820 4102 981 4158 fratri
1011 4104 1272 4176 episcopo
1297 4107 1486 4175 DAVID,
1522 4107 1850 4163 BENEDICTL‘S

218 4192 462 4246 salutem
493 4192 551 4246 in
584 4194 852 4251 Domino.

295 4287 654 4358 Respondere
689 4289 891 4344 litteris
929 4291 1128 4346 vestris
1174 4291 1398 4363 plenius
1427 4293 1694 4365 cogitavi,
1731 4295 1850 4364 sed,

218 4397 352 4434 cum
371 4380 478 4434 hoc
499 4380 826 4451 meditarer,
848 4388 1038 4439 tantus
1060 4401 1151 4440 me
1174 4385 1338 4440 dolor
1357 4385 1567 4457 tetigit,
1591 4391 1652 4442 ut
1669 4389 1853 4459 magis

219 4477 359 4528 ﬂere
389 4490 563 4545 quam
605 4475 822 4548 aliquid
862 4477 1051 4533 dicere
1097 4479 1406 4534 delectatus
1449 4479 1576 4534 sim.
1629 4481 1740 4536 Sed
1781 4498 1852 4536 ne

221 4567 485 4623 funditus
522 4575 864 4639 remaneret,
903 4589 1088 4643 pauca
1115 4573 1269 4628 vobis
1295 4573 1608 4629 rescribere
1639 4576 1848 4643 curavi,
1870 4599 1930 4671 Ι)
1954 4577 2119 4633 tertio
2163 4601 2188 4626 «

220 4661 292 4714 ad
314 4661 540 4731 potiora
566 4679 660 4717 vos
688 4668 954 4735 tempora
985 4683 1234 4737 congrue
1266 4666 1532 4722 invitans.
1565 4667 1728 4732 Quod
1757 4685 1854 4723 a11-

222 4762 342 4811 tem
372 4755 575 4812 litterae
609 4762 720 4812 tua;
761 4762 929 4815 testes
969 4765 1101 4815 sunt
1127 4761 1405 4832 quosdam
1436 4761 1585 4816 intra
1616 4763 1849 4832 provin-

222 4849 372 4904 ciam
400 4851 665 4906 Baeticam
679 4869 820 4920 esse,
852 4854 949 4925 qui
977 4855 1231 4910 dicerent
1258 4855 1553 4911 neminem
1579 4857 1854 4911 veraciter

225 4960 389 5015 posse
416 4944 656 5015 probare
676 4946 1008 5003 Trinitatem
1032 4949 1310 5004 unitatem
1328 4949 1487 5017 fieri;
1515 4967 1645 5005 cum
1667 4967 1852 5021 neque

225 5042 342 5093 tres
373 5055 571 5105 unum,
598 5055 786 5111 neque
814 5057 994 5096 unum
1024 5043 1083 5098 in
1110 5044 1292 5111 tribus
1322 5060 1485 5115 posse
1507 5061 1855 5117 quemquam

227 5131 459 5204 proprie
487 5134 797 5204 approbari
821 5152 833 5189 :
859 5151 1002 5206 quas
1029 5138 1099 5192 ob
1129 5155 1346 5206 causas,
1373 5138 1732 5194 dilectissime
1753 5139 1851 5208 ﬁli,

225 5226 482 5280 consulta
510 5225 587 5280 ibi
617 5229 941 5298 apostolicae
976 5231 1127 5286 sedis
1156 5231 1435 5299 misimus,
1465 5236 1647 5287 utaut
1673 5250 1770 5289 cos
1784 5234 1856 5288 ad

228 5324 443 5375 rectam
474 5320 649 5376 ﬁdem
679 5323 930 5394 converti
961 5325 1153 5395 facias,
1185 5331 1283 5382 aut
1307 5327 1376 5382 ab
1405 5327 1677 5397 Ecclesia,
1707 5331 1857 5383 ante-

226 5429 398 5485 quam
439 5415 613 5485 pestis
656 5415 778 5470 hmc
825 5418 990 5472 latius
1033 5419 1379 5491 divulgetur,
1427 5417 1855 5494 repellas.ins,

227 5507 420 5576 frater,
448 5509 870 5580 Scripturarum
903 5512 1240 5568 testimoniis
1269 5515 1545 5571 unitatem
1572 5516 1860 5572 Trinitatis

229 5617 496 5673 agnosce,
528 5606 586 5657 et
612 5603 810 5658 desine
837 5603 1178 5660 Arianorum
1205 5609 1544 5678 pravitatem
1570 5609 1752 5682 sequi,
1801 5614 1862 5664 ut

229 5697 299 5750 ab
332 5697 533 5751 eadem
560 5697 739 5768 possis
766 5704 1125 5770 peccatorum
1155 5701 1506 5774 indulgentia
1525 5705 1858 5775 promereri,

231 5790 373 5844 Isaia
418 5790 699 5862 propheta
741 5793 965 5848 dicente
997 5811 1009 5849 :
1043 5815 1070 5844 ι(
1100 5795 1224 5849 Vidi
1265 5797 1575 5854 Dominum
1631 5799 1863 5854 sabaoth

234 5884 529 5940 sedentem
551 5903 718 5957 super
739 5887 1014 5944 thronum
1033 5889 1340 5958 excelsum,
1361 5897 1417 5946 et
1432 5893 1732 5966 Seraphim
1757 5899 1865 5949 sta-

1951 4108 2086 4161 bant
2109 4107 2166 4160 in
2198 4105 2435 4161 circuitu
2468 4106 2608 4177 ejus,
2641 4122 2740 4160 sex
2761 4107 2866 4160 alae
2893 4105 3011 4176 uni,
3038 4108 3096 4160 et
3121 4121 3220 4160 sex
3249 4107 3354 4160 alae
3380 4103 3542 4164 alteri
3569 4124 3582 4175 ;

1952 4201 2168 4256 duabus
2198 4199 2461 4255 velabant
2484 4200 2705 4266 faciem,
2737 4199 2954 4254 duabus
2976 4205 3171 4254 autem
3195 4200 3463 4255 velabant
3483 4218 3584 4272 pe-

1953 4295 2081 4365 des;
2107 4300 2163 4350 et
2186 4294 2403 4349 duabus
2424 4293 2691 4348 volabant
2707 4296 2762 4346 et
2780 4293 3101 4347 clamabant
3122 4293 3194 4348 ad
3215 4294 3582 4362 alterutrum,

1951 4389 2206 4444 dicentes
2236 4406 2248 4443 :
2283 4389 2543 4454 Sanctus,
2575 4391 2818 4455 sanctus,
2863 4392 3092 4442 sanctus
3128 4388 3401 4443 Dominus
3445 4390 3586 4444 Deus

1953 4484 2201 4539 Sabaoth
2254 4485 2376 4552 (18a.
2430 4499 2504 4552 v1,
2544 4483 2678 4550 1-2).
2711 4503 2739 4531 ››
2773 4481 2831 4537 Si
2865 4481 3093 4536 trinitas
3135 4499 3252 4538 non
3276 4488 3380 4551 est,
3409 4500 3586 4556 quare

2236 4581 2462 4632 sanctus
2503 4599 2530 4625 ››
2568 4576 2880 4630 dixerunt?
2924 4577 2991 4631 Et
3023 4577 3070 4631 si
3091 4577 3281 4631 unitas
3326 4594 3440 4633 non
3478 4581 3584 4648 est,

1953 4688 2132 4743 quare
2157 4672 2260 4727 sub
2275 4671 2426 4728 trina
2445 4669 2788 4742 repetitione
2803 4686 2980 4725 unum
2994 4671 3173 4724 Deum
3193 4688 3260 4725 ac
3280 4671 3587 4727 Dominum

1953 4765 2338 4820 intimarunt?
2379 4766 2436 4821 Si
2463 4765 2682 4821 trinitas
2708 4780 2827 4819 non
2854 4767 2958 4831 est,
2979 4781 3080 4819 cur
3109 4764 3166 4818 in
3199 4766 3486 4821 Geneseos
3507 4765 3590 4820 di-

1953 4859 2143 4914 citur:
2184 4860 2393 4914 «Dixit
2436 4861 2598 4928 Deus,
2643 4859 2777 4914 fecit
2819 4859 2987 4927 Deus,
3029 4861 3086 4914 et
3126 4859 3421 4914 benedixit
3445 4861 3590 4916 Deus

1955 4952 2103 5022 (Gen.
2143 4970 2180 5019 1,
2230 4955 2320 5021 24,
2355 4956 2467 5025 27).
2499 4976 2525 5002 ››
2575 4953 2626 5009 Si
2679 4969 2814 5008 vero
2859 4952 3050 5008 unitas
3098 4969 3217 5008 non
3258 4959 3363 5024 est,
3412 4971 3589 5025 quare

1955 5046 2124 5101 tertio
2155 5047 2294 5101 dixit
2323 5064 2335 5101 :
2370 5069 2396 5097 ‹‹
2426 5049 2592 5117 Deus,
2624 5069 2650 5098 ››
2684 5053 2742 5104 et
2771 5065 2885 5103 non
2904 5048 3072 5103 tertio
3101 5070 3129 5098 ‹‹
3161 5049 3299 5103 deos
3328 5067 3354 5100 »
3383 5049 3589 5120 plurali

1957 5157 2197 5195 numero
2229 5142 2694 5198 commendavit?
2724 5144 2792 5197 Et
2812 5143 2856 5197 si
2881 5141 3105 5197 trinitas
3131 5159 3246 5197 non
3275 5147 3380 5213 est,
3412 5159 3589 5214 quare

1958 5235 2016 5289 in
2047 5234 2238 5290 Exodo
2265 5234 2480 5290 dictum
2515 5239 2600 5289 est
2629 5237 2798 5292 tertio
2824 5256 2836 5292 :
2871 5237 3180 5305 «Domine,
3206 5237 3462 5304 Domine,
3487 5239 3590 5292 Do-

1959 5329 2132 5399 mine,
2165 5328 2466 5383 miserator
2492 5336 2546 5384 et
2576 5329 2901 5386 misericors
2933 5332 3124 5400 (Emod.
3154 5347 3337 5399 xxxw,
3372 5333 3442 5402 6).
3474 5353 3502 5381 ››
3535 5330 3588 5387 Si

1960 5423 2148 5478 unitas
2194 5439 2306 5478 non
2355 5428 2458 5490 est,
2507 5439 2680 5494 quare
2736 5423 2874 5478 dum
2902 5426 3069 5481 tertio
3096 5425 3311 5482 diceret
3335 5425 3591 5491 Domine,

1959 5521 2154 5590 postea
2181 5539 2208 5566 «
2233 5517 2537 5572 miserator
2559 5538 2584 5565 »
2619 5515 2992 5586 singulariter
3016 5519 3172 5590 dicit,
3197 5525 3256 5576 et
3281 5537 3394 5576 non
3421 5520 3591 5576 mise-

1963 5617 2201 5682 ratores,
2224 5616 2288 5666 ut
2316 5611 2508 5682 plures
2541 5609 2880 5677 ostenderet,
2912 5610 3200 5668 intimavit
3219 5616 3246 5670 ?
3277 5615 3336 5670 Si
3372 5615 3594 5670 trinitas

1962 5723 2076 5762 non
2118 5711 2220 5777 est,
2267 5721 2366 5760 cur
2413 5705 2695 5759 Abraham
2742 5703 2814 5757 ad
2862 5703 3046 5759 ilicem
3087 5707 3338 5763 Membre
3370 5709 3594 5778 sedens,

1961 5802 2257 5872 tribusque
2297 5816 2619 5868 occurrens,
2668 5798 2767 5853 uni
2805 5820 2833 5847 «
2867 5797 3102 5853 Domine
3134 5820 3161 5847 ››
3190 5799 3340 5869 (Gen.
3384 5820 3518 5868 xvu,
3547 5806 3598 5873 3)

1966 5896 2124 5967 dixit,
2150 5900 2205 5949 et
2225 5913 2343 5951 non
2365 5899 2429 5951 ut
2451 5893 2671 5949 viderat
2688 5893 2868 5950 tribus
2889 5891 3234 5946 salutationis
3259 5894 3598 5967 obsequium

3600 3605 3670 3645 κ.
