2020 3160
248 176 257 202 ί
263 175 315 202 087

245 228 359 256 reddit?
380 228 406 255 Si
423 228 517 255 unitas
532 235 589 254 non
610 229 661 259 est,
678 234 766 261 quare
781 234 846 253 eum
860 226 942 250 Μίιπσί

244 275 400 309 Abraham,
417 277 445 301 et
459 275 534 300 Dem
551 275 618 291 Ism'

246 319 333 356 cerét,
359 321 497 348 unitatem

247 368 344 403 (Exod.
358 376 398 401 ιιι,
416 367 455 402 15)
471 378 484 391 ››

247 414 366 441 nomina
380 414 507 449 designai

248 461 331 488 tertio
357 460 425 487 dixit
474 472 487 485 (ι
503 458 568 487 [νοτι
593 445 624 468 09

248 507 395 535 benedicat
409 516 461 534 nos
475 508 520 534 Dei

249 556 301 589 est,
317 563 406 590 quare
422 562 489 581 cum
507 566 520 579 (ι

247 601 323 629 dicat
339 612 352 626 η
366 604 393 629 et
411 610 467 628 non
481 602 534 628 ben

249 651 301 684 est,
315 657 364 676 cur
373 648 455 675 Isaias
469 648 540 676 dent

250 696 323 723 Deus
332 695 428 729 Israel,
437 695 485 730 qui
495 695 545 722 sed

252 743 306 778 16.)
329 742 355 770 Si
377 743 471 769 unitas
494 750 551 769 non

250 792 278 817 et
299 797 355 816 non
379 789 427 824 qui
447 789 551 816 sedetis

250 844 337 872 quare
356 836 384 862 in
405 837 562 871 Regnorun

250 882 443 918 omnipotens,
450 884 522 910 Deus
536 884 632 924 [SIGV

252 930 358 965 (HReg.
374 938 439 964 xxu,
455 930 493 965 3.)
509 930 534 957 Si
551 938 576 956 ιιΔ
729 930 870 955 Mrwa“
958 957 1017 965 ,___

251 962 307 1011 tur,
322 962 350 1004 et
360 984 417 1003 non
429 962 515 1003 vestri
531 979 580 1011 pot
595 962 981 1015 ‘______-------""'"-

252 1025 304 1058 est,
322 1032 371 1050 cur
386 1024 416 1050 in
428 1024 538 1058 psalmo
554 1012 652 1074 qrav

252 1081 264 1096 ‹‹
280 1071 396 1097 Domine
408 1070 555 1103 virtutum,
576 1064 622 1097 [λυ
635 1064 644 1069 ⁷
749 1064 889 1104 λιπάνθη

253 1118 303 1145 das
318 1126 416 1144 OHIDes
436 1117 559 1152 gentes?
575 1127 588 1141 υ
688 1106 1037 1154 _______-_____-----——

253 1165 338 1192 tende
353 1176 366 1189 ν
382 1151 474 1199 posuit
488 1167 515 1190 et
531 1172 588 1191 non
602 1151 698 1217 ES,”

252 1187 415 1239 intimavit‘?
435 1211 463 1239 Si
479 1211 589 1238 trinitas
609 1187 642 1222 Ο

252 1259 335 1286 tertio
358 1258 429 1285 dixit
451 1268 457 1284 :
482 1270 493 1282 (ι
509 1259 616 1285 Sanetu

253 1307 324 1334 Deus
335 1306 521 1341 omnipotens,
536 1305 582 1340 qui
594 1312 628 1331 es

251 1354 277 1381 Si
306 1353 399 1381 unitas
425 1361 481 1379 non
506 1355 556 1386 est,
579 1360 629 1387 qui

251 1401 299 1428 sed
322 1400 370 1436 qui
399 1411 411 1424 (ι
434 1402 494 1427 erat
512 1411 524 1423 η
549 1399 631 1432 desig

252 1456 341 1484 quare
352 1448 381 1474 in
393 1446 613 1473 Deuteronomio
626 1454 647 1471 σν

253 1498 327 1528 tuus,
357 1495 428 1521 Deus
446 1494 606 1520 misericors
635 1479 711 1521 εον

253 1543 340 1577 (Deut.
358 1550 395 1575 ιγ,
410 1542 462 1575 3i).
482 1552 494 1564 η
518 1541 544 1567 Si
557 1539 653 1566 unitas

253 1590 357 1627 posuit,
369 1592 396 1616 et
409 1597 467 1615 non
479 1587 598 1615 audient
609 1587 660 1613 int.

988 226 1005 233 π-

629 431 730 466 [21/00

729 919 851 955 nrrival
860 915 870 940 ί

254 1646 341 1674 quare
364 1637 392 1663 in
411 1637 477 1663 Jcsu
495 1636 569 1662 Nave
585 1629 731 1670 (iiCithV

254 1661 373 1714 deorum
390 1686 431 1711 est
448 1683 532 1717 (Deut.
549 1691 565 1708 ιι
585 1683 637 1715 i7).
656 1661 702 1703 ην
716 1661 723 1665 1
829 1661 969 1701 Arri"an

256 1745 269 1758 ι(
286 1734 328 1760 est
341 1743 354 1757 ››
370 1731 451 1765 dixit,
467 1734 559 1757 etnon
575 1730 651 1761 sunt,
670 1715 1084 1775 1____..-----""'_-"‘o1

1123 1727 1520 1775 3,,1

255 1781 284 1809 Si
311 1780 420 1808 trinitas
444 1786 499 1804 non
523 1779 573 1810 est,
602 1778 751 1820 quarch

256 1828 344 1861 mine,
362 1826 490 1855 Domine,
508 1823 635 1855 Domine,
656 1811 721 1865 DL!"
735 1811 743 1815 '
848 1811 989 1851 “rivali

255 1878 286 1903 tu
308 1883 338 1901 es
362 1875 432 1900 Deus
455 1880 534 1898 meus
558 1872 606 1902 (III
631 1866 703 1901 Heg."
1012 1891 1016 1893 ,
1043 1884 1073 1893 ,4,

256 1922 351 1950 unitas
366 1929 421 1947 non
443 1922 493 1953 est,
520 1926 607 1953 quare
624 1928 636 1941 ε(
653 1918 771 1942 osteuue
786 1925 798 1938 ››
818 1917 846 1941 et
861 1922 916 1941 non
931 1914 1072 1941 ostendite

256 1969 371 2005 posuit?
385 1967 413 1995 Si
425 1966 537 1994 trinitas
547 1972 605 1991 non
620 1965 672 1995 est,
685 1961 937 1989 curMardochaeus
949 1960 1054 1988 orando
1065 1969 1070 1987 :

260 2026 273 2041 (ι
289 2014 417 2047 Domine,
433 2013 508 2039 Deus
523 2010 715 2045 omnipotens,
729 2007 864 2034 omniain
875 2008 1016 2042 potestate
1026 2008 1074 2034 tua

258 2063 325 2089 sunt
352 2060 435 2094 (Esth.
462 2067 524 2089 xxv,
551 2057 593 2091 i2)
616 2067 629 2079 ν)
655 2054 750 2082 dixit?
773 2054 800 2082 Si
819 2054 914 2081 unitas
934 2062 992 2081 non
1020 2055 1072 2089 est,

259 2116 346 2146 quare
359 2108 389 2135 in
407 2118 420 2131 «
435 2109 484 2133 tua
496 2116 510 2129 ι)
531 2103 635 2140 posuit,
662 2104 690 2130 et
702 2110 761 2129 non
774 2101 803 2128 in
818 2104 911 2129 vestra
926 2101 1073 2137 signavit?

262 2157 290 2185 Si
306 2155 418 2183 trinitas
434 2162 490 2181 non
504 2154 555 2186 est,
574 2159 625 2178 cur
640 2150 728 2177 etiam
740 2148 838 2177 Judith
855 2148 964 2176 orando
979 2148 1051 2176 dixit
1065 2157 1071 2175 ε

262 2216 274 2230 ι(
289 2203 418 2236 Domine,
432 2200 563 2232 Domine,
578 2200 649 2226 Deus
665 2196 795 2224 omnium
807 2196 953 2229 virtutum,
966 2195 1074 2231 respice

259 2253 289 2279 in
303 2249 462 2278 orationem
478 2254 572 2274 meam
582 2246 595 2272 ?
610 2256 623 2269 υ
640 2244 753 2279 (Judith.
771 2251 807 2277 lx,
823 2243 859 2279 3.)
876 2243 904 2271 Si
913 2242 1007 2271 unitas
1016 2250 1073 2270 non

676 170 816 200 APPEND.
838 172 881 199 AD
899 171 979 199 SEC.
1001 170 1045 198 IX.
1057 183 1090 188 —-
1111 167 1235 199 lSlDORt
1248 163 1462 196 Www'

1861 170 1870 196 Ι
1877 170 1925 197 088

1827 222 1851 249 Si
1863 223 1923 249 uni-

1834 268 1911 304 plura
1916 284 1925 288 -

1840 315 1926 342 l‘obins

1847 361 1926 390 haele

1855 410 1924 436 stur:

1864 453 1927 490 ipse

1869 495 1927 537 is.)

1188 1783 1199 1808 ι
1240 1763 1347 1799 ηερε-ί
1426 1763 1433 1774 ι
1513 1763 1520 1766 ’
1692 1803 1701 1805 Δ
1783 1780 1921 1795 ηηηηναω-

1380 1842 1385 1850 ,
1396 1825 1581 1853 ,smucauun
1593 1819 1633 1844 est
1644 1817 1672 1844 in
1682 1816 1790 1851 spiritu,
1801 1812 1922 1850 apparuit

1124 1865 1240 1900 angelis,
1265 1865 1451 1899 praedicatum
1475 1868 1518 1891 est
1537 1865 1678 1899 gentibus,
1694 1863 1834 1890 creditum
1847 1863 1885 1888 est
1898 1859 1923 1885 in

1124 1912 1240 1946 mundo,
1257 1914 1433 1946 assumptum
1447 1915 1489 1938 est
1501 1912 1527 1937 in
1541 1911 1633 1946 gloria
1646 1912 1666 1945 (l
1681 1912 1746 1938 Tim.
1758 1918 1795 1943 ιιι,
1806 1906 1899 1941 15,16).
1911 1917 1920 1930 ιι

1126 1971 1137 1983 ιε
1154 1959 1274 1994 Spiritus
1288 1960 1384 1985 autem
1398 1958 1545 1986 manifeste
1561 1958 1639 1992 dicit,
1655 1957 1723 1994 quia
1735 1957 1763 1984 in
1781 1952 1925 1983 novissimis

1124 2005 1301 2041 temporibus
1316 2005 1464 2032 discedent
1475 2005 1591 2040 quidam
1602 2014 1618 2032 a
1631 2005 1688 2032 ﬁde
1703 2003 1870 2031 attendentes
1878 1999 1924 2034 spi-

1123 2053 1223 2080 ritibus
1233 2052 1335 2080 erroris
1345 2055 1373 2080 et
1383 2052 1520 2080 doctrinis
1536 2052 1746 2080 daemoniorum
1757 2050 1784 2077 in
1797 2045 1925 2084 hypocrisi

1110 2085 1303 2138 iloquentium
1315 2100 1509 2134 mendacium,
1532 2102 1560 2127 et
1573 2099 1758 2127 cauteriatam
1776 2094 1925 2124 habentium

1124 2155 1204 2174 suam
1215 2146 1426 2180 conscientiam,
1439 2147 1654 2182 prohibentium
1665 2146 1787 2178 nubere,
1799 2142 1925 2170 abstinere

1124 2203 1140 2221 θ.
1166 2194 1244 2228 cibis,
1271 2202 1340 2230 quos
1367 2195 1440 2221 Deus
1460 2194 1565 2221 creavit
1586 2194 1622 2221 ad
1643 2190 1857 2229 percipiendum
1869 2194 1925 2215 cum

1125 2242 1282 2277 gratiarum
1296 2241 1418 2275 actione,
1436 2241 1565 2268 ﬁdelibus
1587 2244 1614 2268 et
1627 2241 1671 2268 his
1685 2240 1735 2276 qui
1748 2235 1923 2274 cognoverunt

260 2301 311 2333 est,
324 2305 411 2333 quare
429 2306 440 2321 α
457 2294 565 2330 respice
580 2304 592 2317 ››
612 2291 718 2328 posuit,
739 2293 767 2318 et
782 2299 840 2318 non
858 2290 988 2326 respicite
1004 2289 1113 2330 desi-D
1124 2288 1283 2322 veritatem,
1307 2288 1374 2324 quia
1396 2288 1488 2316 omnis
1509 2291 1640 2316 creatura
1660 2288 1707 2315 Dei
1726 2287 1807 2320 bona,
1821 2286 1847 2311 et
1858 2280 1919 2309 nihil

261 2344 376 2382 gnavit?
391 2343 420 2370 Si
431 2342 544 2369 trinitas
554 2348 611 2368 non
623 2341 675 2373 est,
685 2346 773 2373 quare
785 2338 813 2365 in
821 2337 944 2364 Ieremia
954 2337 1057 2364 dicitur
1067 2345 1073 2363 :

263 2403 276 2420 ι(
291 2391 430 2421 Dominus
445 2390 518 2417 Deus
533 2389 625 2415 vester
638 2387 712 2413 Deus
722 2393 807 2412 verax
820 2387 862 2412 est
871 2384 885 2411 ‘I
899 2394 912 2410 n
932 2385 1035 2419 (Jerem.
1046 2392 1073 2418 x,

262 2439 317 2476 i0.)
333 2439 362 2466 Si
376 2437 471 2465 unitas
486 2444 545 2462 non
557 2436 608 2467 est,
623 2441 712 2469 quare
723 2432 752 2459 in
762 2431 928 2467 Apocalypsi
939 2430 1075 2466 scriptum

261 2489 305 2514 est
318 2495 325 2513 :
345 2496 357 2511 α
369 2483 516 2515 Dominus,
533 2482 616 2515 Deus,
634 2482 662 2507 et
674 2479 793 2515 Spiritus
806 2478 1011 2514 prophetatum
1023 2477 1075 2504 mi-

261 2535 297 2562 sit
308 2532 444 2568 angelum
459 2537 541 2557 suum
556 2527 704 2556 ostendere
716 2526 802 2553 servis
812 2525 869 2552 suis
885 2532 950 2560 quas
963 2526 1076 2560 oportet

260 2580 322 2609 ﬁeri
335 2578 411 2607 cito?
422 2588 436 2603 n
453 2576 547 2612 (Apoc.
562 2584 629 2609 χχιι,
645 2575 681 2609 6.)
697 2573 725 2601 Si
742 2573 834 2600 unitas
847 2580 906 2599 non
919 2573 971 2605 est,
988 2579 1075 2607 quare

262 2636 329 2656 cum
343 2627 454 2654 Patrem
474 2626 503 2651 et
518 2623 620 2651 Filium
640 2624 669 2648 et
684 2620 821 2656 Spiritum
835 2621 963 2647 sanctum
977 2618 1073 2646 nomi-

261 2675 365 2707 nasset,
382 2683 395 2697 ‹‹
407 2671 505 2699 misit»
516 2669 654 2698 Dominus
665 2667 743 2701 dixit,
756 2669 783 2694 et
790 2674 848 2693 non
861 2665 1010 2699 miserunt,
1022 2665 1074 2693 sub

261 2722 400 2759 praetextu
417 2719 503 2759 trium
524 2722 712 2753 personarum
728 2716 756 2741 et
770 2721 875 2741 nomen
891 2713 1074 2740 introduxit?

260 2754 287 2799 Si
301 2768 411 2797 trinitas
424 2754 480 2794 udo
496 2767 548 2799 est,
563 2771 649 2799 quare
666 2762 696 2789 in
709 2760 930 2788 Deuteronomio
946 2760 1048 2787 dicitur
1065 2768 1071 2787 ε

263 2828 277 2842 ι(
291 2815 426 2845 Dominus
439 2815 511 2841 Deus
520 2812 622 2843 vester,
636 2809 682 2836 hic
690 2810 732 2836 est
743 2809 815 2836 Deus
824 2808 837 2835 ?
854 2818 868 2831 »
886 2807 971 2842 (Deut.
983 2815 1002 2840 ι,
1018 2807 1072 2842 30).

261 2864 289 2891 Si
303 2863 397 2890 unitas
410 2869 468 2888 non
482 2860 533 2893 est,
549 2865 638 2892 quare
658 2867 671 2882 ι(
684 2855 730 2883 hic
746 2856 788 2883 est
801 2866 814 2880 n
832 2854 914 2887 dixit,
929 2857 957 2881 et
973 2862 1029 2881 non
1043 2854 1073 2881 hi

262 2911 330 2937 sunt
342 2907 445 2943 plurali
459 2912 581 2933 numero
596 2901 778 2938 designavit?
790 2901 818 2929 Si
827 2901 941 2928 trinitas
950 2909 1009 2928 non
1019 2903 1073 2935 est,

263 2962 352 2992 quare
365 2955 393 2980 in
408 2953 509 2981 eodem
522 2951 624 2979 dicitur
635 2949 707 2977 libro
720 2957 727 2975 :
741 2959 755 2972 (ι
767 2948 900 2975 Dominus
910 2947 981 2975 Deus
997 2950 1071 2981 tuus,

1125 2336 1313 2371 rejiciendum
1334 2336 1410 2371 quod
1432 2343 1498 2363 eum
1521 2335 1679 2372 gratiarum
1694 2334 1802 2362 actione
1816 2328 1920 2366 percipi-

1124 2383 1385 2417 tur,‘;sanctiiicatur
1395 2383 1472 2410 enim
1482 2391 1534 2418 per
1544 2383 1660 2410 verbum
1671 2381 1718 2410 Dei
1727 2383 1755 2408 et
1764 2378 1917 2407 orationem.

1125 2430 1190 2457 Haec
1200 2438 1361 2466 proponens
1368 2430 1512 2463 fratribus,
1526 2430 1619 2457 bonus
1630 2429 1684 2457 eris
1694 2428 1819 2456 minister
1829 2420 1918 2452 Christi

1124 2477 1200 2510 Jesu,
1215 2477 1356 2504 enutritus
1368 2477 1456 2504 verbo
1471 2477 1536 2504 ﬁdei
1551 2479 1579 2504 et
1592 2477 1674 2504 bonae
1687 2474 1828 2506 doctrinae,
1842 2475 1917 2506 quam

1124 2527 1267 2551 assecutus
1278 2532 1316 2551 es.
1331 2525 1446 2559 ineptas
1457 2526 1554 2551 autem
1568 2526 1596 2551 et
1605 2525 1701 2551 inanes
1714 2521 1817 2551 fabulas
1829 2516 1917 2547 devita,

1125 2572 1153 2599 et
1166 2579 1263 2598 exerce
1273 2572 1397 2607 teipsum
1408 2571 1442 2598 ad
1453 2571 1597 2607 pietatem.
1613 2572 1684 2599 Nam
1692 2566 1839 2605 corporalis
1847 2570 1915 2592 exer-

1124 2618 1220 2646 citatio
1236 2619 1271 2646 ad
1284 2619 1429 2646 modicum
1441 2618 1516 2646 utilis
1527 2620 1579 2646 est.
1591 2618 1681 2646 Pietas
1690 2618 1784 2645 autem
1792 2613 1825 2641 ad
1835 2608 1917 2639 omnia

1124 2665 1201 2693 utilis
1216 2668 1268 2700 est,
1283 2666 1501 2702 promissionem
1517 2665 1628 2694 habens
1640 2665 1714 2700 vitae,
1729 2671 1790 2700 quae
1804 2666 1872 2688 nunc
1883 2657 1917 2683 est

1125 2715 1154 2740 et
1165 2713 1278 2741 futurae.
1295 2713 1397 2741 Fidelis
1409 2721 1503 2741 sermo
1518 2714 1547 2740 et
1560 2713 1640 2740 omni
1650 2711 1808 2748 acceptione
1818 2706 1915 2740 ἀίετιιιιε·

1123 2761 1153 2787 In
1169 2760 1223 2788 hoc
1236 2760 1313 2787 enim
1323 2760 1485 2788 laboramus
1498 2762 1526 2788 et
1538 2760 1746 2792 maledicimur,
1758 2755 1821 2792 qui-’1l
1832 2757 1914 2787 Spem“

1124 2815 1186 2834 mus
1199 2807 1228 2834 in
1243 2807 1332 2835 Deum
1344 2807 1449 2842 vivum,
1464 2808 1512 2843 qui
1529 2810 1571 2835 est
1590 2807 1717 2835 Salvator
1740 2801 1860 2832 omnium
1877 2797 1916 2824 h0-

1123 2854 1247 2887 minum,
1258 2854 1442 2890 maximeque
1452 2854 1590 2882 ﬁdelium.
1604 2854 1727 2890 Praecipe
1742 2852 1800 2879 haec
1812 2848 1839 2875 et
1847 2845 1914 2873 doce-

1123 2901 1211 2929 Nemo
1218 2901 1437 2929 adolescentiam
1443 2904 1522 2929 tuam
1530 2903 1696 2929 contemnat
1705 2899 1765 2934 ;sed
1771 2892 1915 2928 exemplum

1123 2949 1184 2975 esto
1198 2947 1336 2982 ﬁdelium,
1354 2948 1383 2975 in
1398 2948 1493 2983 verbo,
1512 2949 1540 2976 in
1555 2948 1779 2979 conversatione,
1794 2943 1819 2970 in
1835 2935 1912 2967 chari-
