4040 6312
124 340 242 392 1089
1077 371 1080 376 -
1331 335 1802 392 DECRETALIUM
1840 333 2226 390 COLLECTIO.
3331 336 3460 387 t090

117 451 231 514 tate,
249 444 308 498 in
327 442 455 510 fide,
479 441 536 497 in
555 441 823 497 castitate.
852 443 995 496 Dum
1018 441 1202 511 venio,
1226 443 1452 498 attende
1473 442 1726 510 lectioni,
1751 455 1811 528 Α
1830 445 2000 513 atque
2024 441 2147 496 aliis
2174 439 2552 496 anxietatibus
2588 444 2836 508 vexatus,
2881 441 3120 512 longam
3165 440 3462 512 epistolam

124 536 514 606 exhortationi,
540 535 831 591 doctrinae.
863 535 990 591 Noli
1014 535 1306 608 negligere
1335 537 1576 608 gratiam
1602 553 1730 608 quae
1831 535 2072 590 minime
2099 535 2343 590 scribere
2368 535 2539 590 valui.
2574 536 2854 607 Tempore
2882 551 3134 606 congruo
3165 535 3379 604 denuo,
3421 533 3468 588 si

116 632 228 686 data
250 634 333 685 est
359 630 459 684 tibi
497 647 598 700 per
636 629 998 701 prophetiam
1045 647 1173 684 cum
1202 630 1567 702 impositione
1602 648 1728 686 ma-
1833 647 2061 684 necesse
2084 629 2276 697 fuerit,
2306 629 2487 696 mitte,
2519 634 2576 684 et
2602 645 2671 684 ea
2691 646 2819 701 quae
2841 629 3259 684 desideraveris
3278 644 3464 684 sume.

120 741 284 780 nuum
327 724 660 796 presbyteri.
715 725 845 778 Haec
893 722 1195 794 meditare,
1250 725 1310 779 in
1347 724 1436 778 his
1479 727 1622 791 esto,
1668 727 1733 778 ut
1832 725 1976 779 Deus
2025 729 2079 780 te
2122 723 2474 778 incolumem
2533 721 2837 791 custodiat,
2895 723 3070 778 frater
3111 720 3462 778 charissime.

122 818 387 889 profectus
412 822 542 872 tuus
569 818 900 872 manifestus
945 817 1017 872 sit
1041 817 1323 873 omnibus.
1353 818 1600 873 Attende
1629 817 1730 874 tibi
1833 821 2032 873 Amen.

122 919 171 966 et
198 911 482 981 doctrinae,
513 912 661 966 insta
685 911 746 966 in
773 911 883 966 illis
913 929 925 978 ;
970 912 1078 966 hoc
1121 912 1274 967 enim
1317 912 1535 966 faciens
1565 916 1621 966 et
1644 914 1729 965 te-
1904 914 2041 966 Data
2067 927 2121 966 1v
2148 911 2334 965 Nonas
2355 910 2582 982 Aprilis,
2610 910 2927 966 Justiniano
2955 914 3012 967 et
3036 910 3194 966 Libio
3235 911 3299 964 lV
3328 926 3465 965 con-

119 1007 291 1078 ipsum
333 1004 552 1060 salvum
589 1005 781 1073 facies,
827 1011 882 1060 et
924 1022 1018 1060 eos
1045 1005 1143 1076 qui
1168 1010 1223 1060 te
1251 1005 1493 1060 audiunt
1522 1006 1564 1076 (1
1595 1008 1730 1060 Tim.
1837 1006 2072 1059 sulibus.

123 1116 188 1168 1v,
218 1101 379 1169 1-16).
413 1121 440 1148 ››
474 1100 641 1153 Fame
673 1099 828 1153 enim
857 1099 1029 1153 nimis
1063 1099 1342 1170 afﬂigitur
1371 1115 1544 1170 quam
1573 1099 1735 1153 clade

405 1455 980 1547 INCIPIUNT
1072 1455 1594 1548 DECRETA
1686 1454 2165 1548 SECUNDI
2271 1453 2720 1547 PELAGII
2813 1453 3176 1545 ΡΑΡᾹΞ.

191 1764 564 1818 Dilectissimis
604 1764 895 1832 fratribus,
952 1765 1228 1819 universis
1267 1766 1566 1838 episcopis,
1618 1767 1735 1838 qui,

161 1855 305 1911 licita
351 1858 638 1912 vocatione
683 1859 913 1913 Joannis
957 1859 1570 1931 Constantinopolitani
1615 1861 1735 1931 epi-

167 1951 290 2022 mpi,
319 1951 388 2005 ad
414 1951 698 2023 synodum
725 1952 1276 2023 Constantinopolim
1329 1960 1734 2023 convenerunt,

177 2059 400 2100 ELAGIL'S.

188 2136 493 2205 Manifesto,
543 2138 687 2192 sicut
723 2140 1060 2210 optavimus,
1099 2157 1200 2211 per
1235 2141 1479 2212 gratiam
1517 2141 1613 2196 Dei
1650 2142 1815 2246 lu-B

199 2245 268 2286 ne
317 2233 656 2301 evangelicae
718 2232 966 2288 veritatis
1014 2234 1085 2288 ab
1138 2234 1442 2289 universali
1496 2235 1740 2290 Ecclesia

203 2325 574 2380 miciosissimi
612 2327 821 2380 erroris
872 2329 1038 2381 nocte
1082 2327 1336 2398 depulsa,
1376 2327 1740 2382 ineffabiliter

211 2418 429 2472 Idemns
455 2419 512 2472 in
539 2419 797 2488 Domino,
832 2420 930 2473 sed
954 2437 1066 2474 non
1096 2421 1316 2476 modico
1339 2421 1741 2476 contristamur

218 2527 378 2580 irore,
412 2513 546 2582 quia
574 2529 638 2566 ea
671 2529 800 2584 quae
829 2513 962 2567 olim
985 2515 1194 2568 calcata
1220 2515 1447 2569 fuerant
1474 2520 1530 2570 et
1557 2515 1742 2569 fundi-

235 2604 525 2674 damnata,
564 2623 667 2660 nec
704 2623 964 2676 unquam
1003 2608 1127 2662 ﬁeri
1162 2608 1492 2677 debuerant,
1532 2609 1737 2663 redivi-

241 2698 522 2753 radicibus
564 2699 891 2769 germinant
935 2704 1106 2772 atque
1151 2702 1454 2772 pullulant.
1492 2703 1559 2754 Et
1598 2718 1738 2773 quo-

241 2807 276 2846 n
324 2792 526 2859 multa,
569 2809 694 2863 quin
737 2794 1152 2864 paenitudinem
1198 2801 1438 2865 possunt
1467 2811 1742 2865 generare

249 2886 475 2952 ‘eniunt,
520 2902 749 2940 necesse
779 2892 862 2941 est
897 2904 1159 2942 accusare
1201 2905 1329 2959 quae
1361 2894 1555 2943 contra
1589 2889 1743 2943 ordi-

284 2984 342 3034 et
366 2996 593 3034 omnem
627 2981 1022 3036 auctoritatem
1067 2983 1214 3036 facta
1249 2999 1368 3037 esse
1415 2986 1742 3037 noscuntur.

266 3087 303 3140 θ,
341 3074 564 3142 fratres,
601 3075 797 3129 relicta
838 3075 1063 3146 penitus
1105 3076 1359 3142 audacia,
1389 3093 1516 3148 quae
1547 3079 1746 3131 contra

1842 1771 1924 1826 vel
1951 1769 2390 1825 conciliabulum
2420 1772 2688 1839 cessatur,
2721 1773 2775 1823 et
2795 1767 3068 1839 quidquid
3096 1768 3153 1821 in
3183 1783 3250 1822 eo
3275 1772 3466 1822 actum

1840 1870 1923 1919 est
1948 1864 2174 1918 irritum
2195 1863 2436 1918 habetur
2457 1867 2513 1918 et
2533 1879 2796 1917 vacuum.
2821 1864 2928 1917 Vos
2948 1877 3177 1933 quoque
3203 1861 3470 1932 deinceps

1838 1958 2046 2026 videte,
2069 1961 2131 2011 ut
2152 1957 2362 2012 nullius
2382 1957 2610 2012 hortatu
2635 1956 2764 2010 talia
2785 1954 3161 2026 praesumatis,
3185 1954 3228 2008 si
3252 1957 3472 2026 aposto-

1839 2053 1958 2106 licae
1988 2051 2136 2106 sedis
2156 2051 2562 2105 communione
2589 2065 2783 2104 carere
2806 2065 2923 2103 non
2944 2048 3130 2103 vultis.
3151 2047 3313 2102 Modo
3337 2064 3467 2102 vero

1838 2144 1966 2199 ideo
1985 2144 2354 2215 suspenditur
2373 2143 2536 2210 ultio,
2558 2146 2621 2197 ut
2641 2143 2830 2197 locum
2854 2142 3026 2213 possit
3046 2140 3262 2196 habere
3283 2157 3469 2195 corre-

1840 2239 1968 2293 ctio.
1991 2237 2113 2310 27
2128 2237 2176 2309 1
2201 2237 2650 2292 Praedecessores
2671 2252 2805 2291 vero
2826 2235 3078 2305 Joannis,
3097 2237 3156 2289 et
3173 2234 3467 2306 ipseJoan-

1839 2349 1961 2399 nes,
2004 2349 2118 2386 non
2159 2331 2355 2399 semel,
2399 2331 2495 2386 sed
2529 2331 2863 2402 saepissime,
2899 2328 3163 2400 epistolas
3195 2333 3366 2399 atque
3399 2327 3467 2381 li-

1838 2426 2012 2481 bellos
2038 2425 2274 2496 propria
2295 2441 2473 2479 manu
2503 2424 2846 2495 subscriptos
2877 2422 3085 2478 sanctis
3107 2421 3474 2478 antecessori-

1840 2521 1945 2575 bus
1974 2519 2181 2574 nostris
2207 2519 2504 2587 miserunt,
2532 2518 2738 2590 quibus
2776 2534 2968 2572 coram
3009 2516 3245 2572 Domino
3277 2521 3468 2587 prote-

1843 2613 1973 2668 stati
1987 2615 2118 2667 sunt
2132 2612 2274 2666 nihil
2290 2628 2587 2683 nunquam
2608 2614 2868 2682 proterve
2881 2613 3078 2666 contra
3102 2609 3471 2681 apostolicam

1843 2708 2033 2762 sedem
2065 2723 2258 2777 agere,
2314 2722 2415 2760 nec
2461 2706 2532 2758 de
2567 2704 2717 2759 illius
2753 2709 2850 2759 aut
2888 2704 3130 2760 aliorum
3158 2701 3472 2774 privilegiis

1843 2801 2155 2872 quidquam
2182 2816 2480 2870 usurpare,
2505 2799 2600 2870 qui
2626 2800 2899 2853 hactenus
2922 2798 2981 2852 in
3010 2797 3237 2852 archivo
3261 2799 3472 2851 sancta:

1842 2895 2112 2949 Romana)
2136 2893 2397 2951 Ecclesiae
2444 2892 2547 2947 sub
2592 2891 2790 2963 sigillis
2829 2891 3229 2963 chirographis
3267 2906 3470 2945 eorum

1844 2989 2100 3043 roborati
2137 2987 2422 3042 habentur
2457 2986 2686 3058 integri.
2748 2988 2810 3040 In
2858 2985 2994 3057 ipsis
3033 2985 3190 3039 enim
3221 2983 3476 3055 epistolis

1846 3084 1930 3136 vel
1972 3081 2196 3149 libellis,
2244 3081 2627 3136 anathematis
2675 3079 2902 3134 vinculo
2954 3097 3011 3134 se
3040 3083 3098 3134 et
3125 3095 3478 3134 successores

49 3135 106 3207 Ch
279 3167 484 3221 olicam
513 3167 730 3238 sedem,
760 3173 952 3222 contra
981 3169 1165 3240 ipsam
1193 3170 1418 3223 Domini
1445 3170 1747 3225 Salvatoris
1848 3193 2048 3231 eorum
2073 3175 2549 3241 constrinxerunt,
2574 3175 2618 3228 si
2639 3191 2892 3246 unquam
2910 3172 3143 3245 aliquod
3161 3177 3358 3228 contra
3379 3188 3475 3228 eos

63 3263 159 3342 ς’
281 3278 340 3326 u,
383 3278 492 3332 qua
533 3261 746 3316 dictum
786 3266 912 3316 est:
953 3286 978 3311 ‹‹
1011 3265 1088 3317 Tu
1127 3280 1184 3317 es
1228 3266 1446 3332 Petrus,
1490 3268 1545 3317 et
1577 3281 1750 3336 super
1849 3269 2361 3342 prmsumpsissent,
2387 3274 2484 3323 aut
2505 3271 2702 3322 contra
2720 3267 3091 3338 apostolicam
3107 3266 3383 3321 velullius
3399 3266 3479 3321 al-

56 3330 111 3408 .T
295 3330 520 3426 petram
543 3356 835 3411 aedificabo
853 3357 1160 3411 Ecclesiam
1189 3375 1373 3412 meam
1398 3330 1611 3428 (Matth.
1635 3330 1744 3428 ἐνί,
1849 3330 2020 3419 terius
2041 3330 2290 3434 episcopi
2319 3330 2509 3416 sedem
2533 3330 2844 3432 quidquam
2865 3360 3082 3415 adversi
3105 3376 3336 3432 quoquo
3357 3376 3478 3415 mo-

57 3434 132 3514 Lch
295 3473 304 3494 ι
343 3453 566 3520 sumpta
596 3452 681 3504 est
720 3450 1052 3521 disputandi
1097 3455 1295 3506 contra
1341 3451 1563 3506 Domini
1599 3469 1746 3523 praa-
1851 3457 1924 3511 do
1949 3459 2137 3510 essent
2164 3455 2367 3509 moliti.
2397 3454 2607 3508 Idcirco
2630 3470 2724 3508 eos
2753 3457 2976 3530 nonest
3001 3469 3229 3509 necesse
3250 3469 3480 3508 excom-

260 3587 304 3607 -,
331 3559 470 3598 vana
491 3544 800 3598 errantium
817 3546 987 3600 corda
1009 3546 1432 3617 conquiescant,
1463 3562 1563 3599 nec
1584 3546 1752 3601 liceat
1771 3545 1825 3620 C
1851 3549 2143 3604 municare
2171 3553 2270 3603 aut
2288 3549 2794 3614 anathematizare,
2822 3548 2950 3618 quia
2974 3547 3078 3618 ipsi
3098 3547 3481 3602 anathematis

139 3635 353 3692 defendi
379 3638 531 3708 quod
561 3655 673 3692 non
713 3638 880 3693 liceat
904 3656 1091 3710 agere.
1132 3641 1394 3694 Relatum
1415 3643 1500 3694 est
1520 3656 1656 3710 ergo
1679 3640 1752 3693 ad

137 3731 490 3801 apostolicam
533 3732 726 3786 sedem
757 3733 1038 3787 Joannem
1066 3733 1753 3805 Constantinopolitanum

137 3824 474 3897 episcopum,
519 3826 900 3880 universalem
946 3844 1001 3881 se
1032 3827 1402 3897 subscribere,
1437 3845 1644 3899 vosque
1684 3845 1753 3882 ex

140 3917 232 3973 hac
257 3936 359 3974 sua
383 3920 832 3992 praesumptione
853 3920 926 3974 ad
949 3922 1232 3992 synodum
1255 3938 1564 3976 convocare
1588 3938 1755 3992 gene-

141 4013 326 4083 ralem,
351 4030 482 4068 cum
509 4014 860 4086 generaiium
884 4016 1236 4086 synodorum
1260 4017 1603 4070 convocandi
1621 4033 1752 4071 auc-

142 4106 323 4162 toritas
348 4108 668 4179 apostolicae
692 4109 810 4162 sedi
828 4109 984 4163 beati
1001 4109 1149 4164 Petri
1165 4110 1442 4181 singulari
1460 4109 1752 4181 privilegio

143 4199 204 4253 sit
243 4201 469 4270 tradita,
515 4207 571 4256 et
611 4203 767 4256 nulla
815 4219 1069 4274 unquam
1110 4204 1356 4274 synodus
1384 4207 1507 4258 rata
1532 4205 1756 4274 legatur

141 4309 256 4363 quae
280 4295 584 4366 apostolica
611 4296 945 4351 auctoritate
971 4314 1086 4351 non
1102 4296 1277 4352 fuerit
1301 4297 1462 4351 fulta.
1495 4297 1750 4368 Quapro-

144 4393 259 4457 pter
285 4389 567 4461 quidquid
597 4391 656 4444 in
679 4391 951 4461 praedicto
973 4396 1160 4446 vestro
1189 4391 1595 4460 conventiculo,
1621 4391 1755 4462 quia

139 4484 374 4551 synodus
394 4484 582 4538 taliter
599 4489 948 4556 praesumpta
970 4503 1088 4541 esse
1108 4503 1225 4542 non
1248 4486 1456 4558 potuit,
1482 4486 1755 4541 statuistis

143 4592 203 4630 ex
230 4579 560 4633 auctoritate
591 4579 770 4633 sancti
798 4579 950 4633 Petri
977 4581 1365 4651 apostolorum
1388 4581 1677 4652 principis,
1701 4585 1757 4636 et

143 4671 352 4726 Domini
376 4672 678 4728 Salvatoris
703 4689 858 4739 voce,
887 4690 998 4744 qua
1023 4674 1188 4729 beato
1217 4677 1382 4729 Petro
1413 4678 1754 4746 potestatem

143 4763 347 4835 ligandi
384 4769 552 4838 atque
599 4767 922 4821 absolvendi
967 4767 1088 4839 ipse
1131 4768 1382 4822 Salvator
1419 4770 1591 4839 dedit,
1629 4787 1756 4841 quae

144 4860 305 4914 etiam
351 4863 602 4932 potestas
645 4860 702 4914 in
753 4862 1168 4916 successoribus
1217 4863 1340 4933 ejus
1369 4863 1760 4919 indubitanter

1852 3645 2093 3711 vinculo,
2125 3641 2370 3714 propriis
2399 3641 2663 3697 manibus
2687 3641 3067 3713 professiones
3090 3658 3238 3708 suas,
3261 3657 3479 3712 suaque

1853 3738 2056 3809 scripta
2081 3737 2404 3792 roboranda
2431 3735 2890 3790 constrinxerunt
2913 3753 2928 3804 ;
2958 3735 3098 3789 sciat
3126 3752 3184 3789 se
3211 3738 3404 3790 tamen
3426 3739 3481 3790 et

1852 3833 1971 3903 ipse
1984 3833 2248 3898 Joannes,
2269 3829 2380 3885 nisi
2397 3846 2652 3884 errorem
2678 3845 2844 3884 suum
2864 3829 2973 3884 cito
2985 3828 3312 3898 correxerit,
3329 3846 3362 3882 a
3383 3845 3478 3884 no-
3503 3815 3520 3915 ί

1850 3927 1936 3981 bis
1957 3924 2567 3982 excommunicandum
2593 3924 2736 3992 fore,
2771 3929 2828 3978 et
2852 3923 3176 3995 apostolica}
3203 3923 3355 3978 sedis
3394 3928 3476 3980 at-

1853 4037 1960 4092 que
1987 4019 2245 4076 omnium
2277 4023 2598 4074 sanctorum
2634 4019 3028 4090 episcoporum
3076 4017 3481 4073 communione

1854 4126 2071 4179 carere;
2100 4107 2483 4164 universitatis
2499 4124 2726 4179 quoque
2749 4123 2982 4172 nomen,
3004 4108 3153 4179 quod
3170 4107 3275 4162 sibi
3296 4106 3482 4162 illicite

1856 4201 2342 4274 usurpavit,nolite
2358 4201 2777 4268 attendere,nec
2793 4200 3090 4255 vocatione
3105 4201 3225 4271 ejus
3239 4201 3308 4255 ad
3323 4217 3482 4271 syno-

1853 4298 1990 4351 dum
2021 4297 2230 4366 absque
2257 4295 2593 4349 auctoritate
2614 4293 2760 4348 sedis
2781 4293 3102 4365 apostolicae
3122 4310 3377 4364 unquam
3394 4309 3483 4349 ve-

1853 4391 2000 4458 nire,
2035 4389 2079 4442 si
2111 4387 2431 4460 apostolica)
2463 4387 2614 4441 sedis
2642 4394 2698 4442 et
2725 4391 3062 4442 caeterorum
3089 4387 3485 4458 episcoporum

1855 4481 2261 4539 communione
2279 4481 2448 4535 vultis
2467 4481 2609 4550 frui;
2639 4482 2825 4535 nullus
2851 4481 3003 4536 enim
3025 4480 3483 4552 patriarcharum

1856 4579 1963 4633 hoc
1977 4581 2096 4632 tam
2108 4575 2346 4647 profano
2359 4575 2624 4630 vocabulo
2639 4591 2894 4646 unquam
2906 4577 3116 4642 utatur,
3133 4574 3265 4646 quia
3276 4575 3323 4629 si
3337 4590 3484 4629 unus

1856 4670 2178 4743 patriarcha
2197 4668 2527 4724 universalis
2547 4669 2772 4738 dicitur,
2796 4668 3249 4739 patriarcharum
3270 4685 3486 4724 nomen

1857 4765 2075 4822 caeteris
2096 4765 2419 4834 derogatur.
2453 4763 2560 4818 Sed
2589 4762 2736 4817 absit
2754 4762 2864 4817 hoc
2887 4779 2920 4816 a
2941 4762 3127 4816 ﬁdelis
3147 4763 3487 4835 cujusquam

1859 4864 2070 4928 mente,
2098 4859 2206 4914 hoc
2229 4857 2333 4912 sibi
2353 4858 2437 4912 vel
2458 4857 2598 4913 velle
2616 4857 2948 4929 quempiam
2965 4857 3214 4928 arripere
3231 4863 3294 4912 ut
3312 4858 3488 4914 hono-

145 4953 412 5021 transivit,
442 4955 712 5026 praecipio
745 4955 941 5010 omnia
972 4972 1100 5026 quae
1126 4956 1203 5010 ibi
1233 4957 1502 5012 statuistis
1531 4961 1588 5011 et
1617 4975 1757 5013 vana
1777 4927 1836 5000 D
1859 4972 1982 5012 rem
2008 4955 2250 5009 fratrum
2280 4969 2515 5007 suorum
2538 4951 2874 5006 imminuere
2895 4968 2962 5007 ex
2982 4952 3487 5025 quantulacunque

147 5050 195 5100 et
218 5051 431 5103 cessata
459 5065 598 5117 esse,
629 5049 705 5103 ita
738 5053 799 5104 ut
824 5049 1092 5122 deinceps
1119 5068 1413 5123 nunquam
1455 5058 1763 5123 appareant

145 5157 237 5196 nec
265 5143 630 5197 ventilentur.
662 5143 752 5198 Ait
777 5143 931 5198 enim
957 5144 1076 5215 ipse
1101 5145 1356 5200 Salvator
1381 5146 1547 5200 beato
1574 5148 1759 5216 Petro,

146 5235 279 5291 sicut
308 5237 427 5308 ipse
455 5255 560 5308 per
601 5253 660 5292 se
699 5238 920 5293 Veritas
958 5238 1228 5311 loquitur,
1263 5241 1456 5295 dicens
1494 5257 1506 5294 :
1547 5263 1573 5289 ‹‹
1607 5243 1764 5305 Quee-

147 5346 362 5402 cunque
413 5329 680 5401 ligaveris
718 5349 888 5403 super
936 5335 1168 5404 terram,
1210 5337 1381 5389 erunt
1418 5334 1592 5405 ligata
1623 5339 1677 5389 et
1707 5335 1764 5388 in

146 5427 297 5492 coelo,
346 5429 402 5480 et
445 5441 797 5497 quaecunque
840 5426 1072 5499 solveris
1113 5445 1283 5499 super
1334 5431 1563 5494 terram,
1598 5430 1768 5482 erunt

150 5519 322 5574 soluta
350 5524 406 5573 et
434 5518 491 5572 in
520 5519 656 5574 coelo
687 5521 867 5587 (Ibid,
897 5522 999 5589 19).
1027 5518 1258 5592 )[Multis
1283 5522 1472 5576 denuo
1493 5521 1764 5592 apostoli-

150 5612 218 5665 cis
246 5618 302 5668 et
325 5613 613 5668 canonicis
640 5617 810 5685 atque
839 5613 1579 5670 ecclesiasticisinstruimur
1600 5631 1766 5686 regu-

149 5705 206 5759 lis
229 5724 344 5762 non
379 5706 588 5762 debere
620 5707 834 5779 absque
865 5707 1147 5762 sententia
1175 5709 1564 5765 Romanorum
1587 5709 1770 5781 ponti-

152 5800 312 5856 ﬁcum
343 5802 581 5856 concilia
606 5801 900 5871 celebrari,
929 5807 1299 5874 quapropter,
1327 5808 1392 5858 ut
1410 5805 1530 5874 jam
1555 5804 1771 5860 dictum

154 5901 227 5950 est
251 5900 421 5964 recte,
445 5912 561 5952 non
583 5895 907 5964 concilium,
931 5896 1030 5951 sed
1052 5902 1294 5952 vestrum
1315 5899 1771 5954 conventiculum

551 5995 820 6058 I‘ATBOL.
872 5993 1096 6060 CXXX.

1861 5053 2024 5124 parte
2053 5049 2330 5104 videatur.
2353 5048 2710 5118 Quapropter
2729 5045 2972 5101 charitas
2993 5050 3175 5100 vestra
3199 5047 3491 5103 neminem

1861 5159 2115 5217 unquam
2142 5143 2255 5197 suis
2282 5141 2534 5213 epistolis
2564 5140 2943 5195 universalem
2972 5141 3252 5211 nominet,
3285 5158 3356 5197 ne
3385 5142 3493 5197 sibi

1864 5240 2119 5295 debitum
2149 5237 2469 5305 subtrahat,
2501 5252 2630 5290 cum
2652 5234 2817 5290 alteri
2845 5235 3120 5290 honorem
3143 5235 3310 5290 offert
3330 5237 3489 5293 inde-

1866 5335 2070 5389 bitum.
2103 5331 2521 5388 «Adversarius
2542 5346 2790 5402 namque
2814 5329 3092 5395 diabolus,
3122 5349 3149 5381 »
3182 5331 3280 5402 qui
3297 5337 3494 5388 contra

1867 5428 2111 5482 humiles
2140 5427 2374 5482 saeviens
2404 5447 2430 5476 ‹‹
2461 5426 2604 5480 sicut
2630 5425 2720 5479 leo
2737 5423 2969 5495 rugiens
2990 5423 3207 5493 circuit,
3232 5441 3496 5496 quaerens

1867 5538 2040 5595 quem
2067 5520 2300 5576 devoret
2321 5520 2368 5590 (Ι
2386 5523 2529 5575 Petr.
2549 5536 2604 5589 ν,
2629 5522 2703 5590 8),
2730 5537 2757 5569 »
2790 5534 2908 5573 non
2929 5518 3068 5590 jam,
3099 5521 3162 5572 ut
3183 5518 3491 5587 cernimus,
3513 5505 3533 5597 ί

1869 5617 2056 5671 caulas
2086 5614 2306 5684 circuit,
2340 5614 2436 5668 sed
2467 5613 2548 5668 ita
2580 5612 2762 5667 valide
2787 5612 2847 5667 in
2875 5611 3210 5684 quibusdam
3238 5612 3495 5667 Ecclesiae

1869 5706 2201 5765 necessariis
2221 5705 2495 5761 membris
2510 5707 2738 5761 dentem
2757 5705 2903 5778 ﬁgit,
2924 5704 3140 5760 utnulli
3157 5705 3495 5777 sitdubium,

1871 5804 2004 5876 quia
2050 5801 2157 5856 nisi
2207 5798 2560 5854 unanimiter
2609 5801 2827 5854 favente
2879 5801 3116 5855 Domino
3164 5805 3500 5859 cunctorum

1873 5897 2113 5973 provida
2127 5899 2420 5967 pastorum
2437 5891 2606 5946 turba
2624 5896 2940 5958 concurrat,
2961 5909 3130 5949 omne
3151 5895 3318 5966 (quod
3338 5897 3503 5970 absit)

3111 5999 3188 6054 35
