4040 6356
518 367 643 421 1091

1399 364 1678 420 APPEND.
1719 362 1807 420 AD
1846 365 2007 419 S/EC.
2051 363 2136 418 IX.
2169 391 2237 402 -—-
2277 361 2526 420 lSlDORl
2563 359 2989 416 MERCATORIS

3738 353 3876 406 1092

511 473 676 528 citius
697 472 841 527 ovile
870 472 1126 527 dilaniat.
1150 471 1526 543 Perpenditis,
1555 472 1758 526 fratres
1787 471 2135 538 charismmi,
2159 483 2220 556 Α
2238 473 2468 524 reataut
2480 467 2845 540 exspolietur.
2864 464 3254 522 «Conﬁdimus
3265 465 3458 516 autem
3471 460 3542 514 de
3556 458 3732 527 vobis,
3747 458 3878 512 cha-

516 566 654 637 quid
680 569 735 620 et
763 566 966 620 vicinio
993 564 1374 636 subsequitur,
1411 581 1541 620 cum
1572 571 1630 620 et
1667 565 1726 618 in
1760 565 2140 620 sacerdotibus

518 663 828 730 erumpunt
857 662 970 712 tam
997 674 1259 730 perversa
1286 659 1616 730 primordia,
1647 658 1779 729 quia
1804 659 1959 714 enim
1979 660 2143 730 juxta

517 756 598 807 est
645 753 738 805 ille
785 752 853 806 de
891 768 1003 822 quo
1047 751 1321 822 scriptum
1361 757 1445 806 est
1474 771 1486 806 :
1521 775 1547 801 «
1579 753 1702 824 Ipse
1734 757 1819 807 est
1843 769 1939 808 rex
1970 769 2143 824 super

515 845 808 900 universos
821 844 1257 916 ﬁliossuperbite
1271 845 1385 914 (Job
1413 845 1687 917 x1.1,25),»
1708 847 1858 917 quod
1886 863 2003 901 non
2022 846 2142 901 sine

518 938 674 1010 gravi
700 939 892 993 dolore
924 938 1111 993 dicere
1138 938 1466 1009 compellor,
1498 939 1635 994 dum
1659 940 1838 994 frater
1868 943 1927 994 et
1951 940 2140 1011 coepi-

515 1049 714 1104 scopus
739 1035 933 1087 noster
959 1033 1202 1087 Joannes
1223 1031 1495 1087 mandata
1522 1033 1810 1088 Dominica
1835 1036 1892 1088 et
1913 1037 2139 1106 aposto-

513 1126 621 1180 lica
647 1129 951 1196 praecepta,
981 1126 1326 1197 regulasque
1357 1127 1592 1181 Patrum
1635 1127 1970 1199 despiciens,
2009 1145 2142 1183 eum

515 1237 616 1291 per
637 1219 946 1274 elationem
961 1235 1294 1290 percurrere
1320 1223 1557 1274 conatur
1582 1220 1641 1274 in
1661 1221 1912 1276 nomine.
1929 1224 2144 1277 Vestras

518 1317 712 1368 autem
739 1312 1077 1367 beatitudini
1117 1313 1332 1367 indicet
1373 1313 1740 1385 omnipotens
1781 1316 1928 1369 Deus
1970 1332 2144 1387 quam

519 1407 675 1478 gravi
692 1405 884 1461 consid
892 1407 1161 1461 erationis
1173 1407 1342 1477 hujus
1352 1408 1566 1477 gemitu
1581 1411 1870 1479 torqueor,
1885 1410 2036 1480 quod
2052 1409 2144 1464 ille

519 1500 808 1572 quondam
826 1499 967 1554 mihi
981 1499 1327 1568 notissimus,
1347 1501 1442 1555 ille
1459 1501 1724 1556 omnibus
1745 1502 2000 1573 dilectus,
2019 1519 2142 1558 ora-

519 1593 766 1648 tionibus
789 1597 959 1665 atque
979 1593 1213 1664 jejuniis
1240 1593 1536 1648 videbatur
1562 1599 1885 1666 occupatus,
1914 1601 1970 1651 et
1993 1613 2058 1650 ex
2081 1614 2147 1652 eo

519 1704 631 1759 quo
659 1687 890 1741 foetebat
917 1686 1128 1755 cinere,
1163 1703 1232 1740 ex
1254 1703 1318 1740 ea
1345 1703 1519 1757 quam
1548 1688 1938 1758 praetendebat
1957 1689 2146 1744 humi-

520 1781 674 1834 litate
715 1779 1044 1850 jactantiam
1095 1781 1358 1850 sumpsit,
1409 1780 1488 1835 ita
1537 1781 1797 1836 universa
1835 1781 1940 1836 sibi
1967 1786 2151 1838 tentet

2240 563 2469 630 rissimi,
2500 562 2735 617 meliora
2754 562 2925 631 atque
2955 557 3228 613 viciniora
3243 554 3411 611 saluti
3435 555 3613 626 (Hebr.
3641 569 3719 622 Vl,
3745 553 3816 622 9),
3847 574 3874 599 ››

2241 657 2376 730 quia
2405 678 2432 707 «
2464 673 2649 727 neque
2676 671 2851 721 mors,
2871 669 3057 724 neque
3086 652 3218 718 vita,
3242 664 3429 721 neque
3449 647 3657 718 angeli,
3688 661 3877 717 neque

2241 751 2607 823 principatus,
2650 764 2839 820 neque
2876 745 3162 812 instantia,
3199 759 3385 815 neque
3427 742 3638 810 futura,
3689 755 3882 810 neque

2242 845 2540 911 fortitudo,
2569 860 2752 915 neque
2785 840 3048 910 altitudo,
3079 855 3265 910 neque
3287 836 3655 908 profundum,
3687 849 3879 903 neque

2242 941 2502 993 creatura
2529 937 2656 1006 alia,
2703 936 3031 1008 «magistro
3068 933 3329 1005 gentium
3361 930 3621 993 docente,
3668 926 3884 998 poterit

2243 1050 2348 1088 nos
2377 1048 2642 1103 separare
2669 1049 2703 1086 a
2731 1030 3001 1085 charitate
3033 1025 3257 1081 Domini
3291 1023 3471 1079 nostri
3492 1024 3620 1077 Jesu
3647 1020 3880 1082 Christi,

2245 1129 2303 1180 et
2346 1142 2475 1197 quas
2506 1125 2565 1180 in
2608 1125 2732 1196 ipso
2771 1126 2858 1178 est
2893 1124 3046 1177 recta
3073 1120 3184 1174 ﬁde
3219 1120 3384 1187 (Rom.
3417 1133 3537 1184 vin,
3567 1118 3656 1183 38,
3692 1114 3802 1184 39).
3851 1133 3877 1158 ››

2247 1241 2274 1272 ‹‹
2301 1221 2482 1275 Nolite
2507 1220 2696 1290 itaque
2721 1217 2982 1272 amittere
3007 1213 3416 1270 conﬁdentiam
3455 1212 3699 1264 vestram
3747 1223 3878 1278 qua:

2245 1331 2514 1386 magnam
2531 1309 3260 1367 habetremunerationem.
3280 1326 3306 1356 »
3325 1302 3600 1359 Patientia
3611 1301 3767 1357 enim
3785 1318 3883 1354 no-

2245 1409 2331 1463 bis
2357 1407 2675 1462 necessaria
2704 1408 2791 1460 est
2822 1405 2896 1459 ad
2939 1401 3364 1458 colluctationes
3401 1396 3876 1461 adversariorum,

2247 1506 2527 1574 quatenus
2557 1500 2731 1555 ﬁdem
2757 1499 3156 1554 intemeratam
3175 1509 3356 1565 usque
3380 1492 3442 1547 in
3460 1491 3638 1546 ﬁnem
3658 1504 3885 1544 conser-

2249 1593 2966 1666 vantes,repromissionem
2982 1589 3361 1662 percipiamus
3375 1602 3546 1658 quam
3559 1582 3886 1656 repromisit

2249 1689 2336 1744 his
2363 1689 2461 1760 qui
2489 1687 2748 1758 legitime
2774 1689 2991 1741 certare
3021 1683 3421 1754 deproperant.
3457 1700 3484 1728 ί(
3507 1678 3705 1733 Adhuc
3725 1676 3883 1731 enim

2249 1783 2542 1838 modicum
2565 1781 2902 1853 quantulum
2928 1778 3026 1851 qui
3049 1780 3326 1832 venturus
3348 1779 3433 1830 est
3458 1773 3668 1838 veniet,
3689 1774 3744 1825 et
3765 1785 3882 1824 non

521 1871 1096 1942 ascribere,etomnia
1113 1889 1239 1944 quia
1258 1873 1361 1928 soli
1376 1873 1664 1946 unicapiti
1685 1875 1975 1932 cohaerent
1993 1877 2149 1932 vide-
2169 1857 2226 1929 B
2252 1875 2496 1932 tardabit
2521 1876 2708 1945 (Hebr.
2737 1891 2790 1942 x,
2823 1874 2931 1943 37).
2967 1895 2995 1922 »
3031 1894 3058 1921 ‹‹
3091 1872 3228 1925 Ecce
3260 1869 3416 1924 enim
3432 1867 3610 1939 judex
3636 1868 3769 1919 ante
3792 1864 3885 1934 ja-

522 1968 652 2022 licet
702 1967 941 2034 Christo,
990 1983 1093 2037 per
1137 1967 1476 2022 electionem
1521 1969 1835 2040 pompatici
1877 1971 2150 2026 sermonis

523 2060 782 2132 ejusdem
828 2059 1034 2137 Christi
1070 2059 1176 2114 sibi
1215 2059 1483 2116 studeant
1526 2062 1787 2117 membra
1816 2063 2146 2135 subjugare.

522 2156 631 2209 Nec
659 2154 869 2208 mirum
909 2153 1058 2223 quod
1088 2153 1184 2208 ille
1214 2157 1480 2224 tentator,
1521 2156 1619 2226 qui
1655 2177 1682 2204 «
1709 2155 1937 2211 initium
1968 2157 2151 2212 omnis

522 2248 733 2319 peccati
766 2248 868 2301 scit
895 2263 1018 2300 esse
1059 2247 1384 2317 superbiam
1422 2249 1602 2316 (Eccli.
1644 2266 1698 2317 x,
1732 2252 1834 2320 15),
1867 2272 1893 2298 n
1934 2254 1990 2306 et
2016 2255 2151 2306 tunc

521 2359 588 2397 ea
619 2342 678 2395 in
725 2341 905 2411 primo
950 2340 1185 2394 homine
1215 2344 1346 2394 ante
1387 2341 1583 2395 omnia
1619 2359 1757 2397 usus
1786 2347 1890 2413 est,
1921 2348 1977 2398 et
2001 2362 2150 2400 nunc

525 2452 652 2490 eam
673 2434 730 2488 in
752 2433 1092 2506 quibusdam
1112 2434 1440 2489 hominibus
1456 2435 1617 2507 ponit
1634 2435 1693 2490 in
1712 2437 1826 2491 ﬁne
1842 2437 2114 2493 virtutum
2131 2457 2148 2508 ;

526 2535 600 2596 et,
633 2528 732 2601 qui
761 2527 1118 2598 aliquatenus
1145 2528 1307 2582 bonis
1338 2528 1468 2583 vitae
1489 2529 1689 2584 studiis
1715 2531 2010 2586 videbatur
2031 2549 2152 2587 cru-

529 2621 844 2678 delissimas
876 2637 1083 2675 manus
1113 2621 1234 2692 ejus
1273 2620 1547 2693 effugere,
1580 2623 1660 2677 eis
1691 2623 1750 2678 in
1780 2624 1914 2696 ipsis
1943 2626 2153 2681 mentis

524 2717 658 2772 boni
683 2714 888 2786 operis,
919 2717 976 2768 et
1002 2714 1058 2767 in
1080 2715 1205 2785 ipsa
1226 2715 1656 2786 quodammodo
1683 2722 1935 2789 apponat
1963 2721 2147 2791 perfe-

523 2809 722 2866 ctionis
769 2808 1130 2863 conclusione
1188 2809 1560 2865 tendiculum.
1597 2811 1758 2867 Unde
1798 2829 2151 2885 magnOpere

526 2902 808 2959 orandum
835 2906 921 2956 est
957 2905 1014 2956 et
1048 2902 1410 2973 omnipotens
1447 2904 1597 2958 Deus
1626 2905 1866 2960 assiduis
1891 2907 2153 2978 precibus

524 2996 936 3068 implorandus,
956 2998 1019 3049 ut
1037 2996 1189 3050 hunc
1210 3013 1241 3050 a
1263 3002 1453 3051 mente
1469 2997 1620 3052 illius
1640 3003 1856 3054 avertat
1876 3015 2149 3072 errorem,

529 3092 637 3146 hoc
663 3091 733 3144 ab
764 3090 982 3145 unitate
1001 3092 1170 3161 atque
1199 3090 1522 3146 humilitate
1542 3093 1801 3148 Ecclesia:
1825 3095 2036 3149 malum
2059 3112 2148 3149 su-

527 3184 737 3256 perbiae
757 3188 812 3239 et
831 3182 1175 3238 confusionis
1196 3188 1479 3252 amoveat,
1500 3187 1555 3239 et
1583 3186 1810 3242 favente
1833 3188 1943 3242 Deo
1974 3189 2154 3244 omni-

527 3279 633 3333 bus
671 3278 882 3333 viribus
918 3278 1377 3332 concurrendum
1406 3283 1576 3350 atque
1613 3280 2045 3353 providendum,
2081 3300 2154 3338 ne

2175 3228 2229 3302 C

2252 1987 2428 2025 nuam
2454 1969 2664 2024 assistit
2693 1969 2824 2038 (Jac.
2851 1984 2905 2036 v,
2933 1967 3007 2038 9),
3033 1987 3060 2015 »
3112 1979 3348 2018 coronas
3372 1961 3626 2016 hilariter
3645 1958 3884 2030 promit-

2251 2069 2375 2118 tens
2387 2064 2476 2118 his
2496 2063 2594 2135 qui
2615 2079 2719 2133 pro
2741 2077 2808 2117 eo
2826 2058 3186 2132 passionibus
3208 2055 3652 2119 submittuntur;
3672 2051 3824 2123 quod
3840 2050 3888 2103 si

2251 2159 2377 2230 quis
2389 2175 2446 2213 se
2467 2155 2814 2214 subtraxerit
2835 2170 2951 2209 non
2973 2151 3221 2225 placebit
3247 2149 3452 2205 animus
3474 2164 3643 2214 meae,
3666 2145 3768 2200 sed
3790 2163 3884 2198 ca-

2251 2253 2348 2307 det
2364 2253 2435 2306 de
2458 2251 2833 2323 promissione
2851 2251 3082 2320 propter
3101 2244 3494 2316 negationem.
3521 2264 3547 2291 u
3565 2242 3674 2296 Nos
3687 2243 3886 2293 autem

2251 2362 2366 2400 non
2385 2361 2583 2400 sumus
2610 2340 3011 2398 subtractionis
3038 2339 3141 2394 filii
3164 2339 3222 2392 in
3253 2335 3654 2408 perditionem,
3687 2331 3790 2386 sed
3818 2331 3885 2385 ti-

2253 2442 2342 2496 dei
2363 2441 2419 2495 in
2445 2438 2878 2511 acquisitionem
2899 2435 3102 2489 anima:
3125 2432 3306 2503 (Hebr.
3332 2447 3385 2499 x,
3403 2429 3513 2501 39).
3537 2451 3564 2479 »
3595 2451 3623 2477 ‹‹
3652 2429 3890 2497 Propter

2254 2535 2408 2606 quod
2437 2532 2706 2589 assumite
2735 2546 2897 2585 arma
2923 2527 3041 2598 Dei,
3069 2529 3135 2582 ut
3160 2525 3384 2597 possitis
3415 2522 3681 2577 resistere
3705 2520 3765 2573 in
3793 2519 3888 2572 die

2254 2630 2402 2684 malo
2419 2629 2633 2700 (Ephes.
2656 2642 2730 2695 v1,
2752 2625 2877 2694 l3)»
2902 2623 3170 2678 adversus
3192 2635 3390 2674 omnes
3407 2615 3664 2672 inimicos
3675 2617 3888 2669 sancta!

2254 2723 2353 2778 Dei
2375 2721 2630 2777 Ecclesiae
2652 2723 2708 2775 et
2726 2721 2963 2786 vestros,
2993 2735 3021 2768 «
3043 2721 3101 2771 et
3123 2713 3346 2768 induite
3369 2710 3602 2766 loricam
3624 2708 3888 2780 justitim,

2252 2816 2484 2872 calceati
2499 2815 2674 2887 pedes
2685 2814 2744 2868 in
2757 2811 3171 2884 prceparatione
3186 2805 3474 2878 Evangelii
3487 2803 3660 2876 pacis,
3684 2803 3745 2857 in
3768 2819 3895 2856 om-

2255 2912 2421 2966 nibus
2444 2911 2798 2965 assumentes
2824 2908 3047 2961 scutum
3074 2902 3205 2958 fidei
3225 2902 3286 2956 in
3303 2918 3416 2973 quo
3443 2897 3667 2971 possitis
3688 2897 3893 2952 omnia

2246 3005 2441 3076 jacula
2458 3000 2794 3073 nequissimi
2817 3000 2994 3071 ignea
3010 2997 3392 3066 exstinguere,
3421 2998 3478 3047 et
3498 2992 3725 3063 galeam
3748 2991 3896 3043 salu-

2253 3099 2324 3154 tis
2348 3097 2607 3168 accipite,
2643 3098 2700 3149 et
2720 3091 2971 3166 gladium
2999 3090 3238 3162 Spiritus
3264 3088 3464 3153 sancti,
3485 3085 3634 3156 quod
3657 3087 3742 3139 est
3760 3100 3892 3138 ver-

2253 3191 2392 3246 bum
2438 3190 2554 3257 Dei,
2595 3205 2700 3260 per
2736 3203 2966 3241 onmem
2994 3184 3314 3239 orationem
3353 3185 3410 3236 et
3437 3178 3892 3234 obsecrationem

2257 3285 2437 3356 (Ibid.,
2473 3284 2656 3353 14-18)
2679 3303 2705 3331 ››
2741 3304 2767 3331 ‹‹
2795 3279 3049 3348 radicati,
3073 3284 3130 3333 et
3153 3275 3374 3332 fundati
3403 3274 3615 3344 (Ephes.
3640 3289 3722 3340 In,
3750 3271 3836 3341 l7)
3865 3294 3890 3318 ››

526 3374 583 3428 111
611 3372 781 3428 unius
802 3388 1021 3427 veneno
1043 3371 1322 3426 sermonis
1346 3373 1591 3428 viventia
1610 3373 1668 3428 in
1689 3375 1892 3430 Christi
1919 3393 2155 3451 corpore
2205 3370 2316 3482 \in
2343 3378 2537 3432 solatio
2562 3377 2803 3430 fratrum
2831 3391 2936 3445 pro
2968 3373 3187 3427 Christo
3232 3371 3362 3426 Iesu
3391 3367 3639 3423 Domino
3671 3370 3892 3420 nostro.

525 3468 787 3522 membra
822 3466 1158 3521 moriantur.
1203 3466 1263 3520 Si
1311 3466 1465 3520 enim
1495 3466 1605 3521 dici
1636 3468 1743 3522 hoc
1764 3469 1997 3525 licenter
2023 3487 2151 3541 per-

525 3561 789 3627 mittitur,
821 3561 1005 3615 honor
1031 3559 1484 3630 patriarcharum
1513 3561 1773 3616 omnium
1803 3569 2068 3634 negatur,
2100 3569 2158 3620 et

527 3656 762 3710 fortasse
790 3655 835 3707 is
867 3655 926 3708 in
955 3670 1146 3709 errore
1178 3653 1327 3724 perit
1346 3655 1446 3725 qui
1483 3655 1816 3710 universalis
1845 3657 2070 3728 dicitur,
2102 3664 2158 3713 et

529 3750 717 3804 nullus
748 3749 873 3820 jam
917 3749 1216 3819 episcopus
1257 3748 1596 3804 remansisse
1643 3749 1702 3804 in
1733 3753 1877 3805 statu
1909 3753 2157 3807 veritatis

529 3843 834 3898 invenitur.
883 3842 1121 3913 Oportet
1161 3858 1296 3913 ergo
1327 3847 1391 3897 ut
1417 3846 1740 3899 constanter
1766 3862 1831 3899 ac
1858 3845 1977 3900 sine
2007 3863 2154 3917 prae—

523 3936 740 4008 judicio
780 3936 1034 4004 servetis,
1079 3936 1224 3989 sicut
1265 3936 1558 4006 accepistis
1601 3937 1892 4006 Ecclesias,
1932 3943 1989 3993 et
2016 3941 2158 3995 nihil

532 4031 636 4083 sibi
680 4029 738 4082 in
787 4028 944 4082 vobis
993 4029 1115 4082 hazc
1152 4029 1386 4083 tentatio
1431 4029 1724 4086 diabolica:
1775 4033 2159 4104 usurpationis

529 4122 788 4178 ascribat.
813 4121 961 4176 State
985 4121 1179 4189 fortes,
1200 4125 1340 4176 state
1360 4123 1562 4192 securi,
1585 4123 1905 4196 scriptaque
1925 4127 2157 4182 univer-

529 4217 660 4273 salis
693 4215 938 4270 nominis
968 4215 1109 4270 falsa
1140 4232 1246 4270 nec
1273 4215 1407 4270 dare
1436 4233 1707 4288 unquam,
1754 4236 1857 4274 nec
1900 4221 2158 4293 accipere

2327 3471 2434 3527 Sed
2461 3474 2520 3525 et
2545 3487 2718 3536 nunc,
2751 3469 2972 3536 fratres,
2990 3464 3452 3521 commendamus
3469 3478 3569 3516 vos
3601 3476 3809 3515 omnes
3835 3460 3898 3514 in

2257 3566 2515 3634 Domino,
2547 3568 2604 3619 et
2624 3563 2796 3617 verbo
2824 3561 3018 3633 gratias
3042 3561 3164 3631 ejus
3184 3559 3282 3631 qui
3311 3560 3499 3630 potest
3517 3555 3814 3627 perﬁcere,
3842 3557 3901 3607 et

2259 3661 2392 3715 dare
2419 3659 2812 3714 haereditatem
2831 3656 2986 3710 vobis
3006 3671 3136 3710 cum
3163 3652 3428 3707 omnibus
3451 3648 3683 3704 sanctis.
3718 3669 3746 3697 ‹‹
3772 3650 3901 3718 Ipse

2257 3759 2450 3810 autem
2479 3755 2625 3808 Deus
2648 3751 2799 3823 pacis
2830 3757 2886 3806 et
2912 3747 3313 3804 consolationis
3341 3747 3435 3800 det
3460 3744 3619 3798 vobis
3646 3742 3904 3813 idipsum

2259 3864 2458 3920 sapere
2503 3848 2562 3902 in
2607 3845 2946 3900 alterutrum
2986 3844 3154 3914 (Rom.
3181 3859 3271 3909 xv,
3303 3843 3375 3913 ὅ),
3413 3861 3440 3887 ››
3469 3843 3533 3893 ut
3558 3837 3714 3891 vobis
3752 3836 3900 3890 invi-

2258 3959 2382 3998 cem
2399 3940 2759 4010 succurratis,
2781 3943 2838 3994 et
2861 3955 2979 3993 non
3006 3937 3125 3993 sitis
3146 3935 3330 4004 divisi,
3354 3939 3417 3989 ut
3435 3932 3756 3998 unanimes,
3783 3947 3900 3984 uno

2261 4054 2378 4104 ore,
2413 4039 2471 4090 et
2496 4053 2607 4090 uno
2632 4033 2803 4089 corde
2827 4031 3276 4088 honoriﬁcemus
3296 4045 3428 4083 eum
3447 4027 3507 4081 in
3529 4024 3901 4081 concordiam

2261 4135 2320 4186 et
2343 4129 2783 4185 consolationem
2809 4127 3072 4196 fratrum,
3099 4125 3197 4196 qui
3220 4127 3420 4196 potens
3446 4124 3531 4176 est
3552 4119 3902 4174 conﬁrmare

2259 4242 2354 4279 vos
2381 4225 2693 4280 secundum
2733 4221 3113 4293 Evangelium
3145 4219 3288 4289 ejus,
3326 4221 3382 4272 et
3403 4217 3566 4287 juxta
3589 4212 3900 4268 revelatio-

529 4309 902 4415 przesumatis.
933 4310 1139 4415 Dmnes
1156 4309 1450 4414 episcopos
1477 4327 1627 4366 curae
1648 4317 1849 4369 vestra:
1876 4315 2161 4386 subjectos
2229 4310 2254 4415 Ι
2263 4336 2394 4374 nem
2435 4319 2693 4390 mysterii
2728 4316 2954 4372 aeternis
2987 4313 3340 4384 temporibus
3368 4310 3577 4365 scilicet
3600 4307 3903 4378 perpetuis

529 4407 600 4461 ab
624 4406 792 4477 hujus
820 4404 1161 4459 adulationis
1185 4403 1580 4476 inquinatione
1604 4407 1919 4479 prohibete,
1941 4414 2007 4465 ut
2029 4411 2158 4465 uni-

533 4518 695 4556 versa
719 4517 817 4554 vos
839 4498 1078 4554 Ecclesia
1109 4498 1482 4570 patriarchas,
1531 4517 1647 4555 non
1687 4502 1872 4557 solum
1906 4502 1965 4557 in
1993 4503 2160 4559 bonis

2267 4412 2474 4483 quibus
2501 4411 2661 4467 vobis
2707 4412 3033 4466 futurorum
3073 4405 3410 4478 gaudiorum
3437 4401 3741 4472 largienda
3769 4403 3908 4454 sunt

2261 4522 2526 4561 munera.
2551 4507 2931 4576 Summopere
2948 4502 3125 4556 etiam
3143 4499 3498 4555 considerare
3515 4494 3734 4550 debetis
3746 4492 3908 4565 quod

534 4594 822 4668 operibus,
865 4593 961 4648 sed
1011 4592 1186 4647 etiam
1219 4592 1277 4646 in
1306 4593 1559 4647 veritatis
1587 4596 1920 4651 auctoritate
1954 4615 2163 4669 cogno—
2182 4605 2240 4676 D
2263 4601 2323 4655 hi
2355 4600 2453 4672 qui
2478 4599 2746 4654 fratribus
2771 4597 3048 4666 invident,
3079 4609 3289 4665 eosque
3319 4592 3599 4646 damnare
3637 4591 3740 4642 aut
3766 4603 3904 4658 per-

531 4692 668 4744 scat.
720 4687 777 4742 Si
819 4703 934 4759 qua
975 4691 1169 4740 autem
1202 4685 1440 4740 forsitan
1467 4687 1701 4743 adversa
1727 4690 2160 4763 subsequantur,

535 4781 881 4838 unanimiter
894 4780 1267 4852 persistentes
1285 4780 1460 4834 etiam
1480 4782 1776 4838 moriendo
1791 4784 2065 4840 debemus
2081 4803 2165 4841 os-

531 4877 788 4945 tendere,
800 4875 932 4946 quia
944 4873 998 4928 in
1015 4873 1226 4928 damno
1242 4875 1632 4944 generalitatis
1643 4882 1904 4932 nostrum
1918 4879 2166 4950 speciali-

533 4968 869 5041 teraliquod
890 4985 1000 5021 non
1025 4983 1313 5036 amamus;
1335 4968 1585 5022 dicamus
1605 4987 1737 5023 cum
1755 4972 1923 5025 Paulo
1948 4990 1960 5028 :
1988 4992 2016 5025 ι(
2032 4974 2165 5028 Mihi

534 5065 719 5119 vivere
745 5061 1002 5119 Christus
1033 5065 1136 5129 est,
1166 5065 1222 5116 et
1249 5062 1393 5116 mori
1425 5063 1645 5117 lucrum
1674 5063 1894 5135 (Philip.
1925 5083 1961 5133 ι,
1989 5069 2100 5137 21).
2134 5090 2160 5117 η

535 5157 847 5212 Audiamus
877 5155 1030 5228 quod
1059 5155 1276 5225 primus
1294 5156 1549 5210 omnium
1576 5160 1968 5228 apostolorum
1990 5159 2161 5217 dicit:

540 5274 566 5301 ‹‹
601 5252 653 5305 Si
697 5250 832 5321 quid
870 5249 1131 5321 patimini
1182 5253 1414 5322 propter
1451 5250 1759 5322 justitiam,
1807 5253 1959 5308 beati
2015 5256 2168 5312 eritis

536 5349 576 5407 (1
597 5349 741 5400 Pet'r.
770 5361 849 5411 ιιι,
885 5344 987 5414 14).
1021 5365 1048 5393 ››
1090 5343 1221 5397 Mihi
1259 5344 1413 5398 enim
1454 5345 1683 5415 credite,
1727 5348 1860 5418 quia
1886 5349 2166 5406 honorem

535 5456 708 5512 quem
738 5455 840 5509 pro
857 5437 1223 5509 praedicanda
1243 5439 1594 5509 suscepimus
1612 5441 1864 5509 veritate,
1895 5444 1939 5497 si
1967 5461 2162 5500 neces-

536 5535 711 5591 sitatis
737 5549 901 5588 causa
927 5531 1139 5602 exigat,
1169 5533 1423 5605 securius
1453 5551 1558 5605 pro
1581 5536 1783 5592 eadem
1803 5538 2044 5594 veritate
2072 5557 2163 5595 re-

537 5629 847 5700 linquimus
891 5641 1061 5696 quam
1097 5629 1597 5700 tenemus.(0rate,
1629 5631 1850 5699 fratres,
1888 5639 1948 5688 ut
1979 5633 2169 5689 honor

533 5720 940 5778 ecclesiasticus
967 5719 1172 5774 nostris
1205 5720 1404 5776 diebus
1433 5740 1548 5777 non
1578 5731 1900 5793 evacuetur,
1928 5744 2032 5782 nec
2058 5746 2164 5783 un-

537 5833 709 5887 quam
749 5816 1008 5869 Bomana
1042 5812 1203 5865 sedes
1245 5814 1341 5882 qui
1367 5814 1704 5871 instituente
1733 5819 1972 5875 Domino
1999 5827 2170 5893 caput

539 5913 623 5967 est
645 5907 902 5963 omnium
928 5903 1324 5972 Ecclesiarum,
1346 5906 1654 5978 privilegiis
1675 5911 1789 5964 suis
1815 5929 2058 5985 usquam
2082 5933 2170 5971 ea-

2264 4695 2396 4749 dere
2441 4693 2682 4764 cupiunt
2723 4708 2826 4763 per
2875 4708 2954 4758 se,
2983 4695 3039 4745 et
3066 4706 3168 4744 sua
3204 4689 3473 4757 dogmata
3501 4683 3903 4738 destruuntur.

2267 4788 2411 4842 Dicit
2430 4788 2585 4842 enim
2613 4785 2892 4840 Dominus
2918 4801 2930 4838 :
2958 4784 3192 4838 «Omne
3219 4795 3466 4852 regnum
3488 4779 3547 4832 in
3573 4793 3631 4831 se
3653 4775 3907 4829 divisum

2264 4899 2380 4936 non
2407 4882 2577 4936 stabit
2605 4881 2819 4950 (Matth.
2849 4895 2943 4946 x11,
2969 4879 3078 4949 25),
3113 4896 3141 4928 »
3175 4881 3231 4931 et
3256 4873 3440 4928 omnis
3467 4870 3704 4926 scientia
3725 4873 3788 4923 et
3813 4870 3907 4923 lex

2265 4976 2567 5031 adversum
2600 4990 2658 5030 se
2684 4973 2862 5028 divisa
2902 4989 3018 5026 non
3044 4970 3233 5025 stabit.
3263 4969 3508 5039 Ideoque
3539 4980 3769 5020 necesse
3799 4969 3907 5032 est,

2268 5074 2329 5124 ut
2357 5069 2713 5125 concorditer
2742 5066 2992 5122 salubres
3021 5063 3330 5135 suscipiatis
3357 5063 3637 5127 hortatus,
3673 5062 3732 5113 et
3759 5057 3910 5111 nihil

2269 5180 2370 5236 per
2413 5162 2838 5218 contentionem
2885 5164 3137 5232 agentes,
3181 5157 3278 5213 sed
3323 5156 3393 5210 ad
3433 5170 3606 5210 omne
3651 5153 3913 5207 studium

2267 5258 2588 5314 devotionis
2631 5256 2925 5311 unanimes
2950 5253 3155 5308 divinis
3195 5255 3252 5306 et
3279 5248 3598 5321 apostolicis
3628 5247 3910 5301 constitu-

2266 5353 2518 5408 tionibus
2548 5351 2818 5424 pareatis,
2850 5355 2906 5405 et
2925 5351 2982 5403 in
3010 5348 3165 5402 nulla
3194 5344 3486 5417 patiamini
3518 5340 3907 5413 providentis-

2268 5449 2410 5503 sima
2441 5463 2725 5502 canonum
2753 5447 2975 5500 decreta
3005 5441 3219 5508 violari,
3253 5442 3533 5511 quatenus
3568 5440 3625 5490 et
3655 5436 3910 5490 Nicano-

2269 5558 2397 5597 rum
2425 5557 2708 5596 canonum
2735 5538 3059 5604 constituta,
3086 5552 3214 5607 qua:
3241 5551 3273 5588 a
3296 5533 3478 5598 nobis,
3509 5532 3596 5585 vel
3623 5547 3658 5584 a
3683 5529 3908 5601 praede-

2269 5635 2581 5690 cessoribus
2609 5633 2819 5689 nostris
2839 5634 2973 5686 sunt
2993 5629 3222 5702 provide
3245 5630 3304 5682 et
3323 5625 3626 5681 salubriter
3647 5624 3907 5689 decreta,

2270 5730 2612 5784 intemerata
2650 5728 3025 5798 permaneant
3052 5724 3109 5777 in
3139 5723 3353 5777 futuro.
3385 5722 3450 5775 Et
3477 5719 3535 5773 in
3561 5716 3911 5790 Apocalypsi

2273 5823 2541 5878 Dominus
2553 5824 2938 5893 perJoannem
2955 5818 3223 5891 loquitur,
3240 5817 3434 5872 dicens
3457 5832 3468 5869 :
3490 5837 3516 5863 ‹‹
3536 5812 3659 5867 Noli
3681 5813 3908 5874 timere,

2272 5933 2379 5987 ego
2412 5933 2536 5971 sum
2568 5916 2806 5987 primus,
2853 5919 2910 5968 et
2955 5912 3310 5979 novissimus,
3371 5915 3428 5965 et
3481 5909 3662 5978 vivus,
3719 5909 3779 5961 et
3827 5904 3910 5960 fui
