4040 6346
191 383 322 438 1093

1417 387 1892 444 DECRETALIUM
1931 388 2315 444 COLLECTIO.

3408 390 3544 446 1094

185 493 462 559 mortuus,
488 496 545 546 et
571 508 699 548 ecce
741 511 867 549 sum
904 495 1100 551 vivens
1128 497 1189 552 in
1216 498 1420 552 saecula
1459 499 1811 568 saeculorum,
1836 509 1896 583 Α
1916 497 2079 551 candi
2100 501 2230 552 sunt
2250 499 2622 569 appellatum,
2646 498 2796 553 unde
2814 513 2931 552 non
2950 499 3173 569 oportet
3189 499 3256 551 ut
3274 497 3582 591 degrade-l

184 590 240 639 et
268 585 451 640 habeo
479 586 662 642 claves
688 589 907 659 mortis,
941 593 996 645 et
1020 590 1235 646 inferni
1267 592 1451 664 (Apoc.
1477 593 1810 663 ι,17,18).››
1913 595 2028 658 tur,
2077 592 2164 647 vel
2223 591 2617 646 dehonoretur
2669 607 3029 663 unaquaeque
3080 589 3390 662 provincia,
3450 591 3545 646 sed

183 679 248 732 Et
275 680 443 749 paulo
471 687 604 752 post
637 699 649 736 :
687 704 714 732 «
742 682 1002 738 Vincenti
1027 685 1170 740 dabo
1202 686 1374 742 edere
1403 687 1472 742 de
1495 686 1654 758 ligno
1687 686 1814 740 vitm

181 772 335 842 quod
350 778 434 828 est
445 774 507 828 in
525 777 784 846 paradiso
805 777 900 832 Dei
916 778 1035 832 mei
1054 777 1242 850 (Apoc.
1257 797 1314 849 ιι,
1328 780 1449 852 7).»
1469 782 1611 836 Item
1627 780 1780 834 idem
1798 796 1811 833 :
1836 759 1853 870 ι

188 885 214 912 ‹‹
238 867 370 921 Esto
395 866 584 922 ﬁdelis
603 886 781 941 usque
801 871 873 925 ad
893 874 1159 927 mortem.
1185 876 1250 929 Et
1265 875 1397 928 dato
1418 874 1520 929 tibi
1542 888 1813 928 coronam

182 957 311 1013 vitae
330 959 513 1030 (Ibid.,
537 963 644 1032 l0).
663 984 690 1012 »
709 965 778 1018 Et
792 964 1003 1020 iterum
1024 983 1035 1020 :
1063 988 1089 1014 α
1115 967 1223 1031 Qui
1240 967 1452 1034 vicerit,
1471 971 1525 1022 et
1542 966 1816 1021 custodie-

182 1052 256 1106 rit
277 1069 454 1126 usque
473 1055 532 1110 in
550 1057 724 1111 ﬁnem
747 1074 920 1129 opera
935 1076 1088 1128 mea,
1109 1061 1256 1115 dabo
1271 1061 1353 1115 illi
1369 1064 1709 1133 potestatem
1728 1078 1814 1114 su-

181 1162 283 1216 per
303 1153 524 1219 gentes,
548 1156 604 1205 et
635 1157 799 1222 reget
818 1153 946 1207 illas
974 1153 1035 1208 in
1061 1155 1219 1226 virga
1241 1156 1447 1223 ferrea,
1468 1159 1524 1211 et
1541 1159 1811 1227 tanquam

181 1256 274 1294 vas
296 1241 458 1312 ﬁguli
488 1244 1118 1316 confringentur(1bid.,
1147 1252 1235 1316 26,
1266 1251 1374 1318 27).
1402 1271 1428 1298 »
1453 1251 1592 1304 Item
1615 1249 1768 1303 idem
1795 1265 1807 1301 :

185 1356 212 1382 ‹‹
238 1335 377 1389 Ecce
405 1341 491 1390 sto
510 1337 580 1392 ad
608 1339 814 1393 ostium
833 1346 888 1395 et
909 1341 1094 1411 pulso.
1123 1342 1180 1397 Si
1203 1343 1328 1413 quis
1349 1343 1596 1398 audierit
1612 1359 1811 1397 vocem

180 1444 391 1498 meam,
425 1435 482 1485 et
511 1433 801 1502 aperuerit
836 1434 1095 1504 januam,
1135 1436 1381 1491 introibo
1425 1437 1497 1490 ad
1535 1436 1716 1505 illum,
1756 1438 1813 1489 et

179 1522 414 1578 coeuabo
460 1540 592 1578 cum
620 1525 735 1595 illo,
765 1531 820 1581 et
845 1527 964 1598 ipse
990 1545 1239 1584 mecum.
1279 1530 1386 1594 Qui
1414 1529 1633 1596 vicerit,
1665 1529 1810 1584 dabo

181 1615 232 1668 ei
263 1616 464 1671 sedere
507 1634 735 1673 mecum
761 1620 822 1674 in
849 1621 1061 1677 throno
1091 1639 1240 1693 meo,
1270 1623 1413 1678 sicut
1458 1626 1514 1676 et
1547 1640 1653 1695 ego
1681 1623 1808 1689 vici,

180 1715 235 1764 et
268 1711 438 1765 sedeo
467 1727 598 1766 cum
641 1715 801 1767 Patre
845 1731 973 1770 meo
1013 1717 1072 1770 in
1105 1717 1316 1772 throno
1355 1717 1479 1787 ejus
1510 1717 1695 1787 (Apoc.
1729 1733 1808 1785 ιιι,

178 1806 264 1873 20,
283 1807 393 1876 21).
420 1827 448 1854 ››
475 1827 503 1855 ‹‹
525 1807 650 1874 Vos,
672 1807 896 1876 fratres,
917 1808 960 1863 si
980 1826 1094 1864 non
1115 1811 1279 1865 vultis
1296 1827 1426 1865 cum
1440 1827 1506 1866 eo
1525 1811 1807 1878 damnari,

1915 685 2068 755 apud
2112 685 2479 757 semetipsam
2531 686 2744 741 habeat
2787 685 3030 756 judices,
3085 685 3432 751 sacerdotes,
3490 689 3547 739 et

1915 779 2208 851 episcopos
2236 779 2513 851 singulos,
2541 779 2806 834 videlicet
2841 779 3009 850 juxta
3033 778 3260 833 ordines
3296 795 3454 847 suos;
3489 781 3546 833 et

1914 873 2242 945 quicunque
2270 889 2496 928 causam
2533 873 2800 928 habuerit
2827 889 2861 927 a
2889 872 3002 928 suis
3014 871 3301 944 judicibus
3320 871 3541 943 judice-

1912 969 2026 1035 tur,
2063 971 2116 1022 et
2144 983 2258 1022 non
2283 967 2353 1021 ab
2381 967 2600 1034 alienis,
2630 967 2685 1022 id
2717 972 2820 1034 est,
2861 984 2894 1021 a
2926 983 3040 1021 suae
3058 966 3230 1037 justis
3254 965 3544 1037 judicibus

1912 1061 2240 1132 provincias,
2267 1065 2324 1116 et
2348 1077 2463 1115 non
2493 1061 2561 1115 ab
2590 1060 2857 1131 externis,
2893 1059 3004 1114 nisi
3043 1065 3104 1115 ut
3131 1059 3250 1130 jam
3275 1059 3540 1130 praeliba-

1911 1159 2035 1208 tum
2063 1159 2167 1223 est,
2212 1171 2243 1208 a
2280 1153 2548 1224 judicatis
2590 1154 2765 1209 fuerit
2807 1155 3177 1226 appellatum.
3221 1153 3276 1208 Si
3318 1170 3454 1208 vero
3480 1153 3541 1208 in

1914 1248 2167 1318 qualibet
2195 1248 2485 1320 provincia
2510 1251 2648 1302 ortm
2674 1247 2893 1302 fuerint
2919 1247 3277 1318 quaestiones,
3311 1253 3368 1302 et
3394 1246 3543 1302 inter

1911 1341 2086 1413 ipsius
2113 1341 2422 1413 provinciae
2450 1343 2745 1413 episcopos
2774 1341 3088 1412 discrepare
3118 1340 3350 1412 cmperit
3373 1340 3538 1408 ratio,

1911 1437 2083 1506 atque
2110 1435 2260 1489 inter
2289 1435 2580 1506 episcopos
2607 1434 2948 1490 dissidentes
2977 1452 3091 1490 non
3119 1434 3436 1502 conveniat,
3468 1433 3542 1488 ad

1910 1529 2184 1598 majorem
2219 1531 2354 1583 tunc
2383 1528 2577 1583 sedem
2605 1529 2946 1584 referantur.
2979 1529 3047 1583 Et
3073 1529 3121 1582 si
3149 1527 3264 1583 illic
3291 1527 3458 1582 facile
3484 1530 3542 1582 et

1902 1621 2056 1692 juste
2085 1639 2201 1677 non
2229 1622 2645 1689 discernuntur,
2669 1622 2766 1676 ubi
2785 1621 2959 1677 fuerit
2983 1621 3235 1693 synodus
3259 1620 3537 1692 regulari-

1909 1720 1996 1770 ter
2020 1720 2384 1787 congregata,
2409 1716 2680 1771 canonice
2697 1720 2753 1770 et
2770 1715 2920 1786 juste
2936 1715 3284 1786 judicentur.
3303 1715 3540 1785 Majores

1908 1825 2040 1864 vero
2085 1813 2141 1864 et
2185 1809 2440 1864 difﬁciles
2466 1809 2811 1881 quaestiones
2846 1813 2911 1863 ut
2933 1814 3125 1864 sancta
3154 1809 3403 1880 synodus
3428 1811 3537 1863 sta-

177 1898 310 1968 quia
346 1915 460 1953 non
491 1900 674 1955 solum
703 1901 801 1973 qui
827 1903 1062 1973 faciunt,
1092 1905 1188 1959 sed
1215 1905 1313 1975 qui
1334 1905 1696 1960 consentiunt
1723 1905 1805 1958 fa-
1828 1891 1884 1962 B
1909 1902 2016 1957 tuit
2047 1906 2104 1956 et
2131 1903 2294 1958 beata
2321 1903 2669 1958 consuetudo
2715 1902 2906 1973 exigit,
2952 1903 3020 1957 ad
3071 1901 3264 1957 sedem
3311 1907 3536 1972 aposto-

177 1991 453 2047 cientibus
489 1996 658 2064 (Rom.
689 2012 726 2065 ι,
758 1997 843 2067 32)
866 2016 893 2047 »
923 1997 1006 2051 rei
1038 2004 1187 2064 sunt,
1230 1999 1539 2054 hortamini
1565 2015 1717 2066 eum,
1753 2004 1810 2054 et

176 2092 404 2141 monete
441 2089 710 2143 recedere
751 2106 784 2144 a
825 2090 1076 2161 praefatis
1113 2091 1340 2159 illicitis,
1385 2097 1441 2147 et
1476 2109 1700 2148 memor
1737 2093 1810 2148 sit

177 2179 326 2233 unde
353 2181 630 2236 exciderit
656 2186 711 2237 et
740 2187 877 2254 agat
900 2185 1312 2255 paenitentiam,
1340 2192 1396 2242 et
1417 2188 1607 2258 prima
1633 2205 1809 2262 opera

173 2272 342 2327 faciat
366 2273 552 2344 (Apoc.
590 2293 648 2343 ιι,
676 2277 750 2348 5).
778 2278 834 2332 Si
861 2279 1050 2332 minus
1080 2296 1197 2334 non
1229 2297 1360 2335 mea
1383 2281 1589 2353 loquor
1617 2284 1806 2351 verba,

177 2367 271 2420 sed
299 2367 422 2438 ipsa
450 2368 672 2423 Domini
693 2371 984 2426 salvatoris
1012 2389 1137 2443 quae
1166 2390 1269 2444 per
1287 2375 1624 2445 praedictum
1650 2378 1809 2432 Joan-

174 2476 305 2514 nem
334 2460 394 2514 in
431 2461 555 2532 jam
601 2462 750 2518 dicto
778 2465 922 2520 libro
962 2466 1180 2520 locutus
1219 2472 1320 2536 est,
1347 2469 1624 2539 replicans
1669 2472 1756 2526 aio
1791 2489 1803 2525 :

178 2575 203 2602 ί(
235 2555 475 2609 Veniam
493 2561 551 2610 et
573 2559 810 2612 movebo
830 2560 1232 2615 candelabrum
1255 2565 1416 2616 tuum
1444 2563 1513 2618 de
1538 2564 1663 2619 loco
1682 2582 1805 2634 suo,

173 2648 279 2702 nisi
324 2649 723 2720 pcenitentiam
766 2653 950 2723 egeris
981 2654 1180 2724 (Ibid).
1212 2677 1238 2702 ››
1278 2657 1399 2726 Ipse
1429 2657 1582 2711 enim
1627 2660 1807 2731 magis

171 2747 326 2796 tenet
354 2743 678 2799 doctrinam
709 2747 951 2815 Balaam,
995 2749 1093 2819 qui
1119 2749 1358 2804 docebat
1384 2751 1550 2805 Balac
1577 2753 1806 2807 mittere

171 2837 502 2891 scandalum
550 2855 738 2893 coram
783 2841 912 2894 ﬁliis
958 2843 1126 2896 Israel
1169 2842 1348 2914 (Num.
1389 2862 1521 2912 xxn,
1555 2846 1627 2916 7),
1664 2847 1808 2901 sicut

170 2932 274 2984 iste
307 2931 478 2986 docet
501 2949 595 2986 vos
626 2935 1001 2990 scandalizare
1046 2942 1299 2992 sanctam
1343 2942 1584 2994 matrem
1615 2941 1802 2995 Eccle-

170 3025 332 3094 siam,
363 3030 419 3080 et
456 3026 782 3081 universum
823 3034 1030 3083 coetum
1070 3031 1444 3100 sacerdotum,
1479 3033 1633 3088 unde
1662 3037 1719 3088 et
1745 3034 1805 3088 in

171 3119 493 3189 supradicto
524 3119 668 3174 libro
696 3123 1023 3177 continetur
1042 3123 1117 3178 ita
1144 3141 1155 3178 :
1178 3127 1416 3197 Semper
1433 3129 1587 3181 enim
1613 3115 1840 3204 potius]

171 3228 262 3268 vos
292 3213 481 3267 verbis
511 3214 733 3268 Domini
760 3217 1050 3271 salvatoris
1090 3217 1281 3286 ferire,
1321 3224 1378 3273 et
1406 3220 1610 3276 instrui
1639 3222 1804 3292 cupio
1826 3262 1881 3336 Ο

175 3323 343 3336 "unm
378 3305 518 3336 νηηξη
571 3308 696 3336 nunc
745 3312 792 3336 nl
828 3309 944 3336 :n-..
997 3311 1294 3336 κηληιλιε--
1335 3314 1659 3336 ----ι-.,;ι-ι-
1699 3316 1801 3336 ,ἐ..ι

174 3323 347 3378 quam
378 3305 540 3374 meis,
569 3308 698 3362 licet
742 3312 798 3362 et
827 3309 949 3380 ipsa
995 3311 1300 3382 apostolica
1332 3314 1664 3368 auctoritate
1694 3316 1807 3370 sint

168 3400 518 3471 ponderibus
539 3402 709 3472 plena
733 3420 745 3456 :
771 3424 798 3452 «
822 3404 958 3458 Novi
983 3421 1154 3475 opera
1172 3409 1271 3459 tua
1289 3406 1592 3462 novissima
1610 3409 1805 3480 pejora

167 3493 475 3566 prioribus,
517 3494 612 3548 sed
656 3495 841 3550 habeo
881 3498 1148 3553 adversus
1196 3509 1271 3567 te,
1319 3500 1450 3571 quia
1501 3502 1806 3572 praamittis

169 3589 471 3643 mulierem
511 3589 728 3644 Jezabel
755 3607 882 3661 qum
907 3609 967 3646 se
994 3592 1129 3646 dicit
1155 3594 1490 3664 prophetam
1519 3595 1720 3650 docere
1750 3601 1806 3651 et

168 3683 443 3737 seducere
473 3699 660 3738 servos
678 3701 862 3752 meos,
878 3685 1145 3740 fornicari
1168 3690 1224 3740 et
1250 3689 1593 3744 manducare
1615 3695 1670 3744 et
1687 3690 1804 3745 ido-

171 3777 419 3848 lothytis,
445 3781 504 3830 et
530 3777 662 3831 dedi
678 3778 759 3831 illi
779 3782 1002 3850 tempus
1021 3784 1082 3834 ut
1097 3781 1491 3851 paenitentiam
1513 3788 1726 3853 ageret,
1748 3788 1805 3839 et

169 3887 280 3925 non
333 3871 455 3924 vult
509 3872 785 3942 pmnitere
834 3890 867 3927 a
914 3874 1287 3931 fornicatione
1333 3893 1454 3931 sua.
1510 3879 1646 3931 Ecce
1695 3894 1802 3949 ego

169 3964 333 4018 mitto
362 3981 488 4018 eam
520 3965 578 4018 in
614 3966 848 4033 lectum,
880 3972 936 4022 et
965 3968 1061 4039 qui
1091 3969 1446 4024 moechantur
1484 3987 1612 4026 cum
1649 3988 1716 4026 ea
1742 3972 1800 4026 in

169 4058 599 4113 tribulationem
617 4060 946 4131 maximam,
962 4062 1069 4116 nisi
1087 4063 1478 4133 pcenitentiam
1497 4067 1717 4138 egerint
1731 4067 1800 4121 ab

167 4152 432 4224 operibus
459 4153 594 4220 suis,
624 4157 682 4209 et
700 4153 842 4209 ﬁlios
861 4155 909 4226 ej
921 4172 982 4209 us
1004 4155 1341 4212 interﬁciam
1361 4159 1417 4212 in
1439 4148 1730 4220 mortem"?
1737 4163 1802 4216 Et

165 4247 344 4301 scient
371 4263 568 4301 omnes
598 4247 878 4318 Ecclesiae,
903 4249 1037 4321 quia
1062 4267 1171 4321 ego
1193 4267 1320 4305 sum
1351 4255 1604 4307 scrutans
1627 4243 1801 4309 corda

165 4344 221 4395 et
274 4357 463 4408 renes,
519 4344 575 4395 et
623 4342 768 4397 dabo
821 4343 1132 4416 unicuique
1184 4350 1438 4400 vestrum
1487 4348 1798 4402 secundum

165 4451 342 4505 opera
367 4437 553 4489 vestra
578 4435 766 4507 (Apoc.
800 4454 860 4504 ιι,
898 4440 1107 4509 19-23).
1143 4461 1168 4487 ››
1202 4440 1350 4510 Haec,
1383 4441 1606 4509 fratres,
1637 4441 1798 4495 valde

165 4528 416 4583 cavenda
459 4534 609 4600 sunt,
651 4535 707 4585 et
752 4537 1034 4604 przecepta
1078 4533 1324 4600 Domini,
1365 4539 1535 4605 atque
1588 4539 1798 4590 sanctae

1908 1997 2074 2050 licam
2118 2013 2346 2068 semper
2386 1997 2724 2051 referantur.
2753 1998 3034 2050 Cmterum
3064 1999 3394 2050 sanctorum
3434 1997 3537 2051 Pa-

1908 2095 2062 2145 trum
2088 2093 2298 2144 statuta
2328 2093 2631 2161 sequentes
2673 2089 2930 2160 synodali
2968 2089 3306 2144 auctoritate
3338 2106 3537 2144 omnes

1907 2186 2005 2257 qui
2036 2186 2301 2240 adversus
2339 2185 2531 2238 Patres
2577 2187 2894 2250 armantur,
2927 2187 2992 2238 ut
3033 2184 3266 2237 Patrum
3309 2183 3535 2238 invaso-

1908 2297 1998 2334 res
2029 2285 2086 2335 et
2109 2282 2446 2333 mactatores
2481 2277 2721 2332 infames
2763 2293 2882 2332 esse
2911 2293 3231 2347 censemus,
3265 2276 3537 2348 quoniam

1909 2391 1975 2428 ea
1992 2373 2226 2428 vulnera
2243 2389 2369 2444 quas
2388 2371 2652 2426 fomentis
2671 2388 2788 2426 non
2806 2375 3096 2437 sanantur,
3113 2370 3266 2424 ferro
3282 2370 3536 2425 abscindi

1907 2468 1991 2522 vel
2015 2467 2197 2522 curari
2217 2481 2445 2520 necesse
2466 2469 2567 2519 est.
2597 2464 2775 2532 Unde,
2810 2465 3032 2530 fratres,
3060 2467 3284 2518 cessent
3309 2464 3534 2535 injuste)

1908 2561 2322 2625 aemulationes,
2355 2562 2577 2614 cessent
2596 2558 2836 2624 insidiae,
2858 2562 3075 2612 cessent
3092 2558 3246 2612 falsa:
3271 2559 3504 2612 crimina

1908 2657 2111 2721 tiones,
2135 2671 2206 2708 ne
2227 2654 2487 2707 inﬁrmus
2506 2652 2806 2723 quisquam
2836 2655 3065 2722 propter
3085 2667 3256 2722 quem
3281 2651 3535 2707 Christus

1907 2753 2168 2805 mortuus
2195 2749 2298 2816 est,
2321 2746 2530 2801 talibus
2548 2747 2831 2800 laceretur
2857 2744 3097 2812 insidiis,
3119 2761 3188 2799 ne
3210 2744 3326 2799 ovis
3351 2745 3533 2816 pretio

1905 2843 2106 2899 Christi
2129 2842 2424 2912 redempta
2442 2839 2652 2911 lupinis
2673 2855 2703 2893 a
2727 2840 2902 2893 fratre
2919 2838 3206 2893 saucietur
3228 2839 3535 2898 morsibus.

1906 2937 2100 2992 Merito
2120 2952 2256 3005 ergo
2277 2950 2447 2989 causa
2468 2950 2572 2988 nos
2592 2933 2844 3006 respicit,
2867 2933 2913 2986 si
2931 2932 3135 2987 talibus
3154 2931 3340 2988 favere
3361 2950 3537 3005 coepe-

1887 3032 2102 3086 rimus.
2119 3028 2746 3100 Corripiantursemper
2757 3026 2889 3081 talia
2901 3041 3005 3081 nec
3022 3025 3132 3080 illis
3143 3026 3240 3098 qui
3254 3027 3373 3082 hinc
3385 3044 3537 3084 exer-

1907 3143 2035 3180 cere
2065 3128 2362 3193 conantur,
2391 3127 2490 3176 aut
2506 3119 2697 3193 272
2715 3119 2980 3174 Patribus
2999 3119 3086 3173 vel
3111 3119 3380 3175 fratribus
3405 3121 3539 3176 insi-

1908 3219 2140 3273 diantur
2177 3217 2352 3270 libere
2394 3215 2549 3286 loqui
2585 3213 2943 3286 concedatur,
2977 3215 3076 3266 aut
3113 3229 3214 3283 pro
3248 3214 3535 3270 voluntate

1907 3329 2094 3367 sermo
2109 3309 2350 3382 proferri
2368 3271 2982 3392 permittaturlLiquet
2996 3305 3228 3360 omnino
3239 3308 3389 3378 quod
3406 3324 3538 3363 con-

1907 3406 2137 3460 niveant
2169 3404 2274 3458 illis
2297 3403 2395 3474 qui
2413 3401 2550 3455 talia
2570 3417 2662 3454 eos
2683 3400 2840 3470 loqui
2869 3399 3228 3470 permittunt,
3261 3401 3533 3471 quoniam

1904 3502 2224 3553 occurreret
2250 3496 2473 3563 veritas,
2497 3494 2542 3549 si
2569 3494 2788 3548 falsitas
2809 3497 2867 3547 et
2887 3492 3171 3547 calumnia
3191 3493 3531 3564 displiceret,

1903 3594 1988 3648 vel
2009 3591 2225 3646 odium.
2240 3589 2469 3645 Desinat
2488 3588 2664 3659 igitur
2676 3587 2887 3641 falsitas
2906 3587 3190 3641 incessere
3206 3587 3530 3655 veritatem;

1904 3687 2125 3742 desinat
2143 3684 2384 3756 suspicio
2402 3682 2686 3755 quaejuste
2704 3681 2999 3751 repellitur
3017 3679 3292 3750 insidiari,
3312 3681 3535 3737 desinat

1903 3783 2096 3838 odium
2111 3787 2168 3837 et
2178 3779 2475 3835 inimicitia
2487 3777 2750 3850 persequi
2763 3779 2950 3832 Patres
2960 3777 3047 3830 vel
3060 3777 3294 3847 fratres;
3315 3778 3534 3834 desinat

1904 3875 2267 3949 conspiratio,
2296 3890 2424 3946 quae
2457 3873 2528 3927 ab
2556 3872 2820 3927 omnibus
2863 3873 2950 3925 est
2976 3871 3350 3942 repudianda,
3383 3873 3530 3928 infe-

1903 3979 2049 4029 stare
2079 3970 2402 4042 magistros.
2435 3969 2647 4023 Horum
2675 3965 2852 4037 igitur
2876 3965 3144 4020 vitiorum
3169 3971 3430 4022 auctores
3443 3969 3530 4023 vel

1901 4069 2218 4139 patratores
2259 4081 2374 4119 non
2420 4067 2550 4118 sunt
2588 4062 2647 4116 in
2691 4059 3047 4116 accusatione
3073 4061 3408 4131 pontiﬁcum
3441 4078 3530 4118 re-

1902 4160 2168 4233 cipiendi,
2219 4158 2315 4214 sed
2357 4157 2585 4229 penitus
2621 4155 2962 4227 repellendi;
3009 4155 3283 4226 quoniam
3330 4157 3535 4226 jubent

1902 4254 2173 4309 canonica
2209 4253 2436 4308 decreta
2481 4252 2714 4304 Patrum
2762 4252 2822 4301 ut
2858 4247 3138 4302 accusatio
3163 4249 3248 4302 vel
3275 4250 3529 4304 testimo-

1900 4348 2062 4401 nium
2084 4363 2284 4400 eorum
2303 4344 2398 4416 qui
2427 4343 2557 4398 odio
2579 4341 2862 4413 quoslibet
2889 4341 3284 4411 insequuntur,
3313 4344 3400 4397 vel
3429 4343 3529 4414 qui

1900 4440 2113 4495 inimici
2130 4443 2227 4493 aut
2241 4436 2483 4508 suspecti
2495 4433 2962 4502 habentur,nullo
2978 4433 3146 4488 modo
3158 4434 3525 4506 recipiantur.

1900 4534 2156 4598 Quorum
2185 4533 2397 4586 statuta
2412 4533 2468 4584 et
2488 4546 2590 4584 nos
2620 4529 2910 4582 ﬁrmantes
2935 4529 3133 4583 eadem
3161 4529 3426 4584 omnibus
3447 4530 3531 4585 in-

163 4623 309 4677 sedis
337 4623 660 4693 apostolicae
691 4641 818 4695 quae
849 4627 966 4681 vice
995 4627 1220 4681 Domini
1247 4628 1531 4682 salvatoris
1555 4629 1794 4700 legatio-
1817 4635 1876 4706 D
1899 4627 2232 4682 violabiliter
2284 4623 2489 4678 futuris
2548 4621 2902 4694 temporibus
2958 4625 3150 4677 tenere
3208 4639 3524 4679 censemus.

162 4732 233 4770 ne
261 4716 542 4787 fungitur,
570 4717 811 4773 ﬁdeliter
835 4721 1231 4792 amplectenda
1257 4724 1313 4776 et
1339 4723 1689 4793 peragenda.
1717 4725 1795 4778 De

161 4811 390 4877 caetero,
425 4809 644 4880 fratres,
680 4829 851 4883 super
881 4814 1189 4884 provinciae,
1219 4833 1386 4870 causa
1426 4815 1577 4870 unde
1603 4817 1793 4872 sedem

161 4904 530 4974 apostolicam
547 4904 765 4960 dudum
786 4909 1081 4963 consulere
1101 4908 1376 4977 voluistis,
1392 4910 1615 4965 videtur
1636 4911 1797 4966 nobis

160 4997 508 5052 sufficienter
568 5002 878 5054 tractatum
933 5019 965 5054 a
1020 5003 1228 5057 sanctis
1290 5004 1796 5075 praedecessoribns

159 5090 384 5145 nostris.
413 5091 520 5146 Sed
561 5093 695 5163 quia
734 5094 922 5149 denuo
959 5101 1216 5151 nostram
1247 5099 1694 5154 mediocritatem
1725 5101 1796 5155 de

159 5183 362 5239 eadem
391 5200 453 5238 re
495 5185 850 5258 interrogare
877 5188 1120 5261 dignum
1149 5191 1406 5260 duxistis,
1449 5193 1644 5248 scitote
1669 5209 1793 5248 cer-

159 5281 280 5332 tam
308 5277 656 5348 provinciam
677 5297 818 5351 esse,
851 5299 977 5353 quas
1005 5284 1174 5339 habet
1200 5286 1399 5340 decem
1421 5288 1504 5341 vel
1529 5287 1796 5343 undecim

158 5371 433 5440 civitates,
480 5377 536 5428 et
583 5391 758 5430 unum
789 5393 1004 5447 regem,
1052 5385 1108 5433 et
1148 5379 1384 5435 totidem
1423 5381 1673 5436 minores
1699 5400 1797 5452 po-

156 5469 388 5520 testates
415 5466 518 5521 sub
548 5485 627 5537 se,
657 5473 714 5524 et
743 5487 921 5524 unum
949 5472 1284 5544 episcopum
1313 5474 1565 5546 aliosque
1594 5475 1792 5530 suffra-

157 5562 382 5631 gatores
425 5560 622 5617 decem
668 5564 754 5619 vel
797 5565 1065 5619 undecim
1113 5567 1408 5639 episcopos
1450 5568 1691 5640 judices,
1723 5550 1829 5624 adi

157 5669 405 5724 quorum
430 5654 712 5724 judicium
737 5675 936 5713 omnes
966 5676 1149 5714 causae
1171 5661 1593 5734 episcoporum,
1619 5667 1676 5716 et
1713 5679 1795 5717 re-

154 5746 447 5818 liquorum
477 5751 833 5806 sacerdotum
854 5771 917 5808 ac
939 5753 1226 5808 civitatum
1247 5771 1432 5810 causae
1455 5757 1792 5824 referantur,

155 5845 221 5896 ut
253 5841 325 5896 ab
358 5841 446 5896 his
472 5845 737 5900 omnibus
757 5846 910 5917 juste
951 5864 1196 5902 consona
1220 5865 1352 5904 voce
1382 5850 1793 5917 discernantur,

155 5934 269 5989 nisi
299 5935 370 5990 ad
399 5937 673 6010 majorem
700 5941 1088 5996 auctoritatem
1111 5942 1283 5996 fuerit
1313 5942 1381 5997 ab
1412 5943 1498 5997 his
1524 5944 1621 6015 qui
1639 5943 1794 6014 judi-

1899 4719 2184 4792 Quidquid
2213 4723 2402 4774 autem
2434 4734 2604 4790 super
2646 4717 2756 4771 hac
2786 4732 2958 4770 causa
2982 4716 3178 4771 Patres
3218 4719 3393 4771 nostri
3425 4718 3524 4773 de-

1898 4814 2245 4882 cernendum
2274 4812 2484 4866 duxere
2504 4811 2747 4882 dignum
2767 4812 2832 4864 ut
2851 4809 3138 4878 condecet,
3169 4826 3396 4866 necesse
3421 4815 3526 4882 est,

1897 4925 2026 4964 cum
2073 4879 2427 4972 labefactari,
2475 4905 2562 4957 vel
2611 4903 2887 4957 inﬁrmari
2932 4903 3167 4974 coeperit
3215 4904 3528 4975 apostolica

1899 5003 2083 5057 denuo
2122 4999 2457 5055 auctoritate
2490 4997 2712 5052 ﬁrmari
2741 5013 2805 5051 ac
2839 4997 3105 5051 renovari
3143 4997 3528 5070 fratribusque

1898 5097 2036 5152 dari.
2064 5097 2200 5151 Data
2226 5093 2460 5148 Kalend.
2491 5091 2695 5159 Martii,
2736 5089 3043 5146 indictione
3075 5095 3155 5146 l5.
3403 5097 3490 5202 <

1898 5217 2047 5274 Item,
2089 5211 2312 5283 epistola
2355 5209 2577 5283 secundi
2617 5207 2828 5283 Pelagii
2862 5222 3024 5283 papa
3067 5208 3303 5275 Benigno
3348 5211 3528 5264 archi-

2169 5285 2430 5354 episcopo,
2462 5281 2528 5335 de
2558 5281 2853 5334 mutatione
2872 5281 3255 5349 episcoporum.

1969 5377 2339 5434 Dilectissimo
2356 5373 2515 5429 fratri
2536 5373 2784 5427 BENIGNO
2803 5371 3233 5444 archiepiscopo
3259 5374 3528 5431 PELAGIUS

1899 5474 2211 5545 episcopus.

1969 5565 2148 5621 Lectis
2201 5561 2576 5619 fraternitatis
2625 5566 2738 5615 tum
2793 5559 3031 5626 litteris,
3091 5561 3345 5632 vigorem
3399 5562 3533 5617 ﬁdei

1898 5665 2033 5728 tuae,
2061 5676 2233 5731 quem
2262 5657 2476 5712 dudum
2512 5670 2874 5722 noveramus,
2906 5655 3259 5723 agnovimus,
3291 5671 3528 5726 congra-

1898 5753 2143 5808 tulantes
2173 5750 2461 5806 dilectioni
2487 5753 2600 5804 ture
2631 5748 2806 5821 quod,
2837 5746 2906 5800 ad
2933 5746 3371 5802 custodiendum
3399 5765 3527 5820 gre-

1902 5865 2031 5919 gem
2071 5845 2300 5912 Christi,
2334 5845 2677 5915 pastoralem
2725 5857 2916 5897 curam
2962 5840 3259 5911 vigilanter
3305 5841 3529 5915 impen-

1901 5941 2005 6009 dis,
2036 5945 2092 5994 et
2111 5955 2213 6011 pro
2237 5937 2337 5991 tibi
2365 5937 2603 5992 subditis
2631 5936 2902 5992 sollicitus
2928 5934 3140 5991 existis.
3166 5935 3248 5992 Ad
3279 5940 3534 5996 nostram
