4040 6342
448 385 465 435 -l
478 384 579 437 095

1340 377 1622 431 APPEND.
1666 374 1752 429 AD
1792 374 1953 430 SrEC.
1998 375 2086 428 IX.
2114 403 2181 414 —
2218 373 2463 429 ISlDORI
2500 366 2922 430 MERCATORIS

3672 369 3807 422 1096

443 489 597 546 enim
641 486 896 541 laetitiam
931 490 986 540 et
1019 485 1316 539 benefacta
1341 483 1699 556 perveniunt,
1729 488 1786 538 et
1811 483 1857 538 si
1883 483 2076 554 aliqua
2097 494 2156 567 Α
2175 486 2284 537 Aut
2300 482 2424 554 quis
2445 497 2702 552 unquam
2728 483 2913 551 potest
2929 476 3250 549 approbare
3271 480 3528 530 sanctum
3549 491 3665 528 non
3686 491 3812 528 esse

443 598 606 636 secus
635 597 810 652 quam
859 581 1083 650 oportet
1122 577 1507 648 provenerint,
1537 595 1655 632 non
1700 576 1924 631 modico
1971 593 2075 630 nos

446 691 688 730 maerore
739 673 1095 727 conturbant.
1146 673 1405 742 Magnam
1445 671 1595 726 enim
1625 670 2073 742 gratulationem

445 769 630 824 divina
657 766 913 821 concedit
959 766 1158 836 gratia,
1187 765 1414 836 quando
1457 766 1654 820 tribuit
1680 765 1831 818 inter
1864 781 1964 818 nos
1990 781 2072 818 sa-

445 861 641 918 lutaris
703 859 1012 930 disciplinas
1065 876 1329 914 normam
1395 859 1598 913 litteris
1659 859 1958 927 conferre,
2025 863 2079 911 et

444 954 741 1026 provenire
789 953 861 1007 ad
906 953 1274 1024 paciﬁcorum
1321 952 1508 1006 studia
1556 952 1688 1007 facit
1745 953 2074 1023 praeoptata.

446 1049 630 1118 Exigit
667 1064 801 1119 ergo
828 1045 1051 1101 dilectio
1081 1051 1179 1102 tua
1207 1047 1462 1100 consulta
1488 1046 1634 1100 sedis
1660 1045 2002 1117 apostolicae,
2035 1045 2079 1098 si

446 1143 662 1196 licitum
687 1141 835 1196 foret
861 1140 1188 1211 episcopum
1216 1141 1457 1195 transire
1477 1143 1577 1194 aut
1602 1139 1810 1194 mutari
1841 1140 1909 1194 de
1943 1139 2074 1193 civi-

445 1229 560 1290 tate
588 1235 654 1289 ad
685 1235 986 1303 civitatem,
1011 1234 1150 1288 dum
1172 1233 1405 1305 quidam
1428 1250 1692 1300 canones,
1722 1238 1784 1288 ut
1810 1232 1911 1287 tibi
1933 1232 2080 1287 vide-

447 1334 558 1396 tur,
597 1327 702 1381 hoc
734 1326 858 1381 ﬁeri
884 1327 1248 1397 prohibeant.
1286 1325 1626 1396 Significasti
1667 1325 1838 1380 etiam
1881 1324 2080 1380 litteris

447 1422 556 1475 tuis
584 1421 892 1493 quemdam
922 1421 1184 1488 fratrum,
1213 1419 1447 1474 nomine
1479 1425 1534 1474 et
1559 1424 1687 1474 actu
1725 1420 1819 1474 Dei
1848 1420 2081 1474 Servum

446 1532 611 1570 causa
636 1514 895 1569 utilitatis
921 1519 976 1568 te
1002 1513 1142 1568 velle
1161 1517 1384 1568 mutare
1411 1513 1468 1568 in
1501 1514 1686 1568 locum
1717 1518 1773 1568 et
1797 1513 2078 1568 civitatem

453 1609 724 1674 defuncti,
740 1608 869 1662 licet
895 1606 1128 1678 quidam
1145 1607 1334 1661 dicant
1356 1607 1467 1660 hoc
1492 1606 1614 1662 fieri
1638 1623 1753 1661 non
1779 1606 1946 1661 licere
1971 1606 2082 1660 nisi

413 1687 790 1783 [consensum
819 1700 1143 1772 apostolicae
1187 1701 1332 1756 sedis
1369 1700 1681 1754 habuisses.
1731 1701 2083 1771 Quapropter

449 1796 610 1864 scias,
641 1796 812 1849 frater
840 1793 1226 1861 dilectissime,
1272 1794 1425 1848 aliud
1457 1811 1575 1848 esse
1613 1810 1839 1848 causam
1884 1809 2078 1848 neces-

2175 577 2582 644 Alexandrum,
2630 575 2727 646 qui
2773 573 3227 643 Hierosolymam
3269 570 3340 625 de
3371 571 3546 624 altera
3585 568 3811 623 civitate

2179 671 2484 725 translatus
2531 673 2644 735 est;
2693 673 2793 722 aut
2828 671 3085 721 sanctum
3121 664 3460 735 Gregorium
3505 663 3808 718 Nazianze-

2181 782 2338 831 num,
2367 763 2464 834 qui
2514 763 2572 816 in
2614 761 2883 815 Nazianzo
2923 759 3256 814 constitutus
3282 761 3385 827 est,
3415 761 3516 812 aut
3543 762 3808 811 sanctum

2177 859 2434 913 Proclum
2452 857 2549 928 qui
2567 856 2636 910 de
2653 857 2849 926 Cyzico
2865 854 3162 909 translatus
3181 859 3236 908 et
3251 851 3808 922 .Constantin0polim

2180 953 2549 1008 intronizatus
2577 950 2704 1005 est?
2730 951 2851 1004 Non
2876 965 3013 1019 ergo
3031 947 3176 1002 bene
3196 947 3526 1017 intelligunt
3551 944 3814 1000 ecclesia-

2179 1048 2341 1101 sticas
2371 1046 2592 1115 regulas
2618 1043 2715 1115 qui
2741 1044 2849 1097 hoc
2873 1045 3090 1112 negant
3117 1058 3286 1095 causa
3309 1039 3568 1094 utilitatis
3593 1042 3695 1092 aut
3717 1054 3814 1091 ne-

2180 1140 2452 1195 cessitatis
2495 1139 2620 1193 fieri
2657 1154 2845 1209 posse,
2876 1138 3097 1208 quoties
3126 1134 3448 1190 communis
3476 1133 3687 1187 utilitas
3715 1144 3815 1185 aut

2181 1233 2482 1290 necessitas
2529 1231 2892 1303 persuaserit.
2942 1230 3174 1284 Nullum
3201 1229 3354 1284 enim
3381 1245 3448 1283 ex
3481 1227 3591 1296 his,
3619 1231 3718 1280 aut
3746 1243 3812 1278 ex

2182 1328 2325 1395 aliis,
2354 1327 2452 1399 qui
2467 1325 2688 1380 meliori
2712 1324 2944 1380 consilio
2969 1327 3329 1379 mutaverunt
3346 1321 3598 1377 civitates
3622 1336 3816 1374 neces-

2180 1423 2344 1477 sitate
2389 1421 2642 1492 quadam
2686 1421 2772 1474 vel
2818 1418 3053 1473 utilitate
3099 1415 3492 1484 ecclesiastica,
3525 1417 3625 1470 aut
3668 1414 3813 1467 laica

2183 1516 2609 1581 communione,
2648 1529 2840 1568 carere
2871 1513 3215 1584 reperimus;
3252 1527 3357 1566 nec
3393 1509 3676 1564 ullatenus
3705 1524 3810 1561 un-

2183 1627 2353 1683 quam
2379 1608 2502 1663 ﬁeri
2542 1607 2731 1662 debet.
2760 1605 3049 1662 Sententia
3076 1622 3230 1673 vero,
3261 1622 3389 1676 quae
3415 1604 3476 1657 in
3503 1602 3812 1657 Antioche-

2181 1721 2256 1759 no
2289 1703 2524 1758 concilio
2565 1702 2830 1768 habetur,
2868 1706 2933 1755 ut
2975 1700 3273 1772 episcopus
3297 1699 3368 1753 ab
3397 1698 3506 1752 alia
3540 1696 3818 1768 parochia

2185 1813 2554 1869 nequaquam
2581 1795 2791 1865 migret
2809 1795 2878 1849 ad
2901 1795 3094 1861 aliam,
3123 1798 3242 1848 tota
3267 1797 3439 1864 atque
3459 1807 3655 1846 omnes
3677 1807 3812 1844 sen—

450 1889 626 1944 sitatis
665 1894 720 1943 et
756 1888 1036 1954 utilitatis,
1069 1893 1126 1942 et
1165 1888 1314 1942 aliud
1352 1904 1577 1942 causam
1621 1871 2158 1960 praesumptionisB
2184 1892 2373 1948 tentia:
2407 1891 2476 1945 de
2517 1907 2582 1944 ea
2627 1907 2686 1944 re
2724 1889 2838 1944 vim
2879 1889 3138 1960 superius
3167 1887 3638 1958 comprehensam
3671 1884 3814 1938 reti-

455 1988 510 2038 et
549 1982 788 2053 propriae
821 1981 1143 2036 voluntatis.
1191 1983 1314 2035 Non
1354 1997 1490 2052 ergo
1535 1985 1720 2035 mutat
1758 1982 1953 2036 sedem
1984 1980 2080 2052 qui

452 2094 570 2132 non
596 2081 778 2130 mutat
807 2079 1081 2143 mentem,
1105 2074 1162 2128 id
1201 2078 1304 2141 est,
1345 2075 1444 2146 qui
1469 2091 1582 2128 non
1611 2092 1779 2130 causa
1809 2074 2078 2142 avaritiaa,

452 2176 550 2224 aut
592 2168 1010 2234 dominationis,
1060 2173 1157 2223 aut
1204 2168 1450 2239 propriae
1499 2168 1822 2238 voluntatis,
1854 2169 1940 2223 vel
1967 2184 2082 2221 suae

451 2263 739 2320 electionis
768 2263 977 2333 migrat
1000 2263 1068 2317 de
1097 2262 1321 2317 civitate
1348 2262 1420 2316 ad
1447 2261 1754 2332 civitatem,
1789 2262 1888 2316 sed
1919 2278 2084 2316 causa

456 2357 800 2413 necessitatis
826 2360 925 2410 aut
949 2356 1209 2410 utilitatis
1236 2358 1512 2410 mutatur.
1543 2357 1680 2410 Nam
1701 2355 2083 2427 plurimorum

456 2451 666 2506 utilitas
703 2449 874 2504 unius
915 2449 1144 2504 utilitati
1171 2454 1269 2504 aut
1295 2449 1575 2504 voluntati
1601 2449 1956 2520 pracferenda
1979 2452 2081 2503 est.

451 2544 615 2598 Aliud
643 2547 726 2598 est
752 2543 908 2597 enim
936 2549 1178 2611 mutare,
1211 2542 1363 2597 aliud
1391 2543 1620 2612 mutari,
1646 2543 1791 2598 sicut
1826 2541 1983 2597 aliud
2003 2544 2087 2596 est

454 2638 800 2707 ministrare,
841 2642 898 2692 et
941 2637 1096 2691 aliud
1137 2636 1466 2692 ministrari.
1515 2637 1672 2692 Unde
1716 2636 1984 2691 Dominus
2026 2636 2085 2690 in

452 2731 754 2803 Evangelio
773 2731 1045 2802 loquitur,
1075 2731 1297 2786 dicens:
1327 2754 1353 2780 ‹‹
1377 2733 1496 2785 Non
1513 2731 1645 2785 veni
1667 2729 1973 2784 ministrari
1990 2728 2087 2783 sed

455 2825 781 2880 ministrare
804 2824 1020 2896 (Matth.
1042 2842 1131 2892 xx,
1160 2827 1270 2896 28).
1293 2846 1320 2874 »
1344 2825 1505 2889 Quod
1526 2825 1681 2880 enim
1698 2825 1756 2878 in
1775 2823 2088 2879 canonibus

454 2920 661 2990 legitur
688 2935 802 2973 non
822 2918 1027 2974 debere
1046 2919 1371 2990 episcopum
1390 2919 1457 2973 de
1477 2918 1699 2974 civitate
1713 2919 1782 2973 ad
1803 2917 2087 2972 civitatem

453 3013 692 3068 transire
721 3012 805 3066 vel
835 3012 1148 3079 transferri,
1182 3029 1294 3066 non
1324 3013 1393 3066 de
1421 3013 1509 3066 his
1540 3013 1768 3079 dicitur,
1789 3010 1899 3082 fqui
1920 3015 2017 3065 aut
2036 3011 2089 3064 vi

455 3106 688 3177 expulsi,
721 3111 817 3160 aut
841 3105 1172 3161 necessitate
1199 3106 1394 3173 coacti,
1424 3109 1523 3159 aut
1546 3105 1878 3160 auctoritate
1907 3105 2085 3175 majo-

456 3217 586 3255 rum
599 3200 703 3254 hoc
717 3203 914 3270 agunt,
933 3199 1028 3254 sed
1049 3199 1116 3254 de
1134 3199 1244 3267 his,
1264 3199 1363 3271 qui
1379 3199 1627 3254 avaritiae
1648 3199 1849 3253 ardore
1870 3199 2090 3252 inﬂam-

456 3294 594 3349 mati
621 3299 820 3365 sponte
839 3311 937 3347 sua
954 3293 1275 3365 prosiliunt,
1299 3297 1354 3348 et
1379 3293 1568 3366 potius
1594 3292 1892 3347 ambitioni
1917 3308 2089 3364 quam

455 3388 686 3443 utilitati
708 3387 969 3442 Ecclesiae
988 3387 1217 3454 servire,
1246 3391 1303 3442 et
1327 3391 1390 3442 ut
1419 3387 1868 3442 dominationem
1892 3390 2086 3457 agant,

456 3483 712 3537 insistere
761 3482 1014 3552 cupiunt.
1070 3481 1224 3535 Unde
1273 3486 1328 3536 et
1371 3481 1429 3534 in
1478 3481 1741 3552 subjectis
1778 3481 2090 3535 canonibus

457 3576 783 3631 continetur
817 3593 829 3630 :
863 3575 918 3630 Si
949 3575 1158 3646 aliquis
1187 3575 1468 3630 exstiterit
1488 3575 1843 3642 temerarius,
1867 3574 1964 3646 qui
1983 3574 2092 3628 for-

457 3670 606 3725 sitan
633 3669 1054 3724 excusationem
1084 3669 1283 3724 afferat
1301 3669 1451 3741 quod
1472 3669 1674 3740 populi
1695 3669 1911 3724 litteras
1941 3685 2093 3723 acce-

461 3765 626 3836 perit,
656 3769 712 3819 et
739 3750 864 3818 ideo
887 3763 1241 3834 migraverit,
1276 3764 1415 3817 dum
1442 3763 1814 3818 manifestum
1842 3762 1914 3817 sit
1943 3779 2090 3833 prce-

458 3859 574 3913 mio
601 3863 658 3912 et
685 3857 946 3912 mercede
977 3873 1181 3927 paucos
1207 3857 1305 3928 qui
1334 3857 1615 3911 sinceram
1647 3856 1819 3911 ﬁdem
1846 3873 1960 3910 non
1989 3857 2090 3910 ha-

463 3953 614 4018 bent,
645 3950 893 4020 potuisse
922 3949 1230 4019 corrumpi,
1279 3955 1341 4004 ut
1384 3950 1696 4005 clamarent
1731 3949 1788 4004 in
1826 3951 2091 4016 Ecclesia,

463 4047 519 4099 et
551 4044 737 4114 ipsum
767 4047 962 4113 petere
990 4042 1339 4112 viderentur,
1375 4043 1604 4096 omnino
1633 4043 1737 4097 has
1765 4043 1994 4098 fraudes
2014 4059 2096 4097 re-

464 4137 771 4192 movendas
813 4151 933 4190 esse
980 4135 1418 4210 censemus.\llis
1445 4136 1628 4191 verbis
1654 4139 1709 4190 et
1739 4136 1861 4190 aliis
1904 4137 2097 4191 multis

465 4230 746 4303 exemplis
772 4230 951 4302 liquet
979 4247 1093 4284 non
1117 4229 1188 4284 de
1211 4229 1298 4283 his
1319 4229 1526 4298 dicere,
1556 4235 1619 4285 ut
1637 4231 1808 4302 paulo
1837 4231 2096 4302 superius

463 4325 826 4398 prazlibatum
853 4326 958 4394 est,
986 4324 1085 4396 qui
1111 4323 1259 4395 pulsi
1285 4328 1383 4378 aut
1414 4340 1529 4378 non
1559 4325 1770 4396 recepti
1798 4342 1831 4379 a
1861 4325 2093 4395 civibus,

466 4421 552 4476 vel
596 4438 629 4474 a
674 4419 1130 4492 quibuscumque,
1175 4421 1273 4472 aut
1322 4419 1657 4474 necessitate
1699 4425 1961 4490 cogente,
2010 4421 2096 4473 vel

468 4513 805 4569 auctoritate
834 4513 1121 4584 majorum
1145 4514 1439 4566 transeunt
1465 4512 1534 4566 de
1559 4512 1781 4567 civitate
1800 4513 1871 4567 ad
1903 4513 2093 4578 civita-

2110 3244 2164 3318 C

2185 1990 2344 2052 nent,
2379 1988 2434 2038 et
2478 1983 2621 2038 nihil
2659 1987 2966 2054 praetaxato
2995 1981 3165 2036 modo
3198 1978 3663 2035 translationibus
3689 1978 3814 2048 epi-

2182 2094 2487 2150 scoporum
2507 2077 2665 2144 actis,
2690 2079 2788 2130 aut
2807 2074 3046 2146 agendis
3073 2077 3300 2141 nocent,
3325 2073 3422 2127 sed
3442 2071 3624 2142 magis
3641 2071 3819 2125 robur

2184 2172 2263 2228 eis
2280 2189 2343 2226 ac
2367 2172 2582 2225 donum
2599 2169 2897 2225 Salvatoris
2920 2186 3047 2240 quae
3071 2184 3271 2223 omnes
3295 2166 3597 2222 canonicos
3625 2181 3822 2236 super-

2185 2267 2388 2322 exaltat
2417 2265 2609 2331 libros,
2641 2264 3038 2318 auctoritatem
3080 2265 3371 2334 praestant.
3416 2261 3575 2315 Tales
3617 2262 3817 2313 autem

2184 2360 2522 2432 quiestiones
2549 2358 2734 2428 magis
2760 2375 2830 2411 ex
2858 2357 3069 2411 invidia
3097 2372 3269 2427 quam
3303 2372 3372 2409 ex
3402 2353 3674 2408 charitate
3720 2355 3824 2406 aut

2184 2455 2423 2510 utilitate
2442 2453 2596 2507 nasci
2611 2452 2896 2520 videntur,
2913 2467 3042 2505 cum
3062 2450 3182 2521 ipsa
3203 2466 3307 2520 per
3325 2467 3382 2503 se
3399 2449 3610 2502 Veritas
3632 2447 3783 2501 dicat
3805 2464 3817 2499 :

2191 2571 2216 2598 (ι
2245 2549 2301 2603 Si
2329 2565 2423 2602 vos
2448 2546 2733 2618 persecuti
2759 2545 2971 2600 fuerint
2994 2544 3053 2598 in
3087 2560 3263 2598 unam
3295 2542 3602 2608 civitatem,
3637 2541 3822 2611 fugite

2186 2644 2246 2698 in
2301 2642 2475 2696 aliam
2533 2639 2748 2712 (Matth.
2794 2656 2847 2704 x,
2898 2639 3008 2709 23),
3051 2659 3077 2687 ››
3121 2642 3176 2692 et
3219 2637 3454 2708 reliqua.
3499 2636 3637 2689 Huic
3677 2651 3821 2704 ergo

2187 2736 2484 2792 sentcntiae
2514 2734 2703 2788 nullus
2729 2733 3137 2787 catholicorum
3161 2747 3405 2802 usquam
3429 2728 3822 2784 contradicere

2186 2833 2394 2902 potest,
2426 2846 2555 2901 qua:
2581 2845 2696 2882 non
2724 2827 2954 2881 alterius
2985 2825 3080 2880 sed
3108 2825 3283 2896 ipsius
3323 2822 3558 2895 proprio
3586 2822 3826 2877 Domini

2188 2941 2286 2979 ore
2335 2924 2583 2996 prolata,
2641 2923 2698 2975 et
2746 2920 2970 2975 ﬁrmata
3023 2936 3144 2974 esse
3198 2917 3568 2988 dignoscitur.
3619 2917 3722 2971 Cui
3777 2915 3824 2968 si

2190 3018 2391 3090 aliquis
2415 3015 2835 3082 contradixerit,
2871 3031 2984 3068 non
3013 3013 3196 3068 solum
3227 3012 3490 3079 extorris,
3522 3011 3612 3064 sed
3643 3010 3824 3065 etiam

2189 3111 2695 3166 anathematizatus
2739 3109 2808 3162 ab
2853 3107 3098 3162 Ecclesia
3148 3107 3410 3178 pellatur.
3441 3107 3507 3159 Et
3551 3105 3828 3157 Dominus

2191 3207 2249 3260 in
2278 3204 2576 3275 Evangelio
2605 3203 2744 3258 alias
2781 3202 2917 3257 dicit
2945 3220 2957 3256 :
2994 3224 3021 3250 ‹‹
3051 3201 3207 3254 Beati
3231 3199 3329 3271 qui
3363 3197 3827 3270 persecutionem

2190 3301 2486 3372 patiuntur
2513 3303 2745 3369 propter
2783 3295 3062 3367 justitiam
3098 3294 3313 3366 (Matth.
3349 3309 3403 3360 v,
3449 3292 3551 3362 l0).
3584 3313 3611 3340 »
3645 3291 3704 3346 Si
3730 3307 3829 3346 eos

2189 3394 2468 3449 Dominus
2491 3393 2687 3446 beatos
2716 3389 2872 3459 dicit,
2905 3389 3003 3460 qui
3028 3387 3484 3459 persecutionem
3528 3385 3831 3456 patiuntur

2191 3493 2422 3560 propter
2457 3485 2758 3558 justitiam,
2811 3483 2936 3555 quis
2981 3499 3074 3537 eos
3119 3483 3388 3537 damnare
3422 3480 3644 3551 potest?
3685 3481 3756 3534 Et
3782 3479 3826 3532 si

2191 3584 2311 3654 ipse
2335 3583 2404 3636 de
2432 3580 2654 3635 civitate
2681 3578 2753 3632 ad
2779 3577 3083 3646 civitatem,
3107 3580 3343 3648 propter
3371 3573 3830 3646 persecutionem

2192 3677 2390 3747 fugere
2425 3674 2710 3746 praecepit,
2756 3672 2885 3743 quis
2932 3687 3025 3726 eos
3070 3670 3371 3725 detrahere
3409 3673 3505 3723 aut
3547 3668 3831 3722 damnare

2190 3747 2496 3841 propterea
2525 3768 2692 3822 audet
2735 3767 2818 3820 vel
2861 3769 3066 3836 potest,
3100 3766 3248 3835 quod
3293 3762 3476 3818 verbis
3521 3761 3834 3816 Dominicis

2194 3861 2629 3935 obtemperant?
2671 3860 2926 3915 Profecto
2963 3858 3049 3912 his
3075 3858 3170 3929 qui
3215 3856 3556 3912 contradicit
3597 3859 3696 3909 aut
3736 3872 3830 3909 re-

2196 3959 2358 4024 sistit,
2387 3957 2634 4028 seipsum
2677 3955 2925 4021 damnat,
2957 3953 3086 4024 quia
3124 3951 3207 4006 ori
3252 3951 3478 4006 Domini
3504 3951 3832 4014 contumax,

2196 4058 2252 4109 et
2289 4051 2622 4106 inobediens
2666 4047 2902 4102 exsistit.
2933 4046 3094 4101 Unde
3139 4049 3196 4099 et
3233 4045 3355 4117 ipsa
3389 4061 3490 4116 per
3524 4060 3583 4098 se
3613 4042 3836 4097 Veritas

2197 4145 2334 4201 dicit
2362 4162 2374 4200 :
2410 4166 2437 4193 ‹‹
2462 4144 2597 4207 Quis
2619 4159 2685 4198 ex
2704 4141 2864 4197 vobis
2893 4143 3098 4211 arguet
3123 4156 3217 4195 me
3247 4140 3316 4194 de
3341 4138 3615 4210 peccato?
3642 4137 3697 4192 Si
3728 4153 3833 4190 ve-

2196 4240 2422 4294 ritatem
2455 4237 2598 4306 dico,
2633 4252 2810 4308 quare
2839 4252 2937 4289 vos
2975 4251 3090 4289 non
3132 4232 3360 4288 creditis
3385 4232 3573 4286 mihi?
3621 4229 3731 4294 Qui
3765 4247 3838 4284 ex

2199 4336 2312 4389 Deo
2343 4337 2445 4400 est,
2474 4332 2644 4386 verba
2672 4330 2770 4385 Dei
2800 4329 2980 4384 audit.
3011 4330 3319 4399 Propterea
3338 4344 3436 4381 vos
3456 4342 3573 4379 non
3601 4323 3834 4392 auditis,

2199 4429 2335 4500 quia
2355 4444 2419 4482 ex
2448 4427 2561 4480 Deo
2587 4442 2702 4479 non
2733 4423 2864 4478 estis
2886 4423 3096 4494 (Joann.
3130 4438 3242 4489 Vlll,
3267 4422 3354 4489 46,
3384 4421 3490 4488 47).
3526 4438 3553 4470 »
3587 4417 3838 4474 Omnino

2201 4542 2228 4574 ‹‹
2256 4524 2483 4593 oportet
2505 4523 2618 4575 Deo
2646 4517 2882 4573 obedire
2902 4517 3030 4588 plus
3049 4532 3224 4586 quam
3251 4513 3577 4568 hominibus
3605 4511 3752 4581 (Act.
3780 4528 3836 4578 v,

427 4613 440 4691 ξ
466 4614 604 4671 tem,
636 4608 734 4662 sed
756 4608 824 4661 de
843 4607 931 4662 his
952 4606 1050 4678 qui
1068 4611 1266 4678 sponte
1293 4605 1615 4676 prosiliunt,
1644 4611 1743 4660 aut
1766 4608 2100 4662 temeritatis
2118 4619 2178 4691 D
2199 4613 2310 4683 29);
2347 4633 2373 4660 »
2417 4613 2475 4664 et
2514 4609 2720 4664 idcirco
2747 4606 2899 4679 quod
2931 4607 3042 4660 Deo
3071 4604 3388 4670 obedimuS,
3418 4603 3487 4656 de
3518 4601 3741 4656 civitate
3769 4601 3846 4654 ad

430 4683 440 4740 ί
467 4706 564 4757 aut
593 4701 915 4756 ambitionis
959 4718 1127 4756 causa
1171 4701 1281 4755 hoc
1326 4701 1562 4756 faciunt.
1594 4702 1737 4755 Nam
1764 4706 1820 4756 et
1839 4701 1989 4756 aliud
2018 4707 2104 4757 est

469 4800 655 4850 coacte
687 4798 787 4850 aut
813 4795 1136 4850 necessitate
1164 4795 1388 4860 venire;
1425 4794 1574 4849 unde
1608 4812 1722 4850 non
1760 4796 1854 4850 isti
1880 4798 2105 4850 mutant

471 4891 744 4959 civitates,
771 4889 871 4944 sed
896 4893 1213 4956 mutantur,
1243 4889 1379 4960 quia
1411 4905 1526 4942 non
1558 4893 1758 4959 sponte
1787 4889 1885 4944 sed
1913 4894 2104 4944 coacte

470 4985 578 5040 hoc
607 4988 802 5054 agunt.
825 4983 958 5047 Quis
988 4983 1139 5038 enim
1159 4999 1417 5054 unquam
1441 4983 1610 5037 audet
1635 4983 1822 5039 dicere
1848 4989 2103 5039 sanctum

469 5081 699 5133 Petrum
745 5078 1132 5149 apostolorum
1178 5077 1498 5148 principem
1547 5095 1664 5132 non
1707 5078 1851 5133 bene
1901 5080 2101 5151 egisse,

474 5171 702 5242 quando
726 5172 966 5227 mutavit
991 5172 1187 5226 sedem
1210 5171 1280 5225 de
1301 5170 1597 5225 Antiochia
1613 5171 1671 5226 in
1689 5173 1931 5227 Romam
1948 5174 1974 5227 ‘?
1995 5177 2105 5227 Aut

471 5264 598 5337 quis
619 5282 750 5320 eum
775 5270 945 5336 negat
965 5266 1035 5320 ob
1055 5265 1112 5320 id
1140 5269 1399 5320 sanctum
1426 5283 1543 5321 non
1571 5283 1711 5336 esse,
1740 5270 1838 5322 aut
1863 5269 2106 5340 dignita-

472 5366 608 5426 tem,
633 5364 732 5413 aut
757 5359 1026 5414 meritum
1053 5377 1309 5431 unquam
1338 5362 1683 5432 apostolatus
1708 5367 1827 5417 tam
1853 5363 1912 5417 in
1952 5364 2104 5418 coelis

471 5470 645 5526 quam
677 5452 734 5506 in
779 5453 942 5506 terris
969 5454 1322 5524 perdidisse?
1354 5458 1464 5510 Aut
1502 5456 1626 5527 quis
1671 5460 1842 5526 negat
1885 5465 2106 5513 sanctos

475 5566 591 5604 non
619 5563 741 5602 esse
769 5547 976 5601 multos
995 5548 1130 5602 alios
1151 5550 1464 5622 episcopos,
1487 5551 1584 5622 qui
1602 5551 1671 5605 de
1695 5551 2014 5607 civitatibus
2033 5552 2104 5607 ad

472 5642 725 5697 civitates
745 5640 1002 5696 translati
1021 5647 1171 5709 sunt,
1188 5649 1287 5698 aut
1310 5643 1581 5698 meritum
1602 5645 1962 5715 pontificatus
1982 5663 2107 5717 per-

473 5736 715 5791 didisse?
760 5735 1018 5800 Quorum
1066 5737 1300 5791 nomina
1346 5739 1392 5790 si
1437 5738 1706 5808 coeperim
1747 5755 2102 5808 enumerare,

477 5832 609 5882 ante
640 5829 758 5882 dies
797 5829 1138 5899 pertransiet
1175 5845 1348 5898 quam
1380 5830 1503 5884 haec
1531 5831 1726 5886 omnia
1755 5833 2106 5889 conscribere

473 5937 722 5994 possem,
755 5925 811 5973 et
848 5922 1120 5993 prolixior
1145 5921 1250 5974 erit
1293 5922 1522 5990 epistola
1552 5940 1722 5993 quam
1753 5942 1980 5980 necesse
2014 5927 2101 5981 sit.

2203 4706 2511 4772 civitatem,
2550 4704 2671 4775 ipso
2706 4701 3094 4774 prwcipiente,
3127 4696 3538 4771 persecutionis
3562 4711 3748 4764 causa,
3782 4694 3843 4748 id

2203 4805 2306 4867 est,
2337 4797 2704 4868 necessitatis,
2736 4800 2836 4851 aut
2878 4794 3140 4850 utilitatis
3168 4792 3493 4860 transimus,
3523 4787 3845 4845 damnandi

2203 4887 2443 4950 sumus?
2485 4895 2608 4947 Non
2651 4891 2907 4959 omnino,
2937 4889 3036 4943 sed
3082 4887 3269 4958 potius
3316 4883 3629 4940 venerandi
3667 4887 3849 4954 atque

2205 4987 2488 5061 portandi,
2519 4985 2789 5058 quoniam
2826 5001 2928 5038 nec
2973 4983 3106 5054 ipsis
3135 4980 3410 5052 episcopis
3435 4980 3544 5033 hoc
3571 4975 3851 5048 imputari

2204 5086 2407 5155 potest.
2442 5082 2598 5146 «Qui
2646 5079 2735 5134 his
2778 5077 3006 5146 resistit,
3053 5076 3301 5148 profecto
3347 5073 3444 5128 Dei
3492 5070 3853 5127 ordinationi

2176 5172 2415 5254 [resistit
2465 5176 2630 5246 (Rom.
2677 5190 2795 5243 XIII,
2848 5173 2922 5243 2),
2952 5191 2980 5222 »
3030 5173 3086 5224 et
3138 5172 3278 5223 «est
3325 5166 3541 5222 inﬁdeli
3593 5164 3853 5220 deterior

2178 5261 2250 5342 ³(1
2301 5274 2433 5327 Tim.
2483 5287 2536 5339 v,
2588 5270 2660 5339 8),
2707 5290 2732 5316 ››
2783 5265 2918 5339 quia
2958 5265 3160 5319 melius
3207 5265 3291 5317 est
3327 5278 3446 5316 non
3498 5274 3850 5331 cognoscere

2205 5366 2353 5420 viam
2411 5363 2678 5433 veritatis,
2727 5377 2899 5433 quam
2947 5364 3071 5430 post
3116 5357 3472 5429 agnitionem
3523 5359 3847 5409 retrorsum

2205 5461 2380 5514 abire.
2412 5461 2549 5513 Nam
2584 5464 2640 5513 et
2679 5457 2800 5529 ipse
2831 5454 3102 5509 Dominus
3147 5452 3217 5506 de
3258 5452 3382 5505 loco
3428 5449 3500 5504 ad
3529 5449 3720 5503 locum
3750 5463 3848 5500 re-

2206 5554 2389 5624 cessit,
2420 5554 2476 5608 id
2520 5558 2624 5620 est,
2656 5549 2928 5619 transivit,
2972 5547 3180 5603 Judmis
3227 5546 3389 5600 illum
3433 5541 3847 5614 quaerentibus.

2210 5671 2234 5695 ι(
2267 5648 2512 5719 Fugiens
2551 5648 2644 5700 ille
2674 5647 2992 5716 quaerentes
3038 5645 3093 5697 et
3138 5642 3546 5712 persequentes
3577 5653 3638 5691 se
3666 5637 3850 5706 (Joan.

2206 5759 2324 5811 vIII,
2349 5745 2455 5811 59),
2485 5762 2512 5790 υ
2549 5742 2603 5794 et
2643 5739 2713 5793 de
2755 5739 2980 5793 civitate
3009 5737 3081 5791 ad
3107 5735 3391 5789 civitatem
3421 5731 3665 5786 transire
3697 5744 3849 5800 prae-

2206 5835 2375 5906 cepit,
2407 5835 2595 5889 dicens
2627 5851 2639 5888 :
2675 5853 2701 5884 «
2729 5833 2787 5888 Si
2813 5849 2911 5887 vos
2935 5829 3212 5903 persecuti
3228 5828 3442 5883 fuerint
3469 5825 3526 5879 in
3555 5824 3851 5878 civitatem

2210 5929 2395 5989 istam,
2420 5927 2597 5998 fugite
2619 5927 2676 5981 in
2697 5927 2863 5980 aliam
2889 5925 3102 5995 (Matth.
3137 5940 3186 5984 x,
3213 5923 3321 5990 '23),
3346 5943 3371 5968 η
3399 5926 3453 5975 et
3480 5923 3690 5973 caetera
3717 5915 3854 5976 talia
