4040 6320
222 412 234 461 l
251 412 351 462 097

1450 412 1917 466 DECRETALIL'M
1958 412 2341 469 COLLECTIO.

3447 420 3570 473 IODS

207 517 298 570 his
324 517 550 571 similia.
581 518 719 570 Nam
743 517 788 570 si
810 518 1010 589 fugere
1039 518 1253 573 malum
1273 525 1375 587 est,
1400 522 1666 592 persequi
1690 522 1840 575 mul-
1865 533 1923 604 Α
1945 540 2058 594 qua
2100 524 2360 578 collectas
2402 524 2671 592 celebrat,
2719 525 2818 579 sed
2843 527 3124 580 sustinere
3157 525 3308 598 quod
3340 529 3567 598 provin-

205 617 267 666 to
296 611 567 666 deterius.
619 610 712 666 Hic
741 611 974 682 quidem
1006 628 1076 666 ne
1108 613 1407 682 moriatur,
1435 614 1841 682 absconditur;

204 705 304 760 Hic
321 709 515 760 tamen
533 705 894 776 persequitur
912 711 976 760 ut
996 706 1230 775 occidat,
1257 709 1313 761 et
1332 711 1396 762 ut
1429 709 1487 762 fu
1496 708 1682 780 giatur
1703 725 1844 780 prse-

207 800 438 871 eipitur,
463 804 519 853 et
548 799 680 871 quia
705 799 804 870 qui
826 801 1033 870 quaerit
1060 801 1316 855 occidere
1340 803 1745 872 praevaricatur
1770 804 1844 858 le-

209 910 364 964 gem,
393 897 449 948 et
468 894 650 965 magis
667 893 925 965 fugiendi
941 895 1159 965 praebet
1176 895 1546 950 occasionem.
1569 897 1624 952 Si
1644 897 1842 968 fugam

208 987 607 1059 improperant
625 991 1054 1059 persequentes,
1073 989 1412 1044 erubescant
1429 990 1619 1061 potius
1642 996 1844 1046 semet-

209 1081 383 1153 ipsos,
432 1087 490 1136 et
525 1082 818 1152 quiescant
848 1081 1122 1152 insidiari,
1163 1087 1218 1137 et
1254 1083 1546 1154 quiescent
1575 1084 1843 1138 continuo

209 1175 513 1246 fugientes.
553 1177 732 1230 Nemo
771 1176 925 1230 enim
963 1175 1169 1231 mitem
1201 1177 1349 1248 fugit
1385 1178 1713 1248 aliquando,
1747 1179 1843 1233 sed

211 1269 394 1340 magis
420 1271 672 1324 ferocem
699 1270 868 1324 simul
909 1273 966 1324 et
1006 1270 1298 1325 callidum.
1331 1272 1525 1325 Omnis
1553 1271 1706 1326 enim
1745 1272 1841 1343 qui

212 1364 485 1431 gemebat
509 1366 567 1418 et
591 1365 904 1436 vexabatur
923 1382 955 1418 a
981 1365 1113 1419 Saul
1137 1365 1390 1436 fugiebat
1409 1368 1465 1419 et
1490 1366 1751 1421 veniebat
1773 1367 1842 1420 ad

213 1425 386 1512 David
412 1458 559 1528 (Reg.
591 1475 742 1527 XXXI,
777 1461 847 1526 7).
872 1425 941 1537 ,εἰ
972 1475 1108 1529 ergo
1141 1425 1428 1530 piissimus
1455 1464 1624 1531 atque
1644 1461 1840 1531 justis-

211 1552 389 1606 simus
415 1552 587 1606 David
615 1552 783 1606 sciret
805 1557 1102 1624 peccatum
1129 1569 1247 1608 esse
1273 1554 1728 1624 persecutionem
1749 1555 1837 1608 fu-

211 1647 455 1716 gientes,
486 1651 542 1701 et
567 1649 928 1701 transeuntes
954 1647 1024 1701 de
1052 1649 1175 1701 loco
1202 1648 1271 1702 ad
1291 1649 1497 1715 locum,
1527 1651 1585 1701 et
1612 1648 1682 1703 de
1707 1648 1837 1702 civi-

210 1745 326 1795 tate
355 1741 426 1795 ad
474 1740 779 1809 civitatem,
818 1742 957 1796 tales
996 1757 1356 1812 nequaquam
1395 1741 1689 1813 reciperet,
1737 1759 1840 1797 nec

208 1851 406 1889 secum
432 1838 674 1905 teneret,
701 1851 805 1890 nec
826 1835 885 1889 in
906 1835 1031 1890 aliis
1057 1835 1378 1890 civitatibus
1406 1853 1500 1891 eos
1522 1837 1835 1892 collocaret.

211 1929 320 1993 Qui
347 1929 499 1983 enim
520 1934 946 2000 persequuntur
964 1930 1190 1985 Domini
1211 1929 1518 2001 episcopos,
1542 1947 1752 2002 eosque
1772 1931 1839 1985 de
1859 1901 1916 1973 B

209 2023 530 2077 civitatibus
557 2023 628 2077 ad
655 2023 902 2078 civitates
929 2024 1169 2078 transire
1196 2025 1567 2095 compellunt,
1600 2042 1714 2079 non
1746 2041 1841 2079 eos

214 2121 439 2171 tantum
472 2123 913 2188 persequuntur,
938 2123 1219 2189 quantum
1248 2118 1554 2173 Dominum
1580 2121 1840 2173 nostrum

209 2212 404 2264 .lesum
425 2210 728 2278 Christum,
755 2231 781 2263 «
804 2211 963 2282 cujus
979 2212 1266 2282 legatione
1285 2213 1606 2283 funguntur
1627 2212 1698 2281 (II
1718 2215 1837 2270 Cor.

212 2321 266 2372 ν,
295 2305 406 2372 20),
447 2321 552 2359 nec
600 2305 705 2376 ipsi
750 2305 806 2358 in
853 2306 961 2359 hoc
1001 2309 1238 2376 peccant
1265 2306 1536 2377 episcopi,
1564 2307 1841 2378 quoniam

211 2414 329 2452 non
363 2404 562 2469 sponte
589 2399 685 2453 sed
721 2402 912 2453 coacte
946 2400 1051 2453 hoc
1081 2404 1279 2470 agunt,
1320 2400 1422 2454 sed
1461 2400 1543 2454 illi
1573 2417 1606 2454 a
1634 2401 1840 2472 quibus

210 2496 660 2563 persequuntur,
717 2509 821 2548 nec
884 2493 1017 2563 ipsis
1079 2493 1356 2565 episcopis
1412 2495 1517 2548 hoc
1573 2494 1841 2569 imputari

208 2589 418 2656 potest,
470 2587 565 2641 sed
609 2587 718 2640 illis
760 2587 859 2657 qui
891 2604 985 2641 eos
1015 2587 1122 2642 hoc
1151 2604 1320 2658 agere
1351 2580 1841 2682 cogunt.ISanctus

211 2681 368 2734 enim
396 2684 779 2752 protomartyr
808 2681 1128 2751 Stephanus
1154 2681 1534 2752 lapidabatur,
1561 2681 1656 2736 sed
1681 2685 1841 2737 Jesus

207 2775 553 2845 suscipiebat
575 2775 768 2846 plagas
805 2776 943 2845 (Act.
983 2792 1075 2844 vn,
1111 2778 1216 2844 58),
1259 2775 1504 2846 ideoque
1532 2775 1841 2848 unicuique

205 2868 640 2939 praevidendum
670 2871 773 2934 est,
805 2885 875 2922 ne
901 2869 1148 2939 aliquem
1197 2869 1406 2940 injuste
1442 2875 1837 2941 persequatur,

203 2962 425 3033 judicet
461 2962 548 3016 vel
575 2963 788 3032 puniat,
819 2979 888 3016 ne
914 2964 1100 3017 Jesum
1131 2967 1530 3034 persequatur,
1549 2964 1766 3035 judicet
1785 2968 1842 3018 et

209 3056 427 3127 puniat.
455 3056 556 3120 Qui
581 3061 768 3110 autem
800 3061 1007 3127 negant
1032 3057 1485 3112 misericordiam
1514 3058 1838 3112 faciendam

213 3149 564 3218 fugientibus
584 3167 648 3203 ac
674 3151 1063 3205 necessitatem
1093 3150 1456 3221 patientibus,
1473 3152 1660 3222 ipsum
1679 3151 1838 3207 Chri-

208 3246 362 3297 stum
389 3248 623 3313 negant,
657 3244 754 3314 qui
783 3248 866 3297 est
893 3244 1284 3298 misericordia
1304 3249 1359 3298 et
1378 3245 1599 3312 veritas,
1636 3249 1693 3299 et
1721 3262 1843 3300 om-
1860 3272 1914 3347 Ο

209 3336 376 3390 nibus
395 3337 783 3392 necessitatem
804 3338 1149 3408 patientibus
1171 3337 1472 3392 subvenire
1483 3339 1666 3408 jubet.
1691 3342 1836 3394 Pau-

209 3448 277 3484 ca
302 3435 454 3497 sunt,
483 3431 678 3500 frater,
704 3448 830 3502 quae
853 3433 1092 3496 asserui,
1125 3432 1217 3486 sed
1253 3435 1464 3503 quanta
1489 3449 1557 3485 ex
1580 3432 1666 3485 his
1693 3448 1834 3502 pen-

208 3525 380 3579 deant
404 3529 500 3579 tua
524 3524 880 3596 providentia
909 3527 1121 3596 poteris
1150 3526 1454 3580 aestimare.
1485 3527 1666 3590 Quare
1693 3527 1840 3580 hanc

209 3617 551 3672 annituntur
581 3619 840 3672 malevoli
884 3618 1310 3690 interrumpere
1355 3619 1840 3674 misericordiam?

206 3711 536 3766 (Iurlaedere
549 3711 708 3765 vanis
724 3712 778 3765 in
789 3711 1138 3766 tentionibus
1153 3713 1509 3768 felicitatem?
1523 3712 1841 3766 Excusatio-

211 3821 344 3860 nem
359 3805 485 3875 jam
507 3821 619 3859 non
643 3805 816 3859 habet
836 3806 994 3859 furor
1016 3806 1119 3860 iste
1142 3806 1524 3875 credentibus,
1544 3821 1649 3861 nec
1670 3806 1840 3860 inter-

210 3903 296 3953 est
314 3898 522 3969 quibus
540 3897 836 3952 itineribus
861 3920 888 3948 ‹‹
908 3898 977 3951 ad
999 3899 1201 3952 mundi
1221 3898 1539 3970 principem
1553 3899 1724 3968 (Joan.
1743 3915 1836 3969 xu,

209 3993 293 4060 31)
399 3994 605 4059 currat,
640 3991 737 4062 qui
771 4009 801 4045 a
840 3967 1241 4046 benevolentia
1269 3967 1514 4047 fratrum
1540 3967 1882 4062 delitescit,/

207 4090 307 4140 aut
348 4086 745 4141 necessitatem
788 4086 1128 4156 patientibus
1160 4087 1615 4141 misericordiam
1643 4091 1836 4158 negat.

210 4181 386 4250 Negat
398 4179 848 4234 misericordiam
861 4180 1208 4250 patientibus
1221 4180 1318 4252 qui
1336 4181 1561 4252 populis
1583 4180 1840 4251 indigen-

209 4273 360 4327 tibus
386 4273 590 4327 divinis
611 4273 913 4344 mysteriis,
945 4277 1001 4328 et
1029 4291 1142 4328 non
1169 4274 1511 4329 habentibus
1538 4276 1840 4346 prOprium

209 4366 559 4438 episcopum,
583 4367 679 4438 qui
700 4383 796 4421 eos
818 4367 1062 4421 instruat
1084 4385 1253 4422 causa
1275 4367 1532 4423 utilitatis
1554 4371 1724 4440 atque
1748 4385 1843 4422 ne-

209 4461 508 4530 cessitatis,
531 4463 629 4514 aut
649 4477 715 4514 ex
735 4460 847 4514 alia
868 4461 1110 4530 civitate,
1141 4461 1275 4516 licet
1300 4461 1491 4516 minor
1516 4461 1604 4529 sit,
1634 4462 1691 4516 in
1715 4479 1841 4516 eam

208 4571 338 4627 quae
365 4571 481 4608 non
509 4554 680 4608 habet
699 4554 1053 4626 episcopum,
1081 4554 1401 4609 doctiorem
1419 4557 1504 4608 vel
1530 4555 1839 4624 utiliorem,

1943 616 2045 671 ciae
2075 617 2322 688 synodus
2354 634 2455 672 suo
2489 617 2708 689 judicio
2749 619 3160 674 terminaverit.
3190 620 3330 675 Huic
3360 622 3575 693 regulae

1943 710 2332 766 contradicere
2347 712 2534 766 nullus
2549 715 2751 783 potest,
2777 729 2906 783 qua:
2935 713 3106 768 etiam
3124 730 3293 769 causa
3319 714 3575 770 utilitatis

1943 809 2040 859 aut
2087 805 2438 860 necessitatis
2492 806 2837 861 intronizare
2893 807 3224 878 episcopum
3267 808 3464 879 jubet,
3518 816 3575 865 et

1943 903 2167 954 mutare
2193 915 2256 953 ac
2286 900 2529 954 transire
2560 916 2692 955 eum
2721 901 2789 955 de
2833 901 3056 955 civitate
3081 902 3150 956 ad
3184 902 3352 956 aliam
3378 902 3572 958 civita-

1942 995 2062 1045 tem
2094 1009 2210 1046 non
2237 993 2528 1063 proprium
2559 993 2862 1048 habentem
2890 995 3238 1065 episcopum,
3265 995 3415 1051 sinit.
3439 996 3570 1051 Pin-

1945 1102 2082 1156 gues
2118 1086 2334 1140 hostias
2365 1087 2489 1141 litat
2517 1086 2763 1155 diabolo,
2798 1089 2896 1159 qui
2930 1088 3019 1142 his
3051 1088 3310 1143 resistere
3351 1088 3571 1159 nititur,

1944 1184 2042 1234 aut
2069 1179 2516 1236 misericordiam
2547 1184 2606 1235 et
2629 1181 2934 1236 utilitatem
2963 1181 3222 1236 Ecclesiae
3257 1183 3376 1252 jam
3410 1183 3574 1238 dictis

1941 1278 2134 1345 negat,
2164 1273 2224 1328 id
2244 1279 2345 1340 est,
2376 1277 2433 1329 et
2455 1273 2752 1346 episcopis,
2777 1281 2834 1330 et
2849 1275 3091 1346 populis.
3116 1277 3179 1330 In
3197 1293 3410 1331 vanum
3431 1294 3570 1347 ergo

1943 1372 2140 1422 contra
2164 1367 2469 1438 simplices,
2493 1369 2592 1439 qui
2612 1369 2734 1422 haec
2755 1369 2892 1423 olim
2914 1369 3163 1424 dicentes
3185 1386 3355 1441 agere
3377 1372 3569 1442 prohi-

1939 1461 2207 1526 buerunt,
2249 1462 2535 1516 tendicula
2583 1462 2849 1533 deinceps
2894 1463 3194 1533 parabunt,
3243 1480 3376 1518 cum
3403 1464 3488 1518 his
3517 1471 3575 1520 et

1943 1554 2068 1609 aliis
2082 1556 2288 1610 armati
2316 1555 2696 1624 adminiculis,
2738 1556 3003 1611 noverint
3029 1557 3164 1627 quid
3191 1574 3362 1629 super
3387 1558 3474 1612 his
3501 1559 3574 1614 sit

1942 1649 2252 1719 agendum,
2280 1649 2489 1720 etquid
2504 1649 2822 1704 vitandum.
2843 1650 3020 1704 Nimis
3035 1650 3188 1705 enim
3203 1655 3453 1705 armatus
3466 1658 3570 1719 est,

1941 1742 2039 1813 qui
2056 1742 2151 1797 illa
2165 1759 2292 1814 quae
2315 1743 2671 1797 adversarius
2686 1744 3105 1813 misericordiee,
3127 1743 3385 1798 utilitatis
3404 1749 3573 1816 atque

1941 1837 2249 1890 concordiae
2290 1836 2596 1903 ministrat,
2642 1839 2756 1892 tela
2801 1837 3138 1892 contemnit.
3183 1838 3405 1893 Sufﬁcit
3434 1855 3573 1910 ergo

1941 1933 2141 1984 contra
2169 1930 2364 1984 omnia
2382 1931 2574 2001 jacula
2586 1931 2916 2001 jurgiorum
2936 1931 3072 1985 ﬁdei
3090 1932 3241 1986 nuda
3268 1909 3635 2020 oppositio./

1943 2023 2068 2077 Scio
2094 2027 2150 2078 te
2177 2041 2292 2078 non
2333 2024 2619 2096 ignorare,
2659 2025 2852 2090 frater,
2898 2028 3245 2080 memoratas
3287 2043 3573 2081 canonum

1941 2118 2247 2172 sententias
2281 2119 2432 2190 apud
2472 2118 2823 2189 evangelicas
2870 2119 3208 2187 sanctiones,
3241 2136 3414 2175 novas
3454 2137 3569 2175 non

1941 2227 2081 2279 esse,
2110 2211 2210 2265 sed
2242 2217 2432 2267 nostro
2456 2211 2706 2268 assensui
2735 2213 3076 2284 mancipari.
3099 2214 3211 2268 Cur
3236 2214 3322 2268 his
3345 2218 3568 2268 contra-

1941 2305 2191 2360 dicentes
2218 2306 2623 2378 emigrationes
2650 2307 3047 2378 episcoporum
3091 2307 3346 2362 utilitatis
3377 2313 3434 2362 et
3469 2324 3572 2363 ne-

1941 2399 2212 2454 cessitatis
2237 2417 2408 2455 causa
2429 2400 2551 2455 ﬁeri
2577 2401 2966 2471 prohibentes,
2988 2405 3053 2456 ut
3069 2417 3217 2472 saepe
3234 2401 3446 2458 dictum
3469 2405 3572 2468 est,

1942 2496 1998 2546 et
2021 2509 2138 2546 non
2177 2493 2426 2548 avaritia:
2469 2498 2566 2547 aut
2592 2494 2928 2548 temeritatis
2958 2493 3017 2547 in
3049 2494 3359 2564 perniciem
3388 2511 3571 2549 sacer-

1943 2585 2141 2641 dotum
2172 2603 2234 2640 ac
2255 2587 2599 2657 populorum
2619 2587 2838 2642 laedunt
2858 2587 3199 2642 sacerdotale
3229 2588 3531 2642 concilium
3548 2590 3576 2643 ‘?

1941 2681 2050 2736 Cur
2065 2681 2312 2735 lacerant
2327 2681 2668 2735 sententiam
2685 2681 2745 2735 in
2763 2698 2877 2752 qua
2893 2681 3203 2752 inspirante
3218 2681 3442 2738 Christo
3455 2699 3575 2737 ora-

1941 2774 2066 2830 cula
2109 2791 2352 2845 superna
2396 2777 2725 2845 patuerunt,
2759 2779 2814 2830 et
2842 2774 2991 2829 inter
3018 2776 3197 2829 Deum
3227 2778 3284 2830 et
3309 2775 3573 2830 homines

1940 2868 2221 2939 interpres
2250 2868 2466 2923 exstitit
2491 2867 2687 2939 lingua
2713 2867 3052 2940 pontificum
3071 2869 3099 2922 ?
3133 2869 3232 2923 Illa
3270 2869 3423 2924 enim
3449 2870 3575 2924 coeli

1941 2962 2097 3016 curia
2142 2963 2427 3016 variarum
2476 2961 2701 3016 dotibus
2747 2965 2913 3016 aucta
2955 2961 3260 3031 curulium,
3307 2967 3365 3018 et
3393 2964 3574 3018 multo

1941 3055 2340 3126 Redemptoris
2370 3056 2549 3110 nostri
2577 3072 2718 3111 auro
2744 3061 3011 3128 ostroque
3038 3057 3324 3126 decorata,
3351 3057 3491 3112 nihil
3515 3056 3572 3111 in

1943 3149 2040 3203 illa
2067 3149 2348 3205 decisione
2377 3153 2610 3204 auctore
2650 3167 2708 3204 se
2751 3150 3006 3221 protulit,
3052 3151 3144 3205 sed
3176 3168 3280 3222 per
3309 3152 3576 3206 humanm

1939 3243 2151 3314 linguae
2189 3243 2569 3298 ministerium
2599 3244 2788 3298 divino
2817 3244 3077 3300 militavit
3102 3244 3368 3315 imperio.
3404 3247 3573 3300 Intel-

1939 3338 2074 3391 lexit
2101 3354 2216 3391 non
2257 3353 2374 3392 esse
2417 3354 2583 3392 suum
2625 3337 2906 3409 quidquid
2941 3338 3212 3408 impulsas
3253 3339 3572 3406 constituit,

1940 3431 2078 3484 nihil
2119 3447 2346 3502 quoque
2386 3431 2558 3484 habet
2601 3431 2658 3484 in
2704 3431 2800 3486 illa
2837 3431 3142 3498 sententia,
3181 3431 3288 3485 nisi
3321 3432 3471 3486 unde
3505 3432 3575 3487 de

1938 3526 2058 3579 sola
2079 3524 2375 3578 devotione
2399 3524 2736 3594 gratuletur.
2758 3526 2894 3579 Nam
2919 3525 3055 3578 dum
3077 3525 3328 3595 profanis
3349 3541 3568 3580 memo-

1940 3623 2190 3673 ratorum
2240 3617 2422 3671 verbis
2471 3617 2712 3684 ceditur,
2757 3622 2814 3672 et
2857 3635 2972 3672 suae
3009 3618 3254 3672 vesaniae
3287 3616 3602 3726 inscitiam(

1941 3712 2188 3782 produnt
2224 3715 2279 3765 et
2317 3709 2569 3779 livorem,
2599 3712 2724 3783 quis
2751 3712 2841 3766 hic
2871 3713 3025 3766 locus
3055 3712 3281 3778 erroris,
3316 3713 3408 3766 ubi
3435 3729 3570 3766 con-

1940 3805 2204 3876 gruentia
2225 3805 2350 3875 pari
2381 3805 2555 3860 ductu
2582 3807 2850 3877 exempli,
2883 3810 2939 3860 et
2963 3805 3217 3860 historiae
3243 3807 3419 3860 verba
3444 3823 3572 3861 con-

1937 3901 2216 3954 currunt?
2248 3901 2355 3954 Nec
2386 3900 2674 3955 diversum
2697 3904 2779 3954 est
2801 3901 2868 3953 ab
2891 3900 3181 3955 intellectu
3209 3900 3485 3955 catholico
3515 3905 3571 3955 et

1940 3992 2274 4048 lectionibus
2301 3995 2453 4066 quod
2484 3995 2791 4066 profertur.
2821 3995 2963 4048 Nam
2990 4011 3108 4049 non
3133 3994 3278 4049 bene
3304 3995 3490 4049 nodus
3513 3995 3573 4049 in

1940 4087 2121 4158 scirpo
2150 4088 2442 4159 quzeritur,
2473 4089 2610 4143 dum
2639 4087 2871 4142 involvit
2895 4088 3104 4142 nebula
3138 4088 3456 4158 praedicata:
3485 4089 3571 4143 lu-

1941 4181 2017 4233 eis
2039 4179 2233 4254 273
2265 4187 2526 4263 auctores
2545 4199 2557 4247 ;
2578 4182 2722 4236 foeda
2736 4199 2984 4253 namque
3004 4199 3034 4235 a
3052 4181 3234 4236 nitore
3249 4182 3474 4236 Domini
3491 4183 3576 4236 sui

1939 4273 2287 4343 obligatione
2305 4274 2649 4341 dissolvitur,
2677 4275 2774 4344 qui
2797 4275 3019 4328 statutis
3041 4274 3360 4328 caelestibus
3385 4275 3574 4329 minus

1941 4384 2102 4421 mera
2142 4367 2249 4422 ﬁde
2293 4367 2563 4438 dependit
2611 4367 2818 4422 ofﬁcia.
2853 4367 3075 4421 Talium
3111 4383 3247 4438 ergo
3295 4367 3573 4422 dictiones

1942 4460 2026 4515 vel
2070 4460 2479 4532 prohibitiones
2523 4460 2776 4531 indigum
2823 4460 2994 4514 etiam
3034 4459 3179 4514 ﬁunt
3224 4466 3571 4516 memoratu.

1941 4554 2228 4609 Profunda
2267 4559 2351 4610 est
2380 4570 2516 4625 ergo
2544 4554 2715 4608 nimis
2743 4553 3036 4624 imperitia
3069 4540 3290 4624 eorum,
3339 4575 3367 4604 «
3398 4559 3454 4610 et
3486 4571 3573 4610 sc-

210 4648 430 4704 meliori
459 4647 691 4702 consilio
720 4665 837 4702 non
863 4652 1064 4719 sponte
1085 4650 1504 4716 transeuntem,
1535 4650 1634 4703 sed
1656 4651 1840 4721 majo-
1860 4646 1920 4718 D
1944 4649 2204 4721 pulcrum
2233 4653 2434 4720 patens
2460 4651 2659 4719 guttur
2685 4663 2902 4714 eorum,
2935 4647 3066 4718 quia
3097 4647 3310 4718 linguis
3339 4648 3453 4702 suis
3481 4649 3577 4702 do-

209 4759 338 4798 rum
370 4741 759 4797 exhortatione
784 4745 1029 4808 mutare,
1075 4745 1174 4795 aut
1210 4741 1542 4812 episcopum
1574 4743 1836 4814 ejectum,

211 4843 268 4891 et
293 4837 757 4908 persecutionem
788 4837 1101 4907 patientem
1128 4852 1296 4890 causa
1327 4836 1588 4890 utilitatis
1615 4842 1712 4892 aut
1738 4854 1837 4892 ne—

210 4931 480 4985 cessitatis
525 4930 863 4985 intronizare
910 4946 1022 4984 non
1070 4929 1366 5000 permittit.
1417 4931 1580 5000 Apud
1620 4935 1842 4985 veteres

210 5026 363 5080 enim
395 5025 517 5078 sine
548 5025 656 5077 ulla
685 5024 1001 5078 differentia
1029 5025 1096 5094 de
1124 5041 1239 5078 una
1265 5023 1488 5078 civitate
1509 5023 1578 5078 ad
1604 5025 1842 5078 alteram

212 5118 495 5188 migrabat
515 5119 830 5189 episcopus,
861 5118 997 5171 dum
1029 5118 1237 5172 utilitas
1262 5121 1358 5172 aut
1384 5117 1682 5172 necessitas
1710 5135 1840 5172 evo-

211 5216 383 5267 caret.
415 5214 770 5283 Quapropter
791 5214 969 5283 ipsam
1001 5211 1172 5267 etiam
1194 5213 1455 5284 regulam
1476 5211 1607 5265 huic
1635 5212 1840 5283 episto-

210 5307 284 5360 lae
328 5306 545 5376 placuit
582 5306 776 5375 inseri,
814 5311 878 5360 ut
917 5309 1273 5362 monstretur
1303 5322 1397 5361 eos
1424 5305 1697 5360 mentitos
1725 5322 1844 5361 esse

212 5401 309 5471 qui
332 5399 663 5471 episcopum
689 5416 802 5454 non
824 5417 989 5470 posse
1013 5400 1353 5456 intronizare
1378 5400 1666 5468 dixerunt;
1692 5400 1845 5455 unde

212 5499 271 5548 et
299 5494 356 5548 in
389 5494 705 5548 canonibus
725 5493 933 5565 legitur
964 5494 1043 5548 ita
1073 5510 1085 5547 :
1120 5493 1175 5548 Si
1205 5495 1331 5566 quis
1363 5493 1662 5566 episcopus
1690 5493 1843 5548 ordi-

213 5591 380 5642 natus
418 5588 486 5642 ad
525 5587 871 5658 parochiam,
906 5587 965 5640 in
1011 5604 1122 5657 qua
1157 5587 1450 5643 ordinatus
1479 5593 1580 5654 est,
1611 5587 1848 5643 minime

217 5681 612 5752 proﬁciscitur,
666 5698 778 5735 non
826 5697 928 5735 sua
983 5681 1168 5752 culpa,
1218 5682 1315 5736 sed
1358 5686 1456 5737 aut
1500 5683 1712 5754 populo
1765 5699 1850 5737 re-

217 5782 476 5846 spuente,
519 5778 617 5829 aut
643 5777 882 5846 propter
907 5773 1076 5828 aliam
1112 5774 1428 5846 quamlibet
1456 5792 1700 5845 causam,
1733 5793 1850 5830 non

218 5868 553 5924 necessitate
578 5867 812 5936 factam,
843 5869 994 5923 hunc
1018 5869 1234 5923 honore
1260 5868 1690 5941 ministerioque
1714 5887 1848 5941 par-

226 5961 458 6036 ticipare
489 5965 689 6018 tamen
718 5980 730 6029 ;
761 5978 864 6018 nec
893 5979 1021 6018 eum
1055 5962 1279 6018 misceri
1309 5962 1477 6016 rebus
1501 5963 1764 6018 Ecclesiae
1793 5963 1851 6020 in

1941 4745 2054 4798 lose
2097 4742 2343 4814 agebant
2387 4743 2553 4812 (Psal.
2602 4759 2656 4809 v,
2703 4740 2811 4811 ll).
2845 4762 2873 4790 »
2921 4742 3041 4795 Non
3088 4744 3172 4795 est
3198 4742 3351 4796 enim
3385 4742 3443 4796 in
3479 4759 3577 4797 ore

1943 4853 2141 4891 eorum
2186 4841 2424 4905 rectum,
2455 4835 2728 4891 interiora
2759 4851 2958 4890 eorum
2991 4833 3230 4904 insidiae,
3267 4836 3453 4890 densis
3481 4852 3577 4889 cor

1943 4947 2140 4985 eorum
2170 4931 2435 5003 vepribus
2464 4930 2794 4997 suffocatur,
2822 4931 2880 4983 et
2906 4928 3130 4984 interna
3155 4928 3290 4983 vitia
3316 4929 3438 4983 aliis
3459 4946 3577 4983 cer-

1939 5029 2062 5079 tant
2091 5025 2390 5079 ascribere.
2411 5023 2776 5080 Nobilitatem
2803 5039 2941 5094 ergo
2969 5023 3062 5077 dat
3083 5021 3451 5092 facinoribus,
3476 5023 3574 5094 qui

1945 5118 2001 5171 in
2022 5118 2226 5172 talibus
2239 5118 2665 5174 ventilationem
2681 5118 2938 5189 ipsorum
2957 5117 3014 5171 in
3036 5117 3360 5187 exemplum
3383 5117 3574 5182 sumit,

1947 5215 2044 5263 aut
2085 5210 2156 5263 ad
2201 5227 2366 5264 aures
2408 5216 2664 5282 posteras
2705 5211 2880 5283 digna
2929 5210 3199 5265 relatione
3230 5209 3579 5265 transmittit.

1944 5303 2065 5356 Tibi
2092 5306 2284 5357 autem
2315 5321 2430 5358 non
2460 5305 2530 5359 sit
2557 5323 2694 5360 cura
2718 5305 2919 5360 talium
2946 5303 3346 5376 quaestionum,
3378 5304 3474 5359 sed
3497 5319 3580 5358 se-

1947 5413 2122 5467 quere
2145 5397 2482 5451 sententiam
2505 5399 2654 5453 beati
2686 5399 2839 5454 Pauli
2855 5399 3114 5471 apostoli,
3139 5398 3238 5470 qui
3263 5403 3459 5453 monet
3478 5414 3582 5469 per

1949 5489 2288 5560 discipulum
2318 5495 2571 5558 cunctos,
2595 5497 2652 5546 et
2676 5493 2901 5562 clamat,
2931 5493 3127 5548 dicens
3152 5509 3164 5546 :
3192 5494 3395 5548 Inanes
3426 5508 3582 5562 quaa-

1948 5583 2156 5638 stiones
2199 5582 2421 5648 devita;
2476 5584 2675 5639 inanes
2722 5601 2988 5657 namque,
3023 5587 3192 5657 juxta
3229 5585 3581 5657 Apostolum,

1948 5675 2290 5749 quaestiones
2318 5691 2545 5747 semper
2571 5677 2776 5747 devita,
2808 5684 2866 5734 et
2887 5696 2994 5750 age
3021 5680 3174 5750 quod
3195 5679 3418 5735 meliori
3444 5696 3583 5734 con-

1952 5770 2073 5826 silio
2119 5786 2234 5824 non
2275 5770 2546 5838 avaritim,
2591 5771 2678 5825 vel
2714 5771 3072 5839 temeritatis,
3112 5773 3198 5826 vel
3224 5773 3589 5841 utilitatis,,et

1954 5863 2320 5932 necessitatis,
2348 5868 2413 5919 ut
2450 5881 2595 5936 saepe
2624 5863 2837 5920 dictum
2885 5868 2987 5931 est,
3046 5880 3214 5919 causa
3256 5865 3584 5922 faciendum

1956 5963 2171 6019 utiliter
2200 5960 2578 6036 perspexeris.
