4040 6334
462 410 476 464 Ἰ
491 409 594 465 099

1343 411 1623 464 AI’PEND.
1664 411 1751 464 AD
1789 410 1949 464 SAEC.
1992 409 2078 462 IX.
2102 438 2169 447 —
2208 408 2451 462 lSlDOBl
2490 407 2915 463 MERCATORIS

3685 412 3831 464 1100

530 519 888 589 Quapropter
911 559 924 583 ,
984 517 1341 586 charissime,
1404 517 1492 571 his
1535 516 1859 587 apostolicis
1906 515 2081 570 fultus
2105 515 2374 601 Avitatis
2403 518 2488 568 est
2527 514 2588 569 in
2617 519 2927 588 conspectu
2964 515 3260 571 Altissimi.
3309 516 3665 570 Sacriﬁcium
3690 515 3836 587 justi

457 611 902 678 auctoritatibus,
946 615 1104 664 muta
1145 611 1473 681 episcopum
1523 627 1695 665 causa
1729 609 2085 664 necessitatis

453 710 551 759 aut
579 704 851 771 utilitatis,
896 720 1066 774 super
1106 720 1217 775 quo
1258 704 1555 758 consulere
1603 721 1708 758 nos
1735 704 1983 771 voluisti,
2029 706 2086 756 et

458 799 598 853 alios
641 798 842 852 fratres
887 803 1108 852 nostros
1157 797 1363 868 quibus
1401 797 1507 852 hoc
1541 797 1860 852 faciendum
1885 812 2082 851 neces-

458 893 591 946 sitas
614 897 712 946 aut
743 890 950 946 utilitas
979 890 1339 960 compulerit,
1381 907 1552 962 agere
1598 891 1757 959 doce,
1802 890 1936 961 quia
1977 890 2084 944 hoc

457 985 606 1056 quod
634 985 736 1039 tibi
763 985 868 1039 soli
897 984 1194 1039 scribimus
1220 985 1573 1055 generaliter
1600 985 1863 1039 omnibus
1889 989 2083 1039 tenere

458 1079 839 1148 mandamus;
872 1078 1006 1150 quia
1032 1078 1174 1133 sicut
1198 1083 1538 1149 potestatem
1566 1079 1845 1134 habemus
1870 1078 2086 1149 episco-

457 1191 558 1244 pos
589 1178 645 1228 et
683 1173 1001 1228 sacerdotes
1038 1171 1378 1243 regulariter
1415 1172 1666 1241 titulare,
1715 1177 1771 1226 et
1801 1172 2080 1240 ordinare,

457 1269 557 1334 ita,
589 1271 650 1321 ut
674 1267 1012 1338 praedictum
1031 1269 1135 1334 est,
1166 1283 1335 1320 causa
1358 1266 1722 1334 necessitatis,
1751 1271 1849 1321 aut
1875 1265 2081 1320 utilita-

459 1361 530 1416 tis
559 1361 734 1415 habes
761 1365 817 1415 et
840 1363 1084 1428 mutare,
1124 1377 1188 1414 ac
1214 1360 1284 1415 de
1305 1360 1469 1415 titulo
1494 1360 1568 1414 ad
1597 1360 1827 1414 titulum
1858 1360 2089 1414 transla-

459 1461 599 1522 tare,
619 1454 750 1509 licet
763 1455 831 1508 de
846 1453 1052 1508 minori
1070 1454 1140 1509 ad
1155 1455 1432 1525 majorem
1446 1453 1646 1508 urbem
1664 1453 1970 1508 mutandus
1987 1454 2082 1521 sit;

456 1549 565 1603 hoc
599 1553 791 1602 tamen
820 1563 1186 1619 summopere
1215 1547 1644 1618 praevidendum
1675 1553 1776 1614 est,
1819 1564 1890 1602 ne
1919 1564 2087 1602 causa

459 1642 800 1713 arrogantiae
826 1646 922 1696 aut
948 1642 1196 1696 avaritiae.
1217 1658 1474 1713 unquam
1495 1640 1614 1709 ﬁat,
1639 1642 1772 1712 quia
1799 1641 1859 1694 hi
1882 1659 1914 1694 a
1938 1659 2083 1712 prae-

459 1736 618 1790 dictis
646 1735 959 1790 canonibus
979 1735 1343 1802 damnantur,
1371 1751 1485 1789 non
1507 1735 1590 1788 illi
1613 1735 1710 1806 qui
1730 1735 2084 1802 necessitate,

458 1835 555 1884 aut
581 1829 824 1884 utilitate
840 1828 1125 1898 majorum
1148 1827 1384 1883 consilio
1408 1831 1465 1883 et
1480 1845 1617 1882 sana
1631 1845 1694 1882 ac
1715 1844 1879 1898 pura,
1900 1833 1956 1882 et
1971 1829 2087 1883 Deo

2183 613 2493 686 acceptum.
2527 615 2629 677 est,
2673 614 2730 663 et
2774 609 3113 664 memoriam
3157 610 3279 680 ejus
3315 626 3433 664 non
3469 610 3835 666 obliviscetur

2189 703 2655 774 Dominus.lBon0
2671 702 2861 757 animo
2893 703 3134 774 gloriam
3156 704 3331 758 redde
3348 705 3482 771 Deo,
3509 709 3565 758 et
3585 721 3705 759 non
3728 705 3833 758 mi-

2183 813 2328 852 nuas
2357 796 2634 867 prirﬂitias
2655 797 2889 867 frugum
2914 801 3168 852 tuarum.
3201 800 3263 851 In
3292 797 3450 852 omni
3473 798 3608 852 dato
3629 799 3721 852 fac
3745 798 3831 851 hi-

2185 892 2363 944 larem
2390 891 2609 944 vultum
2636 895 2820 960 tuum,
2850 895 2906 945 et
2935 890 2994 945 in
3017 892 3389 946 exsultatione
3411 892 3699 946 sanctiﬁca
3729 891 3829 945 de-

2186 984 2360 1038 cimas
2381 989 2522 1039 tuas.
2547 985 2629 1038 Da
2650 984 2959 1038 Altisssimo
2973 985 3286 1039 secundum
3302 986 3500 1039 datum
3520 986 3662 1056 ejus,
3687 990 3745 1040 et
3766 985 3827 1039 in

2186 1079 2348 1133 oculo
2397 1078 2544 1132 bono
2590 1077 3058 1133 adinventionem
3108 1079 3194 1132 fac
3245 1096 3521 1134 manuum
3564 1083 3822 1144 tuarum,

2186 1172 2455 1243 quoniam
2486 1173 2756 1226 Dominus
2786 1172 3106 1228 retribuens
3135 1177 3236 1241 est,
3270 1177 3327 1228 et
3355 1174 3563 1244 septies
3595 1177 3826 1228 tantum

2187 1265 2392 1320 reddet
2436 1265 2561 1320 tibi.
2611 1266 2734 1320 Noli
2775 1265 2976 1321 offerre
3011 1282 3256 1321 munera
3289 1283 3481 1337 prava,
3517 1284 3633 1321 non
3663 1268 3822 1321 enim

2188 1358 2457 1430 suscipiet
2482 1359 2598 1428 illa,
2624 1364 2679 1414 et
2704 1359 2821 1414 noli
2847 1360 3128 1430 inspicere
3153 1360 3494 1414 sacriﬁcium
3520 1361 3822 1431 injustum,

2187 1453 2458 1524 quoniam
2497 1453 2771 1508 Dominus
2789 1454 2970 1524 judex
3001 1458 3105 1520 est,
3136 1457 3192 1507 et
3220 1471 3335 1508 non
3363 1458 3449 1508 est
3476 1454 3628 1525 apud
3657 1455 3824 1508 illum

2187 1547 2368 1618 gloria
2397 1563 2676 1618 personae.
2706 1549 2830 1602 Non
2858 1547 3095 1619 accipiet
3126 1549 3402 1602 Dominus
3429 1565 3737 1618 personam
3765 1549 3826 1602 in

2189 1657 2456 1711 paupere,
2489 1647 2544 1695 et
2573 1642 2966 1712 precationem
2996 1641 3116 1696 laesi
3147 1641 3435 1697 exaudiet.
3477 1643 3599 1696 Non
3628 1643 3823 1713 despi-

2189 1734 2299 1788 ciet
2337 1751 2534 1805 preces
2571 1734 2769 1806 pupilli
2812 1752 2915 1788 nec
2961 1735 3212 1800 viduam,
3257 1735 3304 1788 si
3335 1735 3588 1790 effundat
3617 1736 3823 1807 loque-

2188 1828 2303 1881 lam
2341 1827 2608 1897 gemitus.
2654 1829 2853 1882 Nonne
2890 1829 3159 1899 lacrymae
3200 1829 3384 1883 vidum
3414 1829 3484 1883 ad
3520 1829 3824 1883 maxillam

461 1922 671 1993 placita
696 1921 1013 1976 intentione
1032 1922 1143 1976 hoc
1163 1921 1397 1976 faciunt.
1427 1923 1526 1989 Tu,
1549 1921 1724 1975 frater
1743 1938 1967 1992 semper
1996 1938 2081 1976 se-
2110 1899 2164 1971 Β
2189 1920 2561 1989 descendunt,
2609 1927 2665 1975 et
2699 1921 3032 1976 exclamatio
3069 1922 3192 1993 ejus
3242 1939 3410 1993 super
3435 1923 3826 1978 deducentem

461 2020 612 2072 ctare
645 2015 948 2087 justitiam,
991 2015 1278 2086 pietatem,
1336 2015 1531 2082 ﬁdem,
1587 2015 1942 2084 charitatem,
1985 2032 2086 2085 pa-

458 2110 714 2166 tientiam
769 2115 826 2164 et
879 2109 1397 2164 mansuetudinem.
1449 2109 1614 2164 Certa
1658 2108 1832 2162 etiam
1871 2109 2088 2163 bonum

457 2209 745 2259 certamen
788 2204 942 2272 ﬁdei,
997 2207 1055 2257 et
1095 2202 1460 2274 apprehende
1489 2202 1666 2257 vitam
1695 2207 1994 2272 aeternam,
2027 2203 2087 2257 in

457 2316 568 2369 qua
593 2302 824 2353 vocatus
853 2315 932 2365 es,
975 2297 1252 2369 quoniam
1279 2296 1510 2367 spiritus
1539 2296 1862 2351 timentium
1892 2297 2085 2350 Domi-

464 2409 600 2446 num
643 2391 920 2462 quaaritur
949 2391 1019 2446 ab
1051 2391 1169 2458 illo,
1208 2395 1264 2445 et
1305 2390 1363 2444 in
1396 2395 1654 2460 respectu
1680 2389 1832 2444 illius
1865 2390 2088 2445 benedi-

456 2486 622 2540 citur.
655 2486 790 2557 Spes
822 2486 975 2540 enim
1002 2485 1230 2538 illorum
1257 2485 1317 2538 in
1345 2484 1652 2538 salvantem
1679 2483 1822 2552 illos,
1865 2487 1921 2537 et
1941 2483 2087 2538 oculi

457 2579 683 2634 Domini
721 2580 779 2633 in
821 2579 1120 2650 diligentes
1150 2595 1228 2632 se.
1259 2577 1368 2642 Qui
1399 2577 1566 2632 timet
1591 2577 1916 2644 Dominum,
1943 2577 2085 2630 nihil

459 2673 784 2744 trepidabit,
833 2677 888 2728 et
930 2690 1046 2728 non
1087 2671 1333 2744 pavebit,
1376 2671 1648 2742 quoniam
1687 2671 1807 2741 ipse
1848 2676 1933 2725 est
1961 2688 2087 2742 spes

460 2769 602 2838 ejus.
630 2767 900 2821 Timentis
926 2766 1229 2822 Dominum
1253 2765 1421 2821 beata
1449 2768 1534 2818 est
1563 2764 1769 2819 anima.
1803 2765 1882 2818 Ad
1915 2781 2088 2835 quem

461 2861 705 2932 respicit,
743 2865 799 2915 et
841 2861 966 2932 quis
1006 2864 1091 2915 est
1130 2859 1407 2914 fortitudo
1449 2858 1615 2929 ejus?
1669 2858 1828 2912 Oculi
1862 2859 2089 2913 Domini

460 2971 632 3025 super
649 2954 917 3008 timentes
946 2970 1099 3020 eum,
1128 2955 1415 3024 protector
1439 2951 1728 3022 potentiae,
1757 2952 2085 3006 ﬁrmamen-
2145 2959 2158 2994 ι

461 3055 584 3103 tum
610 3047 853 3117 virtutis,
885 3052 1117 3118 tegmen
1147 3045 1386 3113 ardoris,
1416 3050 1473 3099 et
1502 3045 1894 3099 umbraculum
1923 3047 2089 3100 meri-

460 3143 716 3211 dianum,
773 3146 829 3197 et
870 3140 1192 3213 praedicatio
1245 3139 1594 3206 offensionis,
1641 3144 1697 3193 et
1740 3139 2084 3209 adjutorium

459 3253 638 3306 casus,
673 3235 921 3290 exaltans
949 3234 1226 3302 animam,
1259 3237 1320 3288 et.
1343 3233 1676 3288 illuminans
1703 3232 1918 3300 oculos,
1946 3233 2086 3288 dans
2108 3273 2162 3347 Ο

569 3331 599 3347 -.
650 3333 660 3347 .
824 3335 859 3347 γ.
1153 3333 1192 3347 _.
1227 3329 1326 3347 ιω
1382 3327 1679 3347 ,μμ-ω,
1738 3328 2085 3347 ιηῌηιωιμ

459 3331 782 3396 sanitatem,
811 3335 868 3385 et
905 3329 1103 3394 vitam,
1142 3333 1201 3382 et
1225 3327 1705 3383 benedictionem.
1737 3328 2088 3382 lmmolantis

459 3443 518 3479 ex
553 3424 748 3495 iniquo
775 3423 985 3478 oblatio
1015 3425 1101 3477 est
1125 3423 1427 3491 maculata,
1472 3426 1528 3476 et
1571 3438 1689 3476 non
1736 3426 1869 3476 sunt
1908 3421 2085 3476 bene-

461 3518 680 3590 placitze
719 3517 1188 3573 subsannationes
1222 3516 1589 3587 injustorum,
1641 3515 1909 3569 Dominus
1936 3515 2090 3569 solus

460 3612 867 3667 sustinentibus
906 3629 965 3666 se
1015 3611 1071 3665 in
1100 3611 1192 3665 via
1221 3609 1490 3677 veritatis,
1539 3614 1595 3663 et
1629 3609 1885 3680 justitiaa.
1935 3611 2090 3663 Dona

460 3707 638 3778 iniqui
668 3723 784 3761 non
810 3706 1016 3776 probat
1039 3705 1375 3771 Altissimus,
1419 3721 1522 3758 nec
1560 3704 1791 3773 respicit
1834 3703 1892 3757 in
1933 3703 2087 3756 obla-

463 3801 708 3855 tionibus
742 3800 1113 3870 injustorum,
1163 3814 1269 3852 nec
1299 3798 1356 3852 in
1383 3797 1752 3852 multitudine
1779 3797 2086 3851 sacriﬁcio-

415 3953 418 3958 _
460 3911 587 3948 rum
621 3909 820 3948 eorum
849 3891 1254 3963 propitiabitur
1280 3891 1542 3962 peccatis.
1578 3891 1686 3955 Qui
1715 3890 1880 3944 offert
1926 3891 2089 3945 sacri-

460 3987 655 4041 ﬁcium
696 4003 765 4041 ex
798 3986 1107 4040 substantia
1134 4000 1475 4054 pauperum,
1513 3983 1673 4054 quasi
1713 3984 1812 4054 qui
1835 3983 2090 4039 victimat

463 4081 646 4134 ﬁlium
673 4079 732 4133 in
761 4082 1065 4149 conspectu
1097 4077 1274 4149 patris
1302 4077 1407 4131 sui.
1453 4077 1614 4130 Panis
1655 4077 1946 4146 egentium
1979 4078 2090 4131 vita

462 4174 728 4245 pauperis
765 4177 868 4239 est,
910 4172 1007 4244 qui
1045 4172 1344 4226 defrauda't
1379 4169 1542 4224 illum
1581 4170 1754 4224 homo
1798 4171 2090 4240 sanguinis

463 4273 565 4324 est.
593 4268 697 4332 Qui
732 4267 917 4322 aufert
942 4268 1002 4321 in
1038 4265 1244 4321 sudore
1294 4280 1522 4336 panem,
1569 4268 1625 4319 et
1653 4263 1910 4319 sudantis
1940 4264 2090 4320 cibos

460 4363 618 4434 quasi
665 4361 762 4433 qui
809 4360 1013 4415 occidit
1067 4358 1392 4430 proximum
1449 4374 1634 4412 suum.
1699 4358 1802 4422 Qui
1856 4357 2092 4413 effundit

462 4456 798 4527 sanguinem
825 4461 881 4511 et
907 4456 1006 4526 qui
1035 4454 1169 4509 facit
1196 4453 1455 4508 fraudem
1488 4452 1860 4518 mercenario,
1891 4452 2091 4507 fratres

457 4555 588 4606 sunt
610 4568 621 4605 :
647 4567 795 4605 unus
807 4549 1110 4616 aediﬁcans,
1129 4551 1185 4602 et
1204 4564 1348 4602 unus
1361 4548 1659 4602 destruens
1681 4563 1692 4600 :
1715 4545 1847 4616 quid
1862 4547 2092 4617 prodest

2187 2016 2326 2069 eas?
2370 2019 2414 2068 A
2458 2015 2689 2070 maxilla
2727 2016 2881 2070 enim
2918 2016 3232 2071 ascendunt
3259 2033 3437 2087 usque
3476 2017 3549 2070 ad
3586 2017 3823 2083 caelum,

2189 2114 2244 2163 et
2272 2108 2544 2164 Dominus
2573 2110 2874 2164 exauditor
2917 2126 3030 2164 non
3059 2110 3432 2165 delectabitur
3457 2111 3515 2163 in
3547 2110 3677 2164 illis.
3711 2111 3824 2174 Qui

2189 2203 2392 2257 adorat
2420 2203 2744 2270 Dominum,
2775 2203 2832 2256 in
2859 2204 3141 2258 oblatione
3163 2203 3518 2274 suscipietur,
3545 2207 3602 2256 et
3624 2221 3828 2275 preca-

2186 2296 2267 2350 tio
2299 2296 2446 2350 illius
2471 2313 2649 2367 usque
2675 2297 2745 2351 ad
2766 2298 2947 2352 nubes
2966 2297 3401 2369 propinquabit.
3424 2297 3612 2352 Oratio
3635 2298 3826 2352 humi-

2187 2390 2376 2444 liantis
2413 2407 2469 2445 se
2511 2391 2691 2445 nubes
2718 2391 3057 2461 penetrabit,
3093 2392 3273 2446 donec
3304 2392 3670 2462 propinquet,
3702 2408 3825 2446 non

2187 2484 2592 2551 consolabitur,
2622 2489 2678 2538 et
2706 2501 2824 2539 non
2853 2485 3126 2552 discedet,
3156 2485 3332 2540 donec
3351 2485 3586 2555 aspiciat
3611 2484 3825 2540 Altissi~

2187 2594 2334 2645 mus,
2363 2583 2419 2631 et
2446 2579 2722 2633 Dominus
2750 2596 2864 2633 non
2893 2579 3216 2650 elongabit;
3252 2579 3822 2650 sedjudicabitinju-

2188 2677 2323 2740 stos,
2358 2676 2413 2727 et
2438 2673 2606 2726 faciet
2629 2672 2933 2743 judicium,
2968 2676 3025 2727 et
3061 2673 3403 2727 fortissimus
3434 2689 3552 2728 non
3584 2673 3826 2728 habebit

2188 2767 2246 2819 in
2273 2767 2379 2820 illis
2410 2767 2770 2837 patientiam,
2807 2770 2867 2819 ut
2892 2766 3238 2821 contribulet
3271 2766 3506 2821 dorsum
3544 2767 3823 2838 ipsorum,

2189 2863 2245 2913 et
2271 2859 2533 2930 gentibus
2553 2859 2752 2915 reddet
2773 2860 3101 2927 vindictam,
3133 2861 3310 2915 donec
3336 2861 3494 2915 tollat
3512 2861 3823 2931 plenitudi-

2187 2969 2322 3007 nem
2344 2955 2742 3024 superborum,
2771 2959 2827 3008 et
2843 2958 3063 3024 sceptra
3082 2953 3408 3025 iniquorum
3435 2954 3786 3009 contribulet
3811 2973 3824 3022 ;

2187 3047 2367 3102 donec
2398 3047 2601 3102 reddat
2630 3048 2894 3102 omnibus
2925 3047 3240 3102 secundum
3271 3052 3428 3102 actus
3457 3064 3605 3115 suos,
3645 3052 3702 3102 et
3733 3066 3824 3102 se-

2187 3141 2435 3195 cundum
2468 3158 2643 3211 opera
2673 3142 2827 3209 Adae,
2865 3145 2921 3196 et
2957 3141 3271 3196 secundum
3313 3142 3826 3213 praasumptionem

2189 3234 2363 3301 illius;
2395 3235 2577 3289 donec
2599 3235 2818 3306 judicet
2829 3235 3113 3306 judicium
3135 3235 3318 3306 plebis
3339 3251 3475 3302 sum,
3500 3238 3557 3289 et
3579 3235 3828 3290 oblecta-

2187 3328 2271 3383 bit
2305 3329 2488 3398 justos
2534 3329 2590 3382 in
2621 3329 3013 3383 misericordia
3049 3346 3148 3384 sua
3180 3330 3366 3399 (Eccl-1'.
3399 3345 3562 3398 xxxv,
3595 3331 3763 3400 8-25).
3797 3352 3822 3377 ››

2190 3423 2336 3476 Deus
2362 3427 2573 3490 autem,
2605 3424 2781 3478 frater
2801 3423 3151 3491 charissima,
3184 3424 3420 3495 impleat
3451 3424 3824 3495 desiderium,

2190 3521 2246 3570 et
2273 3516 2647 3571 ministerium
2676 3517 2777 3571 tibi
2805 3517 3073 3573 divinitus
3099 3519 3372 3573 collatum
3392 3518 3707 3573 secundum
3738 3519 3822 3572 di-

2188 3609 2349 3664 vitias
2377 3627 2502 3664 suas
2530 3611 2586 3664 in
2617 3611 2797 3682 gloria
2825 3611 2882 3666 in
2907 3613 3127 3667 Christo
3159 3613 3287 3666 Jesu
3317 3612 3560 3667 Domino
3590 3617 3818 3682 nostro,

2190 3704 2303 3757 Deo
2327 3707 2516 3758 autem
2544 3705 2692 3758 Patri
2724 3709 2916 3759 nostro
2939 3706 3121 3777 gloria
3150 3706 3209 3759 in
3233 3707 3438 3760 szecula
3457 3707 3821 3760 saeculorum.

2190 3800 2388 3850 Amen.
2409 3798 2546 3851 Data
2557 3797 2773 3867 xui,die
2786 3799 3362 3869 Augusti,indictione
3377 3799 3822 3870 quartadecima.

2188 3916 2316 3968 Item
2364 3915 2586 3983 epistola
2632 3915 2844 3984 Pelagii
2883 3931 3045 4042 pgplaf
3091 3916 3165 3970 ad
3219 3918 3492 3970 universos
3547 3918 3825 3987 episcopos

2961 4003 2993 4040 ιι
3021 4003 3104 4041 ιω.

2961 4003 3104 4041 anas.

2261 4077 2642 4132 Dilectissimis
2669 4083 2839 4148 atque
2871 4080 3213 4134 charissimis
3242 4080 3514 4134 fratribus
3543 4080 3824 4136 universis

2191 4171 2485 4242 episcopis,
2541 4175 2597 4225 et
2639 4171 2854 4226 cunctis
2899 4173 3220 4244 specialiter
3269 4190 3372 4244 per
3425 4174 3820 4245 Campaniam,

2191 4270 2246 4319 et
2293 4265 2461 4320 Italiae
2491 4265 2808 4336 provincias
2848 4266 3220 4322 militantibus
3262 4267 3504 4323 Domino
3550 4270 3823 4324 PELAGIUS

2191 4359 2450 4414 salutem.
3443 4431 3446 4436 _

2260 4452 2713 4507 Sollicitudinem
2752 4454 3008 4508 omnium
3055 4456 3429 4510 Ecclesiarum
3462 4456 3628 4525 juxta
3667 4459 3821 4528 Apo-

2190 4547 2394 4600 stolum
2455 4547 2917 4602 circumferentes
2980 4548 3184 4603 divinae
3250 4549 3395 4604 circa
3457 4567 3558 4604 nos
3620 4553 3825 4622 gratia“:

455 4645 534 4699 illi
576 4643 681 4698 nisi
719 4644 925 4698 labor?
964 4644 1069 4708 Qui
1108 4641 1423 4712 baptizatur
1476 4657 1510 4694 a
1538 4643 1761 4694 mortuo
1793 4642 1850 4693 et
1875 4640 2085 4694 iterum
2107 4646 2166 4718 D
2188 4656 2473 4694 memores
2499 4657 2618 4695 esse
2653 4641 2946 4706 debemus,
2991 4642 3144 4712 quod
3181 4659 3283 4697 nos
3323 4659 3425 4714 per
3471 4643 3823 4714 dignationis

457 4737 643 4808 tangit
671 4753 824 4804 eum,
856 4737 990 4808 quid
1019 4736 1242 4807 proﬁcit
1285 4734 1486 4789 lavatio
1514 4733 1735 4805 ipsius?
1777 4732 1868 4787 Sic
1911 4735 2086 4788 homo

459 4832 554 4902 qui
575 4831 798 4902 jejunat
831 4831 890 4885 in
932 4829 1174 4901 peccatis
1223 4829 1357 4896 suis,
1406 4834 1463 4882 et
1499 4827 1709 4882 iterum
1759 4827 1962 4881 eadem
2005 4829 2082 4881 fa-

459 4927 632 4994 ciens,
664 4925 799 4996 quid
827 4923 1054 4996 proﬁcit
1077 4921 1436 4977 humiliando
1460 4937 1518 4976 se
1537 4922 1564 4975 Τ
1594 4920 1916 4976 Orationem
1936 4921 2086 4975 illius

458 5020 583 5089 quis
631 5018 945 5074 exaudiet?
989 5017 1096 5082 Qui
1142 5021 1436 5071 conservat
1488 5016 1697 5085 legem,
1746 5015 2088 5085 multiplicat

458 5112 793 5167 orationem.
871 5111 1222 5167 Sacriﬁcium
1299 5110 1548 5164 salutare
1627 5113 1712 5163 est
1789 5110 2083 5164 attendere

457 5205 754 5274 mandatis,
783 5208 841 5261 et
865 5205 1151 5260 discedere
1172 5204 1242 5259 ab
1269 5203 1425 5259 omni
1453 5203 1771 5275 iniquitate,
1803 5207 1860 5256 et
1884 5203 2081 5274 propi-

456 5299 613 5354 tiatio
639 5299 800 5354 litare
827 5300 1162 5355 sacrificium
1198 5316 1369 5372 super
1411 5298 1769 5369 injustitiam,
1799 5301 1854 5352 et
1879 5297 2080 5367 depre-

450 5393 598 5448 catio
639 5410 740 5464 pro
776 5395 1020 5464 peccatis
1049 5394 1321 5449 recedere
1357 5392 1427 5447 ab
1479 5391 1771 5462 injustitia.
1807 5390 2085 5445 Retribuit

452 5472 696 5559 gratiam
721 5487 818 5559 qui
849 5487 1015 5542 offert
1047 5487 1452 5559 similaginem,
1481 5490 1538 5541 et
1565 5485 1662 5557 qui
1697 5485 1831 5540 facit
1857 5483 2078 5538 miseri-

450 5581 706 5636 cordiam
748 5581 912 5635 offert
956 5580 1313 5635 sacriﬁcium.
1361 5579 1790 5651 Beneplacitum
1835 5581 1919 5632 est
1967 5578 2080 5633 Deo

450 5675 714 5730 recedere
753 5675 825 5729 ab
865 5673 1189 5745 iniquitate,
1239 5677 1296 5730 et
1335 5672 1654 5745 deprecatio
1705 5672 1966 5727 recedere
2007 5672 2076 5726 ab

449 5767 744 5836 injustitia.
778 5769 904 5822 Non
933 5767 1229 5839 apparebis
1275 5772 1406 5821 ante
1443 5755 1806 5837 conspectum
1855 5765 1951 5820 Dei
1979 5782 2074 5820 va-

448 5875 586 5910 cuus
615 5876 626 5912 :
658 5859 783 5913 haec
812 5861 967 5915 enim
1000 5859 1191 5914 omnia
1229 5861 1465 5930 prepter
1491 5860 1824 5914 mandatum
1853 5859 2075 5912 Domini

446 5949 608 6002 fiunt.
647 5972 673 5998 «
704 5951 924 6006 Oblatio
945 5953 1082 6022 justi
1125 5952 1407 6022 impiguat
1440 5951 1635 6016 altare,
1681 5956 1736 6006 et
1776 5953 1916 6006 odor
1951 5968 2072 6005 sua-

2144 4741 2146 4743 ’
2189 4750 2304 4788 suae
2337 4734 2609 4788 Dominus
2648 4735 3102 4790 misericordiam
3141 4736 3211 4790 ad
3253 4738 3359 4791 hoc
3403 4738 3698 4808 fastigium
3742 4756 3824 4792 sa-

2185 4828 2466 4882 cerdotale
2497 4829 2770 4899 provexit,
2804 4832 2865 4882 ut
2885 4829 3168 4883 mandatis
3188 4830 3365 4902 ipsius
3387 4830 3734 4885 inhaarentes
3759 4833 3820 4885 in

2186 4921 2439 4993 quodam
2478 4923 2840 4977 sacerdotum
2881 4923 3000 4993 ejus
3038 4924 3267 4994 speculo
3301 4924 3591 4978 constituti
3619 4926 3818 4995 prohi-

2186 5016 2420 5070 beamus
2467 5016 2682 5083 illicita,
2715 5020 2769 5070 et
2787 5017 3077 5087 sequenda
3101 5018 3429 5074 doceamus.
3450 5019 3657 5072 Omnes
3679 5019 3819 5073 cha-

2189 5109 2419 5176 rissimi,
2449 5110 2547 5180 qui
2576 5110 2778 5164 volunt
2803 5111 2860 5164 in
2891 5109 3110 5165 Christo
3130 5112 3224 5181 pie
3247 5111 3454 5179 vivere,
3485 5129 3714 5167 necesse
3733 5117 3823 5167 est

2189 5207 2248 5256 ut
2275 5204 2344 5258 ab
2377 5203 2565 5274 impiis
2592 5207 2649 5257 et
2680 5202 3047 5258 dissimilibus
3077 5205 3363 5274 patiantur
3389 5206 3713 5276 opprobria,
3761 5213 3820 5261 et

2185 5297 2572 5367 despiciantur
2621 5301 2899 5368 tanquam
2954 5298 3130 5367 stulti,
3187 5301 3241 5352 et
3298 5298 3477 5352 insani
3529 5298 3626 5368 qui
3682 5299 3815 5353 ideo

2186 5390 2485 5461 praesentia
2511 5391 2655 5446 bona
2684 5390 2955 5462 perdunt,
2988 5397 3048 5446 ut
3076 5391 3405 5460 invisibilia,
3446 5409 3509 5446 ac
3536 5392 3642 5446 sibi
3679 5409 3812 5463 pro-

2182 5485 2372 5539 futura
2401 5485 2722 5556 acquirant.
2763 5484 2873 5540 Sed
2903 5484 3026 5539 haec
3065 5485 3370 5557 despectio,
3424 5489 3479 5540 et
3525 5485 3712 5540 irrisio
3754 5486 3813 5540 in

2180 5578 2334 5648 ipsos
2377 5578 2800 5648 retorquebitur
2840 5579 2978 5632 dum
3026 5584 3084 5633 et
3127 5579 3468 5634 abundantia
3509 5595 3706 5634 eorum
3752 5580 3811 5634 in

2181 5675 2509 5742 egestatem,
2553 5675 2610 5724 et
2656 5671 2921 5742 superbia
2970 5689 3167 5727 eorum
3209 5672 3556 5727 transierunt
3585 5673 3644 5726 in
3673 5690 3810 5727 con-

2179 5765 2482 5819 fusionem.
2513 5767 2668 5819 .lusto
2700 5765 2855 5819 enim
2889 5766 3104 5836 judicio
3142 5767 3306 5821 datur
3336 5767 3676 5838 plerumque
3708 5784 3810 5838 po-

2178 5864 2348 5913 testas
2374 5859 2780 5929 peccatoribus,
2825 5877 2935 5931 qua
2965 5865 3188 5915 sanctos
3214 5861 3336 5931 ejus
3362 5865 3808 5948 persequantur,

2179 5959 2238 6005 ut
2282 5954 2378 6022 qui
2427 5951 2635 6022 Spiritu
2691 5952 2790 6007 Dei
2832 5954 3106 6023 juvantur
3150 5960 3202 6008 et
3241 5957 3507 6025 aguntur,
3538 5955 3681 6009 ﬁant
3708 5972 3810 6028 per
