4040 6310
189 404 314 455 1101

1422 396 1894 452 ΒΕΟΒΕΊᾺΙΛΙΙΜ
1933 398 2318 452 COLLECTIO.

3411 401 3544 454 1102

184 509 446 563 laborum
493 507 762 563 exercitia
813 507 1095 561 clariores.
1128 508 1193 562 Et
1220 523 1566 578 quanquam,
1594 507 1813 573 fratres,
1839 506 2128 590 Ajuvare,
2157 505 2626 577 peregrinantem
2653 505 2925 561 reducere
2955 509 3084 577 post
3115 506 3430 574 intervalla,
3463 509 3550 562 est

183 605 262 656 ita
293 603 419 658 haec
455 619 513 658 se
545 602 812 671 habeant,
853 618 969 656 non
1009 605 1198 656 tamen
1239 604 1372 655 sunt
1401 600 1815 670 consentiendi,

182 697 284 752 sed
311 696 682 768 reprobandi,
706 696 805 767 qui
824 696 1084 767 praelatos
1105 711 1236 750 suos
1258 697 1345 750 vel
1367 695 1816 767 reprehendunt,

182 793 270 849 vel
326 797 639 861 accusant;
689 791 842 846 unde
891 789 1166 844 canonica
1214 795 1538 845 sanctorum
1590 792 1818 844 Patrum

183 891 418 957 statuta,
449 903 521 944 ne
558 885 839 941 columnas
878 889 1086 940 sancta:
1118 883 1375 939 Ecclesia:
1418 883 1698 952 vacillent,
1739 900 1822 938 se-

182 985 446 1053 quentes,
499 996 563 1034 ac
606 979 940 1034 roborantes
969 994 1166 1033 omnes
1205 977 1448 1032 infames
1474 981 1821 1047 cunctosque

186 1080 479 1146 suspectos
503 1074 591 1130 vel
617 1072 893 1140 inimicos,
942 1076 999 1127 et
1029 1089 1124 1126 eos
1169 1071 1267 1143 qui
1307 1088 1420 1126 non
1458 1075 1589 1124 sunt
1618 1085 1821 1126 eorum

187 1169 396 1240 gentis,
427 1170 516 1223 vel
555 1183 802 1240 quorum
830 1167 991 1236 fides,
1025 1167 1155 1234 vita,
1183 1170 1239 1220 et
1280 1165 1512 1220 libertas
1550 1163 1818 1232 nescitur,

185 1269 240 1318 et
267 1263 366 1335 qui
393 1279 512 1317 non
551 1265 682 1316 sunt
720 1261 887 1315 bonae
937 1259 1398 1327 conversationis,
1443 1260 1529 1314 vel
1573 1274 1817 1330 quorum

185 1357 298 1412 vita
326 1358 413 1411 est
437 1355 763 1410 accusabilis
800 1355 870 1409 ab
914 1354 1069 1408 omni
1115 1354 1474 1409 accusatione
1519 1352 1817 1424 episcopo-

189 1468 314 1505 rum
341 1449 600 1505 funditus
621 1449 1042 1503 submovemus.
1067 1447 1345 1503 Similiter
1364 1451 1420 1502 et
1448 1463 1650 1501 omnes
1676 1463 1820 1518 quos

188 1545 396 1599 divina:
421 1544 576 1615 leges
617 1547 871 1598 mortuos
915 1542 1222 1613 appellant,
1252 1540 1675 1596 submovendos
1699 1555 1820 1595 esse

187 1638 257 1692 ab
285 1637 489 1692 eadem
517 1636 894 1702 accusatione,
937 1639 995 1689 et
1035 1635 1275 1706 publica:
1303 1634 1656 1705 poenitentiae
1683 1633 1820 1688 sub-

189 1731 495 1786 mittendos
528 1730 887 1800 judicamus;
919 1745 1103 1800 neque
1133 1728 1269 1782 dum
1299 1728 1558 1783 Ecclesia:
1585 1727 1821 1797 alicujus

187 1826 460 1898 episcopi,
508 1829 606 1878 aut
654 1823 1052 1894 possessiones,
1081 1824 1167 1877 vel
1193 1839 1285 1876 res
1316 1822 1386 1876 ab
1427 1821 1647 1875 mmulis
1674 1821 1818 1892 ejus,

1911 600 2151 671 justitia.
2178 599 2340 654 Libat
2371 599 2526 654 enim
2553 599 2790 654 Domino
2815 616 3088 671 prospera
3105 600 3203 672 qui
3229 601 3298 655 ab
3324 601 3547 657 afﬂictis

1919 693 2079 766 pellit
2102 694 2350 748 adversa.
2383 693 2654 763 Statutus,
2689 693 2996 748 venerandi
3019 695 3304 765 praasules,
3328 696 3547 750 sudoris

1918 789 2136 843 fructus
2151 790 2234 843 est
2240 787 2456 859 judicio
2475 787 2799 842 reddendus
2813 787 3131 858 purissime,
3152 788 3282 843 utin
3304 793 3548 861 utroque

1920 898 2207 953 congruus
2233 882 2388 936 nitor
2409 897 2516 936 nec
2544 880 2949 952 suscipientem
2973 881 3321 950 devenustet,
3343 883 3388 937 si
3403 883 3548 938 indi-

1923 993 2039 1048 gna
2072 975 2406 1031 auctoritate
2453 975 2798 1047 pervenerit,
2827 991 2930 1031 nec
2965 976 3010 1030 si
3053 976 3400 1044 conferatur,
3445 977 3548 1032 im-

1924 1076 2128 1130 merito
2170 1075 2417 1130 maculet
2466 1073 2829 1146 largientem.
2878 1074 2962 1130 Sit
3007 1091 3235 1146 semper
3278 1076 3547 1131 adversus

1920 1186 2126 1242 pravos
2159 1172 2215 1224 et
2248 1169 2454 1241 impios
2499 1172 2670 1240 atque
2711 1185 2999 1224 servorum
3031 1169 3128 1224 Dei
3165 1175 3550 1241 persecutores

1921 1264 2096 1319 libera
2121 1280 2246 1332 vox,
2280 1265 2337 1317 et
2353 1262 2478 1332 .oris
2506 1262 2696 1333 gladio
2722 1263 2999 1318 feriantur
3027 1267 3082 1317 et
3110 1264 3548 1334 redarguantur,

1919 1362 2338 1430 persequantur
2357 1359 2414 1411 et
2438 1357 2810 1428 repellantur,
2839 1357 3266 1412 confundantur
3293 1361 3350 1413 et
3384 1375 3546 1414 aver-

1919 1456 2138 1518 tantur,
2185 1467 2289 1505 nec
2343 1451 2585 1505 laedendi
2639 1450 2730 1521 pie
2784 1450 3030 1505 viventes
3075 1451 3256 1506 ullam
3305 1452 3552 1508 habeant

1918 1545 2265 1600 facultatem.
2315 1545 2660 1615 Plerumque
2708 1544 2971 1616 periculis
3023 1546 3192 1615 plena
3237 1550 3371 1600 sunt
3421 1563 3550 1617 qua:

1921 1640 2187 1695 videntur
2205 1655 2325 1693 esse
2347 1637 2657 1707 tutissima;
2681 1637 2865 1692 videte
2881 1638 3107 1709 quantis
3132 1639 3394 1694 laborent
3413 1642 3551 1694 tales

1919 1733 2166 1802 insidiis;
2214 1733 2341 1787 ideo
2372 1731 2768 1786 absconditum
2811 1748 2932 1786 esse
2959 1748 3076 1786 non
3101 1733 3254 1803 licet,
3282 1735 3436 1805 quod
3462 1735 3554 1790 ad-

1925 1827 2133 1882 dimus.
2173 1828 2301 1881 Jam
2345 1825 2556 1880 latebat
2599 1828 2790 1880 nostra
2835 1827 3153 1896 persecutio
3202 1827 3550 1898 manifesta;

185 1921 272 1974 vel
301 1936 333 1972 a
361 1918 790 1990 quibuscunque
817 1916 940 1970 aliis
963 1933 1080 1969 non
1109 1932 1208 1969 sua
1239 1918 1438 1986 sponte
1466 1914 1820 1982 detinentur,
1829 1889 1900 2010 β
1922 1920 2317 1976 misericordia
2358 1923 2443 1973 est
2482 1919 2628 1973 circa
2671 1921 3061 1989 persecutores
3110 1925 3166 1975 et
3211 1921 3555 1976 facinorosos

186 2013 398 2084 aliquid
424 2012 505 2066 illi
536 2011 722 2079 debet,
751 2014 848 2064 aut
894 2015 1082 2082 potest
1106 2026 1137 2063 a
1169 2026 1461 2080 quoquam
1504 2012 1636 2064 ante
1666 2008 1830 2062 rein-‘

189 2107 568 2178 tegrationem
607 2105 864 2161 omnium
916 2120 1107 2158 rerum
1150 2119 1383 2158 suarum
1423 2102 1688 2174 objicere,
1724 2102 1823 2157 sed

187 2201 344 2273 prius
370 2200 450 2254 illi
479 2200 701 2271 legibus
728 2198 1133 2268 reintegranda
1160 2201 1287 2252 sunt
1318 2197 1526 2265 omnia,
1558 2200 1612 2251 et
1627 2201 1824 2268 postea

186 2301 443 2366 tempore
476 2311 507 2348 a
551 2293 805 2348 Patribus
848 2291 1130 2363 praeﬁnito
1177 2295 1311 2346 sunt
1351 2291 1582 2362 negotia
1635 2290 1821 2345 venti-

185 2388 351 2442 landa
382 2405 396 2442 :
427 2388 713 2443 refutandi
741 2392 870 2441 sunt
899 2386 1074 2440 etiam
1118 2389 1392 2457 raptores,
1434 2385 1607 2452 fures,
1649 2383 1820 2438 sacri-

184 2485 321 2555 legi,
363 2483 628 2550 adulteri,
678 2488 734 2537 et
775 2482 977 2536 horum
1019 2480 1266 2548 similes;
1316 2479 1689 2534 manifestum
1737 2481 1824 2533 est

184 2579 338 2633 enim
384 2577 537 2648 quod
580 2593 808 2648 semper
851 2577 989 2630 tales
1034 2574 1216 2645 magis
1262 2574 1607 2628 discordiam
1647 2589 1820 2644 quam

185 2689 385 2745 pacem
439 2674 742 2726 sectantur.
793 2669 989 2724 Nullus
1039 2686 1264 2740 quoque
1321 2667 1636 2722 monachus
1687 2666 1822 2721 talia

184 2783 442 2838 unquam
493 2764 747 2835 arripiat,
789 2781 894 2818 nec
940 2762 1247 2828 saecularia,
1302 2764 1401 2816 aut
1449 2759 1822 2816 ecclesiastica

187 2861 415 2931 negotia
459 2859 791 2930 perturbare
832 2860 1156 2929 praesumat,
1205 2857 1338 2928 quia
1382 2859 1613 2910 mortua
1643 2854 1700 2908 in
1733 2857 1818 2908 ta-

185 2955 332 3009 libus
358 2971 464 3008 vox
491 2957 575 3008 est
599 2969 799 3007 eorum
822 2969 838 3021 ;
866 2951 1192 3006 immobiles
1223 2949 1376 3004 enim
1404 2949 1672 3006 Dominus
1691 2964 1822 3002 suos

185 3065 444 3103 summos
472 3063 699 3118 semper
731 3046 848 3100 vult
882 3061 1116 3100 manere
1161 3044 1586 3116 praadicatores,
1615 3046 1673 3097 et
1701 3058 1820 3098 non

185 3164 216 3198 a
256 3142 593 3214 quibusdam
619 3141 908 3208 temerari,
938 3140 1033 3195 sed
1062 3139 1164 3193 sibi
1206 3138 1380 3193 libere
1420 3143 1476 3193 et
1513 3137 1703 3209 quiete
1745 3137 1820 3192 fa-

1921 2020 2141 2069 servata
2189 2013 2486 2068 districtio.
2544 2015 2692 2084 Ergo
2743 2013 2928 2083 sopori
2982 2013 3234 2085 quietem
3284 2015 3552 2081 tribuite,

1922 2108 2235 2163 cmlestium
2259 2107 2662 2162 mandatorum
2681 2107 2904 2161 hostem
2926 2124 3150 2179 quoque
3177 2108 3464 2179 depellite,
3483 2126 3556 2163 ne

1921 2201 2162 2257 candida
2208 2200 2562 2256 conversatio
2612 2200 2906 2255 vobiscum
2961 2201 3344 2256 habitantium
3399 2202 3554 2256 fusca

1923 2294 2376 2366 supervenientis
2405 2294 2741 2365 contagione
2769 2293 3032 2349 violetur.
3057 2298 3200 2350 Ante
3226 2296 3401 2363 enim,
3431 2313 3556 2367 pro-

1921 2389 2163 2444 videnda
2223 2393 2359 2443 sunt
2421 2388 2676 2442 remedia
2737 2405 2906 2459 quam
2972 2390 3204 2444 morbus
3257 2391 3554 2458 increscat,

1923 2488 2249 2538 sanctorum
2307 2498 2536 2558 quoque
2599 2483 3009 2554 apostolorum,
3080 2489 3136 2538 et
3200 2483 3556 2555 reliquorum

1920 2577 2277 2632 sacerdotum
2333 2580 2600 2648 petamus
2654 2575 2991 2645 exercitum,
3047 2581 3104 2631 et
3153 2577 3556 2648 praedictorum

1922 2673 2346 2742 persecutorum
2391 2685 2491 2723 ora
2535 2669 2887 2724 claudamus.
2946 2671 3147 2726 Saaculi
3206 2675 3558 2730 conversatio

1921 2766 2117 2836 legum
2165 2768 2324 2818 metu
2379 2763 2681 2832 retinetur,
2736 2763 3116 2818 ecclesiastica
3170 2781 3400 2838 quoque
3453 2783 3553 2822 cu-

1920 2858 2100 2913 stodia
2142 2858 2474 2928 regularum
2523 2857 2698 2912 frenis
2730 2861 2987 2912 servatur
3027 2862 3083 2912 et
3121 2859 3356 2929 regitur.
3389 2861 3554 2930 Deus,

1919 2951 2259 3020 charissimi,
2316 2967 2543 3022 semper
2599 2951 2793 3022 procul
2848 2955 3068 3006 avertat
3123 2952 3414 3009 invidiam.
3453 2957 3556 3010 Vos

1921 3062 2058 3117 ergo
2085 3045 2415 3114 armamini,
2453 3045 2614 3116 juxta
2659 3046 3017 3117 Apostolum,
3069 3045 3258 3116 gladio
3303 3047 3552 3118 spiritus,

1921 3139 2076 3211 quod
2102 3144 2185 3195 est
2210 3139 2446 3194 verbum
2487 3138 2604 3205 Dei,
2632 3143 2689 3194 et
2713 3139 3034 3210 apostolicae
3060 3141 3408 3196 auctoritatis
3438 3143 3554 3213 cly-

186 3236 412 3306 mulari,
447 3235 596 3290 unde
641 3238 696 3288 et
731 3234 851 3305 ipse
895 3234 974 3287 ait
1003 3250 1015 3288 :
1057 3256 1082 3281 ‹‹
1111 3234 1214 3297 Qui
1257 3249 1352 3287 vos
1392 3232 1598 3302 tangit,
1639 3231 1821 3302 tangit
1840 3261 1894 3336 Ο
1919 3250 2050 3304 peo,
2082 3237 2148 3288 ut
2172 3232 2557 3288 ecclesiasticae
2583 3231 2946 3288 fecunditatis
2966 3233 3099 3304 jura
3124 3234 3278 3288 nulla
3315 3235 3553 3290 saevien-

187 3331 463 3402 pupillam
504 3328 651 3382 oculi
695 3328 808 3382 mei
848 3328 1024 3398 (Zach.
1067 3344 1126 3394 ιι,
1155 3328 1226 3396 8).
1259 3347 1284 3375 ››
1334 3327 1400 3379 Et
1431 3325 1524 3396 qui
1561 3341 1657 3380 vos
1685 3340 1816 3378 con-

187 3425 396 3490 tristat,
429 3439 520 3478 me
548 3422 856 3476 contristat.
891 3424 957 3476 Et
997 3421 1094 3492 qui
1135 3419 1333 3475 fecerit
1361 3420 1654 3490 injuriam,
1683 3419 1822 3473 reci-

187 3519 303 3590 piet
340 3518 494 3588 quod
534 3517 725 3588 inique
752 3516 943 3588 gessit.
975 3518 1042 3571 Et
1065 3515 1199 3569 alibi
1231 3531 1244 3569 :
1281 3536 1308 3562 ‹‹
1341 3513 1445 3578 Qui
1473 3530 1569 3567 vos
1595 3513 1816 3583 recipit,

189 3630 282 3668 me
307 3611 540 3683 recipit;
588 3616 643 3665 et
684 3610 779 3681 qui
819 3626 914 3664 vos
942 3610 1176 3680 spernit,
1215 3625 1303 3663 me
1339 3608 1557 3679 spernit
1603 3607 1814 3676 (Matth.

189 3725 239 3774 ι,
268 3707 376 3776 40);
409 3727 436 3754 ››
475 3705 552 3759 ita
581 3721 806 3776 quoque
852 3708 908 3763 et
953 3721 986 3757 a
1030 3703 1307 3774 plebibus,
1341 3703 1428 3756 vel
1467 3702 1685 3756 caeteris
1729 3717 1820 3771 ge-

185 3799 456 3856 neraliter
485 3799 748 3853 omnibus
792 3803 924 3852 sunt
965 3797 1224 3863 timendi,
1264 3801 1319 3850 et
1343 3796 1605 3865 feriendi,
1651 3801 1819 3867 atque

185 3893 491 3949 venerandi
540 3895 809 3964 pastores,
875 3895 932 3946 et
983 3891 1378 3961 praedicatores
1429 3889 1708 3957 Ecclesiae,
1760 3892 1822 3945 ut

186 3988 290 4044 sub
363 3987 764 4042 exercitatione
832 3987 994 4040 bona;
1064 3985 1371 4040 voluntatis
1438 3984 1822 4040 sustineantur

189 4082 538 4154 temporalia,
584 4084 887 4152 sperentur
924 4085 1155 4134 aeterna.
1204 4082 1389 4150 Auget
1427 4079 1579 4133 enim
1619 4079 1822 4133 merita

187 4176 412 4230 virtutis
454 4176 552 4246 qui
594 4175 953 4246 propositum
998 4190 1110 4226 non
1153 4172 1344 4240 violat,
1371 4173 1464 4227 sed
1493 4176 1663 4242 auget
1688 4172 1819 4226 reli-

188 4269 393 4342 gionis.
422 4269 675 4325 Charitas
717 4284 848 4322 vero
893 4283 1118 4338 semper
1148 4265 1436 4319 hominem
1483 4265 1724 4319 invocat.
1755 4265 1824 4319 Et

188 4365 332 4418 sicut
385 4362 708 4434 malignitas
769 4366 984 4416 veteres
1038 4360 1114 4414 ita
1164 4358 1388 4413 dilectio
1445 4374 1617 4411 novos
1665 4357 1819 4425 facit,

190 4458 331 4512 fides
357 4473 553 4512 eorum
589 4457 686 4528 qui
728 4458 901 4510 Deum
945 4454 1119 4508 visuri
1150 4457 1298 4521 sunt,
1328 4451 1480 4524 quod
1508 4467 1620 4504 non
1649 4450 1818 4520 videt,

188 4551 384 4606 credit.
418 4553 558 4605 Nam
603 4550 649 4604 si
692 4550 860 4616 videt,
895 4566 1006 4604 non
1054 4552 1137 4603 est
1185 4547 1343 4601 ﬁdes.
1375 4544 1635 4602 Credenti
1663 4544 1821 4599 colli-

1921 3329 1990 3382 tis
2016 3327 2282 3398 procellae
2311 3325 2526 3396 possint
2553 3325 2895 3396 impulsione
2920 3326 3202 3396 subverti;
3236 3329 3408 3382 nolite
3437 3329 3553 3383 ullo

1920 3437 2176 3493 unquam
2220 3419 2552 3490 praajudicio
2584 3435 2819 3490 gravare
2851 3436 3224 3491 quemquam,
3253 3421 3348 3476 sed
3375 3421 3552 3493 inspi-

1920 3515 2027 3570 cite
2076 3529 2305 3584 semper
2347 3530 2472 3584 quaz
2517 3513 2843 3583 regularum
2889 3513 3212 3569 testimonio
3265 3515 3553 3570 declaran-

1918 3614 2031 3664 tur.
2058 3608 2328 3678 Superest
2371 3607 2548 3661 salute
2582 3607 2850 3678 praelata,
2879 3611 2944 3662 ut
2967 3608 3036 3662 ad
3069 3608 3277 3679 gaudia
3303 3626 3553 3681 semper,

1919 3703 2114 3770 frater,
2145 3701 2345 3755 devote
2376 3701 2714 3772 properetis,
2743 3701 2879 3771 quia
2905 3701 3091 3756 divina
3121 3701 3399 3758 beneﬁcia
3425 3720 3552 3774 gra-

1921 3796 2086 3851 dibus
2111 3811 2259 3866 saepe
2285 3794 2583 3861 accedunt,
2615 3799 2672 3849 et
2702 3794 2910 3866 quibus
2935 3795 3088 3850 bona
3111 3797 3413 3852 conferunt
3440 3814 3558 3852 me-

1919 3891 2060 3945 liora
2089 3888 2464 3960 pollicentur;
2492 3903 2722 3960 semper
2753 3888 2908 3943 enim
2936 3889 3311 3945 incrementis
3335 3892 3408 3946 ad
3435 3893 3555 3946 cul-

1920 4001 2056 4039 men
2094 3982 2443 4052 ascenditur,
2487 3981 2581 4037 ubi
2628 3999 2910 4054 supernus
2952 3984 3111 4038 favor
3140 3987 3372 4056 praestat
3402 4003 3560 4040 exor-

1921 4078 2100 4133 dium.
2120 4077 2268 4131 Deus
2285 4077 2647 4148 omnipotens
2662 4076 2884 4131 indulta
2906 4093 3131 4149 semper
3151 4078 3444 4145 custodiat,
3466 4097 3562 4135 au-

1924 4175 2168 4242 geatque
2183 4170 2535 4225 successibus
2547 4170 2978 4242 profutura.0m
2987 4172 3079 4225 nia
3091 4171 3249 4226 vobis
3263 4189 3490 4244 semper
3501 4175 3515 4227 i
3526 4192 3559 4228 n

1921 4265 2194 4318 charitate
2216 4265 2451 4332 tiant,et
2477 4263 2842 4318 detrahentes
2869 4264 3044 4319 nolite
3071 4265 3384 4332 detrahere,
3415 4283 3558 4337 quo-

1923 4357 2076 4410 niam
2097 4357 2527 4411 detrahentibus
2543 4356 2841 4411 detrahere
2853 4373 2967 4411 non
2984 4361 3068 4411 est
3081 4357 3393 4423 bonum,ne
3406 4360 3474 4413 ad
3497 4377 3564 4416 ca

1922 4467 2050 4522 quae
2067 4449 2274 4521 scripta
2295 4454 2428 4504 sunt
2446 4450 2720 4505 commoti
2741 4450 2974 4505 minime
3011 4453 3302 4506 certamen
3327 4453 3560 4508 faciant.

1923 4542 2136 4616 274.
2167 4543 2290 4597 Non
2315 4543 2591 4598 debemus
2611 4543 2817 4598 timere
2839 4544 3215 4615 opprobrium
3233 4545 3560 4613 hominum,

188 4645 344 4716 gitur
385 4644 680 4712 meritum,
726 4643 937 4698 videnti
988 4642 1242 4697 redditur
1290 4639 1612 4712 praemium.
1671 4631 2110 4710 Tuncheque
2155 4653 2357 4691 eorum
2396 4637 2934 4709 exprobrationibus
2959 4638 3126 4707 vinci,
3158 4639 3424 4710 quoniam
3455 4641 3563 4695 hoc

190 4737 502 4810 pretiosum
549 4738 794 4807 pastoris
843 4737 1107 4791 diadema
1150 4738 1254 4800 est,
1302 4733 1528 4805 quando
1581 4732 1825 4787 suasioni

191 4833 316 4903 ejus
342 4848 478 4902 grex
493 4831 902 4885 ecclesiasticus
923 4831 1059 4885 dum
1080 4830 1148 4884 ad
1171 4829 1514 4900 probitatem
1545 4827 1824 4897 graditur,

191 4943 305 4981 non
338 4930 638 4996 repugnat,
685 4925 777 4980 ille
819 4925 938 4979 sine
979 4925 1108 4978 fuco
1144 4923 1507 4988 monitorem,
1539 4925 1595 4976 et
1628 4921 1828 4976 feriato

194 5037 292 5074 ore
352 5019 568 5090 diligit,
627 5021 726 5091 qui
778 5020 898 5090 ejus
949 5019 1205 5074 instituta
1257 5019 1520 5071 sectatur.
1570 5016 1833 5070 Praebent

193 5113 520 5168 hominibus
559 5119 779 5169 natura:
827 5112 1269 5180 institutionem,
1301 5117 1357 5165 et
1400 5114 1557 5164 muta
1591 5126 1830 5180 respon-

195 5224 356 5274 sum;
392 5207 540 5262 redit
565 5208 634 5262 ad
680 5207 948 5262 mortales
992 5205 1313 5260 vicissitudo
1340 5205 1597 5257 clamosae
1633 5201 1834 5257 sollici-

196 5301 431 5370 tudinis,
477 5301 612 5372 quia
652 5301 1046 5372 unusquisque
1086 5303 1257 5370 prout
1286 5297 1546 5369 gesserit,
1574 5296 1833 5366 recipiet.

198 5396 336 5449 Nam
385 5395 536 5466 perit
577 5397 728 5467 quod
776 5395 989 5467 linguas
1033 5396 1392 5464 acceperunt,
1423 5390 1634 5444 frustra
1665 5390 1837 5444 bene-

199 5488 391 5543 ficium
433 5489 542 5543 nisi
582 5489 844 5560 legitime
888 5490 1135 5558 emptum
1189 5486 1362 5541 fuerit
1410 5483 1727 5555 negotium,
1782 5487 1838 5537 et

200 5582 471 5637 canonice
500 5587 822 5654 peractum.
869 5584 946 5637 De
987 5580 1196 5636 ﬁducia
1243 5580 1397 5634 enim
1442 5576 1692 5650 partium
1730 5592 1835 5631 no-

202 5682 450 5732 strarum
481 5677 748 5743 mittitur,
785 5676 936 5748 quod
975 5673 1283 5746 apostolica
1325 5672 1563 5728 mandat
1591 5669 1837 5725 auctori-

205 5774 306 5838 tas,
336 5786 436 5824 vos
461 5770 858 5825 tantummodo
901 5767 1170 5841 praesules
1220 5766 1428 5823 Christi
1476 5763 1707 5835 benigni
1754 5780 1842 5817 ve-

206 5869 316 5916 stra
355 5864 511 5918 salva
547 5864 770 5920 aurium
798 5864 1242 5933 animorumque
1286 5861 1574 5931 aequitate,
1609 5863 1665 5913 et
1693 5857 1841 5912 bona

210 5958 498 6013 voluntate
529 5975 755 6031 semper
786 5961 1070 6030 praestare.
1111 5957 1254 6012 Nam
1299 5954 1570 6009 adversus
1600 5951 1844 6027 impetus

1926 4732 2086 4787 nobis
2106 4731 2378 4786 Dominus
2391 4731 2557 4801 jubet
2575 4747 2678 4802 per
2698 4732 2895 4786 Isaiam
2917 4733 3256 4804 prophetam
3277 4751 3290 4787 :
3311 4753 3338 4785 «
3361 4733 3566 4788 Audite

1926 4843 2038 4896 me,
2062 4825 2161 4897 qui
2180 4824 2330 4879 scitis
2345 4825 2651 4896 judicium;
2669 4826 2915 4898 populus
2931 4843 3095 4881 meus
3111 4827 3168 4881 in
3189 4843 3431 4899 quorum
3448 4845 3568 4882 cor-

1929 4920 2090 4975 dibus
2101 4921 2193 4973 lex
2206 4935 2329 4973 mea
2345 4917 2626 4986 est,nolite
2641 4919 2846 4975 timere
2860 4920 3233 4992 opprobrium
3248 4921 3567 4989 hominum,

1930 5018 1987 5070 et
2005 5012 2387 5085 blasphemias
2407 5028 2605 5068 eorum
2626 5029 2697 5068 ne
2722 5013 2974 5068 timeatis
2997 5014 3120 5084 (Isa.
3140 5031 3210 5081 LI,
3227 4999 3360 5085 7);§»
3382 5015 3566 5070 consi-

1932 5109 2197 5164 derantes
2221 5107 2377 5178 quod
2396 5107 2454 5160 in
2477 5107 2696 5178 psalmo
2729 5108 3004 5178 scriptum
3022 5112 3138 5163 est:
3161 5130 3188 5156 ‹‹
3207 5109 3405 5165 Nonne
3423 5111 3572 5165 Deus

1934 5203 2188 5274 requiret
2207 5201 2335 5256 ista.
2360 5202 2482 5272 Ipse
2502 5201 2655 5255 enim
2679 5201 2836 5256 novit
2862 5203 3079 5256 occulta
3106 5202 3314 5274 cordis,
3337 5207 3394 5259 et
3415 5206 3570 5276 cogi-

1934 5297 2176 5352 tationes
2194 5295 2399 5351 talium
2422 5295 2745 5364 hominum,
2766 5295 3039 5366 quoniam
3058 5313 3220 5352 vanae
3252 5303 3403 5367 sunt,
3426 5316 3574 5354 vana

1939 5395 2131 5446 autem
2151 5390 2373 5446 locutus
2397 5392 2484 5444 est
2510 5388 2896 5461 unusquisque
2933 5389 3006 5445 ad
3033 5390 3359 5461 proximum
3382 5409 3571 5461 suum,

1939 5484 2088 5538 labia
2109 5484 2302 5539 dolosa
2327 5483 2386 5538 in
2412 5483 2600 5553 corde,
2621 5488 2676 5538 et
2698 5483 2865 5538 corde
2895 5483 3071 5539 locuti
3101 5490 3234 5540 sunt
3266 5486 3432 5540 mala.
3463 5487 3575 5541 Sed

1940 5577 2232 5648 disperdat
2248 5577 2520 5633 Dominus
2543 5577 2804 5632 universa
2825 5576 2976 5632 labia
2997 5577 3211 5649 dolosa,
3241 5581 3298 5633 et
3318 5579 3576 5650 linguam

1941 5670 2231 5742 magniloq
2239 5671 2494 5736 uam.Qui
2509 5670 3078 5742 dixeruntzLinguam
3094 5675 3346 5726 nostram
3360 5673 3579 5743 magni-
3613 5687 3623 5720 κ

1940 5763 2256 5829 ﬁcabimus,
2281 5765 2430 5820 labia
2453 5770 2694 5822 nostrae
2714 5764 2875 5821 nobis
2901 5769 3052 5834 sunt,
3089 5765 3217 5836 quis
3242 5771 3438 5821 noster
3469 5767 3574 5820 Do-
3605 5757 3608 5762 ’

1943 5854 2132 5910 minus
2178 5857 2305 5910 est?
2350 5857 2512 5924 (Psal.
2557 5875 2707 5927 mn,
2744 5862 2843 5928 22;
2896 5875 3046 5927 xcm,
3097 5861 3192 5928 ll;
3235 5875 3309 5928 χι,
3358 5861 3498 5929 3-5).
3551 5885 3573 5906 η

1948 5952 2083 6006 Nam
2107 5948 2153 6006 si
2170 5949 2288 6004 haec
2309 5948 2366 6003 in
2387 5952 2661 6006 memoria
2687 5953 2997 6010 retinerent
3017 5952 3254 6010 minime
3273 5953 3344 6010 ad
3366 5956 3577 6011 tantam
