4040 6330
460 360 478 413 1
490 358 593 413 087

1313 352 1595 413 ΑΡΡΕΝΙ).
1638 356 1725 411 AD
1761 356 1921 411 SIEC.
1963 355 2053 410 IX.
2076 382 2145 392 ——
2182 350 2895 439 lSlDORbMERCATORIS

3692 353 3710 407 1
3725 355 3832 408 088

452 464 682 520 reddit?
722 464 777 519 Si
807 464 996 519 unitas
1022 479 1139 519 non
1180 467 1284 531 est,
1317 479 1495 535 quare
1522 480 1655 518 cum
1679 464 1851 535 Moysi
1879 483 1907 516 ‹‹
1937 465 2081 519 Deus
2101 473 2161 546 Α
2183 462 2330 516 Deus
2360 477 2605 532 magnus
2635 464 2692 516 et
2717 465 2919 533 potens
2949 459 3083 515 est?
3114 478 3141 511 »
3175 459 3350 529 (Deut.
3379 475 3435 526 x,
3476 458 3585 530 17.)
3610 459 3669 515 Si
3695 461 3830 513 uni-

450 558 762 627 Abraham,
795 560 853 612 et
878 558 1029 612 Deus
1059 559 1230 626 Isaac,
1266 560 1323 612 et
1354 558 1497 612 Deus
1525 557 1715 625 Iacob,
1747 575 1775 609 ι)
1808 556 1972 613 tertio
2004 556 2087 612 di-

453 646 630 720 cerét,
680 650 959 705 unitatem
1012 650 1335 721 ostendens,
1373 670 1400 698 «
1432 650 1541 705 hoc
1574 649 1721 705 mihi
1762 665 1973 705 nomen
2003 654 2088 721 est

455 744 650 814 (Exod.
678 760 759 812 ιιι,
793 743 875 814 15)
904 764 931 792 ››
966 742 1141 798 dixit:
1164 744 1361 799 Nonne
1396 744 1515 798 haec
1550 746 1685 799 sunt
1722 760 1852 814 quas
1894 748 2087 799 nostra

455 836 697 891 nomina
722 836 1077 908 designavit?
1106 836 1165 892 Si
1193 837 1418 893 trinitas
1445 853 1560 892 non
1587 841 1693 908 est,
1718 853 1896 909 quare
1914 836 2088 891 David

456 930 624 985 tertio
674 930 813 985 dixit
849 946 862 984 :
910 953 937 980 ‹‹
966 930 1271 986 Benedicat
1316 947 1415 985 nos
1458 933 1626 998 Deus,
1669 932 1820 986 Deus
1867 934 2083 997 noster,

456 1023 753 1079 benedicat
780 1040 884 1079 nos
910 1025 1055 1079 Deus
1079 1024 1247 1096 (Psal.
1280 1040 1463 1094 vaui,
1496 1024 1570 1095 8).
1604 1045 1632 1074 »
1667 1024 1726 1080 Si
1755 1023 1946 1080 unitas
1971 1040 2087 1079 non

458 1121 563 1186 est,
594 1133 774 1189 quare
803 1133 938 1173 cum
972 1139 1000 1169 «
1027 1119 1172 1174 Deus
1201 1139 1228 1167 »
1260 1118 1432 1174 tertio
1459 1118 1834 1188 nominasset,
1868 1140 1895 1170 «
1920 1118 2091 1174 bene-

455 1211 605 1266 dicat
637 1232 664 1261 ››
691 1217 748 1267 et
780 1227 895 1266 non
919 1211 1263 1268 benedicant
1289 1212 1549 1283 adjunxit
1566 1213 1594 1266 ?
1636 1212 1692 1268 Si
1722 1211 1945 1267 trinitas
1973 1228 2088 1267 non

456 1310 562 1375 est,
588 1321 689 1360 cur
704 1305 869 1360 Isaias
897 1305 1086 1362 denuo
1110 1305 1254 1360 dixit
1282 1323 1295 1361 :
1329 1327 1358 1358 «
1380 1306 1642 1373 Domine,
1662 1308 1808 1363 Deus
1827 1306 2085 1375 sabaoth,

458 1401 605 1455 Deus
621 1399 816 1468 Israel,
831 1399 929 1471 qui
946 1399 1109 1455 sedes
1129 1415 1301 1471 super
1321 1399 1663 1456 Cherubim?
1682 1422 1709 1450 »
1732 1402 1863 1471 (Isa.
1880 1417 2084 1467 xxxvn,

462 1494 569 1564 16.)
615 1494 669 1550 Si
711 1493 901 1548 unitas
944 1510 1060 1549 non
1109 1496 1212 1563 est,
1249 1510 1429 1565 quare
1471 1494 1570 1566 qui
1611 1514 1640 1547 α
1671 1495 1830 1550 sedes
1857 1516 1884 1544 ››
1927 1494 2082 1564 dixit,

458 1593 514 1642 et
556 1604 671 1643 non
715 1587 812 1659 qui
851 1587 1059 1643 sedetis
1109 1587 1376 1659 adjunxit
1399 1588 1427 1642 ?
1471 1587 1525 1643 Si
1566 1588 1787 1644 trinitas
1832 1605 1950 1643 non
1980 1591 2084 1656 est,

457 1698 633 1753 quare
669 1682 729 1735 in
765 1682 1096 1752 Regnorum
1131 1681 1276 1736 libro
1316 1681 1560 1737 dicitur:
1588 1704 1617 1733 «
1638 1682 1896 1752 Domine,
1938 1683 2088 1737 Deus

458 1774 845 1846 omnipotens,
857 1776 1003 1830 Deus
1028 1776 1223 1843 Israel,
1240 1790 1530 1830 sermones
1544 1775 1630 1831 tui
1649 1776 1844 1832 ﬁdeles
1861 1775 2034 1830 sunt?
2057 1796 2084 1824 »

2187 560 2274 610 tas
2299 571 2416 609 non
2447 559 2549 621 est,
2583 571 2761 626 quare
2791 578 2817 604 ‹‹
2843 571 3093 625 magnus
3119 557 3177 608 et
3194 558 3403 625 potens
3424 573 3452 603 »
3486 569 3603 608 non
3631 553 3832 624 plura-

2189 649 2317 702 liter
2359 648 2743 703 nominatur?
2786 648 2845 703 Si
2889 648 3113 704 trinitas
3160 663 3277 702 non
3328 652 3432 715 est,
3477 663 3580 702 cur
3627 646 3835 701 Tobias

2187 742 2368 796 filium
2399 758 2564 796 suum
2593 758 2725 796 cum
2744 742 2803 796 in
2838 743 3022 813 Rages
3054 741 3344 797 civitatem
3372 756 3504 795 cum
3532 740 3833 812 Raphaele

2187 836 2393 906 angelo
2412 835 2684 903 mitteret,
2706 835 3053 891 benedicens
3073 853 3190 905 eos,
3221 836 3300 890 ita
3319 834 3527 890 dixisse
3551 834 3796 889 docetur
3814 851 3828 888 :

2194 949 2221 977 «
2251 929 2399 984 Deus
2426 928 2734 996 Abraham,
2765 932 2822 984 et
2846 931 2994 984 Deus
3018 930 3186 999 Isaac,
3218 933 3277 984 et
3305 929 3453 983 Deus
3482 928 3675 995 Iacob,
3707 927 3834 998 ipse

2189 1021 2423 1093 impleat
2449 1022 2913 1078 benedictionem
2931 1039 3093 1078 suam
3107 1023 3168 1077 in
3182 1022 3340 1078 vobis
3350 1023 3378 1077 ?
3390 1041 3417 1075 »
3434 1022 3452 1093 (
3460 1022 3587 1077 Tob.
3599 1037 3699 1091 vn,
3720 1021 3835 1093 15.)

2187 1115 2243 1171 Si
2268 1116 2454 1171 unitas
2483 1132 2598 1171 non
2625 1120 2729 1187 est,
2764 1132 2941 1188 quare
3001 1139 3029 1166 «
3058 1118 3179 1189 ipse
3217 1117 3509 1188 impleat»
3560 1116 3722 1186 dixit,
3773 1121 3835 1171 et

2187 1225 2302 1265 non
2319 1209 2425 1281 ipsi
2443 1209 2719 1282 impleant
2740 1209 3022 1265 intimavit
3035 1211 3063 1265 ?
3088 1212 3376 1266 Postremo
3397 1210 3444 1264 si
3464 1209 3691 1266 trinitas
3710 1226 3832 1265 non

2187 1308 2290 1372 est,
2314 1319 2493 1375 quare
2509 1304 2786 1359 Dominus
2807 1304 3120 1377 discipulos
3135 1321 3265 1360 suos
3285 1305 3347 1359 in
3364 1304 3602 1359 nomine
3622 1303 3827 1370 Patris,

2188 1402 2247 1452 et
2290 1397 2434 1465 Filii,
2488 1402 2545 1453 et
2588 1397 2833 1470 Spiritus
2883 1399 3066 1454 sancti
3096 1398 3387 1455 universas
3411 1403 3610 1470 gentes
3640 1398 3839 1470 posuit

2186 1491 2470 1563 baptizare
2496 1493 2524 1546 ?
2574 1491 2792 1562 (Matth.
2844 1509 3039 1560 xxvm,
3088 1492 3197 1565 19.)
3241 1492 3298 1549 Si
3345 1492 3531 1549 unitas
3577 1508 3697 1547 non
3722 1497 3831 1561 est,

2190 1602 2364 1657 quare
2395 1605 2424 1638 α
2447 1585 2508 1640 in
2523 1586 2758 1642 nomine
2781 1609 2809 1637 »
2839 1587 3002 1654 dixit,
3026 1592 3085 1642 et
3113 1603 3227 1642 non
3252 1587 3311 1642 in
3332 1586 3665 1642 nominibus
3684 1603 3837 1658 pra:-

2187 1678 2454 1751 cipiendo
2477 1680 2817 1752 perdocuit?
2833 1681 2889 1737 Si
2908 1680 3131 1737 trinitas
3144 1697 3263 1736 non
3278 1685 3384 1749 est,
3407 1697 3585 1752 quare
3608 1687 3837 1752 aposto-

2188 1773 2275 1827 lus
2319 1773 2522 1829 Paulus
2564 1774 2644 1828 ait
2676 1792 2688 1828 :
2721 1796 2749 1825 ‹‹
2777 1776 2854 1829 Ex
2892 1775 3015 1847 ipso
3053 1778 3112 1829 et
3136 1792 3243 1847 per
3281 1775 3468 1846 ipsum
3519 1778 3575 1829 et
3598 1775 3660 1829 in
3702 1775 3834 1846 ipso

460 1870 535 1939 (Π
547 1871 674 1938 Reg.
706 1885 838 1939 xxn,
867 1868 945 1940 3.)
975 1868 1029 1924 Si
1059 1868 1241 1923 unitas
1263 1885 1381 1924 non
1401 1873 1504 1937 est,
1526 1885 1703 1941 quare
1732 1891 1761 1920 «
1785 1870 1917 1925 tui»
1947 1869 2085 1924 dici-
2108 1855 2165 1926 Β
2190 1870 2322 1921 sunt
2346 1867 2539 1921 omnia
2556 1868 2583 1921 ?
2614 1868 2781 1937 (Rom.
2802 1885 2875 1936 x1,
2898 1870 3008 1939 36.)
3031 1890 3058 1917 »
3088 1869 3142 1924 Si
3160 1860 3350 1924 unitas
3370 1886 3489 1924 non
3509 1873 3614 1935 est,
3646 1884 3833 1940 quare

458 1966 572 2031 tur,
601 1967 658 2017 et
676 1978 792 2017 non
816 1962 988 2017 vestri
1018 1962 1210 2033 potius
1238 1962 1584 2019 intimatur?
1615 1963 1675 2019 Si
1714 1964 1939 2018 trinitas
1970 1980 2087 2018 non
2193 1977 2308 2015 «ex
2335 1960 2505 2031 ipso»
2539 1962 2750 2033 posuit,
2780 1968 2838 2017 et
2860 1979 2976 2018 non
3001 1980 3069 2019 ex
3095 1962 3231 2034 ipsis
3260 1962 3505 2018 astruxit
3525 1962 3554 2016 ?
3582 1962 3640 2018 Si
3670 1962 3836 2017 enim

461 2059 565 2126 est,
601 2072 700 2110 cur
729 2054 790 2110 in
811 2056 1035 2126 psalmo
1064 2055 1543 2127 quinquagesimo
1565 2060 1760 2111 octavo
1787 2060 2085 2112 cantatur:
2188 2060 2343 2109 certo
2370 2056 2579 2110 certius
2607 2057 2851 2111 volueris
2877 2057 3159 2112 unitatem
3196 2056 3484 2111 Trinitatis
3517 2073 3835 2127 agnoscere

459 2171 485 2202 «
517 2149 751 2204 Domine
772 2148 1069 2217 virtutum,
1106 2150 1249 2204 Deus
1276 2150 1468 2217 Israel,
1497 2150 1732 2205 intende
1749 2150 1824 2205 ad
1850 2150 2085 2206 visitan-
2190 2164 2223 2202 a
2252 2148 2557 2220 saepedicto
2585 2148 2818 2205 doctore
2847 2150 3109 2221 gentium
3135 2151 3414 2222 apostolo,
3442 2151 3656 2222 poteris
3696 2151 3832 2204 uni-

460 2244 564 2298 das
592 2260 790 2298 omnes
828 2247 1029 2314 gentes
1049 2242 1076 2296 ?
1105 2262 1132 2293 »
1165 2243 1219 2299 Si
1246 2243 1434 2298 unitas
1460 2260 1575 2299 non
1604 2249 1706 2311 est,
1740 2260 1918 2315 quare
1947 2265 1975 2293 ‹‹
2009 2245 2089 2298 in—
2190 2257 2347 2296 versa
2373 2242 2724 2306 condiscere,
2751 2247 2809 2298 et
2836 2243 2996 2315 sequi
3023 2244 3368 2299 catholicam
3393 2243 3566 2299 ﬁdem
3589 2248 3648 2299 et
3673 2245 3835 2299 Aria-

460 2338 633 2394 tcnde
661 2359 688 2387 ››
720 2336 907 2408 posuit
932 2342 989 2392 et
1019 2353 1133 2391 non
1172 2337 1476 2407 intendite,
1516 2342 1579 2392 ut
1615 2337 1958 2409 pradicatus
1983 2344 2086 2408 est,
2174 2351 2394 2399 norum
2440 2336 2774 2407 pravitatem
2816 2354 3121 2409 respuere;
3170 2338 3356 2410 gratia
3384 2339 3611 2394 Domini
3646 2339 3833 2393 nostri

461 2431 787 2487 intimavit?
826 2431 885 2486 Si
915 2430 1138 2486 trinitas
1170 2447 1282 2486 non
1309 2434 1412 2501 est,
1446 2448 1624 2503 quare
1664 2432 1724 2486 in
1749 2432 2089 2504 Apocalypsi
2187 2430 2319 2483 Jesu
2337 2430 2563 2497 Christi,
2593 2430 2795 2502 inquit,
2820 2435 2877 2486 et
2900 2432 3145 2487 charitas
3172 2432 3270 2488 Dei
3296 2436 3353 2488 et
3377 2432 3830 2488 communicatio

461 2525 627 2580 tertio
673 2524 817 2580 dixit
860 2543 873 2579 :
921 2546 947 2574 «
975 2526 1233 2591 Sanctus,
1264 2527 1508 2593 sanctus,
1538 2529 1766 2580 sanctus
1794 2526 2086 2593 Dominus,
2189 2524 2369 2577 sancti
2398 2524 2641 2595 Spiritus
2672 2527 2771 2596 (ΙΙΙ
2795 2528 2915 2584 Cor.
2949 2544 3064 2593 XIII,
3116 2530 3220 2598 13),
3264 2527 3384 2599 ipsa
3414 2532 3499 2583 est
3538 2527 3741 2597 Patris,
3774 2530 3835 2581 et

461 2621 606 2674 Deus
626 2619 1003 2690 omnipotens,
1030 2619 1125 2690 qui
1145 2622 1230 2674 est
1248 2623 1303 2673 et
1326 2619 1613 2691 quierat?
1646 2640 1672 2668 »
1710 2620 1893 2691 (Apoc.
1916 2636 1987 2687 1v,
2012 2621 2084 2690 8.)
2195 2616 2337 2684 Filii,
2369 2622 2426 2672 et
2451 2618 2691 2689 Spiritus
2716 2620 2911 2675 sancti.
2935 2621 3236 2685 Quomodo
3256 2621 3317 2676 in
3341 2621 3615 2676 Trinitate
3640 2637 3833 2675 unum

458 2714 512 2769 Si
570 2713 758 2768 unitas
807 2729 923 2769 non
971 2718 1075 2782 est,
1118 2729 1295 2785 quare
1335 2730 1452 2768 non
1483 2714 1581 2785 qui
1612 2718 1746 2769 sunt
1771 2714 2085 2785 pluraliter,
2189 2714 2341 2780 sunt,
2390 2711 2523 2782 quia
2569 2718 2771 2767 natura
2813 2717 2985 2785 atque
3033 2714 3103 2769 ab
3148 2714 3390 2771 invicem
3431 2715 3685 2786 separari
3713 2732 3833 2769 non

458 2809 556 2862 sed
600 2807 698 2879 qui
755 2829 781 2857 «
825 2812 1009 2862 erat»
1057 2807 1415 2878 designavit?
1455 2806 1515 2862 Si
1554 2807 1774 2862 trinitas
1821 2824 1936 2862 non
1982 2811 2086 2878 est,
2190 2806 2467 2875 possunt?

461 2917 639 2973 quare
660 2900 720 2955 in
742 2900 1184 2956 Deuteronomio
1204 2901 1420 2956 dictum
1443 2905 1528 2956 est
1549 2918 1563 2955 :
1596 2922 1623 2951 «
1646 2901 1922 2956 Dominus
1942 2902 2091 2957 Deus
2265 2899 2569 2969 Caeterum,
2602 2900 2781 2956 frater
2804 2900 3154 2969 charissime,
3181 2918 3310 2974 quas
3333 2907 3434 2957 tua
3453 2902 3837 2959 continebant

462 3001 613 3063 tuus,
670 2996 815 3050 Deus
849 2994 1170 3050 misericors
1222 2999 1328 3063 est,
1375 3000 1433 3050 et
1474 2995 1669 3050 audiet
1699 3008 1896 3050 vocem
1933 3000 2087 3050 tuam
2191 2992 2405 3063 scripta
2433 3011 2503 3048 ex
2525 2993 2791 3065 subjectis
2812 2995 3109 3051 sententiis
3127 2996 3374 3051 maxime
3399 2997 3592 3052 omnia
3612 2998 3837 3069 poteris

462 3091 636 3160 (Deut.
672 3105 747 3156 ιν,
775 3090 881 3159 31).
918 3110 945 3137 ››
992 3089 1048 3143 Si
1070 3088 1263 3143 unitas
1296 3104 1408 3143 non
1437 3093 1540 3157 est,
1571 3105 1748 3160 quare
1781 3109 1808 3138 «
1841 3089 2031 3144 audiet
2058 3111 2084 3139 ››
2188 3087 2475 3158 colligere.
2505 3089 2737 3144 Necesse
2766 3095 2867 3155 est,
2912 3090 3092 3145 frater
3131 3090 3480 3159 charissime,
3523 3091 3725 3147 adesse
3755 3093 3838 3147 di-

461 3183 671 3256 posuit,
692 3188 750 3238 et
774 3199 891 3238 non
913 3182 1154 3237 audient
1173 3182 1492 3237 intimavit?
1523 3182 1577 3238 Si
1596 3182 1825 3237 trinitas
1845 3199 1959 3237 non
1982 3188 2085 3251 est,
2110 3228 2161 3257 η
2190 3181 2407 3248 vinum,
2455 3182 2554 3237 ubi
2589 3183 2907 3239 humanum
2955 3190 3133 3240 cessat
3156 3186 3450 3240 auxilium.
3482 3187 3549 3240 Et
3575 3192 3642 3241 ut
3663 3186 3837 3257 juxta

462 3228 671 3256 ι’ν⁵’“¹⁵⁶“’7
695 3228 750 3238 ν*
774 3228 891 3238 “Vn
914 3228 1154 3237 “"""‘“"“"
1174 3228 1483 3237 ‘_“““"""
1523 3228 1577 3238 ν*
1602 3228 1825 3237 “⁸⁴⁵“⁶”“’““”“’
1845 3228 1959 3237 ’⁸ν⁸⁴“
1984 3228 2085 3251 """7
2201 3228 2210 3235 '
2227 3228 2407 3248 ”’““’¹⁶“⁷
2458 3228 2554 3237 ““”’
2589 3228 2907 3239 ⁵⁴“’“’¹⁵⁸“”⁸⁴⁵“⁵⁴““⁵
2957 3228 3133 3240 νν”“’“’““¹
3156 3228 3450 3240 “¹¹¹“⁴“⁶⁵⁸“⁸⁴¹·⁵⁸
3482 3228 3549 3240 ¹“⁴“¹
3580 3228 3642 3241 ⁸⁵*
3663 3228 3835 3257 δ“⁴δ“¹

462 3293 637 3349 quare
680 3276 741 3331 in
777 3278 909 3332 Jesu
944 3277 1094 3331 Nave
1125 3276 1334 3332 dicitur
1360 3277 1503 3332 libro
1533 3294 1546 3331 ε
1579 3298 1607 3327 ‹‹
1637 3278 1913 3333 Dominus
1943 3279 2089 3333 Deus
2109 3228 2164 3302 Ο
2189 3276 2521 3347 Apostolum
2546 3276 2823 3348 dicamus,
2846 3278 2978 3333 licet
2999 3278 3167 3335 verba
3192 3279 3530 3351 replicemus
3556 3296 3689 3351 quas
3712 3281 3835 3352 ipse

460 3373 701 3428 deorum
731 3376 817 3426 est
849 3372 1020 3440 (Deut.
1053 3388 1087 3425 x
1126 3373 1231 3441 17).
1262 3393 1289 3420 η
1329 3370 1384 3426 Si
1411 3371 1600 3426 unitas
1629 3388 1744 3426 non
1785 3376 1889 3441 est,
1916 3388 2088 3444 quare
2191 3370 2489 3426 Timotheo
2533 3371 2745 3441 scribit,
2797 3371 2991 3427 dicens
3037 3390 3049 3426 :
3102 3396 3129 3421 «
3162 3374 3404 3428 Ecclesia
3445 3374 3540 3429 Dei
3579 3374 3691 3429 vivi
3744 3392 3838 3430 co-

464 3490 490 3517 u
523 3470 661 3522 est»
692 3466 853 3535 dixit,
886 3472 942 3520 et
958 3482 1073 3520 non
1104 3469 1254 3533 sunt,
1290 3482 1448 3520 more
1479 3465 1798 3535 locutionis,
1831 3466 2090 3521 induxit?
2186 3463 2389 3519 lumna
2419 3469 2475 3520 et
2516 3464 2948 3521 ﬁrmamentum
2988 3473 3072 3522 est
3109 3468 3379 3523 veritatis.
3420 3469 3487 3523 Et
3527 3469 3835 3525 manifeste

461 3563 519 3617 Si
571 3560 793 3616 trinitas
835 3576 951 3615 non
996 3563 1101 3628 est,
1156 3577 1335 3632 quare
1374 3560 1517 3613 Elias
1556 3560 1835 3615 hortando
1866 3577 1878 3615 :
1918 3583 1944 3611 α
1977 3561 2087 3615 Do-
2188 3574 2469 3630 magnum
2487 3565 2572 3614 est
2596 3559 2825 3630 pietatis
2855 3562 3467 3634 sacramentum,quod
3492 3562 3831 3618 manifesta-

460 3655 637 3723 mine,
672 3654 931 3721 Domine,
965 3654 1223 3721 Domine,
1262 3655 1411 3709 Deus
1461 3653 1657 3724 Israel,
1688 3655 1923 3709 ostende
1954 3655 2089 3725 quia
2186 3658 2309 3708 tum
2336 3657 2421 3708 est
2443 3653 2503 3708 in
2524 3670 2714 3722 carne,
2733 3655 3105 3725 justificatum
3129 3659 3213 3711 est
3232 3656 3290 3711 in
3311 3657 3531 3728 spiritu,
3556 3659 3835 3729 apparuit

458 3755 521 3805 tu
565 3766 623 3803 es
670 3750 812 3803 Deus
858 3765 1018 3803 meus
1064 3750 1165 3816 (III
1211 3752 1335 3815 Reg.
1387 3764 1538 3818 xvm,
1585 3750 1693 3817 36),
1730 3770 1758 3797 ››
1797 3747 1984 3803 dixit?
2028 3748 2088 3803 Si
2189 3747 2424 3818 angelis,
2471 3748 2847 3818 praedicatum
2892 3753 2979 3804 est
3016 3750 3302 3821 gentibus,
3333 3751 3627 3806 creditum
3653 3757 3741 3806 est
3774 3752 3835 3807 in

458 3844 649 3899 unitas
676 3860 790 3897 non
831 3846 935 3911 est,
987 3858 1165 3913 quare
1196 3863 1223 3891 ‹‹
1254 3843 1487 3897 ostende
1514 3863 1540 3891 »
1577 3848 1634 3897 et
1662 3859 1776 3897 non
1804 3842 2088 3898 ostendite
2188 3841 2423 3911 mundo,
2456 3846 2810 3913 assumptum
2837 3848 2921 3897 est
2942 3843 2999 3896 in
3024 3843 3209 3914 gloria
3235 3845 3280 3913 (Ι
3305 3846 3437 3899 Tim.
3460 3861 3540 3915 ιιι,
3560 3848 3646 3911 15,
3668 3845 3775 3917 16).
3802 3868 3829 3895 ››

458 3937 689 4010 posuit?
716 3936 772 3991 Si
795 3936 1022 3991 trinitas
1041 3952 1159 3989 non
1188 3940 1291 4001 est,
1317 3951 1417 3989 cur
1430 3935 1816 3991 Mardochaeus
1839 3937 2082 3991 orando:
2193 3959 2217 3983 ‹‹
2249 3935 2490 4005 Spiritus
2518 3939 2711 3990 autem
2738 3936 3032 3992 manifeste
3064 3937 3220 4005 dicit,
3254 3938 3387 4009 quia
3413 3939 3469 3993 in
3508 3939 3836 3993 novissimis

464 4051 491 4081 ‹‹
523 4029 779 4095 Domine,
812 4029 960 4082 Deus
991 4028 1374 4098 omnipotens,
1401 4027 1597 4082 omnia
1614 4029 1670 4082 in
1693 4032 1973 4099 potestate
1992 4032 2089 4084 tua
2189 4028 2544 4099 temporibus
2573 4029 2869 4084 discedent
2891 4030 3124 4101 quidam
3145 4049 3178 4086 a
3205 4031 3319 4085 ﬁde
3344 4032 3701 4087 attendentes
3720 4034 3832 4105 spi-

460 4126 595 4178 sunt
648 4123 815 4191 (Esth.
868 4138 993 4189 xxv,
1046 4121 1130 4190 l2)
1176 4142 1202 4168 ››
1253 4120 1441 4175 dixit?
1488 4121 1543 4177 Si
1579 4121 1770 4177 unitas
1809 4139 1926 4177 non
1981 4126 2085 4192 est,
2162 4122 2389 4198 _ritibus
2408 4122 2611 4177 erroris
2632 4128 2687 4177 et
2708 4123 2981 4179 doctrinis
3013 4125 3429 4181 daemoniorum
3452 4127 3508 4180 in
3535 4127 3829 4198 hypocrisi

460 4235 636 4291 quare
662 4217 723 4272 in
758 4238 785 4266 ‹‹
813 4222 911 4271 tua
938 4238 963 4265 ››
1005 4215 1214 4287 posuit,
1265 4218 1323 4270 et
1347 4232 1465 4271 non
1489 4215 1549 4270 in
1576 4220 1763 4272 vestra
1793 4216 2088 4288 signavit?
2162 4186 2547 4293 lloquentium
2572 4218 2958 4286 mendacium,
3005 4224 3061 4273 et
3085 4219 3450 4275 cauteriatam
3489 4220 3829 4276 habentium

466 4314 523 4369 Si
555 4312 779 4368 trinitas
809 4327 924 4366 non
950 4314 1053 4381 est,
1091 4326 1192 4364 cur
1222 4310 1396 4364 etiam
1420 4310 1615 4366 Iudith
1651 4310 1869 4366 orando
1898 4311 2043 4366 dixit
2070 4329 2083 4365 :
2188 4327 2351 4366 suam
2371 4311 2794 4379 conscientiam,
2818 4313 3248 4383 prohibentium
3271 4315 3509 4383 nubere,
3533 4314 3824 4370 abstinere

465 4432 490 4460 ι(
519 4407 779 4476 Domine,
807 4405 1068 4471 Domine,
1096 4407 1240 4460 Deus
1270 4404 1530 4460 omnium
1554 4405 1848 4474 virtutum,
1873 4405 2087 4478 respice
2187 4423 2220 4460 a
2271 4406 2429 4473 cibis,
2481 4423 2622 4478 quos
2675 4409 2820 4462 Deus
2859 4408 3069 4463 creavit
3112 4409 3185 4463 ad
3228 4409 3665 4482 percipiendum
3691 4427 3828 4465 cum

459 4505 518 4559 in
546 4501 865 4558 orationem
897 4516 1084 4555 meam
1104 4501 1131 4554 ?
1161 4522 1185 4549 ι)
1220 4500 1446 4569 (Iudith.
1482 4515 1555 4566 IX,
1585 4499 1659 4571 3.)
1691 4500 1747 4555 Si
1765 4500 1954 4556 unitas
1972 4517 2086 4555 non
2189 4500 2503 4570 gratiarum
2531 4501 2776 4569 actione,
2812 4501 3069 4557 ﬁdelibus
3113 4508 3168 4558 et
3194 4503 3282 4558 his
3311 4503 3410 4575 qui
3435 4510 3831 4575 cognoverunt

460 4603 563 4668 est,
588 4613 763 4669 quare
798 4616 821 4645 α
856 4595 1070 4667 respice
1099 4616 1124 4645 ››
1164 4594 1375 4666 posuit,
1418 4598 1475 4649 et
1504 4610 1621 4649 non
1655 4594 1915 4666 respicite
1948 4594 2166 4677 desi-D
2187 4594 2506 4662 veritatem,
2553 4595 2688 4667 quia
2730 4596 2916 4651 omnis
2957 4601 3219 4651 creatura
3258 4597 3355 4652 Dei
3394 4598 3563 4667 bona,
3595 4603 3651 4653 et
3676 4598 3823 4654 nihil

461 4691 693 4765 gnavit?
722 4689 779 4745 Si
802 4689 1027 4744 trinitas
1048 4706 1162 4744 non
1185 4693 1289 4757 est,
1309 4703 1485 4758 quare
1508 4688 1566 4742 in
1580 4688 1827 4742 Ieremia
1848 4688 2084 4744 dicitur:
2189 4688 2565 4758 rejiciendum
2606 4690 2758 4762 quod
2803 4707 2934 4746 cum
2980 4691 3298 4763 gratiarum
3328 4692 3552 4747 actione
3582 4692 3825 4764 percipi-

463 4806 489 4839 «
519 4786 798 4843 Dominus
828 4786 975 4839 Deus
1004 4788 1188 4838 vester
1215 4784 1363 4837 Deus
1383 4798 1553 4836 verax
1579 4782 1710 4836 est?
1737 4800 1765 4833 »
1802 4784 2009 4850 (Jersm.
2030 4799 2085 4851 x,

464 4880 571 4954 10.)
603 4880 661 4936 Si
690 4879 879 4934 unitas
908 4894 1027 4932 non
1050 4882 1154 4943 est,
1183 4892 1363 4948 quare
1384 4876 1442 4930 in
1463 4876 1796 4946 Apocalypsi
1817 4875 2088 4946 scriptum

459 4979 546 5031 est
574 4993 586 5029 :
626 4996 650 5025 «
675 4973 969 5040 Dominus,
1003 4972 1170 5039 Deus,
1204 4972 1262 5023 et
1285 4968 1524 5039 Spiritus
1550 4969 1960 5039 prophetatum
1984 4970 2088 5024 mi-

458 5071 531 5125 sit
551 5069 823 5140 angelum
853 5082 1019 5121 suum
1048 5063 1346 5119 ostendere
1370 5062 1542 5117 servis
1561 5060 1676 5116 suis
1707 5077 1837 5132 quae
1864 5066 2090 5134 oportet

456 5163 579 5219 ﬁeri
605 5162 758 5217 cito?
780 5183 807 5210 n
841 5160 1032 5230 (Apoc.
1060 5174 1195 5224 xxn,
1227 5157 1300 5228 6.)
1330 5156 1387 5212 Si
1419 5156 1605 5212 unitas
1630 5172 1749 5211 non
1775 5159 1879 5224 est,
1912 5173 2086 5229 quare

459 5273 593 5313 cum
620 5258 843 5311 Patrem
884 5258 942 5308 et
972 5252 1176 5307 Filium
1216 5256 1275 5306 et
1304 5250 1578 5321 Spiritum
1606 5254 1863 5307 sanctum
1891 5251 2083 5307 nomi-

456 5353 665 5417 nasset,
697 5370 724 5398 ‹‹
749 5347 946 5402 misit»
969 5344 1244 5401 Dominus
1265 5343 1422 5412 dixit,
1447 5348 1503 5399 et
1515 5360 1633 5399 non
1656 5344 1957 5413 miserunt,
1980 5346 2084 5402 sub

456 5446 734 5519 pmtextu
768 5441 943 5519 trium
984 5455 1359 5511 personarum
1391 5443 1447 5494 et
1475 5454 1685 5494 nomen
1717 5438 2083 5496 introduxit?

453 5516 508 5599 Si
534 5538 755 5595 trinitas
781 5516 895 5591 noti
927 5540 1030 5605 est,
1059 5550 1233 5606 quare
1265 5534 1326 5588 in
1353 5533 1795 5589 Deuteronomio
1826 5534 2032 5589 dicitur
2065 5552 2077 5589 :

459 5659 487 5686 α
513 5633 785 5692 Dominus
810 5633 955 5687 Deus
974 5633 1178 5697 vester,
1205 5628 1298 5684 hic
1313 5631 1397 5684 est
1420 5630 1564 5683 Deus
1582 5629 1609 5682 ?
1642 5648 1669 5677 ››
1705 5628 1876 5699 (Deut.
1901 5645 1939 5696 ι,
1970 5630 2079 5700 30).

454 5731 511 5785 Si
538 5730 726 5784 unitas
752 5744 867 5783 non
895 5728 997 5795 est,
1029 5739 1209 5795 quare
1247 5745 1274 5775 «
1300 5723 1393 5777 hic
1425 5724 1509 5777 est
1535 5743 1562 5772 »
1598 5721 1760 5789 dixit,
1791 5729 1847 5778 et
1879 5739 1993 5777 non
2019 5723 2080 5778 hi

455 5826 590 5877 sunt
616 5821 821 5893 plurali
849 5835 1093 5877 numero
1122 5815 1490 5888 designavit?
1513 5815 1568 5871 Si
1587 5815 1815 5871 trinitas
1832 5833 1951 5871 non
1971 5822 2079 5886 est,

457 5931 633 5989 quare
661 5917 715 5970 in
744 5917 945 5973 eodem
972 5913 1178 5969 dicitur
1199 5911 1345 5966 libro
1371 5926 1384 5965 :
1413 5931 1439 5960 ‹‹
1465 5909 1732 5965 Dominus
1751 5910 1895 5965 Deus
1925 5915 2075 5979 tuus,

2187 4783 2710 4852 tur,fsanctiticatur
2726 4785 2883 4840 enim
2903 4802 3006 4856 per
3025 4785 3258 4841 verbum
3280 4786 3377 4841 Dei
3395 4791 3452 4842 et
3473 4786 3819 4843 orationem.

2188 4876 2318 4931 Haec
2338 4893 2660 4948 proponens
2674 4878 2961 4947 fratribus,
2991 4880 3176 4935 bonus
3198 4880 3307 4935 eris
3327 4880 3589 4936 minister
3611 4881 3821 4936 Christi

2186 4971 2337 5038 Iesu,
2368 4972 2649 5027 enutritus
2673 4973 2850 5028 verbo
2878 4973 3011 5029 ﬁdei
3039 4978 3095 5029 et
3121 4974 3286 5029 bona:
3313 4974 3608 5043 doctrinae,
3639 4991 3818 5047 quam

2186 5070 2472 5120 assecutus
2492 5082 2570 5121 es.
2599 5068 2829 5138 lneptas
2851 5073 3045 5123 autem
3071 5072 3129 5124 et
3146 5070 3340 5124 inanes
3365 5070 3583 5125 fabulas
3609 5070 3818 5139 devita,

2187 5161 2244 5213 et
2268 5175 2463 5214 exerce
2485 5161 2730 5232 teipsum
2752 5163 2821 5216 ad
2841 5163 3131 5234 pietatem.
3162 5165 3304 5219 Nam
3320 5164 3632 5235 corporalis
3650 5180 3814 5219 exer—

2185 5252 2378 5308 citatio
2408 5253 2478 5308 ad
2504 5256 2794 5311 modicum
2817 5256 2967 5311 utilis
2990 5261 3094 5313 est.
3117 5257 3296 5313 Pietas
3316 5262 3511 5313 autem
3529 5258 3599 5313 ad
3622 5259 3819 5314 omnia

2184 5347 2338 5403 utilis
2369 5354 2473 5417 est,
2500 5349 2936 5421 promissionem
2970 5351 3191 5409 habens
3216 5352 3365 5422 vitae,
3396 5369 3525 5425 quae
3555 5370 3708 5408 nunc
3734 5358 3820 5410 est

2185 5446 2243 5496 et
2265 5443 2492 5497 futurae.
2526 5444 2729 5499 Fidelis
2753 5460 2941 5499 sermo
2970 5449 3030 5500 et
3055 5447 3213 5501 omni
3235 5446 3561 5522 acceptione
3583 5447 3814 5518 dignus.

2182 5537 2241 5590 In
2272 5536 2381 5592 hoc
2408 5537 2562 5592 enim
2580 5537 2905 5595 laboramus
2930 5544 2987 5596 et
3011 5540 3430 5610 maledicimur,
3455 5540 3590 5612 quia
3616 5558 3813 5613 spera-

2182 5646 2307 5686 mus
2332 5631 2392 5686 in
2421 5632 2599 5686 Deum
2622 5632 2833 5704 vivum,
2862 5634 2961 5706 qui
2992 5641 3075 5691 est
3113 5635 3371 5691 Salvator
3417 5634 3680 5690 omnium
3722 5637 3819 5690 ho-

2180 5724 2429 5793 minum,
2451 5726 2817 5800 maximeque
2837 5728 3113 5784 ﬁdelium.
3141 5729 3390 5801 Praacipe
3421 5729 3545 5784 haec
3572 5731 3631 5785 et
3649 5730 3816 5788 doce.

2179 5819 2356 5875 Nemo
2369 5819 2808 5877 adolescentiam
2819 5827 2977 5879 tuam
2993 5826 3324 5879 contemnat
3343 5840 3356 5892 ;
3368 5824 3468 5879 sed
3481 5825 3818 5895 exemplum

2180 5916 2301 5966 esto
2328 5912 2605 5983 ﬁdelium,
2641 5914 2700 5969 in
2730 5915 2920 5987 verbo,
2957 5917 3013 5972 in
3042 5918 3498 5985 conversatione,
3532 5918 3586 5972 in
3623 5918 3814 5977 chari~
