4040 6306
119 337 251 389 1089
1095 369 1098 372 .
1349 331 1818 388 DECRETALIUM
1857 329 2242 386 COLLECTIO.
3345 330 3476 382 1090

112 447 240 510 tate,
260 441 322 494 in
342 439 473 507 ﬁde,
497 437 554 494 in
573 438 841 493 castitate.
870 439 1013 492 Dum
1034 438 1220 508 venio,
1243 440 1469 495 attende
1490 438 1743 506 lectioni,
1769 451 1828 524 Α
1847 441 2016 509 atque
2041 437 2164 491 aliis
2191 434 2570 490 anxietatibus
2605 439 2854 503 vexatus,
2899 435 3138 507 longam
3182 434 3480 506 epistolam

119 533 532 602 exhortationi,
558 532 849 588 doctrinae.
880 531 1006 587 Noli
1032 532 1322 605 negligere
1351 533 1593 605 gratiam
1619 549 1747 604 quae

110 629 236 683 data
261 631 349 682 est
376 627 478 681 tibi
516 643 616 697 per
653 626 1015 698 prophetiam
1063 643 1190 680 cum
1217 627 1584 699 impositione
1618 644 1745 682 ma-

114 737 295 776 nuum
342 720 678 792 presbyteri.
733 721 862 774 Haec
911 718 1212 790 meditare,
1267 721 1326 776 in
1364 721 1453 774 his
1495 723 1638 788 esto,
1684 723 1750 774 ut

117 815 404 886 profectus
430 818 560 869 tuus
588 814 918 870 manifestus
962 815 1034 868 sit
1059 813 1340 868 omnibus.
1370 815 1617 869 Attende
1646 813 1748 869 tibi

116 915 173 964 et
202 908 500 977 doctrinae,
531 909 679 963 insta
702 908 764 962 in
791 908 901 962 illis
931 925 942 975 ;
988 909 1095 962 hoc
1138 908 1292 963 enim
1335 907 1553 962 faciens
1582 912 1638 961 et
1661 909 1746 961 te-

113 1003 304 1074 lpsum
349 1001 570 1056 salvum
609 1002 799 1068 facies,
845 1007 900 1056 et
942 1019 1036 1056 eos
1063 1001 1161 1072 qui
1187 1006 1240 1056 te
1269 1001 1511 1056 audiunt
1539 1003 1581 1071 (1
1613 1003 1748 1056 Tim.

117 1113 190 1165 1v,
225 1098 397 1166 l-l6).
433 1117 458 1145 n
493 1096 660 1150 Fame
691 1095 846 1150 enim
875 1096 1048 1150 nimis
1081 1095 1360 1166 afﬂigitur
1390 1111 1563 1167 quam
1591 1095 1752 1149 clade

1848 531 2088 586 minime
2116 530 2360 586 scribere
2385 529 2556 584 valui.
2592 531 2871 601 Tempore
2899 545 3152 601 congruo
3182 529 3397 598 denuo,
3438 527 3486 582 si

1849 642 2078 680 necesse
2101 624 2293 692 fuerit,
2323 623 2505 691 mitte,
2537 628 2593 679 et
2619 641 2688 678 ea
2709 641 2837 696 quae
2858 623 3276 678 desideraveris
3296 638 3481 678 sume.

1849 721 1993 774 Deus
2043 725 2096 775 te
2139 719 2492 774 incolumem
2551 717 2854 786 custodiat,
2913 718 3086 773 frater
3129 714 3480 772 charissima.

1849 817 2048 868 Amen.

1921 909 2058 962 Data
2085 923 2138 962 1v
2165 907 2352 961 Nonas
2373 905 2600 978 Aprilis,
2627 905 2945 960 Justiniano
2973 908 3029 962 et
3053 905 3211 960 Libio
3253 906 3316 959 IV
3345 920 3483 959 con-

1855 1001 2090 1055 sulibus.

425 1451 998 1543 INCIPIUNT
1091 1451 1612 1544 DECRETA
1704 1449 2184 1544 SECUNDI
2290 1448 2738 1542 PELAGII
2831 1447 3194 1540 ΡΑΡλΈ.

195 1760 582 1816 Dilectissimis
622 1761 914 1828 fratribus,
972 1761 1246 1815 universis
1286 1761 1584 1833 episcopis,
1637 1763 1753 1834 qui,

123 1855 320 1908 illicita
368 1854 657 1909 vocatione
702 1854 932 1908 Joannis
976 1855 1589 1927 Constantinopolitani
1634 1856 1753 1927 epi-

124 1948 305 2019 scopi,
336 1948 406 2002 ad
433 1947 718 2018 synodum
745 1948 1295 2020 Constantinopolim
1347 1955 1752 2018 convenerunt,

126 2043 417 2096 PELAGIL‘S.

1860 1767 1942 1822 vel
1969 1764 2410 1820 conciliabulum
2439 1767 2707 1832 cessatur,
2739 1768 2792 1818 et
2813 1761 3086 1834 quidquid
3114 1762 3171 1816 in
3201 1777 3267 1816 eo
3293 1767 3484 1816 actum

1859 1865 1942 1915 est
1966 1859 2192 1914 irritum
2214 1858 2455 1913 habetur
2475 1862 2532 1912 et
2551 1874 2814 1912 vacuum.
2838 1858 2946 1911 Vos
2966 1871 3195 1927 quoque
3221 1856 3488 1926 deinceps

1857 1953 2064 2021 videte,
2088 1956 2149 2006 ut
2171 1951 2381 2007 nullius
2402 1953 2629 2006 hortatu
2652 1951 2782 2005 talia
2803 1948 3178 2021 prmsumatis,
3202 1949 3245 2003 si
3269 1952 3489 2020 aposto-

1858 2048 1977 2101 licae
2006 2046 2155 2100 sedis
2176 2045 2581 2100 communione
2608 2059 2802 2099 carere
2825 2059 2943 2098 non
2963 2043 3148 2098 vultis.
3169 2042 3330 2096 Modo
3354 2058 3485 2097 vero

197 2135 512 2201 Manifesto,
562 2135 706 2189 sicut
742 2136 1079 2206 optavimus,
1118 2153 1220 2207 per
1254 2137 1497 2207 gratiam
1535 2136 1630 2191 Dei
1669 2137 1754 2190 lu-
1776 2168 1834 2240 Β
1856 2139 1985 2194 ideo
2004 2139 2373 2210 suspenditur
2392 2139 2556 2205 ultio,
2577 2141 2641 2192 ut
2661 2138 2850 2192 locum
2873 2137 3046 2208 possit
3065 2135 3280 2190 habere
3301 2151 3487 2190 corre-

128 2228 284 2282 mine
335 2229 676 2298 evangelicae
737 2228 985 2284 veritatis
1033 2230 1104 2284 ab
1157 2229 1461 2284 universali
1515 2230 1759 2286 Ecclesia

129 2321 594 2392 perniciosissimi
631 2323 840 2376 erroris
891 2325 1058 2377 nocte
1101 2322 1356 2393 depulsa,
1396 2323 1760 2377 inefl‘abiliter

132 2415 447 2485 gaudemus
473 2416 531 2469 in
557 2415 816 2484 Domino,
851 2416 949 2469 sed
973 2433 1085 2470 non
1114 2416 1336 2471 modico
1358 2417 1761 2471 contristamur

129 2525 396 2577 mcerore,
431 2509 565 2579 quia
593 2526 658 2562 ea
690 2525 819 2580 quae
849 2509 981 2563 olim
1004 2511 1213 2564 calcata
1239 2511 1467 2565 fuerant
1494 2515 1550 2566 et
1577 2510 1761 2564 fundi—

131 2607 221 2655 tus
253 2602 544 2671 damnata,
583 2619 687 2656 nec
723 2619 984 2673 unquam
1023 2603 1146 2657 fieri
1181 2603 1511 2673 debuerant,
1552 2604 1757 2658 redivi-

132 2696 213 2749 vis
260 2695 542 2749 radicibus
583 2695 910 2765 germinant
955 2699 1125 2768 atque
1170 2698 1474 2768 pullulant.
1512 2698 1580 2750 Et
1618 2714 1758 2768 quo-

134 2790 294 2843 niam
343 2788 546 2856 multa,
589 2805 712 2859 quae
757 2789 1172 2859 paenitudinem
1218 2795 1458 2860 possunt
1487 2807 1762 2861 generare

135 2882 495 2953 proveniunt,
541 2898 768 2936 necesse
799 2888 882 2937 est
917 2900 1180 2938 accusare
1221 2900 1349 2955 qua:
1382 2890 1575 2938 contra
1609 2885 1762 2938 ordi-

134 2993 273 3030 nem
303 2982 359 3030 et
384 2992 613 3030 omnem
646 2977 1042 3031 auctoritatem
1087 2978 1234 3031 facta
1269 2994 1388 3032 esse
1435 2981 1761 3032 noscuntur.

139 3071 322 3137 Unde,
358 3071 584 3138 fratres,
620 3071 816 3125 relicta
857 3071 1083 3142 penitus
1125 3071 1380 3138 audacia,
1409 3089 1536 3143 quae
1567 3075 1766 3126 contra

135 3163 503 3235 apostolicam
533 3163 750 3234 sedem,
780 3169 972 3219 contra
1001 3165 1185 3236 ipsam
1213 3165 1438 3219 Domini
1465 3165 1767 3221 Salvatoris

138 3274 358 3324 vocem,
401 3275 512 3329 qua
553 3258 766 3312 dictum
806 3261 932 3312 est:
973 3282 998 3306 ‹‹
1030 3260 1108 3313 Tu
1147 3275 1204 3312 es
1247 3262 1466 3327 Petrus,
1511 3264 1565 3313 et
1597 3276 1770 3332 super

139 3353 287 3407 hanc
316 3357 539 3423 petram
563 3352 856 3407 aedificabo
872 3353 1180 3407 Ecclesiam
1209 3370 1394 3408 meam
1419 3354 1630 3424 (Matth.
1656 3371 1765 3423 xw,

141 3449 260 3516 18);
297 3467 324 3494 »
361 3450 586 3517 sumpta
616 3449 701 3500 est
740 3447 1072 3518 disputandi
1117 3450 1315 3501 contra
1361 3446 1583 3501 Domini
1619 3464 1766 3518 prte-

1858 2234 1986 2288 ctio.
2009 2231 2132 2306 27
2148 2232 2195 2304 1
2219 2232 2670 2287 ΡΙῊΞάΘΟΘΒΞΟΓΘΞ
2690 2247 2825 2286 vero
2846 2230 3097 2299 Joannis,
3116 2232 3175 2284 et
3192 2228 3485 2301 ipseJoan-

1858 2345 1980 2394 nes,
2023 2343 2136 2380 non
2177 2327 2374 2395 semel,
2419 2326 2514 2380 sed
2548 2325 2883 2396 smpissime,
2919 2323 3182 2394 epistolas
3214 2327 3385 2393 atque
3419 2321 3485 2376 li-

1857 2421 2030 2476 bellos
2057 2420 2293 2491 propria
2314 2436 2492 2474 manu
2522 2419 2866 2490 subscriptos
2897 2417 3105 2473 sanctis
3127 2416 3493 2472 antecessori-

1860 2516 1964 2570 bus
1993 2514 2200 2569 nostris
2226 2514 2522 2582 miserunt,
2551 2513 2758 2585 quibus
2797 2529 2988 2567 coram
3029 2511 3265 2567 Domino
3297 2515 3487 2582 prote-

1862 2609 1992 2663 stati
2005 2610 2137 2662 sunt
2151 2607 2293 2661 nihil
2309 2623 2607 2678 nunquam
2628 2609 2889 2677 proterve
2902 2608 3099 2661 contra
3123 2603 3491 2676 apostolicam

1863 2703 2053 2757 sedem
2084 2717 2277 2772 agere,
2333 2718 2435 2754 nec
2481 2700 2551 2754 de
2587 2699 2737 2754 illius
2773 2704 2870 2754 aut
2909 2699 3152 2754 aliorum
3180 2696 3491 2769 privilegiis

1863 2795 2174 2867 quidquam
2201 2810 2499 2865 usurpare,
2524 2793 2620 2865 qui
2645 2794 2919 2848 hactenus
2941 2793 3000 2846 in
3031 2792 3258 2846 archivo
3282 2793 3492 2846 sanctae

1863 2891 2131 2944 Romanae
2156 2887 2415 2944 Ecclesiae
2463 2887 2565 2941 sub
2611 2886 2810 2958 sigillis
2848 2885 3249 2958 chirograpbis
3287 2901 3490 2940 eorum

1865 2983 2118 3038 roborati
2155 2982 2440 3036 habentur
2475 2980 2705 3052 integri.
2767 2981 2828 3034 In
2877 2980 3013 3051 ipsis
3052 2980 3210 3034 enim
3240 2979 3496 3051 epistolis

1867 3078 1950 3131 vel
1992 3077 2215 3144 libellis,
2263 3074 2645 3130 anathematis
2694 3074 2920 3129 vinculo
2972 3091 3028 3128 se
3059 3077 3116 3128 et
3143 3089 3498 3129 successores

1868 3187 2067 3226 eorum
2092 3169 2568 3236 constrinxerunt,
2592 3169 2636 3222 si
2658 3185 2910 3239 unquam
2927 3167 3161 3239 aliquod
3179 3172 3378 3223 contra
3398 3183 3495 3223 eos

1869 3264 2380 3337 prmsumpsissent,
2406 3268 2504 3317 aut
2523 3265 2720 3316 contra
2738 3261 3110 3332 apostolicam
3126 3262 3212 3316 vel
3229 3261 3402 3315 ullius
3419 3261 3498 3316 al-

1869 3359 2041 3414 terius
2061 3358 2311 3429 episcopi
2339 3357 2530 3412 sedem
2553 3357 2863 3428 quidquam
2883 3354 3101 3410 adversi
3123 3371 3354 3426 quoquo
3378 3371 3498 3410 mo-

1872 3452 1944 3506 do
1969 3454 2158 3506 essent
2185 3451 2388 3505 moliti.
2418 3449 2628 3504 Idcirco
2651 3465 2745 3504 eos
2773 3451 2996 3526 nonest
3020 3464 3248 3504 necesse
3269 3464 3500 3503 excom-

141 3545 324 3612 cepta,
348 3556 490 3595 vana
510 3541 820 3595 errantium
837 3542 1007 3596 corda
1028 3541 1452 3613 conquiescant,
1484 3557 1583 3594 nec
1604 3541 1772 3596 liceat
1790 3540 1845 3615 Ο
1872 3545 2164 3600 municare
2193 3549 2291 3599 aut
2309 3544 2814 3611 anathematizare,
2842 3543 2970 3614 quia
2994 3542 3098 3613 ipsi
3118 3542 3500 3597 anathematis

143 3634 371 3689 defendi
398 3635 551 3704 quod
580 3651 692 3688 non
733 3634 900 3689 liceat
924 3652 1111 3706 agere.
1152 3637 1414 3690 Relatum
1436 3637 1520 3689 est
1541 3651 1676 3705 ergo
1700 3635 1772 3688 ad

141 3727 510 3799 apostolicam
553 3728 746 3783 sedem
777 3729 1058 3783 Joannem
1086 3729 1772 3800 Coustantinopolitanum

141 3821 494 3894 episcopum,
538 3822 920 3876 universalem
966 3839 1022 3877 se
1053 3823 1423 3893 subscribere,
1458 3840 1664 3894 vosque
1704 3839 1773 3877 ex

145 3917 249 3971 hac
276 3932 378 3970 sua
403 3916 852 3988 praesumptione
873 3916 946 3970 ad
969 3918 1253 3988 synodum
1276 3933 1584 3972 convocare
1609 3933 1775 3988 gene-

143 4011 347 4078 ralem,
370 4026 502 4064 cum
529 4009 880 4081 generalium
905 4012 1256 4082 synodorum
1280 4011 1623 4066 convocandi
1641 4028 1772 4066 auc-

146 4103 343 4159 toritas
368 4104 688 4176 apostolicae
712 4105 830 4159 sedi
848 4105 1005 4159 beati
1022 4106 1169 4160 Petri
1186 4106 1463 4177 singulari
1480 4105 1772 4177 privilegio

148 4198 218 4251 sit
261 4197 490 4267 tradita,
536 4204 592 4252 et
632 4199 787 4252 nulla
835 4215 1090 4270 unquam
1131 4200 1377 4270 synodus
1404 4203 1528 4254 rata
1554 4200 1776 4271 legatur

147 4307 274 4362 quze
300 4291 605 4362 apostolica
631 4292 965 4347 auctoritate
991 4310 1107 4348 non
1123 4293 1298 4348 fuerit
1322 4294 1484 4348 fulta.
1517 4294 1772 4365 Quapro-

149 4393 278 4457 pter
305 4385 588 4458 quidquid
617 4387 676 4440 in
700 4387 971 4457 praedicto
994 4392 1180 4442 vestro
1210 4389 1617 4458 conventiculo,
1642 4389 1777 4460 quia

146 4481 395 4551 synodus
415 4481 603 4535 taliter
621 4486 969 4553 praesumpta
990 4499 1108 4536 esse
1128 4500 1245 4537 non
1269 4483 1477 4554 potuit,
1503 4484 1777 4539 statuistis

150 4592 217 4629 ex
248 4575 582 4629 auctoritate
612 4575 791 4629 sancti
819 4575 971 4629 Petri
998 4577 1385 4647 apostolorum
1408 4577 1698 4649 principis,
1723 4583 1779 4632 et

150 4669 372 4724 Domini
397 4668 698 4724 Salvatoris
724 4685 879 4735 voce,
908 4686 1018 4740 qua
1043 4669 1208 4724 beato
1237 4672 1402 4724 Petro
1434 4674 1775 4742 potestatem

151 4763 367 4834 ligandi
405 4765 573 4834 atque
620 4762 943 4817 absolvendi
988 4762 1108 4834 ipse
1151 4763 1402 4817 Salvator
1439 4765 1610 4835 dedit,
1649 4782 1777 4837 qua:

153 4858 325 4911 etiam
373 4859 624 4928 potestas
666 4856 723 4910 in
774 4857 1188 4912 successoribus
1238 4857 1360 4928 ejus
1390 4857 1780 4914 indubitanter

1872 3639 2114 3707 vinculo,
2146 3637 2392 3709 propriis
2420 3638 2685 3692 manibus
2709 3635 3087 3709 professiones
3110 3654 3258 3703 suas,
3281 3652 3498 3708 suaque

1873 3733 2076 3804 scripta
2101 3732 2425 3787 roboranda
2452 3731 2912 3786 constrinxerunt
2934 3748 2950 3800 ;
2980 3731 3118 3785 sciat
3147 3748 3204 3785 se
3231 3734 3424 3786 tamen
3445 3734 3500 3785 et

1872 3828 1991 3898 ipse
2005 3828 2268 3893 Joannes,
2290 3825 2400 3879 nisi
2417 3842 2674 3881 errorem
2701 3842 2867 3880 suum
2886 3825 2994 3880 cito
3007 3823 3332 3893 correxerit,
3349 3841 3382 3878 a
3403 3841 3498 3879 no-
3522 3810 3540 3910 ί

1871 3922 1957 3976 bis
1977 3919 2587 3977 excommunicandum
2614 3920 2757 3988 fore,
2792 3925 2849 3975 et
2873 3919 3197 3991 apostolica).
3224 3918 3375 3973 sedis
3413 3923 3496 3975 at-

1872 4032 1981 4087 que
2007 4014 2264 4070 omnium
2297 4018 2618 4068 sanctorum
2654 4014 3050 4085 episcoporum
3096 4013 3501 4068 communione

1874 4121 2090 4174 carere;
2119 4102 2502 4158 universitatis
2519 4119 2746 4174 quoque
2769 4119 3002 4168 nomen,
3025 4103 3174 4175 quod
3190 4103 3295 4157 sibi
3317 4101 3503 4158 illicite

1875 4196 2361 4269 usurpavit,nolite
2377 4195 2797 4262 attendere,nec
2813 4197 3111 4251 vocatione
3125 4197 3246 4268 ejus
3259 4195 3329 4251 ad
3343 4212 3502 4267 syno-

1875 4293 2010 4347 dum
2041 4291 2250 4362 absque
2277 4289 2613 4344 auctoritate
2635 4289 2780 4343 sedis
2801 4289 3123 4360 apostolicze
3143 4307 3398 4362 unquam
3415 4305 3504 4346 ve-

1874 4387 2021 4454 nire,
2056 4384 2100 4438 si
2131 4383 2450 4455 apostolica:
2483 4381 2634 4436 sedis
2662 4391 2718 4437 et
2746 4387 3083 4438 caeterorum
3110 4384 3506 4455 episcoporum

1877 4477 2282 4537 communione
2300 4477 2469 4531 vultis
2487 4477 2629 4545 frui;
2658 4477 2845 4531 nullus
2871 4477 3024 4532 enim
3045 4477 3504 4548 patriarcharum

1878 4577 1985 4630 hoc
2000 4579 2118 4629 tam
2129 4571 2366 4644 profano
2379 4571 2645 4625 vocabulo
2659 4587 2914 4642 unquam
2926 4573 3137 4637 utatur,
3154 4571 3287 4642 quia
3297 4572 3344 4625 si
3359 4587 3505 4626 unus

1877 4667 2200 4740 patriarcha
2219 4664 2548 4721 universalis
2568 4664 2793 4734 dicitur,
2816 4663 3270 4734 patriarcharum
3291 4681 3507 4720 nomen

1879 4763 2096 4818 caeteris
2117 4762 2441 4832 derogatur.
2475 4759 2583 4814 Sed
2611 4758 2757 4813 absit
2775 4757 2884 4812 hoc
2907 4775 2940 4812 a
2960 4757 3148 4811 fidelis
3167 4759 3507 4830 cujusquam

1880 4861 2091 4924 mente,
2120 4857 2228 4911 hoc
2251 4855 2355 4909 sibi
2375 4855 2458 4909 vel
2480 4854 2620 4909 velle
2637 4852 2967 4925 quempiam
2984 4851 3234 4922 arripere
3252 4857 3314 4906 ut
3333 4853 3508 4909 hono-

155 4950 433 5018 transivit,
463 4951 733 5022 praecipio
767 4951 962 5006 omnia
993 4968 1121 5022 quae
1147 4951 1224 5006 ibi
1253 4950 1522 5006 statuistis
1551 4956 1608 5006 et
1637 4970 1777 5007 vana
1798 4923 1857 4994 D
1880 4968 2002 5008 rem
2028 4953 2272 5005 fratrum
2301 4966 2536 5005 suorum
2559 4947 2895 5003 imminuere
2916 4963 2982 5002 ex
3002 4946 3508 5019 quantulacunque

157 5049 211 5098 et
235 5047 452 5100 cassata
480 5061 619 5113 esse,
651 5045 726 5099 ita
759 5049 820 5099 ut
845 5044 1113 5117 deinceps
1140 5062 1433 5118 nunquam
1475 5052 1783 5117 appareant

157 5157 257 5194 nec
285 5139 651 5194 ventilentur.
683 5139 773 5194 Ait
798 5139 952 5194 enim
977 5139 1097 5211 ipse
1123 5140 1377 5196 Salvator
1402 5141 1568 5195 beato
1595 5143 1779 5209 Petro,

157 5234 299 5289 sicut
328 5234 448 5304 ipse
476 5251 582 5305 per
623 5249 681 5288 se
721 5233 941 5288 Veritas
979 5234 1249 5306 loquitur,
1285 5235 1477 5290 dicens
1515 5252 1527 5288 :
1567 5257 1593 5284 ‹‹
1627 5237 1785 5299 Ορω-

159 5343 383 5398 cunque
433 5326 701 5396 ligaveris
739 5344 909 5398 super
958 5331 1189 5399 terram,
1231 5332 1402 5384 erunt
1439 5329 1614 5400 ligata
1644 5333 1698 5383 et
1729 5328 1785 5382 in

159 5424 318 5489 coelo,
368 5425 424 5475 et
465 5438 818 5493 quaecunque
861 5422 1093 5494 solveris
1135 5441 1304 5494 super
1353 5427 1585 5491 terram,
1619 5425 1789 5477 erunt

163 5517 344 5570 soluta
372 5519 428 5569 et
455 5515 512 5568 in
541 5515 678 5569 coelo
709 5516 888 5583 (Ibid.,
919 5519 1020 5584 l9).
1048 5515 1077 5589 if
1097 5517 1280 5571 Multis
1304 5517 1494 5572 denuo
1515 5517 1785 5589 apostoli-

163 5610 235 5664 cis
266 5614 323 5664 et
347 5609 634 5663 canonicis
662 5613 831 5681 atque
860 5609 1601 5666 ecclesiasticisinstruimur
1621 5627 1788 5682 regu-

161 5704 224 5758 lis
247 5720 365 5758 non
400 5702 610 5757 debere
641 5703 855 5774 absque
886 5703 1168 5758 sententia
1195 5705 1586 5761 Romanorum
1610 5705 1792 5778 ponti-

166 5800 334 5854 ficum
365 5797 603 5852 concilia
628 5797 921 5868 celebrari,
951 5802 1320 5869 quapropter,
1349 5803 1414 5853 ut
1432 5800 1552 5870 jam
1577 5799 1793 5855 dictum

168 5899 247 5948 est
272 5895 442 5960 recte,
467 5908 582 5948 non
605 5891 928 5959 concilium,
953 5892 1051 5946 sed
1073 5897 1315 5947 vestrum
1337 5895 1792 5950 conventiculum

573 5991 841 6054 PATBOL.
893 5989 1118 6055 CXXX.

1882 5049 2044 5118 parte
2073 5045 2351 5100 videatur.
2375 5046 2732 5115 Quapropter
2751 5041 2992 5097 Charitas
3012 5044 3195 5095 vestra
3219 5041 3511 5097 neminem

1881 5153 2135 5211 unquam
2163 5139 2276 5192 suis
2303 5138 2555 5209 epistolis
2585 5137 2964 5192 universalem
2993 5136 3273 5205 nominet,
3305 5153 3376 5191 ne
3405 5137 3513 5192 sibi

1884 5233 2139 5289 debitum
2169 5232 2490 5300 subtrahat,
2522 5249 2651 5286 cum
2674 5231 2840 5286 alteri
2867 5232 3142 5286 honorem
3163 5230 3329 5285 offert
3349 5231 3509 5287 inde-

1886 5328 2090 5382 bitum.
2123 5347 2147 5377 «
2172 5325 2542 5382 Adversarius
2563 5343 2813 5398 namque
2836 5326 3114 5392 diabolus,
3144 5345 3171 5378 »
3204 5325 3301 5397 qui
3319 5331 3514 5382 contra

1888 5421 2131 5476 humiles
2161 5420 2394 5474 saeviens
2424 5441 2450 5469 «
2481 5420 2624 5473 sicut
2649 5420 2740 5474 leo
2758 5420 2992 5491 rugiens
3012 5419 3230 5491 circuit,
3254 5436 3516 5492 quaerens

1889 5532 2060 5590 quem
2087 5513 2320 5569 devoret
2341 5513 2389 5584 (Ι
2406 5515 2548 5568 Petr.
2569 5529 2623 5580 v,
2649 5516 2723 5583 8),
2751 5531 2777 5563 »
2810 5529 2928 5568 non
2951 5515 3090 5584 jam,
3121 5519 3186 5570 ut
3207 5501 3555 5594 cernimus,[

1890 5611 2077 5666 caulas
2107 5607 2327 5677 circuit,
2361 5606 2457 5661 sed
2488 5606 2567 5660 ita
2600 5604 2782 5659 valide
2807 5605 2866 5659 in
2895 5607 3232 5676 quibusdam
3261 5610 3518 5665 Ecclesiae

1890 5701 2222 5760 necessariis
2243 5699 2515 5756 membris
2531 5699 2758 5754 dentem
2778 5697 2922 5769 ﬁgit,
2944 5701 3160 5754 utnulli
3178 5702 3518 5774 sitdubium,

1892 5800 2026 5872 quia
2073 5797 2179 5853 nisi
2227 5793 2581 5851 unanimiter
2630 5793 2848 5847 favente
2898 5793 3136 5848 Domino
3185 5801 3520 5854 cunctorum

1895 5893 2135 5968 provida
2149 5897 2442 5964 pastorum
2460 5887 2628 5944 turba
2646 5889 2961 5952 concurrat,
2981 5901 3150 5941 omne
3171 5887 3337 5957 (quod
3357 5890 3522 5962 absit)

3131 5991 3208 6046 35
