4040 6374
903 29 1016 38 ‘4‘...-
1035 33 1146 40 ..._._._
1167 37 1250 43 ___
1277 38 1290 42 Μ

508 378 633 430 1091

1387 374 1668 430 ΑΡΡΕΝΙ).
1709 373 1797 430 AD
1836 375 1998 430 SIEC.
2041 373 2127 428 IX.
2160 402 2228 413 —
2268 371 2516 431 ISIDORI
2553 369 2979 426 MERCATORIS

3729 363 3868 417 1092

501 483 667 537 citius
687 481 831 536 ovile
860 481 1116 536 dilaniet.
1141 481 1516 552 Perpenditis,
1543 482 1749 536 fratres
1777 481 2125 549 charissrmi,
2150 493 2210 566 Α
2228 483 2459 535 reataut
2470 478 2835 550 exspolietur.
2854 474 3245 532 «Confidimus
3256 476 3448 526 autem
3461 471 3532 525 de
3545 469 3722 538 vobis,
3737 469 3869 524 cha-

507 575 644 646 quid
671 578 726 630 et
753 575 955 629 vicinio
984 573 1363 646 subsequitur,
1401 591 1532 629 cum
1562 580 1619 630 et
1659 574 1716 628 in
1751 575 2130 630 sacerdotibus

508 672 818 739 erumpunt
846 671 961 722 tam
987 684 1249 740 perversa
1276 669 1606 739 primordia,
1638 668 1769 739 quia
1794 669 1949 724 enim
1969 670 2133 740 juxta

508 765 588 817 cst
634 762 728 815 ille
774 761 842 815 de
881 777 993 832 quo
1036 761 1309 832 scriptum
1351 767 1436 816 est
1465 780 1477 816 :
1511 783 1537 811 «
1568 763 1693 833 Ipse
1724 767 1809 816 est
1833 778 1928 818 rex
1960 779 2133 834 super

506 855 798 909 universos
811 854 956 908 ﬁlios
969 854 1247 925 superbiae
1261 855 1375 924 (Job
1403 855 1677 927 xu,25),»
1698 857 1848 927 quod
1875 873 1993 910 non
2012 856 2132 911 sine

508 948 664 1019 gravi
690 949 882 1003 dolore
913 947 1101 1003 dicere
1128 948 1457 1019 compellor,
1488 949 1624 1004 dum
1649 950 1828 1004 frater
1858 952 1918 1004 et
1941 950 2131 1021 coepi-

505 1059 704 1113 scopus
729 1045 923 1096 noster
949 1043 1192 1096 Joannes
1213 1041 1484 1097 mandata
1512 1043 1800 1098 Dominica
1825 1046 1882 1098 et
1903 1047 2129 1115 aposto-

503 1135 610 1190 lica
637 1139 941 1206 praecepta,
972 1135 1316 1206 regulasque
1347 1137 1581 1191 Patrum
1625 1137 1961 1208 despiciens,
1999 1154 2132 1193 eum

505 1246 607 1300 per
627 1229 936 1283 elationem
951 1245 1284 1299 percurrere
1310 1233 1547 1284 conatur
1572 1229 1631 1284 in
1651 1231 1903 1286 nomine.
1918 1233 2134 1288 Vestrae

508 1327 702 1378 autem
729 1322 1067 1376 beatitudini
1107 1322 1322 1377 indicet
1364 1323 1730 1394 omnipotens
1771 1325 1918 1379 Deus
1961 1342 2134 1397 quam

508 1416 665 1487 gravi
683 1415 1151 1470 considerationis
1163 1417 1258 1486 huj
1269 1433 1333 1470 us
1342 1417 1556 1487 gemitu
1570 1420 1861 1489 torqueor,
1875 1420 2027 1490 quod
2041 1419 2135 1474 ille

508 1509 798 1581 quondam
815 1509 957 1563 mihi
973 1509 1318 1577 notissimus,
1337 1509 1433 1565 ille
1449 1510 1715 1565 omnibus
1735 1511 1990 1583 dilectus,
2009 1529 2133 1568 ora-

511 1603 756 1658 tionibus
780 1607 949 1674 atque
968 1603 1204 1674 jejuniis
1231 1603 1526 1658 videbatur
1552 1608 1874 1676 occupatus,
1904 1611 1960 1661 et
1983 1623 2049 1660 ex
2070 1624 2136 1661 eo

509 1713 620 1768 quo
648 1695 880 1750 foetebat
907 1695 1118 1764 cinere,
1153 1713 1223 1750 ex
1244 1713 1308 1751 ea
1335 1712 1509 1767 quam
1538 1697 1928 1767 prmtendebat
1947 1699 2136 1754 humi-

510 1790 664 1844 litate
704 1788 1034 1859 jactantiam
1085 1790 1347 1860 sumpsit,
1399 1789 1478 1845 ita
1527 1791 1787 1845 universa
1826 1791 1930 1846 sibi
1958 1795 2141 1848 tentet

2230 573 2459 640 rissimi,
2490 572 2725 627 meliora
2744 573 2915 642 atque
2946 568 3219 624 viciniora
3233 565 3401 621 saluti
3425 565 3603 637 (Hebr.
3631 580 3708 633 vi,
3735 563 3806 633 9),
3837 584 3866 609 ››

2231 668 2366 740 quia
2395 688 2422 717 «
2454 682 2639 737 neque
2666 681 2841 731 mors,
2860 679 3047 735 neque
3075 661 3207 729 vita,
3232 675 3419 732 neque
3439 659 3648 729 angeli,
3677 673 3869 728 neque

2230 761 2597 834 principatus,
2640 775 2828 830 neque
2865 756 3152 822 instantia,
3189 770 3375 826 neque
3417 753 3628 821 futura,
3677 767 3873 821 neque

2232 855 2530 922 fortitudo,
2558 870 2742 925 neque
2775 851 3037 920 altitudo,
3068 865 3255 920 neque
3277 847 3645 919 profundum,
3676 860 3870 915 neque

2232 952 2492 1004 creatura
2518 947 2646 1017 alia,
2693 946 3021 1018 «magistro
3057 943 3320 1015 gentium
3351 941 3611 1003 docente,
3658 937 3874 1010 poterit

2233 1059 2337 1098 nos
2367 1058 2631 1114 separare
2659 1059 2693 1096 a
2721 1041 2991 1095 charitate
3023 1036 3247 1091 Domini
3281 1034 3462 1090 nostri
3483 1035 3611 1088 Jesu
3637 1031 3871 1094 Christi,

2235 1139 2293 1190 et
2336 1152 2464 1207 quas
2496 1136 2555 1190 in
2598 1135 2721 1206 ipso
2761 1136 2847 1188 est
2883 1135 3035 1187 recta
3062 1130 3174 1185 ﬁde
3209 1131 3374 1197 (Rom.
3407 1143 3527 1195 vni,
3557 1129 3645 1194 38,
3681 1125 3792 1194 39).
3842 1145 3867 1170 ››

2237 1251 2264 1282 ‹‹
2291 1230 2471 1285 Nolite
2496 1230 2686 1300 itaque
2711 1228 2972 1282 amittere
2997 1223 3407 1280 conﬁdentiam
3445 1223 3689 1275 vestram
3737 1234 3868 1289 qua:

2235 1341 2504 1396 magnam
2521 1323 2693 1377 habet
2703 1319 3251 1376 remunerationem.
3269 1337 3296 1366 ››
3314 1314 3588 1371 Patientia
3601 1313 3756 1368 enim
3775 1329 3874 1365 no-

2236 1419 2320 1473 bis
2347 1417 2665 1473 necessaria
2694 1418 2780 1470 est
2813 1415 2886 1469 ad
2929 1411 3354 1468 colluctationes
3391 1406 3866 1471 adversariorum,

2236 1515 2517 1584 quatenus
2546 1511 2721 1566 ﬁdem
2747 1509 3146 1564 intemeratam
3165 1520 3345 1577 usque
3370 1503 3432 1558 in
3451 1502 3628 1556 ﬁnem
3648 1516 3875 1555 conser-

2238 1603 2956 1676 vantes,repromissionem
2971 1599 3350 1673 percipiamus
3365 1613 3536 1669 quam
3548 1593 3876 1666 repromisit

2238 1699 2326 1754 his
2352 1699 2450 1770 qui
2479 1697 2738 1769 legitime
2763 1699 2980 1751 certare
3010 1694 3411 1766 deproperant.
3446 1711 3473 1739 ‹‹
3496 1689 3694 1744 Adhuc
3715 1687 3873 1742 enim

2239 1793 2532 1848 modicum
2554 1791 2892 1863 quantulum
2917 1789 3015 1860 qui
3040 1790 3315 1843 venturus
3337 1789 3422 1841 est
3447 1783 3658 1849 veniet,
3678 1785 3734 1836 et
3755 1797 3873 1835 non

511 1881 1086 1951 ascribere,etomnia
1103 1899 1228 1954 quae
1247 1883 1351 1937 soli
1366 1883 1466 1938 uni
1483 1883 1654 1956 capiti
1675 1885 1965 1941 cohaerent
1982 1886 2138 1942 vide-
2159 1866 2216 1938 B
2241 1885 2486 1942 tardabit
2511 1886 2697 1956 (Hebr.
2727 1901 2780 1953 χ,
2813 1884 2921 1953 37).
2957 1904 2984 1933 ››
3020 1905 3046 1932 ‹‹
3079 1883 3217 1936 Ecce
3250 1879 3406 1934 enim
3421 1877 3600 1950 judex
3625 1879 3759 1930 ante
3781 1875 3874 1945 ja-

512 1977 642 2031 licet
692 1976 930 2043 Christo,
980 1992 1083 2046 per
1127 1977 1465 2031 eiectionem
1510 1979 1824 2050 pompatici
1866 1980 2140 2036 sermonis

513 2069 772 2140 ejusdem
817 2068 1025 2146 Christi
1060 2069 1166 2123 sibi
1205 2069 1472 2125 studeant
1515 2072 1777 2126 membra
1805 2073 2136 2145 subjugare.

512 2165 621 2218 Nec
648 2163 858 2216 mirum
898 2162 1048 2232 quod
1078 2162 1172 2217 ille
1204 2166 1470 2233 tentator,
1510 2165 1607 2236 qui
1644 2187 1672 2214 «
1699 2165 1926 2221 initium
1957 2167 2141 2222 omnis

511 2256 722 2328 peccati
755 2256 858 2311 scit
885 2272 1007 2310 esse
1049 2256 1373 2327 superbiam
1411 2258 1592 2326 (Eccli.
1633 2275 1687 2327 x,
1721 2261 1824 2330 15),
1856 2282 1882 2309 ››
1923 2263 1980 2316 et
2005 2266 2141 2316 tunc

511 2368 578 2406 ea
609 2351 667 2404 in
713 2350 894 2420 primo
939 2349 1174 2403 homine
1204 2353 1335 2405 ante
1375 2352 1572 2406 omnia
1609 2368 1746 2407 usus
1775 2357 1879 2423 est,
1911 2358 1966 2408 et
1989 2371 2140 2410 nunc

515 2461 641 2500 eam
662 2444 722 2498 in
742 2442 1081 2515 quibusdam
1102 2443 1429 2499 hominibus
1445 2444 1606 2516 ponit
1622 2445 1683 2500 in
1702 2447 1814 2501 ﬁne
1831 2447 2136 2518 virtutum;

515 2545 589 2606 et,
623 2538 721 2610 qui
750 2537 1107 2607 aliquatenus
1134 2537 1296 2592 bonis
1327 2538 1458 2592 vitae
1478 2539 1678 2594 studiis
1702 2541 2000 2596 videbatur
2019 2559 2141 2597 cru-

518 2630 833 2687 delissimas
865 2647 1072 2684 manus
1101 2630 1223 2702 ejus
1263 2631 1536 2703 effugere,
1569 2632 1649 2687 eis
1679 2634 1739 2688 in
1769 2633 1903 2706 ipsis
1932 2636 2142 2691 mentis

513 2725 646 2780 boni
673 2723 877 2795 operis,
907 2726 965 2778 et
991 2724 1047 2777 in
1069 2725 1194 2795 ipsa
1215 2725 1646 2795 quodammodo
1672 2732 1924 2799 apponat
1953 2730 2137 2800 perfe-

512 2818 711 2874 ctionis
757 2817 1119 2873 conclusione
1178 2819 1548 2874 tendiculum.
1585 2821 1746 2876 Unde
1788 2839 2140 2895 magnopere

515 2911 797 2968 orandum
824 2916 910 2966 est
946 2914 1003 2965 et
1038 2911 1400 2982 omnipotens
1437 2914 1586 2967 Deus
1615 2914 1855 2970 assiduis
1879 2917 2142 2987 precibus

514 3005 925 3076 implorandus,
946 3008 1008 3059 ut
1026 3006 1178 3059 hunc
1200 3022 1231 3058 a
1253 3011 1442 3060 mente
1458 3007 1609 3062 illius
1629 3013 1845 3064 avertat
1864 3025 2138 3083 errorem,

517 3101 626 3155 hoc
652 3100 722 3153 ab
753 3098 971 3154 unitate
991 3101 1160 3170 atque
1190 3099 1511 3155 humilitate
1532 3102 1790 3157 Ecclesiae
1814 3105 2027 3159 malum
2048 3121 2138 3159 su-

516 3192 725 3265 perbiae
747 3197 801 3247 et
820 3191 1166 3246 confusionis
1187 3198 1468 3260 amoveat,
1490 3196 1544 3249 et
1573 3195 1798 3252 favente
1823 3198 1932 3252 Deo
1963 3199 2144 3253 omni-

516 3287 622 3342 bus
659 3286 871 3342 viribus
907 3287 1366 3341 concurrendum
1395 3293 1564 3360 atque
1602 3291 2035 3363 providendum,
2071 3310 2143 3348 ne

2163 3237 2218 3312 C

2241 1997 2417 2035 nuam
2445 1979 2653 2034 assistit
2683 1979 2814 2049 (Jac.
2842 1995 2894 2046 ν,
2923 1976 2996 2048 9),
3023 1997 3050 2025 ››
3101 1990 3337 2029 coronas
3361 1971 3616 2027 hilariter
3635 1969 3873 2040 promit-

2239 2078 2365 2129 tens
2376 2073 2466 2128 his
2485 2073 2584 2145 qui
2604 2089 2708 2143 pro
2730 2088 2797 2127 eo
2815 2069 3175 2143 passionibus
3197 2066 3642 2130 submittuntur;
3662 2062 3814 2134 quod
3829 2061 3877 2115 si

2241 2168 2366 2240 quis
2379 2184 2436 2224 se
2457 2166 2804 2224 subtraxerit
2825 2181 2940 2219 non
2963 2162 3210 2235 placebit
3236 2160 3441 2216 anima:
3463 2175 3632 2224 meae,
3656 2156 3758 2211 sed
3779 2174 3872 2209 ca-

2241 2263 2338 2318 det
2353 2263 2425 2316 de
2446 2260 2822 2334 promissione
2841 2261 3072 2330 propter
3090 2254 3483 2327 negationem.
3509 2275 3536 2302 ‹‹
3554 2253 3664 2306 Nos
3676 2254 3873 2304 autem

2240 2372 2355 2411 non
2375 2371 2572 2410 sumus
2599 2351 3000 2409 subtractionis
3028 2349 3131 2404 ﬁlii
3153 2349 3212 2403 in
3243 2346 3643 2419 perditionem,
3677 2343 3780 2397 sed
3807 2343 3874 2396 ﬁ-

2242 2452 2332 2507 dei
2352 2450 2409 2505 in
2435 2448 2867 2521 acquisitionem
2888 2445 3092 2499 animae
3114 2443 3296 2514 (Hebr.
3321 2458 3374 2509 x,
3393 2440 3502 2511 39).
3527 2461 3554 2490 ››
3584 2462 3612 2488 ‹‹
3642 2439 3878 2508 Propter

2243 2545 2398 2616 quod
2427 2542 2695 2599 assumite
2725 2557 2886 2595 arma
2911 2537 3030 2607 Dei,
3059 2539 3125 2591 ut
3150 2535 3374 2607 possitis
3405 2533 3671 2588 resistere
3695 2531 3754 2584 in
3781 2530 3876 2583 die

2243 2640 2392 2694 malo
2409 2639 2622 2710 (Ephes.
2645 2652 2718 2705 v1,
2741 2635 2867 2705 I3)»
2891 2633 3159 2688 adversus
3181 2645 3380 2684 omnes
3397 2626 3877 2682 inimicossancta!

2243 2733 2342 2789 Dei
2365 2731 2620 2787 Ecclesiae
2641 2733 2698 2785 et
2715 2731 2952 2796 vestros,
2983 2745 3010 2779 ‹‹
3033 2731 3090 2781 et
3111 2723 3335 2778 induite
3358 2721 3592 2776 loricam
3613 2719 3875 2791 justitiae,

2241 2827 2474 2883 calceati
2488 2825 2663 2897 pedes
2674 2824 2734 2878 in
2747 2821 3160 2894 praeparatione
3175 2815 3464 2888 Evangelii
3475 2815 3650 2887 pacis,
3674 2814 3734 2868 in
3757 2830 3882 2868 om-

2244 2922 2410 2976 nibus
2434 2921 2788 2975 assumentes
2813 2919 3036 2971 scutum
3063 2913 3194 2968 ﬁdei
3215 2912 3275 2967 in
3293 2928 3405 2984 quo
3431 2908 3656 2982 possitis
3677 2908 3880 2962 omnia

2235 3015 2430 3086 jacula
2448 3010 2784 3083 nequissimi
2806 3011 2982 3081 ignea
2999 3007 3381 3077 exstinguere,
3410 3009 3468 3058 et
3487 3003 3714 3074 galeam
3737 3002 3814 3054 sal
3824 3017 3883 3053 u-

2242 3109 2314 3163 tis
2338 3107 2596 3177 accipite,
2632 3108 2689 3159 et
2709 3100 2960 3176 gladium
2988 3101 3228 3173 Spiritus
3253 3098 3452 3164 sancti,
3473 3095 3623 3167 quod
3645 3098 3732 3150 est
3749 3111 3880 3148 ver-

2242 3201 2381 3256 bum
2427 3200 2544 3267 Dei,
2584 3215 2688 3270 per
2725 3213 2956 3252 omnem
2983 3194 3303 3250 orationem
3342 3195 3399 3247 et
3426 3189 3880 3245 obsecrationem

2246 3295 2426 3367 (Ibid.,
2461 3294 2645 3364 14-18)
2668 3313 2694 3342 ››
2731 3314 2757 3341 ‹‹
2784 3289 3038 3359 radicati,
3062 3294 3119 3344 et
3142 3285 3363 3343 fundati
3392 3284 3604 3355 (Ephes.
3629 3300 3710 3351 ιιι,
3739 3283 3824 3352 I7)
3852 3305 3878 3329 υ

515 3382 572 3437 in
600 3381 770 3492 un‘ius
791 3397 1010 3484 veneno
1032 3380 1311 3436 sermonis
1334 3382 1580 3437 viventia
1599 3383 1656 3438 in
1678 3385 1882 3440 Christi
1908 3403 2144 3458 corpore
2193 3380 2305 3492 χω
2331 3388 2526 3442 solatio
2552 3387 2792 3440 fratrum
2820 3401 2925 3455 pro
2957 3383 3176 3438 Christo
3221 3382 3351 3437 Jesu
3380 3378 3628 3434 Domino
3659 3381 3880 3432 nostro.

514 3476 776 3531 membra
810 3474 1147 3530 moriantur.
1192 3475 1252 3530 Si
1299 3475 1454 3529 enim
1483 3476 1594 3530 dici
1625 3477 1732 3532 hoc
1753 3479 1986 3534 licenter
2011 3497 2140 3552 per-

513 3570 778 3635 mittitur,
809 3570 994 3624 honor
1018 3569 1473 3640 patriarcharum
1501 3571 1762 3625 omnium
1792 3579 2058 3644 negatur,
2089 3578 2147 3629 et

515 3665 750 3718 fortasse
778 3664 823 3716 is
855 3663 914 3717 in
943 3680 1135 3718 errore
1166 3663 1315 3734 perit
1334 3664 1434 3735 qui
1471 3665 1804 3720 universalis
1835 3667 2058 3738 dicitur,
2091 3674 2147 3723 et

517 3759 706 3813 nullus
736 3757 862 3828 jam
905 3757 1204 3829 episcopus
1245 3757 1585 3813 remansisse
1632 3759 1691 3814 in
1722 3763 1866 3815 statu
1898 3762 2146 3817 veritatis

517 3852 822 3907 invenitur.
872 3851 1109 3922 Oportet
1149 3867 1285 3922 ergo
1315 3856 1380 3906 ut
1405 3855 1728 3909 constanter
1755 3871 1820 3909 ac
1847 3855 1967 3910 sine
1995 3873 2144 3927 pras-

512 3945 728 4017 judicio
768 3945 1022 4014 servetis,
1067 3945 1213 3998 sicut
1253 3946 1546 4016 accepistis
1589 3947 1880 4017 Ecclesias,
1920 3953 1977 4003 et
2005 3951 2147 4006 nihil

520 4039 625 4092 sibi
668 4038 727 4091 in
775 4037 932 4091 vobis
981 4039 1103 4092 haec
1140 4038 1375 4092 tentatio
1420 4039 1713 4096 diabolicae
1763 4043 2148 4114 usurpationis

517 4131 776 4187 ascribat.
801 4131 950 4186 State
973 4131 1167 4199 fortes,
1188 4135 1328 4186 state
1348 4133 1549 4202 securi,
1574 4133 1893 4207 scriptaque
1913 4137 2144 4192 univer-

517 4227 648 4282 salis
681 4224 926 4280 nominis
956 4225 1097 4279 falsa
1127 4242 1235 4279 nec
1261 4225 1395 4280 dare
1424 4243 1695 4298 unquam,
1743 4245 1846 4284 nec
1889 4231 2146 4303 accipere

2315 3481 2423 3538 Sed
2450 3484 2508 3535 et
2535 3497 2707 3547 nunc,
2740 3479 2961 3546 fratres,
2978 3475 3442 3531 commendamus
3458 3489 3557 3526 vos
3590 3487 3796 3526 omnes
3822 3471 3884 3524 in

2245 3576 2504 3645 Domino,
2537 3578 2594 3629 et
2612 3573 2784 3628 verbo
2813 3572 3007 3644 gratiae
3031 3571 3152 3641 ejus
3173 3570 3270 3641 qui
3300 3571 3487 3640 potest
3505 3566 3802 3637 perﬁcere,
3829 3568 3888 3618 et

2247 3671 2381 3725 dare
2408 3668 2801 3724 haereditatem
2820 3666 2976 3720 vobis
2995 3682 3125 3720 cum
3152 3663 3416 3718 omnibus
3439 3659 3671 3715 sanctis.
3707 3681 3734 3708 «
3760 3661 3888 3729 Ipse

2246 3769 2438 3820 autem
2467 3765 2614 3818 Deus
2636 3761 2788 3833 pacis
2819 3767 2875 3815 et
2901 3757 3301 3815 consolationis
3329 3757 3424 3811 det
3448 3755 3608 3810 vobis
3635 3753 3891 3825 idipsum

2248 3874 2446 3930 sapere
2492 3858 2552 3912 in
2596 3856 2934 3910 alterutrum
2975 3855 3142 3924 (Rom.
3170 3869 3259 3920 xv,
3292 3853 3364 3924 ὅ),
3402 3872 3428 3899 ››
3457 3853 3522 3904 ut
3547 3848 3702 3902 vobis
3740 3847 3887 3901 invi-

2247 3969 2370 4009 cem
2387 3951 2748 4020 succurratis,
2769 3953 2826 4005 et
2849 3965 2968 4004 non
2995 3948 3113 4003 sitis
3134 3946 3319 4016 divisi,
3343 3949 3405 3999 ut
3423 3943 3743 4010 unanimes,
3771 3959 3887 3995 uno

2249 4064 2367 4115 ore,
2402 4049 2460 4100 et
2486 4062 2596 4100 uno
2621 4043 2791 4099 corde
2816 4041 3264 4098 honoriﬁcemus
3284 4055 3416 4094 eum
3435 4038 3496 4092 in
3517 4035 3888 4092 concordiam

2250 4145 2308 4195 et
2331 4139 2772 4195 consolationem
2798 4138 3060 4206 fratrum,
3088 4135 3185 4207 qui
3208 4138 3409 4206 potens
3435 4135 3520 4188 est
3541 4131 3889 4185 conﬁrmare

2248 4252 2342 4289 vos
2369 4235 2682 4289 secundum
2720 4231 3101 4304 Evangelium
3133 4229 3276 4300 ejus,
3315 4232 3370 4283 et
3392 4228 3554 4298 juxta
3578 4224 3886 4280 revelatio-

517 4319 890 4426 praesumatis.
921 4319 1127 4426 Dmnes
1145 4319 1438 4424 episcopos
1465 4337 1615 4375 curas
1636 4327 1838 4379 vestras
1864 4324 2149 4397 subjectos
2217 4319 2242 4426 Ι
2251 4346 2382 4384 nem
2425 4329 2681 4400 mysterii
2716 4327 2942 4382 aaternis
2977 4323 3329 4394 temporibus
3356 4321 3566 4375 scilicet
3589 4318 3889 4390 perpetuis

517 4416 588 4470 ab
613 4415 780 4486 hujus
808 4413 1149 4468 adulationis
1173 4412 1568 4486 inquinatione
1592 4417 1907 4490 prohibete,
1929 4423 1995 4475 ut
2017 4422 2146 4475 uni-

522 4527 683 4565 versa
707 4526 806 4563 vos
828 4508 1066 4562 Ecclesia
1097 4508 1470 4579 patriarchas,
1518 4527 1636 4565 non
1675 4512 1860 4567 solum
1894 4513 1953 4568 in
1981 4515 2148 4569 bonis

2255 4423 2463 4494 quibus
2491 4421 2650 4477 vobis
2695 4422 3020 4476 futurorum
3060 4416 3398 4489 gaudiorum
3425 4412 3729 4484 largienda
3757 4415 3894 4466 sunt

2249 4533 2514 4572 munera.
2539 4517 2919 4586 Summopere
2937 4513 3113 4567 etiam
3131 4509 3485 4566 considerare
3504 4505 3722 4562 debetis
3735 4505 3894 4577 quod

522 4603 811 4676 operibus,
853 4602 948 4656 sed
999 4602 1175 4656 etiam
1206 4601 1266 4655 in
1296 4603 1547 4657 veritatis
1575 4607 1908 4662 auctoritate
1941 4625 2151 4679 cogno-
2170 4615 2228 4687 ι)
2252 4611 2311 4666 hi
2343 4611 2441 4682 qui
2465 4610 2734 4664 fratribus
2759 4608 3036 4676 invident,
3067 4620 3277 4676 eosque
3307 4603 3588 4657 damnare
3626 4602 3727 4653 aut
3755 4615 3891 4670 per-

519 4701 656 4753 scat.
707 4697 765 4751 Si
806 4712 923 4768 qua
964 4700 1157 4750 autem
1189 4695 1428 4751 forsitan
1455 4697 1689 4753 adversa
1715 4700 2149 4773 subsequantur,

523 4790 869 4847 unanimiter
881 4789 1255 4862 persistentes
1273 4790 1448 4845 etiam
1468 4793 1764 4848 moriendo
1778 4794 2053 4850 debemus
2069 4813 2154 4850 os-

519 4886 775 4954 tendere,
789 4883 921 4955 quia
933 4882 987 4937 in
1003 4883 1214 4938 damno
1230 4885 1620 4955 generalitatis
1632 4892 1891 4941 nostrum
1906 4889 2153 4959 speciali-

521 4977 856 5049 ter'aliquod
877 4994 988 5030 non
1012 4993 1273 5032 amamUS
1285 4995 1301 5046 ;
1322 4978 1573 5033 dicamus
1594 4996 1724 5033 cum
1743 4981 1910 5035 Paulo
1935 4999 1947 5036 :
1976 4983 2153 5038 «Mihi

523 5075 708 5128 vivere
733 5071 990 5128 Christus
1021 5075 1124 5139 est,
1153 5075 1210 5126 et
1237 5072 1381 5126 mori
1413 5074 1632 5126 lucrum
1661 5073 1882 5144 (Philip.
1914 5092 1948 5143 ι,
1977 5079 2088 5147 21).
2123 5099 2149 5125 ››

523 5166 835 5221 Audiamus
865 5165 1019 5237 quod
1046 5165 1264 5236 primus
1282 5166 1537 5220 omnium
1564 5169 1956 5237 apostolorum
1978 5169 2114 5225 dicit
2137 5189 2149 5227 :

527 5283 554 5311 ‹‹
589 5260 640 5315 Si
684 5259 819 5331 quid
858 5259 1118 5331 patimini
1170 5262 1402 5331 propter
1439 5259 1748 5330 justitiam,
1796 5262 1947 5316 beati
2003 5266 2155 5322 eritis

523 5359 563 5416 (1
584 5359 728 5409 Petr.
757 5371 837 5420 ιιι,
872 5354 974 5423 14).
1008 5374 1035 5402 ››
1078 5353 1208 5407 Mihi
1246 5353 1400 5406 enim
1441 5353 1670 5424 credite,
1715 5357 1848 5426 quia
1873 5357 2153 5415 honorem

523 5466 696 5521 quem
725 5465 826 5520 pro
843 5447 1210 5520 praedicanda
1231 5446 1583 5517 suscepimus
1601 5448 1851 5517 veritate,
1883 5453 1927 5506 si
1955 5470 2150 5510 neces-

523 5544 698 5600 sitatis
723 5559 887 5598 causa
913 5541 1127 5611 exigat,
1158 5540 1411 5613 securius
1441 5558 1546 5613 pro
1569 5544 1770 5599 eadem
1792 5547 2032 5603 veritate
2058 5566 2151 5604 re-

525 5638 834 5708 linquimus
877 5651 1049 5705 quam
1085 5637 1584 5709 tenemus.|0rate,
1616 5639 1837 5709 fratres,
1874 5648 1934 5697 ut
1966 5643 2155 5699 honor

521 5729 927 5787 ecclesiasticus
954 5728 1159 5783 nostris
1193 5728 1391 5784 diebus
1420 5748 1534 5786 non
1565 5740 1885 5804 evacuetur,
1914 5754 2019 5792 nec
2045 5756 2150 5793 un-

524 5841 696 5896 quam
737 5825 996 5878 Romana
1028 5821 1189 5876 sedes
1231 5823 1328 5894 qui
1355 5823 1690 5882 instituente
1719 5829 1958 5886 Domino
1985 5837 2157 5904 caput

527 5923 609 5976 est
632 5917 889 5974 omnium
914 5915 1309 5985 Ecclesiarum,
1332 5918 1640 5991 privilegiis
1661 5922 1774 5977 suis
1800 5941 2044 5998 usquam
2068 5943 2156 5982 ca-

2252 4705 2384 4759 dere
2429 4703 2670 4775 cupiunt
2711 4719 2814 4774 per
2863 4719 2942 4770 se,
2971 4706 3027 4756 et
3054 4716 3156 4754 sua
3192 4699 3462 4768 dogmata
3489 4695 3890 4749 destruuntur.

2254 4798 2399 4853 Dicit
2418 4799 2573 4853 enim
2601 4795 2880 4852 Dominus
2905 4812 2918 4849 :
2946 4795 3180 4848 «Omne
3207 4806 3455 4863 regnum
3477 4790 3536 4843 in
3562 4805 3620 4842 se
3641 4787 3894 4841 divisum

2252 4909 2367 4947 non
2395 4892 2565 4947 stabit
2592 4891 2807 4962 (Matth.
2837 4906 2931 4955 xu,
2957 4890 3066 4959 25),
3103 4907 3129 4939 »
3163 4891 3219 4942 et
3245 4885 3428 4940 omnis
3455 4882 3692 4938 scientia
3714 4884 3775 4934 et
3802 4882 3894 4935 lex

2253 4987 2555 5040 adversum
2588 5001 2646 5040 se
2671 4984 2850 5039 divisa
2891 5000 3006 5037 non
3032 4981 3220 5036 stabit.
3250 4980 3496 5050 Ideoque
3528 4992 3758 5031 necesse
3787 4981 3895 5044 est,

2256 5085 2316 5134 ut
2345 5079 2701 5134 concorditer
2730 5077 2980 5133 salubres
3008 5074 3319 5147 suscipiatis
3346 5074 3625 5139 hortatus,
3661 5074 3719 5124 et
3747 5070 3899 5124 nihil

2257 5190 2358 5245 per
2401 5173 2826 5228 contentionem
2873 5175 3124 5244 agentes,
3169 5169 3267 5224 sed
3311 5167 3383 5222 ad
3421 5181 3594 5221 omne
3639 5165 3900 5219 studium

2255 5268 2575 5324 devotionis
2618 5267 2912 5321 unanimes
2938 5264 3143 5319 divinis
3183 5266 3240 5317 et
3267 5260 3586 5333 apostolicis
3615 5259 3897 5313 constitu-

2255 5363 2506 5418 tionibus
2536 5361 2805 5433 pareatis,
2838 5366 2894 5415 et
2913 5361 2968 5414 in
2997 5359 3154 5414 nulla
3182 5355 3474 5428 patiamini
3505 5353 3895 5425 providentis-

2255 5459 2398 5512 sima
2428 5473 2711 5512 canonum
2740 5456 2963 5510 decreta
2993 5452 3206 5519 violari,
3241 5453 3521 5522 quatenus
3555 5451 3612 5501 et
3643 5446 3897 5501 Nicmno-

2255 5568 2384 5607 rum
2412 5567 2695 5606 canonum
2722 5549 3046 5617 constituta,
3073 5562 3201 5618 quas
3228 5562 3260 5600 a
3282 5543 3465 5610 nobis,
3496 5543 3585 5596 vel
3610 5558 3645 5596 a
3671 5541 3896 5613 praede-

2255 5645 2568 5700 cessoribus
2595 5643 2806 5698 nostris
2826 5645 2960 5697 sunt
2978 5640 3210 5712 provide
3232 5641 3292 5693 et
3310 5636 3614 5692 salubriter
3633 5636 3895 5700 decreta,

2258 5740 2598 5794 intemerata
2637 5739 3012 5808 permaneant
3039 5735 3096 5788 in
3125 5735 3340 5788 futuro.
3373 5734 3438 5786 Et
3463 5731 3521 5785 in
3548 5728 3899 5801 Apocalypsi

2260 5833 2528 5888 Dominus
2539 5834 2926 5904 pchoannem
2942 5829 3210 5902 loquitur,
3227 5828 3420 5883 dicens
3444 5844 3455 5880 :
3477 5849 3502 5874 ‹‹
3523 5824 3647 5878 Noli
3670 5824 3896 5886 timere,

2258 5943 2365 5997 ego
2399 5943 2522 5981 sum
2555 5927 2792 5998 primus,
2839 5929 2898 5980 et
2941 5923 3297 5991 novissimus,
3357 5925 3414 5976 et
3467 5920 3649 5990 vivus,
3706 5921 3767 5972 et
3816 5916 3898 5972 fui
