4040 6340
191 380 323 434 1093

1420 385 1893 442 DECRETALIUM
1933 385 2317 441 COLLECTIO.

3411 387 3546 444 1094

187 489 465 556 mortuus,
490 493 546 543 et
573 505 700 545 ecce
743 507 868 546 sum
905 493 1101 548 vivens
1130 494 1190 548 in
1217 495 1422 550 saecula
1460 497 1812 565 saeculorum,
1837 507 1897 581 Α
1917 494 2081 548 candi
2101 498 2232 549 sunt
2252 495 2624 566 appellatum,
2647 495 2798 550 unde
2815 510 2933 549 non
2951 497 3174 566 oportet
3191 497 3258 548 ut
3276 493 3584 588 degrade-l

186 586 242 635 et
269 581 453 637 habeo
481 583 663 638 claves
689 585 909 656 mortis,
942 590 998 642 et
1021 587 1235 644 inferni
1267 589 1451 662 (Apoc.
1477 607 1517 661 1,
1544 593 1626 659 17,
1654 589 1758 657 18).
1785 609 1811 638 »

185 675 250 728 Et
277 677 446 746 paulo
475 684 605 748 post
639 695 651 733 :
689 701 716 729 ‹‹
743 679 1003 736 Vincenti
1028 682 1170 737 dabo
1203 684 1374 740 edere
1403 685 1472 740 de
1495 684 1654 756 ligno
1687 683 1816 738 vitm

183 769 336 838 quod
352 770 508 825 estin
527 773 786 842 paradiso
806 774 901 829 Dei
917 775 1036 829 mei
1055 775 1243 847 (Apoc.
1257 795 1315 846 11,
1329 779 1378 849 7)
1391 819 1404 833 .
1421 799 1450 828 »
1469 779 1612 833 Item
1627 777 1781 832 idem
1799 793 1812 830 :
1837 757 1855 867 ι

190 882 215 909 ‹‹
238 863 373 918 Esto
399 862 585 919 ﬁdelis
605 883 783 937 usque
802 868 874 922 ad
894 871 1160 924 mortem.
1186 873 1251 926 Et
1266 872 1398 926 dato
1419 871 1522 926 tibi
1543 886 1814 926 coronam

183 954 313 1010 vitae
332 955 514 1027 (Ibid.,
539 959 692 1028 10).»
711 961 779 1014 Et
795 961 1004 1016 iterum
1025 980 1037 1017 :
1063 985 1090 1012 ‹‹
1116 965 1224 1028 Qui
1240 964 1454 1031 vicerit,
1472 967 1527 1019 et
1543 963 1817 1018 custodie-

182 1049 257 1102 rit
277 1066 457 1122 usque
475 1051 535 1106 in
551 1053 726 1107 ﬁnem
749 1071 922 1126 opera
937 1073 1089 1124 mea,
1109 1057 1257 1112 dabo
1272 1058 1354 1112 illi
1371 1061 1709 1130 potestatem
1729 1075 1815 1111 su-

182 1158 284 1213 per
304 1150 526 1215 gentes,
550 1152 606 1202 et
636 1154 800 1219 reget
820 1150 946 1204 illas
975 1149 1036 1205 in
1062 1152 1220 1223 virga
1240 1153 1448 1220 ferrea,
1469 1155 1526 1207 et
1543 1156 1813 1223 tanquam

181 1252 275 1290 vas
297 1237 461 1309 ﬁguli
489 1241 920 1312 confringentnr
940 1245 1120 1312 (Ibid.,
1149 1249 1236 1314 26,
1267 1248 1376 1315 27).
1403 1267 1430 1295 ››
1454 1247 1595 1300 Item
1617 1245 1770 1300 idem
1796 1261 1809 1298 :

186 1353 212 1378 «
238 1332 378 1386 Ecce
407 1337 492 1387 sto
512 1334 582 1388 ad
609 1335 815 1390 ostium
834 1341 889 1391 et
911 1339 1096 1408 pulso.
1125 1339 1180 1394 Si
1203 1340 1329 1410 quis
1350 1339 1598 1394 audierit
1614 1355 1812 1394 vocem

181 1440 392 1495 meam,
427 1431 484 1482 et
512 1429 802 1499 aperuerit
837 1431 1096 1501 januam,
1136 1433 1382 1488 introibo
1427 1433 1497 1487 ad
1536 1432 1717 1501 illum,
1758 1435 1814 1487 et

179 1519 416 1574 coenabo
462 1537 592 1574 cum
621 1522 736 1592 illo,
766 1528 821 1577 et
847 1524 965 1595 ipse
992 1542 1240 1580 mecum.
1280 1527 1387 1591 Qui
1417 1527 1634 1594 vicerit,
1666 1526 1813 1581 dabo

181 1611 233 1665 ei
263 1612 466 1668 sedere
509 1631 736 1670 mecum
763 1617 824 1671 in
850 1618 1062 1674 throno
1091 1636 1241 1690 meo,
1272 1620 1414 1675 sicut
1460 1623 1516 1674 et
1549 1637 1654 1691 ego
1683 1620 1809 1687 vici,

179 1711 235 1760 et
268 1708 440 1762 sedeo
468 1724 599 1763 cum
641 1712 803 1764 Patre
847 1728 974 1766 meo
1015 1714 1073 1766 in
1105 1714 1317 1769 throno
1357 1714 1480 1785 ejus
1511 1715 1696 1784 (Apoc.
1730 1731 1810 1782 ιιι,

179 1803 264 1870 20,
285 1803 344 1856 21
360 1804 395 1872 ).
423 1823 449 1850 ››
477 1823 504 1851 ‹‹
526 1804 651 1872 Vos,
674 1804 896 1872 fratres,
917 1806 961 1859 si
980 1823 1094 1861 non
1116 1809 1281 1862 vultis
1297 1825 1427 1862 cum
1441 1825 1507 1863 eo
1526 1809 1809 1876 damnari,

1914 592 2030 656 tur,
2078 589 2166 644 vel
2225 589 2618 644 dehonoretur
2671 604 3031 660 unaquaeque
3082 587 3392 659 provincia,
3451 589 3548 643 sed

1917 682 2070 752 apud
2113 682 2480 754 semetipsam
2533 683 2745 738 habeat
2789 681 3032 754 judices,
3087 682 3434 748 sacerdotes,
3492 685 3549 736 et

1916 776 2210 848 episcopos
2237 777 2514 848 singulos,
2542 776 2807 832 videlicet
2843 775 3011 847 juxta
3035 775 3262 830 ordines
3298 791 3456 844 suos;
3491 777 3548 830 et

1915 870 2242 943 quicunque
2271 886 2498 925 causam
2534 870 2802 926 habuerit
2829 887 2862 925 a
2891 869 3004 925 suis
3016 868 3303 940 judicibus
3323 869 3542 940 judice-

1914 966 2027 1032 tur,
2063 967 2116 1019 et
2145 981 2258 1018 non
2284 964 2354 1018 ab
2382 964 2602 1031 alienis,
2631 964 2686 1019 id
2718 969 2821 1031 est,
2863 982 2896 1019 a
2928 981 3042 1018 sua:
3060 963 3232 1034 justis
3255 961 3545 1034 judicibus

1914 1058 2242 1129 provinciae,
2269 1061 2326 1113 et
2349 1074 2464 1112 non
2494 1058 2563 1112 ab
2592 1057 2859 1128 externis,
2895 1057 3005 1111 nisi
3045 1062 3106 1112 ut
3133 1057 3251 1128 jam
3277 1055 3542 1128 praeliba-

1913 1156 2036 1205 tum
2065 1156 2168 1220 est,
2213 1169 2245 1205 a
2282 1151 2549 1222 judicatis
2592 1151 2766 1206 fuerit
2809 1151 3178 1223 appellatum.
3223 1150 3278 1205 Si
3321 1167 3456 1205 vero
3482 1151 3543 1205 in

1915 1245 2169 1315 qualibet
2197 1245 2486 1317 provincia
2511 1249 2649 1299 ortae
2676 1245 2894 1299 fuerint
2921 1244 3279 1315 quaestiones,
3313 1249 3370 1299 et
3395 1244 3544 1300 inter

1913 1339 2088 1410 ipsius
2115 1339 2424 1410 provinciae
2452 1339 2748 1410 episcopos
2776 1337 3090 1410 discrepare
3119 1337 3352 1409 cceperit
3375 1338 3539 1405 ratio,

1913 1433 2084 1503 atque
2111 1433 2262 1487 inter
2290 1432 2581 1504 episcopos
2609 1431 2950 1487 dissidentes
2979 1449 3092 1486 non
3121 1431 3438 1500 conveniat,
3469 1431 3544 1486 ad

1912 1526 2186 1596 majorem
2220 1528 2356 1580 tunc
2385 1526 2579 1580 sedem
2606 1526 2948 1580 referantur.
2981 1527 3049 1580 Et
3076 1525 3122 1579 si
3150 1524 3267 1580 illic
3294 1524 3459 1580 facile
3486 1527 3544 1580 et

1903 1618 2057 1689 juste
2087 1636 2203 1674 non
2230 1619 2646 1686 discernuntur,
2671 1619 2768 1674 ubi
2786 1618 2960 1674 fuerit
2985 1618 3236 1690 synodus
3262 1617 3538 1690 regulari-

1909 1718 1997 1768 ter
2023 1718 2386 1784 congregata,
2411 1713 2681 1768 canonice
2699 1717 2754 1768 et
2771 1713 2922 1784 juste
2937 1711 3285 1782 judicentur.
3304 1713 3541 1782 Majores

1910 1823 2042 1861 vero
2087 1811 2142 1861 et
2187 1807 2442 1862 difﬁciles
2467 1807 2812 1878 quaestiones
2847 1810 2912 1860 ut
2934 1811 3127 1861 sancta
3155 1807 3404 1877 synodus
3429 1809 3539 1860 sta-

177 1894 310 1965 quia
347 1912 462 1950 non
493 1898 676 1952 solum
705 1899 802 1970 qui
829 1899 1062 1970 faciunt,
1093 1902 1190 1956 sed
1217 1902 1315 1973 qui
1335 1902 1698 1957 consentiunt
1723 1903 1806 1956 fa-
1829 1888 1885 1960 Β
1909 1899 2018 1954 tuit
2049 1903 2106 1954 et
2133 1900 2295 1954 beata
2323 1901 2671 1956 consuetudo
2716 1899 2908 1971 exigit,
2953 1899 3022 1954 ad
3072 1899 3266 1954 sedem
3312 1905 3538 1970 aposto-

177 1988 455 2044 cientibus
490 1992 659 2061 (Rom.
691 2009 726 2062 ι,
759 1994 844 2064 32)
868 2013 895 2044 »
926 1994 1006 2048 rei
1039 2000 1188 2062 sunt,
1231 1996 1540 2051 hortamini
1567 2012 1719 2063 eum,
1755 2001 1811 2051 et

176 2089 405 2138 monete
443 2086 712 2140 recedere
753 2103 786 2141 a
826 2087 1077 2158 praefatis
1115 2089 1341 2158 illicitis,
1385 2093 1442 2144 et
1478 2106 1702 2146 memor
1739 2091 1811 2145 sit

179 2175 328 2231 unde
356 2177 631 2233 exciderit
657 2183 712 2234 et
742 2185 878 2252 agat
902 2181 1314 2252 pcenitentiam,
1342 2189 1397 2239 et
1419 2185 1608 2256 prima
1634 2203 1810 2259 opera

174 2269 344 2324 faciat
369 2271 554 2341 (Apoc.
591 2290 648 2340 ιι,
677 2275 751 2345 5).
779 2275 835 2329 Si
862 2276 1051 2329 minus
1082 2293 1199 2330 non
1230 2294 1360 2332 mea
1385 2278 1590 2350 loquor
1619 2281 1807 2349 verba,

177 2364 274 2418 sed
300 2363 424 2434 ipsa
451 2365 673 2420 Domini
694 2368 986 2423 salvatoris
1013 2386 1138 2440 quae.
1168 2387 1270 2441 per
1288 2372 1624 2442 prasdictum
1651 2375 1810 2429 Joan-

175 2473 308 2511 nem
337 2457 396 2511 in
433 2459 556 2528 jam
602 2459 752 2515 dicto
779 2461 923 2516 libro
963 2463 1181 2518 locutus
1219 2469 1320 2533 est,
1348 2466 1626 2536 replicans
1671 2468 1758 2523 aio
1793 2487 1804 2523 :

180 2572 203 2596 ‹‹
238 2552 477 2606 Veniam
495 2557 551 2607 et
575 2556 811 2610 movebo
832 2557 1233 2612 candelabrum
1257 2562 1418 2613 tuum
1445 2561 1514 2615 de
1540 2561 1664 2616 loco
1683 2579 1806 2630 suo,

176 2645 281 2698 nisi
326 2646 723 2717 pcenitentiam
767 2651 952 2720 egeris
983 2651 1182 2721 (Ibid.).
1213 2674 1239 2700 ››
1278 2654 1400 2723 Ipse
1431 2655 1584 2709 enim
1628 2657 1809 2728 magis

172 2744 330 2793 tenet
357 2739 679 2796 doctrinam
710 2744 952 2812 Balaam,
996 2745 1094 2816 qui
1121 2746 1359 2801 docebat
1385 2748 1551 2802 Balac
1579 2749 1807 2805 mittere

174 2833 503 2888 scandalum
551 2851 739 2890 coram
784 2837 913 2892 ﬁliis
961 2840 1128 2894 lsrael
1170 2839 1350 2911 (Num.
1391 2859 1523 2909 xxn,
1557 2842 1628 2914 7),
1666 2844 1810 2898 sicut

172 2929 276 2981 iste
310 2928 480 2982 docet
504 2945 597 2983 vos
627 2931 1002 2988 scandalizare
1048 2939 1299 2989 sanctam
1344 2940 1585 2991 matrem
1616 2939 1804 2992 Eccle-

171 3021 334 3091 siam,
366 3027 422 3076 et
457 3022 783 3079 universum
824 3031 1031 3080 coetum
1071 3029 1445 3097 sacerdotum,
1479 3029 1634 3085 unde
1663 3034 1720 3085 et
1747 3031 1806 3086 in

173 3115 494 3186 supradicto
526 3116 670 3171 libro
697 3119 1024 3174 continetur
1043 3120 1117 3174 ita
1145 3138 1156 3175 :
1179 3124 1416 3194 Semper
1433 3125 1588 3178 enim
1614 3112 1841 3201 potiusf

173 3225 265 3264 vos
295 3209 482 3264 verbis
512 3211 734 3266 Domini
761 3214 1052 3268 salvatoris
1090 3215 1281 3282 ferire,
1322 3221 1379 3270 et
1407 3217 1612 3272 instrui
1640 3220 1805 3290 cupio
1827 3259 1882 3333 Ο

176 3320 345 3333 ηηηη.
380 3302 520 3333 νηηξσ
571 3305 696 3333 Ihm;
746 3309 794 3333 ιιι
830 3305 945 3333 ιη-..
998 3309 1294 3333 “hamum-
1336 3311 1659 3333 -.--ι-..;ι-ι-
1700 3313 1803 3333 ,ε-ι

176 3320 349 3374 quam
379 3302 541 3370 meis,
571 3305 699 3359 licet
744 3309 800 3359 et
829 3305 951 3378 ipsa
995 3309 1301 3379 apostolica
1333 3311 1664 3366 auctoritate
1695 3313 1808 3367 sint

170 3397 520 3468 ponderibus
540 3398 709 3469 plena
734 3417 746 3453 :
772 3421 800 3448 «
823 3401 959 3454 Novi
985 3419 1156 3472 opera
1174 3405 1272 3456 tua
1290 3403 1594 3459 novissima
1611 3406 1807 3476 pejora

169 3489 476 3562 prioribus,
517 3492 616 3545 sed
659 3492 842 3547 habeo
882 3495 1149 3550 adversus
1197 3505 1272 3564 te,
1319 3497 1451 3568 quia
1501 3499 1807 3568 prmmittis

170 3585 472 3639 mulierem
512 3586 730 3640 Jezabel
757 3603 882 3658 quas
908 3605 968 3642 se
995 3589 1130 3643 dicit
1156 3591 1491 3661 prophetam
1519 3592 1721 3648 docere
1751 3599 1807 3649 e‘t

170 3678 444 3733 seducere
473 3696 662 3734 servos
681 3697 862 3749 meos,
879 3682 1145 3737 fornicari
1169 3688 1226 3737 et
1251 3686 1594 3740 manducare
1616 3691 1671 3741 et
1689 3687 1804 3742 ido-

171 3773 421 3844 lothytis,
447 3777 506 3827 et
531 3774 662 3828 dedi
679 3775 760 3828 illi
778 3778 1003 3847 tempus
1022 3781 1082 3831 ut
1097 3779 1492 3848 pcenitentiam
1513 3785 1727 3851 ageret,
1749 3785 1806 3837 et

170 3884 282 3921 non
335 3867 456 3921 vult
510 3869 786 3938 poenitere
835 3887 868 3924 a
915 3870 1288 3928 fornicatione
1334 3890 1455 3928 sua.
1510 3876 1647 3928 Ecce
1697 3891 1803 3946 ego

170 3960 334 4015 mitto
364 3977 489 4015 eam
520 3961 578 4014 in
616 3963 848 4031 lectum,
880 3968 937 4018 et
965 3965 1062 4035 qui
1091 3967 1448 4021 moechantur
1485 3984 1614 4022 cum
1649 3985 1717 4023 ea
1742 3969 1802 4023 in

171 4054 600 4110 tribulationem
619 4057 947 4127 maximam,
963 4058 1070 4112 nisi
1088 4059 1479 4130 paenitentiam
1497 4063 1718 4134 egerint
1731 4064 1801 4118 ab

168 4149 433 4220 operibus
459 4149 595 4217 suis,
625 4154 683 4205 et
701 4150 843 4205 ﬁlios
862 4152 910 4222 ej
922 4169 982 4206 us
1005 4151 1340 4208 interﬁciam
1360 4155 1418 4208 in
1439 4145 1803 4218 mortemu’fEt

167 4243 346 4298 scient
372 4260 568 4298 omnes
599 4244 879 4314 Ecclesiae,
905 4245 1038 4318 quia
1063 4263 1171 4318 ego
1194 4263 1320 4302 sum
1351 4251 1604 4303 scrutans
1627 4233 1801 4306 corda

167 4341 222 4391 et
276 4353 464 4405 renes,
519 4341 576 4392 et
624 4339 768 4393 dabo
822 4340 1134 4413 unicuique
1184 4347 1439 4397 vestrum
1487 4345 1798 4398 secundum

167 4447 344 4502 opera
368 4434 554 4486 vestra
579 4432 767 4502 (Apoc.
801 4451 860 4500 ιι,
899 4437 1108 4506 19-23).
1144 4458 1169 4484 ››
1202 4437 1352 4506 Hmc,
1382 4437 1606 4506 fratres,
1637 4438 1798 4492 valde

167 4525 417 4580 cavenda
459 4531 610 4596 sunt,
653 4532 708 4582 et
753 4533 1035 4600 prmoepta
1079 4531 1326 4599 Domini,
1367 4536 1536 4603 atque
1589 4537 1799 4588 sancte

1910 1994 2075 2048 licam
2120 2010 2348 2065 semper
2388 1994 2726 2049 referantur.
2755 1995 3036 2048 Caeterum
3066 1996 3394 2048 sanctorum
3435 1995 3537 2048 Pa-

1909 2093 2063 2143 trum
2089 2091 2300 2142 statuta
2330 2091 2634 2159 sequentes
2675 2087 2932 2159 synodali
2971 2087 3308 2142 auctoritate
3340 2104 3539 2142 omnes

1909 2184 2007 2254 qui
2037 2183 2302 2238 adversus
2341 2182 2533 2236 Patres
2578 2185 2897 2248 armantur,
2930 2185 2995 2236 ut
3037 2182 3268 2235 Patrum
3310 2181 3537 2236 invaso-

1909 2294 2000 2331 res
2030 2282 2087 2332 et
2111 2279 2448 2330 mactatores
2483 2275 2722 2330 infames
2765 2292 2883 2330 esse
2913 2291 3233 2345 censemus,
3267 2274 3538 2346 quoniam

1910 2388 1977 2425 ea
1994 2371 2228 2425 vulnera
2245 2386 2370 2440 quas
2390 2369 2653 2424 fomentis
2672 2385 2790 2424 non
2808 2373 3098 2435 sanantur,
3116 2369 3268 2422 ferro
3284 2369 3538 2423 abscindi

1909 2466 1992 2520 vel
2017 2464 2198 2519 curari
2218 2478 2446 2518 necesse
2467 2467 2568 2517 est.
2599 2462 2776 2529 Unde,
2811 2463 3034 2528 fratres,
3062 2466 3287 2516 cessent
3311 2461 3536 2533 injustas

1909 2558 2323 2622 aemulationes,
2355 2559 2577 2611 cessent
2598 2555 2837 2623 insidize,
2860 2559 3077 2610 cessent
3093 2556 3248 2610 falsae
3273 2556 3506 2610 crimina

1911 2654 2112 2718 tiones,
2137 2668 2207 2706 ne
2228 2651 2488 2704 inﬁrmus
2507 2649 2808 2720 quisquam
2836 2653 3067 2720 propter
3087 2665 3256 2720 quem
3283 2648 3537 2705 Christus

1908 2751 2170 2802 mortuus
2197 2747 2300 2814 est,
2323 2743 2531 2799 talibus
2551 2744 2832 2798 laceretur
2858 2741 3098 2808 insidiis,
3120 2758 3189 2796 ne
3211 2742 3328 2796 ovis
3352 2743 3535 2813 pretio

1907 2840 2107 2896 Christi
2131 2839 2427 2909 redempta
2444 2837 2653 2908 lupinis
2675 2853 2705 2890 a
2728 2837 2903 2890 fratre
2921 2836 3208 2890 saucietur
3229 2837 3536 2895 morsibus.

1907 2935 2101 2990 Merito
2121 2950 2257 3003 ergo
2278 2948 2448 2986 causa
2469 2948 2574 2985 nos
2594 2931 2845 3002 respicit,
2868 2931 2914 2984 si
2933 2929 3136 2984 talibus
3155 2928 3341 2985 favere
3362 2948 3538 3003 cmpe-

1906 3029 2103 3083 rimus.
2121 3023 2891 3098 Corripiantursempertalia
2903 3039 3007 3078 nec
3022 3023 3133 3077 illis
3145 3023 3242 3095 qui
3255 3024 3374 3079 haec
3386 3041 3538 3081 exer-

1908 3140 2036 3177 cere
2065 3125 2363 3190 conantur,
2392 3124 2491 3173 aut
2507 3116 2699 3190 272
2718 3117 2980 3172 Patribus
3000 3116 3087 3171 vel
3113 3116 3380 3173 fratribus
3407 3118 3541 3173 insi-

1909 3216 2141 3270 diantur
2178 3214 2354 3267 libere
2395 3212 2551 3283 loqui
2585 3211 2944 3283 concedatur,
2979 3213 3077 3263 aut
3114 3227 3216 3280 pro
3249 3211 3537 3268 voluntate

1908 3268 2094 3363 sermo
2110 3305 2351 3379 proferri
2369 3268 2533 3377 perin
2544 3268 2984 3390 ittaturlLiquet
2997 3303 3229 3358 omnino
3241 3305 3390 3376 quod
3407 3322 3539 3361 con-

1907 3403 2138 3456 niveant
2169 3401 2276 3454 illis
2298 3400 2397 3471 qui
2415 3398 2551 3452 talia
2572 3415 2664 3452 eos
2684 3397 2842 3468 loqui
2869 3397 3229 3468 permittunt,
3262 3399 3535 3468 quoniam

1905 3499 2226 3551 occurreret
2251 3493 2474 3560 veritas,
2499 3491 2544 3546 si
2571 3491 2789 3545 falsitas
2811 3494 2868 3544 et
2888 3491 3172 3544 calumnia
3193 3490 3533 3562 displiceret,

1905 3591 1988 3646 vel
2011 3589 2226 3644 odium.
2241 3587 2471 3642 Desinat
2489 3584 2889 3656 igiturfalsitas
2907 3583 3191 3638 incessere
3208 3585 3531 3653 veritatem;

1905 3684 2127 3739 desinat
2145 3681 2385 3754 suspicio
2402 3679 2687 3752 quzejuste
2705 3678 3001 3749 repellitur
3018 3677 3294 3748 insidiari,
3313 3679 3537 3734 desinat

1904 3781 2098 3836 odium
2113 3785 2169 3834 et
2180 3777 2477 3832 inimicitia
2489 3775 2752 3848 persequi
2764 3777 2951 3830 Patres
2961 3774 3050 3828 vel
3061 3775 3264 3830 fratres
3278 3793 3294 3845 ;
3316 3775 3536 3832 desinat

1905 3873 2268 3946 conspiratio,
2297 3888 2425 3943 quae
2458 3871 2529 3925 ab
2557 3869 2821 3925 omnibus
2864 3871 2951 3923 est
2977 3869 3351 3939 repudianda,
3384 3869 3531 3925 infe-

1905 3975 2050 4026 stare
2081 3967 2402 4040 magistros.
2436 3967 2649 4021 Horum
2676 3963 2852 4035 igitur
2877 3963 3146 4018 vitiorum
3170 3969 3431 4020 auctores
3444 3967 3532 4020 vel

1902 4066 2218 4136 patratores
2260 4078 2375 4116 non
2421 4065 2551 4115 sunt
2588 4060 2649 4114 in
2691 4057 3048 4114 accusatione
3074 4059 3409 4129 pontiﬁcum
3441 4076 3532 4116 re-

1902 4157 2169 4229 cipiendi,
2220 4156 2315 4211 sed
2357 4155 2586 4227 penitus
2623 4152 2962 4224 repellendi;
3009 4153 3284 4224 quoniam
3331 4155 3536 4224 jubent

1902 4251 2173 4305 canonica
2210 4251 2436 4305 decreta
2483 4250 2715 4301 Patrum
2763 4249 2823 4299 ut
2859 4245 3139 4300 accusatio
3163 4247 3248 4300 vel
3277 4248 3529 4302 testimo-

1900 4344 2063 4398 nium
2085 4360 2284 4398 eorum
2303 4341 2399 4413 qui
2429 4340 2558 4396 odio
2581 4339 2863 4411 quoslibet
2890 4339 3285 4409 insequuntur,
3314 4341 3400 4395 vel
3430 4341 3531 4413 qui

1902 4437 2114 4492 inimici
2130 4440 2228 4490 aut
2242 4434 2484 4506 suspecti
2495 4431 2963 4500 habentur,nullo
2979 4431 3148 4486 modo
3159 4432 3526 4504 recipiantur.

1901 4531 2156 4596 Quorum
2186 4531 2397 4584 statuta
2413 4531 2470 4582 et
2489 4544 2592 4582 nos
2621 4526 2910 4580 ﬁrmantes
2936 4526 3134 4581 eadem
3161 4527 3428 4582 omnibus
3447 4528 3532 4583 in-

163 4619 310 4673 sedis
339 4620 661 4689 apostolicae
692 4637 819 4692 quae
849 4623 967 4677 vice
996 4624 1221 4678 Domini
1248 4626 1532 4680 salvatoris
1557 4627 1796 4698 legatio-
1817 4632 1877 4704 D
1900 4624 2233 4679 violabiliter
2285 4621 2490 4676 futuris
2550 4620 2903 4691 temporibus
2960 4623 3151 4675 tenere
3208 4637 3525 4677 censemus.

164 4729 234 4767 ne
263 4712 542 4784 fungitur,
572 4714 812 4770 ﬁdeliter
836 4718 1232 4788 amplectenda
1258 4722 1314 4774 et
1340 4721 1690 4792 peragenda.
1718 4723 1796 4776 De

162 4809 391 4874 caetero,
425 4806 645 4878 fratres,
681 4825 852 4879 super
881 4810 1189 4881 provinciae
1220 4829 1387 4867 causa
1427 4814 1578 4869 unde
1605 4816 1794 4870 sedem

162 4901 532 4971 apostolicam
549 4901 765 4957 dudum
787 4906 1082 4959 consulere
1101 4904 1376 4972 voluistis,
1393 4907 1616 4963 videtur
1637 4909 1798 4964 nobis

162 4993 508 5048 sufﬁcienter
570 4998 879 5050 tractatum.
933 5015 966 5051 a
1020 4999 1228 5053 sanctis
1291 5001 1797 5071 praedecessoribns

161 5087 385 5142 nostris.
414 5088 520 5143 Sed
561 5089 696 5160 quia
735 5090 923 5146 denuo
959 5097 1216 5147 nostram
1247 5094 1694 5151 mediocritatem
1726 5098 1796 5152 de

161 5180 363 5236 eadem
391 5197 454 5236 re
495 5182 850 5255 interrogare
878 5185 1120 5258 dignum
1149 5187 1406 5256 duxistis,
1449 5189 1644 5245 scitote
1670 5206 1794 5245 cer-

159 5278 280 5329 tam
309 5275 658 5346 provinciam
678 5294 819 5348 esse,
851 5296 978 5350 qua:
1006 5281 1174 5336 habet
1201 5283 1399 5337 decem
1421 5284 1505 5337 vel
1529 5283 1795 5339 undecim

158 5369 434 5436 civitates,
480 5374 536 5425 et
583 5388 758 5426 unum
790 5390 1005 5445 regem,
1053 5381 1109 5430 et
1149 5377 1384 5432 totidem
1423 5377 1673 5432 minores
1701 5396 1797 5449 po-

157 5467 389 5518 testates
416 5463 518 5518 sub
549 5482 627 5535 se,
657 5470 714 5521 et
743 5484 922 5522 unum
949 5469 1284 5542 episcopum
1313 5471 1564 5542 aliosque
1594 5471 1792 5525 suffra-

158 5560 383 5628 gatores
425 5557 623 5614 decem
668 5561 754 5616 vel
797 5562 1065 5617 undecim
1114 5565 1408 5636 episcopos
1450 5565 1691 5636 judices,
1723 5545 1830 5621 adi

156 5667 406 5722 quorum
430 5651 712 5722 judicium
737 5672 936 5710 omnes
966 5673 1150 5711 causa:
1171 5659 1593 5730 episcoporum,
1619 5663 1676 5713 et
1713 5676 1795 5713 re-

154 5744 448 5815 liquorum
477 5748 834 5804 sacerdotum
855 5768 918 5805 ac
939 5750 1226 5806 civitatum
1248 5769 1432 5808 causae
1454 5754 1792 5821 referantur,

154 5843 222 5892 ut
254 5838 326 5892 ab
360 5839 447 5893 his
473 5842 737 5897 omnibus
757 5844 911 5914 juste
951 5861 1196 5900 consona
1220 5863 1353 5901 voce
1382 5847 1794 5915 discernantur,

155 5931 269 5986 nisi
301 5931 371 5986 ad
401 5933 674 6006 majorem
700 5938 1089 5994 auctoritatem
1112 5939 1283 5994 fuerit
1313 5939 1381 5994 ab
1412 5941 1498 5995 his
1524 5942 1621 6013 qui
1638 5939 1794 6012 judi-

1900 4716 2186 4790 Quidquid
2215 4721 2404 4771 autem
2435 4731 2605 4787 super
2648 4715 2756 4768 hac
2786 4730 2958 4768 causa
2984 4715 3179 4769 Patres
3219 4715 3393 4769 nostri
3427 4716 3524 4771 de-

1899 4811 2246 4880 cernendum
2275 4810 2485 4864 duxere
2505 4808 2747 4879 dignum
2767 4810 2833 4861 ut
2853 4807 3138 4876 condecet,
3169 4824 3398 4864 necesse
3421 4813 3527 4880 est,

1898 4923 2026 4961 cum
2074 4877 2428 4969 labefactari,
2476 4877 2888 4955 vel'inﬁrmari
2933 4901 3168 4971 coeperit
3216 4877 3529 4973 apostolica

1900 5001 2084 5056 denuo
2123 4996 2458 5053 auctoritate
2493 4995 2713 5049 ﬁrmari
2741 5011 2805 5048 ac
2841 4994 3105 5048 renovari
3143 4994 3528 5067 fratribusque

1899 5095 2036 5150 dari.
2065 5096 2201 5148 Data
2227 5091 2460 5146 Kalend.
2491 5089 2696 5157 Martii,
2737 5087 3044 5144 indictione
3075 5093 3155 5143 15.
3403 5095 3491 5200 4

1898 5215 2048 5271 Item,
2090 5209 2314 5281 epistola
2356 5206 2578 5281 secundi
2617 5205 2828 5281 Pelagii
2863 5220 3025 5281 papa
3067 5206 3304 5273 Benigno
3349 5208 3529 5263 archi-

2170 5283 2432 5351 episcopo,
2463 5278 2529 5332 de
2559 5279 2854 5332 mutatione
2872 5278 3256 5346 episcoporum.

1970 5374 2341 5431 Dilectissimo
2357 5371 2516 5427 fratri
2537 5371 2784 5425 BENIGNO
2803 5369 3233 5440 archiepiscopo
3259 5372 3528 5428 PELAGIUS

1899 5470 2212 5541 episcopus.

1969 5562 2148 5618 Lectis
2202 5559 2577 5616 fraternitatis
2626 5564 2739 5614 tua),
2794 5557 3031 5623 litteris,
3093 5557 3344 5629 vigorem
3400 5559 3533 5614 ﬁdei

1901 5661 2033 5723 tuae,
2062 5673 2233 5727 quem
2262 5655 2478 5709 dudum
2513 5669 2876 5720 noveramus,
2907 5651 3259 5721 agnovimus,
3291 5669 3529 5724 congra-

1899 5749 2143 5804 tulantes
2173 5747 2460 5802 dilectioni
2488 5751 2601 5802 tuae
2632 5747 2807 5819 quod,
2839 5745 2908 5800 ad
2936 5743 3372 5799 custodiendum
3400 5762 3528 5818 gre-

1903 5861 2030 5916 gem
2071 5841 2300 5909 Christi,
2335 5841 2677 5910 pastoralem
2725 5856 2918 5894 curam
2965 5839 3260 5911 vigilanter
3305 5839 3530 5913 impen-

1901 5937 2006 6007 dis,
2037 5941 2092 5992 et
2111 5952 2214 6008 pro
2237 5933 2338 5989 tibi
2366 5933 2602 5988 subditis
2631 5933 2902 5988 sollicitus
2929 5933 3142 5990 existis.
3167 5934 3249 5990 Ad
3280 5939 3534 5994 nostram
