4040 6344
440 377 572 432 1095

1333 371 1615 426 APPEND.
1659 369 1746 425 AD
1785 369 1946 426 S.‘EC.
1991 371 2078 425 1X.
2107 399 2174 410 -—-
2211 369 2456 424 ISIDORI
2492 363 2915 426 MERCATOBJS

3664 367 3800 418 1096

436 483 588 540 enim
635 481 888 536 laetitiam
923 485 978 536 et
1011 480 1309 534 benefacta
1334 479 1692 551 perveniunt,
1722 483 1778 533 et
1803 479 1849 534 si
1876 479 2068 549 aliqua
2090 490 2148 563 Α
2167 481 2276 533 Aut
2293 479 2417 550 quis
2438 493 2696 548 unquam
2722 478 2906 548 potest
2921 473 3243 545 approbare
3263 476 3521 546 sanctum
3541 488 3658 526 non
3678 488 3804 526 esse

435 592 598 630 secus
627 591 802 646 quam
852 577 1076 644 Oportet
1114 573 1500 644 provenerint,
1530 590 1647 628 non
1692 572 1916 627 modico
1963 589 2068 626 nos

439 686 680 724 maerore
731 668 1088 722 conturbant.
1139 669 1397 737 Magnam
1437 667 1587 721 enim
1618 666 2066 738 gratulationem

436 764 622 818 divina
649 761 905 816 concedit
951 761 1151 832 gratia,
1179 761 1406 832 quando
1450 761 1646 815 tribuit
1673 761 1823 814 inter
1856 776 1956 813 nos
1983 777 2064 813 sa-

437 855 633 912 lutaris
694 854 1004 925 disciplima
1057 871 1322 909 normam
1388 853 1590 908 litteris
1651 855 1950 922 conferre,
2017 859 2071 907 et

436 949 734 1021 provenire
781 949 854 1002 ad
898 948 1267 1018 paciﬁcorum
1313 947 1500 1002 studia
1547 947 1681 1002 facit
1737 949 2066 1019 praeoptata.

438 1043 621 1114 Exigit
659 1059 794 1113 ergo
820 1041 1043 1096 dilectio
1073 1047 1171 1097 tua
1199 1042 1454 1096 consulta
1481 1041 1626 1096 sedis
1653 1041 1995 1113 apostolicae,
2027 1040 2070 1094 si

438 1137 654 1192 licitum
678 1136 828 1191 foret
853 1136 1181 1206 episcopum
1208 1135 1449 1191 transire
1470 1139 1570 1190 aut
1594 1135 1802 1190 mutari
1834 1136 1902 1190 de
1935 1135 2066 1189 civi-

437 1227 551 1285 tate
580 1230 647 1284 ad
677 1229 978 1298 civitatem,
1003 1229 1141 1283 dum
1164 1229 1397 1300 quidam
1421 1246 1684 1296 canones,
1715 1233 1777 1283 ut
1802 1228 1904 1283 tibi
1925 1228 2072 1283 vide-

439 1329 550 1390 tur,
588 1322 694 1376 hoc
727 1321 850 1376 ﬁeri
879 1321 1241 1392 prohibeant.
1278 1321 1618 1392 Signiﬁcasti
1659 1321 1830 1376 etiam
1873 1320 2072 1376 litteris

439 1417 548 1470 tuis
576 1416 884 1488 quemdam
914 1416 1176 1482 fratrum,
1206 1415 1439 1470 nomine
1471 1421 1527 1469 et
1551 1420 1679 1470 actu
1716 1415 1812 1470 Dei
1840 1415 2073 1470 Servum

439 1527 603 1565 causa
627 1509 887 1564 utilitatis
913 1515 969 1563 te
995 1509 1135 1563 velle
1154 1512 1376 1563 mutare
1404 1508 1462 1562 in
1494 1509 1679 1563 locum
1710 1513 1765 1564 et
1789 1508 2071 1563 civitatem

446 1603 716 1669 defuncti,
733 1602 861 1657 licet
887 1602 1120 1673 quidam
1137 1601 1326 1656 dicant
1348 1602 1460 1656 hoc
1485 1602 1606 1657 fieri
1631 1619 1744 1656 non
1771 1602 1938 1656 licere
1963 1601 2074 1656 nisi

405 1681 782 1777 [consensum
811 1695 1135 1766 apostolicae
1178 1695 1324 1751 sedis
1361 1695 1673 1750 habuisses.
1722 1697 2074 1766 Quapropter

441 1791 602 1859 scias,
633 1791 805 1844 frater
833 1788 1218 1856 dilectissime,
1263 1788 1417 1843 aliud
1448 1805 1567 1843 esse
1605 1806 1831 1844 causam
1875 1805 2070 1843 neces-

2168 572 2574 640 Alexandrum,
2623 571 2719 642 qui
2766 569 3219 639 Hierosolymam
3262 567 3331 622 de
3363 567 3539 620 altera
3578 565 3803 620 civitate

2173 667 2476 721 translatus
2523 669 2636 730 est;
2686 669 2786 718 aut
2821 667 3077 717 sanctum
3114 661 3453 732 Gregorium
3498 659 3799 714 Nazianze-

2172 778 2330 827 num,
2360 759 2456 830 qui
2506 759 2564 812 in
2607 757 2875 812 Nazianzo
2915 755 3248 810 constitutus
3274 758 3377 824 est,
3407 757 3509 808 aut
3536 759 3800 808 sanctum

2169 855 2427 909 Proclum
2445 853 2541 924 qui
2559 853 2628 906 de
2646 853 2841 922 Cyzico
2857 850 3154 905 translatus
3173 855 3229 904 et
3245 846 3801 919 Constantinopolim

2172 949 2542 1004 intronizatus
2569 946 2696 1001 est?
2723 947 2844 1000 Non
2869 961 3005 1016 ergo
3023 944 3168 998 bene
3189 943 3519 1014 intelligunt
3545 940 3805 997 ecclesia-

2171 1043 2334 1097 sticas
2363 1041 2584 1112 regulas
2610 1040 2707 1111 qui
2733 1041 2840 1094 hoc
2867 1042 3082 1109 negant
3109 1054 3278 1092 causa
3302 1036 3561 1091 utilitatis
3585 1038 3686 1090 aut
3708 1052 3806 1088 ne-

2172 1136 2444 1191 cessitatis
2487 1135 2613 1189 ﬁeri
2649 1151 2837 1205 posse,
2868 1133 3089 1205 quoties
3117 1131 3440 1186 communis
3469 1129 3678 1185 utilitas
3705 1142 3807 1182 aut

2172 1229 2474 1286 necessitas
2521 1227 2884 1300 persuaserit.
2935 1226 3166 1281 Nullum
3193 1225 3345 1281 enim
3373 1241 3441 1280 ex
3474 1224 3584 1292 his,
3610 1228 3709 1277 aut
3737 1239 3804 1274 ex

2174 1324 2317 1390 aliis,
2346 1324 2444 1395 qui
2460 1322 2681 1377 meliori
2704 1320 2936 1376 consilio
2960 1324 3321 1376 mutaverunt
3339 1318 3591 1374 civitates
3614 1333 3808 1371 neces-

2173 1419 2335 1473 sitate
2382 1417 2635 1488 quadam
2677 1417 2764 1470 vel
2810 1414 3045 1470 utilitate
3091 1413 3485 1482 ecclesiastica,
3518 1414 3617 1466 aut
3659 1411 3805 1464 laica

2175 1512 2600 1578 communione,
2639 1526 2832 1565 carere
2862 1509 3206 1580 reperimus;
3244 1524 3348 1562 nec
3385 1506 3667 1561 ullatenus
3697 1520 3802 1558 un-

2174 1623 2346 1678 quam
2371 1605 2494 1659 ﬁeri
2534 1603 2722 1658 debet.
2752 1602 3041 1658 Sententia
3069 1619 3222 1670 vero,
3253 1618 3380 1672 quae
3407 1601 3468 1654 in
3496 1599 3804 1655 Antioche-

2173 1717 2248 1755 no
2281 1699 2516 1754 concilio
2557 1698 2822 1765 habetur,
2860 1702 2924 1752 ut
2967 1697 3264 1768 episcopus
3289 1695 3359 1750 ab
3389 1695 3498 1748 alia
3532 1692 3809 1764 parochia

2176 1809 2545 1864 nequaquam
2573 1791 2783 1862 migret
2801 1791 2870 1845 ad
2893 1792 3086 1858 aliam,
3115 1795 3234 1844 tota
3259 1794 3431 1860 atque
3450 1804 3647 1842 omnes
3669 1803 3804 1841 sen-

442 1884 618 1939 sitatis
657 1889 712 1937 et
749 1883 1028 1949 utilitatis,
1061 1887 1117 1937 et
1156 1883 1305 1937 aliud
1344 1899 1569 1936 causam
1613 1867 2150 1954 praesumptionisB
2175 1889 2364 1943 tentia:
2400 1888 2468 1941 de
2509 1903 2573 1940 ea
2618 1903 2678 1940 re
2715 1886 2830 1940 vim
2870 1885 3130 1956 superius
3159 1884 3630 1954 comprehensam
3663 1881 3805 1935 reti-

446 1983 502 2032 et
539 1977 780 2048 propriae.
813 1976 1134 2030 voluntatis.
1182 1977 1306 2030 Non
1345 1993 1482 2047 ergo
1528 1979 1711 2030 mutat
1749 1977 1945 2031 sedem
1976 1975 2072 2048 qui

443 2087 560 2125 non
587 2075 769 2125 mutat
798 2073 1072 2138 mentem,
1097 2069 1153 2123 id
1193 2073 1296 2137 est,
1337 2070 1436 2142 qui
1461 2087 1572 2124 non
1602 2087 1771 2125 causa
1801 2070 2070 2137 avaritiae,

444 2170 542 2220 aut
584 2163 1002 2230 dominationis,
1051 2168 1148 2218 aut
1195 2163 1441 2234 propriae
1491 2163 1814 2233 voluntatis,
1844 2165 1932 2218 vel
1958 2180 2074 2217 suae

443 2257 731 2314 electionis
759 2257 968 2328 migrat
992 2258 1060 2312 de
1088 2257 1312 2311 civitate
1340 2257 1411 2311 ad
1439 2257 1746 2328 civitatem,
1779 2258 1880 2312 sed
1910 2273 2075 2312 causa

447 2352 791 2407 necessitatis
817 2355 915 2405 aut
940 2351 1200 2405 utilitatis
1227 2353 1504 2406 mutatur.
1534 2353 1671 2405 Nam
1691 2351 2074 2422 plurimorum

448 2445 657 2500 utilitas
695 2445 865 2499 unius
907 2443 1135 2498 utilitati
1162 2449 1260 2499 aut
1287 2445 1566 2499 voluntati
1592 2445 1947 2516 praeferenda
1971 2448 2072 2498 est.

443 2539 606 2593 Aliud
635 2542 717 2592 est
743 2538 899 2592 enim
927 2543 1168 2606 mutare,
1202 2537 1354 2592 aliud
1382 2538 1612 2607 mutari,
1637 2538 1781 2593 sicut
1817 2537 1974 2592 aliud
1994 2540 2078 2592 est

445 2633 791 2702 ministrare,
831 2637 890 2687 et
933 2631 1087 2686 aliud
1129 2631 1458 2687 ministrari.
1506 2633 1663 2687 Unde
1707 2631 1976 2686 Dominus
2017 2631 2076 2685 in

442 2726 745 2797 Evangelio
765 2726 1036 2797 loquitur,
1065 2725 1288 2781 dicens:
1317 2748 1342 2775 ‹‹
1367 2727 1488 2780 Non
1504 2725 1636 2780 veni
1658 2725 1964 2780 ministrari
1981 2724 2078 2779 sed

446 2820 772 2874 ministrare
795 2819 1011 2889 (Matth.
1033 2837 1122 2887 xx,
1151 2823 1260 2890 28).
1283 2841 1310 2869 »
1335 2821 1496 2884 Quod
1517 2820 1672 2875 enim
1688 2820 1748 2874 in
1766 2819 2078 2874 canonibus

445 2914 652 2984 legitur
680 2930 793 2967 non
814 2913 1018 2968 debere
1037 2914 1362 2985 episcopum
1380 2914 1448 2968 de
1467 2914 1690 2969 civitate
1704 2915 1773 2968 ad
1793 2913 2078 2968 civitatem

444 3008 684 3063 transire
712 3007 795 3060 vel
825 3007 1140 3073 transferri,
1173 3025 1286 3061 non
1315 3008 1384 3062 de
1412 3008 1500 3061 his
1531 3007 1759 3074 dicitur,
1780 3007 1890 3078 'qui
1911 3011 2008 3060 aut
2027 3007 2080 3060 vi

446 3101 679 3172 expulsi,
712 3105 808 3155 aut
833 3101 1162 3156 necessitate
1191 3101 1385 3168 coacti,
1415 3103 1514 3154 aut
1537 3101 1869 3155 auctoritate
1897 3101 2075 3170 majo-

447 3211 577 3249 rum
591 3195 694 3248 hoc
707 3197 904 3265 agunt,
924 3194 1018 3248 sed
1040 3194 1107 3248 de
1125 3194 1234 3261 his,
1255 3193 1353 3266 qui
1369 3193 1618 3250 avaritia)
1639 3193 1840 3249 ardore
1861 3193 2080 3248 inﬂam—

447 3288 585 3344 mati
611 3293 810 3360 sponte
829 3305 928 3342 sua
945 3287 1266 3359 prosiliunt,
1289 3293 1344 3343 et
1370 3288 1558 3360 potius
1585 3287 1884 3342 ambitioni
1907 3304 2079 3359 quam

446 3382 676 3438 utilitati
699 3382 960 3436 Ecclesiae
979 3382 1207 3448 servire,
1237 3386 1293 3436 et
1319 3385 1381 3436 ut
1409 3381 1859 3436 dominationem
1883 3385 2076 3452 agant,

447 3477 702 3532 insistere
751 3477 1004 3547 cupiunt.
1059 3475 1215 3530 Unde
1264 3480 1318 3530 et
1362 3475 1420 3530 in
1468 3476 1731 3547 subjectis
1769 3475 2081 3530 canonibus

447 3570 774 3626 continetur
807 3587 819 3624 :
853 3570 909 3625 Si
940 3569 1148 3640 aliquis
1176 3569 1459 3625 exstiterit
1478 3571 1834 3638 temerarius,
1857 3570 1952 3641 qui
1973 3570 2082 3624 for-

447 3665 597 3719 sitan
624 3664 1045 3719 excusationem
1074 3663 1273 3719 afferat
1291 3664 1441 3736 quod
1462 3663 1665 3736 populi
1685 3664 1901 3719 litteras
1931 3680 2084 3718 acce-

451 3759 616 3831 perit,
646 3763 702 3814 et
729 3745 855 3813 ideo
878 3757 1231 3829 migraverit,
1267 3758 1405 3812 dum
1432 3757 1804 3813 manifestum
1832 3757 1904 3812 sit
1933 3774 2080 3829 prae-

447 3853 564 3908 mio
591 3857 647 3906 et
675 3852 937 3906 mercede
966 3868 1170 3922 paucos
1198 3852 1295 3923 qui
1324 3852 1605 3907 sinceram
1637 3852 1810 3906 ﬁdem
1836 3868 1951 3906 non
1979 3852 2080 3906 ha-

451 3948 604 4013 bent,
635 3945 882 4016 potuisse
912 3944 1220 4015 corrumpi,
1270 3950 1331 3999 ut
1374 3946 1685 4000 clamarent
1719 3945 1778 4000 in
1817 3945 2081 4012 Ecclesia,

452 4042 508 4094 et
540 4039 727 4108 ipsum
758 4043 951 4109 petere
979 4037 1329 4107 viderentur,
1364 4038 1595 4092 omnino
1624 4039 1726 4092 has
1755 4038 1984 4093 fraudes
2005 4055 2086 4093 re-

453 4132 760 4186 movendas
803 4147 923 4186 esse
969 4131 1408 4208 censemus.\His
1434 4132 1618 4186 verbis
1644 4134 1699 4186 et
1729 4131 1851 4186 aliis
1894 4133 2087 4187 multis

455 4226 735 4298 exemplis
761 4225 940 4298 liquet
969 4243 1083 4280 non
1107 4225 1177 4280 de
1202 4225 1288 4278 his
1309 4224 1516 4293 dicere,
1546 4230 1609 4280 ut
1627 4227 1797 4298 paulo
1827 4227 2086 4298 superius

453 4320 814 4393 praelibatum
842 4322 946 4389 est,
976 4319 1074 4392 qui
1099 4319 1248 4390 pulsi
1275 4323 1372 4374 aut
1404 4335 1518 4374 non
1549 4320 1760 4392 recepti
1788 4338 1821 4375 a
1850 4320 2083 4391 civibus,

455 4416 540 4472 vel
585 4434 618 4470 a
663 4415 1119 4487 quibuscunque,
1163 4416 1262 4468 aut
1312 4414 1646 4470 necessitate
1688 4421 1951 4487 cogente,
1998 4417 2086 4469 vel

457 4509 794 4564 auctoritate
823 4508 1110 4579 majorum
1132 4511 1429 4563 transeunt
1455 4508 1523 4563 de
1548 4508 1770 4564 civitate
1789 4509 1861 4563 ad
1892 4509 2083 4565 civita-

2101 3239 2155 3314 C

2177 1986 2336 2048 nent,
2371 1984 2425 2034 et
2470 1979 2613 2034 nihil
2650 1984 2958 2050 prestaxato
2987 1978 3156 2032 modo
3189 1975 3654 2031 translationibus
3680 1975 3806 2045 epi-

2174 2090 2479 2145 scoporum
2498 2073 2657 2140 actis,
2681 2076 2780 2127 aut
2799 2071 3037 2142 agendis
3065 2073 3292 2137 nocent,
3317 2069 3414 2124 sed
3433 2069 3616 2140 magis
3633 2068 3811 2122 robur

2175 2168 2255 2223 eis
2271 2185 2335 2222 ac
2358 2168 2572 2222 donum
2591 2165 2888 2221 Salvatoris
2911 2182 3038 2236 quae
3063 2181 3262 2219 omnes
3286 2163 3589 2218 canonicos
3615 2177 3812 2232 super-

2176 2263 2379 2318 exaltat
2408 2261 2600 2328 libros,
2632 2260 3029 2314 auctoritatem
3072 2261 3362 2330 praestant.
3407 2258 3566 2312 Tales
3608 2259 3809 2310 autem

2175 2356 2514 2428 quzestiones
2541 2354 2725 2424 magis
2751 2371 2821 2408 ex
2849 2353 3060 2407 invidia
3088 2369 3260 2423 quam
3294 2369 3364 2406 ex
3393 2350 3664 2405 charitate
3710 2352 3814 2402 aut

2175 2451 2414 2506 utilitate
2433 2449 2588 2502 nasci
2602 2448 2887 2516 videntur,
2904 2463 3032 2502 cum
3053 2447 3173 2517 ipsa
3195 2462 3298 2517 per
3317 2463 3373 2499 se
3390 2446 3601 2499 Veritas
3623 2444 3773 2498 dicat
3796 2461 3807 2496 :

2183 2567 2207 2593 ‹‹
2236 2545 2293 2599 Si
2320 2561 2414 2598 vos
2439 2542 2724 2614 persecuti
2751 2541 2961 2596 fuerint
2986 2541 3044 2594 in
3078 2556 3253 2594 unam
3286 2538 3593 2604 civitatem,
3628 2538 3812 2608 fugite

2177 2640 2237 2693 in
2293 2637 2466 2692 aliam
2524 2635 2739 2709 (Matth.
2785 2652 2838 2702 x,
2889 2636 2998 2704 23),
3042 2655 3068 2684 »
3112 2639 3168 2689 et
3211 2633 3445 2704 reliqua.
3491 2632 3628 2686 Huic
3668 2648 3812 2702 ergo

2179 2732 2474 2788 sententia:
2505 2730 2694 2784 nullus
2720 2729 3127 2784 catholicorum
3151 2743 3396 2798 usquam
3419 2724 3812 2780 contradicere

2178 2829 2385 2898 potest,
2417 2841 2546 2896 quae
2572 2841 2687 2878 non
2715 2823 2945 2877 alterius
2975 2821 3072 2876 sed
3100 2821 3274 2892 ipsius
3315 2819 3549 2891 proprio
3577 2819 3818 2874 Domini

2179 2937 2276 2975 ore
2326 2919 2574 2992 prolata,
2633 2920 2689 2971 et
2736 2916 2961 2971 ﬁrmata
3014 2933 3135 2970 esse
3189 2914 3559 2984 dignoscitur.
3609 2914 3712 2968 Cui
3768 2913 3816 2965 si

2180 3014 2382 3085 aliquis
2406 3011 2826 3078 contradixerit,
2863 3028 2975 3065 non
3003 3009 3187 3064 solum
3219 3008 3480 3074 extorris,
3512 3007 3602 3061 sed
3634 3007 3815 3062 etiam

2180 3107 2686 3162 anathematizatus
2729 3105 2799 3158 ab
2844 3103 3090 3158 Ecclesia
3139 3104 3402 3174 pellatur.
3432 3103 3497 3156 Et
3541 3101 3818 3154 Dominus

2182 3204 2240 3257 in
2268 3200 2567 3271 Evangelio
2595 3199 2735 3254 alias
2772 3199 2907 3253 dicit
2935 3216 2948 3252 :
2985 3220 3010 3247 ‹‹
3041 3197 3198 3251 Beati
3222 3196 3319 3267 qui
3354 3194 3817 3267 persecutionem

2181 3297 2476 3368 patiuntur
2504 3299 2736 3365 propter
2775 3292 3053 3363 justitiam
3089 3291 3304 3361 (Matth.
3341 3306 3394 3356 v,
3439 3289 3542 3360 lO).
3575 3310 3601 3337 »
3635 3288 3695 3343 Si
3721 3304 3819 3342 eos

2180 3390 2459 3445 Dominus
2482 3389 2678 3442 beatos
2707 3386 2863 3456 dicit,
2895 3386 2993 3457 qui
3020 3383 3474 3456 persecutionem
3518 3382 3821 3453 patiuntur

2181 3489 2413 3556 propter
2447 3481 2749 3554 justitiam,
2802 3479 2927 3551 quis
2971 3495 3064 3533 eos
3110 3479 3378 3534 damnare
3413 3477 3635 3548 potest?
3676 3478 3746 3531 Et
3773 3476 3816 3529 si

2181 3579 2302 3650 ipse
2326 3578 2394 3632 de
2423 3577 2645 3631 civitate
2672 3575 2744 3629 ad
2770 3574 3074 3644 civitatem,
3097 3577 3334 3645 propter
3361 3570 3819 3643 persecutionem

2182 3673 2381 3743 fugere
2415 3671 2700 3742 praecepit,
2747 3669 2876 3739 quis
2923 3684 3016 3722 eos
3061 3667 3361 3721 detrahere
3398 3670 3495 3720 aut
3537 3665 3821 3719 damnare

2179 3743 2487 3837 [propterea
2515 3764 2683 3818 audet
2724 3763 2808 3816 vel
2851 3765 3056 3832 potest,
3091 3763 3239 3832 quod
3284 3759 3466 3815 verbis
3510 3758 3823 3813 Dominicis

2184 3857 2619 3931 obtemperant?
2663 3857 2916 3911 Profecto
2953 3855 3040 3908 his
3065 3854 3162 3926 qui
3205 3853 3546 3908 contradicit
3587 3855 3688 3906 aut
3725 3868 3819 3906 re-

2186 3955 2348 4020 sistit,
2377 3953 2625 4024 seipsum
2667 3951 2915 4017 damnat,
2947 3949 3076 4020 quia
3114 3948 3198 4002 ori
3243 3947 3467 4003 Domini
3493 3949 3822 4013 contumax,

2186 4053 2242 4104 et
2280 4046 2613 4102 inobediens
2657 4044 2892 4098 exsistit.
2923 4042 3085 4098 Unde
3129 4046 3187 4096 et
3223 4042 3346 4114 ipsa
3379 4057 3480 4112 per
3514 4058 3574 4095 se
3603 4040 3825 4096 Veritas

2187 4141 2324 4196 dicit
2351 4157 2364 4196 :
2400 4162 2427 4189 ‹‹
2452 4140 2588 4204 Quis
2609 4155 2676 4194 ex
2695 4138 2854 4193 vobis
2883 4140 3088 4208 arguet
3113 4153 3207 4191 me
3237 4138 3306 4191 de
3330 4135 3606 4207 peccato?
3633 4134 3688 4189 Si
3719 4150 3823 4187 ve-

2186 4236 2412 4290 ritatem
2445 4233 2588 4303 dico,
2623 4248 2800 4304 quare
2829 4249 2926 4286 vos
2965 4247 3080 4285 non
3122 4229 3350 4284 creditis
3375 4229 3564 4283 mihi?
3611 4227 3720 4292 Qui
3755 4244 3827 4282 ex

2189 4331 2302 4385 Deo
2333 4333 2436 4396 est,
2464 4328 2634 4382 verba
2661 4326 2760 4382 Dei
2790 4325 2970 4381 audit.
3002 4327 3309 4396 Propterea
3329 4341 3426 4378 vos
3446 4339 3564 4376 non
3591 4320 3824 4389 auditis,

2189 4425 2325 4496 quia
2345 4441 2409 4479 ex
2438 4423 2551 4477 Deo
2577 4438 2692 4476 non
2723 4420 2854 4475 estis
2876 4419 3086 4490 (Joa-nn.
3120 4435 3232 4486 vui,
3257 4419 3344 4486 46,
3374 4419 3480 4485 47).
3515 4436 3543 4468 »
3577 4415 3828 4471 Omnino

2191 4539 2219 4571 «
2246 4520 2473 4590 oportet
2495 4519 2608 4571 Deo
2635 4514 2872 4570 obedire
2892 4513 3020 4584 plus
3039 4529 3213 4584 quam
3242 4510 3567 4566 hominibus
3596 4509 3742 4579 (Act.
3771 4526 3826 4576 v,

457 4609 593 4680 tem,
625 4603 723 4657 sed
744 4603 814 4656 de
832 4603 920 4656 his
941 4603 1039 4673 qui
1057 4607 1254 4673 sponte
1282 4601 1604 4673 prosiliunt,
1633 4607 1731 4657 aut
1755 4605 2089 4658 temeritatis
2107 4616 2167 4688 D
2189 4608 2299 4679 29);
2337 4629 2363 4656 ››
2407 4610 2464 4661 et
2503 4606 2710 4661 idcirco
2736 4603 2887 4676 quod
2920 4603 3032 4657 Deo
3060 4601 3378 4669 obedimus,
3407 4600 3477 4654 de
3507 4599 3731 4654 civitate
3759 4599 3836 4653 ad

420 4683 429 4735 Ῑ
456 4701 554 4752 aut
581 4696 905 4751 ambitionis
948 4713 1117 4750 causa
1160 4697 1270 4750 hoc
1315 4696 1550 4752 faciunt.
1584 4699 1726 4751 Nam
1753 4703 1808 4752 et
1828 4697 1977 4752 aliud
2007 4703 2093 4752 est

458 4795 644 4845 coacte
676 4794 776 4845 aut
802 4790 1126 4845 necessitate
1153 4790 1377 4856 venire;
1413 4791 1564 4845 unde
1597 4809 1710 4846 non
1750 4792 1843 4846 isti
1869 4793 2094 4846 mutant

459 4885 733 4954 civitates,
761 4884 860 4938 sed
885 4889 1202 4953 mutantur,
1233 4885 1368 4956 quia
1400 4901 1514 4939 non
1546 4890 1746 4955 sponte
1777 4886 1874 4940 sed
1903 4888 2094 4940 coacte

459 4980 568 5035 hoc
596 4983 791 5049 agunt.
815 4978 946 5042 Quis
977 4978 1129 5032 enim
1148 4995 1406 5050 unquam
1430 4979 1599 5033 audet
1624 4979 1810 5034 dicere
1838 4983 2093 5034 sanctum

459 5075 688 5127 Petrum
734 5072 1122 5143 apostolorum
1167 5072 1486 5144 principem
1536 5090 1654 5127 non
1696 5073 1840 5128 bene
1891 5074 2090 5145 egisse,

463 5166 691 5238 quando
714 5167 955 5221 mutavit
980 5168 1176 5222 sedem
1199 5166 1270 5220 de
1290 5165 1586 5220 Antiochia
1602 5166 1660 5221 in
1678 5167 1964 5222 Romam?
1984 5171 2094 5222 Aut

460 5259 587 5332 quis
608 5277 740 5314 eum
763 5265 934 5330 negat
955 5261 1024 5315 ob
1043 5261 1102 5315 id
1129 5265 1388 5316 sanctum
1415 5277 1533 5316 non
1561 5277 1701 5328 esse,
1729 5265 1827 5316 aut
1852 5263 2095 5334 dignita-

459 5361 597 5422 tem,
621 5359 720 5409 aut
745 5355 1015 5409 meritum
1042 5372 1298 5425 unquam
1327 5356 1672 5426 apostolatus
1698 5360 1817 5411 tam
1841 5357 1900 5411 in
1941 5359 2094 5413 coelis

459 5465 632 5521 quam
664 5448 722 5501 in
767 5449 931 5503 terris
958 5449 1312 5520 perdidisse?
1343 5452 1453 5503 Aut
1491 5449 1616 5520 quis
1661 5454 1831 5520 negat
1874 5458 2094 5508 sanctos

464 5561 580 5599 non
607 5559 728 5597 esse
756 5544 964 5597 multos
983 5544 1120 5597 alios
1141 5543 1452 5614 episcopos,
1476 5543 1573 5615 qui
1591 5545 1660 5599 de
1684 5545 2002 5602 civitatibus
2021 5547 2093 5602 ad

460 5637 713 5692 civitates
734 5635 991 5691 translati
1009 5642 1160 5703 sunt,
1177 5641 1276 5691 aut
1301 5638 1570 5693 meritum
1591 5641 1949 5710 pontificatus
1969 5659 2102 5713 per-~

460 5731 704 5785 didisse?
749 5731 1008 5794 Quorum
1056 5731 1289 5784 nomina
1335 5732 1382 5786 si
1425 5734 1694 5804 coeperim
1735 5751 2090 5805 enumerare,

465 5825 597 5876 ante
629 5823 748 5876 dies
786 5823 1127 5893 pertransiet
1164 5839 1335 5893 quam
1367 5826 1490 5881 haec
1518 5829 1714 5882 omnia
1742 5830 2093 5885 conscribere

461 5930 710 5987 possem,
743 5919 799 5968 et
836 5916 1108 5986 prolixior
1133 5917 1237 5972 erit
1281 5920 1509 5990 epistola
1539 5938 1710 5993 quam
1741 5940 1967 5977 necesse
2001 5924 2088 5977 sit.

2193 4702 2500 4769 civitatem,
2539 4701 2660 4772 ipso
2696 4697 3084 4772 praecipiente,
3116 4694 3527 4768 persecutionis
3551 4710 3739 4762 causa,
3773 4692 3833 4746 id

2193 4800 2296 4863 est,
2327 4794 2693 4863 necessitatis,
2725 4797 2825 4847 aut
2868 4791 3130 4846 utilitatis
3158 4789 3482 4858 transimus,
3512 4786 3834 4842 damnandi

2193 4891 2433 4945 sumus?
2475 4891 2598 4944 Non
2641 4887 2897 4955 omnino,
2926 4885 3024 4940 sed
3070 4884 3259 4956 potius
3306 4882 3618 4937 venerandi
3659 4885 3838 4953 atque

2194 4983 2477 5057 portendi,
2508 4983 2778 5055 quoniam
2815 4997 2918 5035 nec
2963 4979 3094 5051 ipsis
3123 4977 3400 5049 episcopis
3425 4977 3533 5030 hoc
3560 4974 3839 5046 imputari

2194 5081 2396 5150 potest.
2431 5079 2587 5142 «Qui
2637 5076 2724 5131 his
2767 5074 2995 5144 resistit,
3043 5073 3290 5145 profecto
3336 5071 3434 5126 Dei
3481 5069 3842 5125 ordinationi

2165 5167 2404 5250 (resistit
2454 5171 2620 5243 (Rom.
2666 5187 2784 5240 xui,
2837 5171 2968 5240 2),»
3019 5171 3075 5222 et
3127 5189 3153 5214 ‹‹
3183 5169 3268 5221 est
3314 5164 3532 5219 infideli
3583 5163 3842 5218 deterior

2167 5257 2239 5338 ³(1
2290 5269 2422 5323 Tim.
2472 5283 2524 5336 v,
2577 5267 2650 5336 8),
2696 5286 2722 5313 »
2772 5263 2907 5335 quia
2946 5263 3149 5316 melius
3196 5263 3281 5314 est
3317 5275 3436 5314 non
3487 5272 3841 5329 cognoscere

2195 5361 2342 5416 viam
2399 5359 2667 5428 veritatis,
2715 5375 2887 5429 quam
2936 5361 3059 5428 post
3105 5354 3461 5426 agnitionem
3511 5356 3838 5407 retrorsum

2193 5456 2368 5510 abire.
2399 5456 2538 5509 Nam
2573 5459 2628 5509 et
2667 5453 2789 5525 ipse
2820 5451 3091 5506 Dominus
3136 5449 3206 5503 de
3245 5449 3371 5503 loco
3417 5446 3489 5500 ad
3518 5446 3712 5500 locum
3742 5462 3838 5499 re-

2194 5549 2378 5620 cessit,
2409 5549 2464 5604 id
2508 5553 2612 5616 est,
2644 5546 2916 5616 transivit,
2961 5544 3168 5600 Judaiis
3215 5543 3377 5597 illum
3422 5539 3837 5612 quaerentibus.

2198 5666 2223 5692 ‹‹
2254 5643 2500 5715 Fugiens
2540 5643 2632 5696 ille
2662 5644 2981 5713 quaerentes
3025 5642 3081 5694 et
3127 5639 3536 5709 persequentes
3565 5651 3627 5688 se
3656 5634 3838 5704 (Joan.

2193 5755 2312 5808 vin,
2337 5741 2444 5808 59),
2473 5758 2500 5786 n
2536 5739 2592 5790 et
2631 5735 2701 5789 de
2743 5736 2967 5790 civitate
2996 5734 3069 5788 ad
3095 5732 3381 5787 civitatem
3409 5728 3654 5784 transire
3687 5743 3838 5798 pra:-

2193 5831 2363 5903 ccpit,
2395 5831 2583 5886 dicens
2615 5847 2627 5885 :
2663 5851 2689 5881 «
2717 5830 2776 5885 Si
2801 5847 2898 5884 vos
2920 5827 3200 5900 persecuti
3216 5825 3430 5881 fuerint
3458 5823 3516 5877 in
3544 5822 3839 5877 civitatem

2197 5924 2383 5989 istam,
2409 5924 2584 5995 fugite
2607 5924 2664 5979 in
2685 5923 2851 5977 aliam
2877 5922 3090 5990 (Matth.
3125 5937 3175 5980 x,
3201 5921 3309 5988 ’23),
3334 5940 3360 5967 »
3387 5923 3441 5972 et
3468 5921 3678 5971 caetera
3704 5913 3841 5974 talia
