4040 6310
217 407 342 458 1097

1443 407 1911 462 DECRETALIUM
1951 407 2336 464 COLLECTIO.

3441 415 3564 466 IODS

203 513 288 566 his
315 511 544 566 similia.
575 513 714 566 Nam
737 513 782 565 si
803 513 1005 584 fugere
1033 513 1248 569 malum
1268 520 1370 582 est,
1395 517 1660 587 persequi
1685 517 1833 570 mul-
1859 527 1916 600 Α
1938 535 2052 589 qua
2093 519 2354 573 collectas
2396 519 2665 586 celebrat,
2713 519 2812 574 sed
2837 521 3118 575 sustinere
3151 521 3302 592 quod
3334 523 3562 592 provin-

201 613 258 662 to
285 606 562 662 deterius.
612 607 706 662 Hic
735 606 968 678 quidem
999 623 1070 662 ne
1101 608 1402 676 moriatur,
1430 609 1836 678 absconditur;

201 701 294 756 Hic
311 705 508 756 tamen
526 701 888 772 persequitur
907 707 970 756 ut
989 701 1225 770 occidat,
1251 705 1308 756 et
1327 707 1391 757 ut
1425 703 1482 757 fu
1491 703 1678 774 giatur
1697 721 1838 776 prae-

204 795 428 866 cipitur,
454 799 512 850 et
541 795 674 866 quia
699 795 798 866 qui
820 796 1028 866 quaerit
1054 796 1312 851 occidere
1335 797 1740 868 praevaricatur
1765 799 1838 854 le-

205 906 354 960 gem,
382 893 440 944 et
459 890 644 962 magis
661 889 919 962 fugiendi
935 890 1152 961 praebet
1170 889 1541 946 occasionem.
1563 892 1620 947 Si
1639 892 1836 964 fugam

206 983 601 1054 improperant
619 987 1049 1055 persequentes,
1068 985 1406 1040 erubescant
1423 985 1614 1056 potius
1637 991 1838 1040 semet-

207 1079 372 1148 ipsos,
421 1083 482 1132 et
518 1078 812 1148 quiescant
843 1077 1116 1148 insidiari,
1157 1083 1214 1133 et
1249 1079 1540 1150 quiescent
1569 1080 1837 1134 continuo

205 1171 506 1242 fugientes.
547 1173 726 1226 Nemo
765 1171 920 1225 enim
957 1171 1164 1226 mitem
1195 1172 1344 1243 fugit
1380 1173 1708 1244 aliquando,
1741 1175 1838 1228 sed

207 1265 386 1336 magis
411 1266 668 1320 ferocem
693 1266 862 1320 simul
903 1269 960 1320 et
1000 1265 1292 1321 callidum.
1325 1267 1519 1320 Omnis
1547 1267 1699 1322 enim
1739 1267 1836 1339 qui

207 1359 478 1426 gemebat
503 1361 562 1414 et
585 1360 899 1431 vexabatur
917 1377 949 1414 a
975 1360 1108 1415 Saul
1131 1361 1386 1431 fugiebat
1404 1364 1459 1414 et
1484 1361 1746 1416 veniebat
1767 1363 1838 1416 ad

209 1421 376 1508 David
403 1454 553 1524 (Reg.
586 1471 736 1522 xxx1,
772 1457 842 1522 7).
867 1421 936 1532 bi
967 1471 1103 1524 ergo
1135 1421 1423 1525 piissimus
1449 1460 1618 1526 atque
1639 1456 1834 1526 justis-

208 1549 380 1602 simus
407 1547 582 1602 David
610 1547 778 1602 sciret
801 1553 1096 1619 peccatum
1123 1564 1242 1603 esse
1267 1549 1723 1619 persecutionem
1743 1550 1831 1604 fu-

208 1643 447 1714 gientes,
479 1647 536 1697 et
561 1645 923 1696 transeuntes
949 1643 1019 1696 de
1046 1643 1170 1696 loco
1196 1642 1266 1697 ad
1285 1645 1492 1710 locum,
1522 1647 1580 1696 et
1607 1643 1676 1698 de
1701 1643 1831 1698 civi-

205 1741 318 1791 tate
347 1737 418 1790 ad
468 1735 774 1804 civitatem,
813 1737 952 1791 tales
991 1753 1352 1808 nequaquam
1390 1737 1684 1808 reciperet,
1732 1754 1835 1792 nec

205 1847 398 1885 secum
425 1834 670 1900 teneret,
695 1847 800 1885 nec
821 1830 880 1884 in
901 1831 1026 1885 aliis
1052 1831 1373 1886 civitatibus
1401 1849 1496 1886 eos
1517 1832 1830 1887 collocaret.

207 1925 312 1988 Qui
339 1925 494 1980 enim
514 1929 941 1996 persequuntur
961 1925 1185 1980 Domini
1205 1925 1513 1996 episcopos,
1537 1941 1746 1997 eosque
1767 1926 1834 1980 de
1854 1897 1910 1968 B

203 2018 524 2073 civitatibus
552 2019 623 2072 ad
650 2018 898 2074 civitates
925 2019 1164 2074 transire
1191 2019 1562 2090 compellunt,
1595 2037 1708 2074 non
1741 2035 1836 2074 eos

209 2117 432 2167 tantum
466 2119 908 2184 persequuntur,
933 2117 1214 2184 quantum
1243 2113 1550 2168 Dominum
1575 2117 1836 2168 nostrum

205 2207 396 2260 .lesum
417 2206 724 2274 Christum,
750 2225 777 2258 (ί
799 2207 958 2277 cujus
975 2208 1261 2278 legatione
1281 2207 1602 2279 funguntur
1623 2207 1694 2276 (II
1714 2210 1832 2265 Cor.

205 2317 260 2368 v,
289 2301 399 2368 20),
441 2316 546 2354 nec
593 2299 700 2371 ipsi
747 2301 801 2354 in
849 2301 958 2354 hoc
995 2304 1232 2372 peccant
1261 2301 1530 2372 episcopi,
1560 2302 1836 2373 quoniam

205 2411 322 2450 non
356 2399 558 2464 sponte
584 2395 681 2448 sed
716 2397 908 2449 coacte
941 2395 1046 2448 hoc
1076 2399 1274 2466 agunt,
1316 2396 1417 2450 sed
1456 2395 1538 2450 illi
1569 2413 1602 2450 a
1629 2396 1836 2468 quibus

203 2491 656 2559 persequuntur,
713 2505 816 2543 nec
879 2488 1013 2558 ipsis
1075 2489 1352 2560 episcopis
1409 2490 1513 2543 hoc
1569 2490 1837 2564 imputari

202 2585 412 2652 potest,
465 2583 560 2636 sed
604 2582 714 2636 illis
756 2583 854 2653 qui
886 2599 981 2636 eos
1011 2583 1117 2637 hoc
1146 2599 1316 2653 agere
1347 2577 1836 2678 cogunt.|Sanctus

205 2677 362 2730 enim
391 2679 775 2747 protomartyr
803 2677 1124 2747 Stephanus
1151 2677 1529 2746 lapidabatur,
1557 2677 1652 2731 sed
1677 2679 1837 2732 Jesus

203 2770 549 2841 suscipiebat
571 2771 764 2842 plagas
800 2771 939 2840 (Aet.
979 2787 1071 2840 vn,
1107 2773 1212 2840 58),
1255 2770 1500 2841 ideoque
1527 2771 1836 2843 unicuique

200 2863 634 2935 praevidendum
666 2866 769 2930 est,
801 2881 870 2917 ne
897 2864 1145 2934 aliquem
1193 2863 1402 2934 injuste
1437 2870 1832 2935 persequatur,

199 2957 420 3029 judicet
455 2957 544 3011 vel
569 2957 784 3028 puniat,
815 2974 884 3012 ne
909 2960 1097 3012 Jesum
1125 2963 1526 3030 persequatur,
1545 2959 1761 3030 judicet
1780 2963 1838 3013 et

203 3052 422 3123 puniat.
449 3051 552 3115 Qui
577 3057 764 3106 autem
795 3057 1003 3122 negant
1028 3052 1480 3107 misericordiam
1510 3052 1834 3107 faciendam

207 3144 559 3216 fugientibus
580 3161 644 3199 ac
670 3146 1059 3200 necessitatem
1088 3145 1452 3217 patientibus,
1468 3147 1654 3217 ipsum
1675 3146 1832 3202 Chri-

203 3241 358 3293 stum
385 3245 618 3309 negant,
652 3240 750 3310 qui
779 3243 862 3293 est
889 3239 1280 3294 misericordia
1299 3244 1354 3294 et
1373 3240 1595 3307 veritas,
1632 3244 1688 3294 et
1716 3257 1838 3295 om-
1856 3267 1910 3342 Ο

201 3333 372 3387 nibus
391 3332 778 3388 necessitatem
801 3333 1145 3404 patientibus
1167 3333 1468 3387 subvenire
1479 3333 1662 3403 jubet.
1689 3337 1832 3390 Pau-

203 3445 270 3482 ca
296 3431 450 3494 sunt,
479 3427 674 3497 frater,
699 3443 826 3498 quae
848 3428 1088 3490 asserui,
1121 3427 1213 3481 sed
1248 3430 1461 3498 quanta
1484 3444 1552 3481 ex
1575 3427 1662 3480 his
1689 3443 1830 3498 pen-

201 3522 374 3576 deant
399 3525 496 3575 tua
520 3519 876 3592 providentia
905 3522 1118 3592 poteris
1145 3521 1450 3576 aestimare.
1480 3523 1662 3585 Quare
1689 3522 1835 3576 hanc

203 3613 546 3668 annituntur
578 3615 836 3668 malevoli
881 3613 1307 3685 interrumpere
1351 3614 1835 3670 misericordiam?

201 3709 312 3761 Cur
323 3707 531 3762 laedere
545 3707 704 3761 vanis
721 3707 774 3761 in
785 3707 1133 3762 tentionibus
1149 3708 1506 3763 felicitatem?
1519 3708 1836 3762 Excusatio-

207 3817 340 3856 nem
355 3802 482 3872 jam
501 3817 616 3854 non
639 3801 812 3855 habet
833 3801 990 3854 furor
1013 3801 1116 3856 iste
1137 3801 1520 3871 credentibus,
1541 3817 1645 3856 nec
1667 3802 1836 3855 inter-

205 3899 292 3948 est
309 3893 518 3965 quibus
536 3893 832 3948 itineribus
857 3915 884 3944 «
904 3894 974 3948 ad
995 3894 1196 3948 mundi
1217 3895 1536 3966 principem
1550 3895 1720 3964 (Joan.
1739 3910 1832 3964 xu,

205 3991 289 4056 31)
323 3963 351 4038 ᾖ
395 3989 601 4054 currat,
637 3987 734 4058 qui
767 4004 798 4041 a
837 3963 1238 4042 benevolentia
1265 3963 1510 4043 fratrum
1537 3963 1879 4058 delitescit,’

204 4086 302 4136 aut
345 4081 742 4136 necessitatem
785 4082 1124 4152 patientibus
1156 4083 1611 4137 misericordiam
1641 4085 1832 4153 negat.

205 4177 281 4230 Ne
288 4180 382 4246 gat
395 4175 844 4230 misericordiam
859 4175 1204 4246 patientibus
1217 4176 1314 4246 qui
1333 4177 1558 4247 populis
1579 4176 1837 4247 indigen-

205 4269 356 4323 tibus
382 4269 586 4323 divinis
609 4269 910 4340 mysteriis,
942 4271 998 4323 et
1026 4285 1139 4322 non
1166 4269 1508 4324 habentibus
1533 4271 1836 4342 preprium

205 4363 556 4434 episcopum,
579 4363 676 4434 qui
697 4378 793 4417 eos
813 4363 1060 4416 instruat
1081 4379 1250 4416 causa
1271 4361 1528 4417 utilitatis
1551 4367 1720 4434 atque
1745 4381 1840 4418 ne-

205 4456 504 4526 cessitatis,
527 4459 626 4510 aut
646 4473 711 4510 ex
731 4455 843 4510 alia
865 4455 1107 4524 civitate,
1138 4455 1271 4510 licet
1295 4455 1488 4509 minor
1512 4456 1600 4522 sit,
1630 4457 1688 4510 in
1711 4474 1838 4512 eam

205 4567 334 4623 quae
361 4567 478 4604 non
505 4550 676 4603 habet
695 4549 1050 4620 episc0pum,
1077 4549 1398 4603 doctiorem
1415 4549 1500 4602 vel
1525 4549 1835 4618 utiliorem,

1937 611 2040 666 ciae
2069 612 2317 684 synodus
2348 629 2449 667 suo
2483 611 2702 684 judicio
2743 613 3154 670 terminaverit.
3185 615 3324 670 Huic
3353 617 3570 687 regula:

1937 705 2326 761 contradicere
2341 707 2528 761 nullus
2543 709 2746 778 potest,
2772 723 2900 778 quae
2929 707 3101 762 etiam
3119 724 3287 763 causa
3313 709 3570 764 utilitatis

1937 804 2034 854 aut
2081 800 2432 856 necessitatis
2485 801 2832 856 intronizare
2888 801 3218 873 episcopum
3262 802 3457 874 jubet,
3512 809 3570 860 et

1937 898 2162 948 mutare
2187 911 2250 948 ac
2281 895 2523 950 transire
2554 911 2686 950 eum
2715 895 2784 950 de
2827 895 3050 950 civitate
3075 897 3144 950 ad
3177 896 3346 951 aliam
3372 896 3567 952 civita-

1937 991 2056 1040 tem
2089 1005 2204 1040 non
2232 988 2522 1058 proprium
2551 988 2857 1042 habentem
2884 989 3232 1060 episcopum,
3259 989 3410 1046 sinit.
3433 990 3564 1045 Pin-

1939 1097 2078 1152 gues
2113 1081 2328 1136 hostias
2359 1082 2482 1136 litat
2511 1081 2758 1150 diabolo,
2793 1083 2890 1154 qui
2924 1082 3013 1137 his
3045 1083 3304 1137 resistere
3345 1083 3566 1154 nititur,

1939 1179 2036 1229 aut
2063 1174 2510 1230 misericordiam
2542 1179 2600 1230 et
2623 1176 2928 1231 utilitatem
2957 1176 3218 1231 Ecclesia)
3251 1177 3372 1247 jam
3405 1177 3569 1232 dictis

1935 1273 2129 1340 negat,
2159 1268 2217 1322 id
2239 1273 2340 1336 est,
2371 1272 2428 1324 et
2450 1268 2746 1340 episcopis,
2772 1275 2828 1324 et
2843 1269 3085 1341 populis.
3110 1271 3172 1324 In
3191 1287 3403 1325 vanum
3425 1288 3565 1342 ergo

1937 1366 2134 1416 contra
2160 1362 2464 1433 simplices,
2487 1364 2587 1434 qui
2607 1364 2728 1418 haec
2750 1363 2886 1418 olim
2908 1364 3158 1418 dicentes
3179 1381 3350 1436 agere
3369 1366 3564 1436 prohi-

1935 1456 2202 1522 buerunt,
2244 1457 2530 1511 tendicula
2577 1457 2844 1528 deinceps
2888 1457 3188 1528 parabunt,
3237 1475 3370 1512 cum
3397 1458 3484 1513 his
3511 1465 3569 1514 et

1937 1549 2062 1604 aliis
2077 1551 2283 1604 armati
2311 1550 2690 1620 adminiculis,
2733 1551 2998 1605 noverint
3023 1551 3158 1622 quid
3185 1568 3356 1624 super
3381 1552 3469 1606 his
3495 1553 3568 1608 sit

1937 1644 2247 1714 agendum,
2275 1647 2330 1698 et
2346 1644 2484 1715 quid
2499 1643 2817 1699 vitandum.
2837 1645 3016 1698 Nimis
3030 1645 3182 1700 enim
3197 1649 3447 1700 armatus
3460 1653 3564 1714 est,

1935 1737 2034 1808 qui
2050 1737 2146 1792 illa
2160 1754 2287 1809 quin
2310 1737 2665 1792 adversarius
2681 1738 3100 1806 misericordiae,
3121 1739 3380 1793 utilitatis
3399 1743 3567 1811 atque

1935 1832 2244 1886 concordiae
2285 1830 2590 1899 ministrat,
2637 1833 2750 1886 tela
2796 1832 3133 1887 contemnit.
3178 1832 3400 1888 Sufﬁcit
3429 1849 3567 1904 ergo

1936 1929 2136 1980 contra
2164 1925 2358 1979 omnia
2377 1926 2568 1996 jacula
2581 1925 2912 1996 jurgiorum
2931 1925 3067 1980 fidei
3085 1927 3236 1980 nuda
3263 1905 3628 2016 oppositio./

1937 2018 2062 2072 Scio
2089 2022 2144 2073 te
2173 2035 2288 2073 non
2329 2019 2614 2090 ignorare,
2655 2019 2848 2086 frater,
2893 2023 3240 2074 memoratas
3282 2037 3568 2075 canonum

1935 2113 2242 2167 sententias
2276 2114 2428 2184 apud
2468 2113 2819 2184 evangelicas
2866 2113 3203 2182 sanctiones,
3236 2131 3410 2170 novas
3449 2131 3564 2169 non

1936 2221 2076 2274 esse,
2106 2206 2204 2260 sed
2237 2211 2427 2262 nostro
2451 2206 2702 2263 assensui
2731 2208 3072 2279 mancipari.
3095 2209 3206 2263 Cur
3232 2209 3319 2263 his
3340 2213 3563 2263 contra-

1937 2300 2186 2354 dicentes
2213 2301 2618 2372 emigrationes
2645 2301 3044 2372 episcoporum
3087 2302 3342 2357 utilitatis
3374 2307 3430 2357 et
3465 2319 3567 2358 ne-

1937 2393 2206 2448 cessitatis
2232 2411 2402 2450 causa
2423 2395 2546 2450 fieri
2571 2395 2961 2466 prohibentes,
2984 2400 3048 2450 ut
3064 2413 3212 2467 saepe
3230 2396 3442 2452 dictum
3465 2401 3568 2463 est,

1937 2491 1994 2541 et
2016 2503 2134 2542 non
2173 2487 2420 2542 avaritiae
2464 2493 2560 2541 aut
2587 2488 2924 2543 temeritatis
2953 2487 3012 2542 in
3045 2488 3354 2558 perniciem
3384 2507 3568 2544 sacer-

1939 2579 2136 2636 dotum
2168 2597 2230 2635 ac
2249 2582 2594 2652 populorum
2614 2582 2834 2636 laedunt
2853 2582 3195 2636 sacerdotale
3225 2583 3528 2637 concilium
3544 2585 3572 2638 ?

1936 2677 2046 2732 Cur
2061 2676 2308 2730 lacerant
2322 2675 2662 2730 sententiam
2680 2675 2740 2729 in
2759 2691 2872 2748 qua
2888 2675 3198 2746 inSpirante
3215 2675 3438 2732 Christo
3451 2693 3571 2731 ora-

1936 2769 2062 2824 cula
2104 2785 2348 2840 superna
2392 2771 2720 2840 patuerunt,
2755 2773 2810 2824 et
2837 2767 2986 2823 inter
3013 2770 3192 2823 Deum
3223 2773 3280 2825 et
3305 2769 3569 2824 homines

1935 2863 2217 2934 interpres
2245 2863 2462 2917 exstitit
2487 2862 2682 2934 lingua
2709 2862 3048 2935 pontificum
3067 2863 3094 2917 τ
3129 2863 3228 2917 Illa
3266 2863 3418 2918 enim
3445 2864 3572 2918 coeli

1937 2957 2092 3011 curia
2137 2957 2424 3010 variarum
2472 2957 2697 3011 dotibus
2742 2959 2909 3010 aucta
2951 2955 3256 3026 curulium,
3303 2961 3360 3012 et
3389 2958 3570 3012 multo

1937 3050 2336 3121 Redemptoris
2365 3050 2544 3104 nostri
2572 3067 2713 3106 auro
2740 3055 3006 3123 ostroque
3034 3051 3320 3122 decorata,
3345 3052 3486 3106 nihil
3511 3050 3568 3106 in

1939 3143 2036 3198 illa
2061 3144 2344 3200 decisione
2373 3148 2606 3199 auctore
2646 3161 2704 3200 se
2746 3145 3002 3216 protulit,
3048 3145 3140 3200 sed
3173 3163 3275 3216 per
3305 3147 3572 3200 humanas

1934 3238 2146 3309 linguae
2185 3237 2565 3293 ministerium
2596 3239 2784 3293 divino
2813 3239 3072 3294 militavit
3097 3239 3363 3310 imperio.
3400 3241 3569 3295 Intel-

1935 3333 2070 3386 lexit
2097 3349 2210 3386 non
2252 3349 2370 3386 esse
2413 3349 2578 3386 suum
2620 3332 2902 3404 quidquid
2935 3333 3208 3403 impulsas
3249 3333 3568 3400 constituit,

1935 3426 2074 3480 nihil
2115 3441 2342 3497 quoque
2381 3425 2554 3480 habet
2597 3426 2656 3479 in
2699 3425 2797 3480 illa
2833 3427 3138 3492 sententia,
3178 3425 3286 3480 nisi
3317 3427 3468 3480 unde
3501 3427 3572 3482 de

1934 3521 2054 3574 sola
2075 3518 2371 3574 devotione
2394 3519 2732 3589 gratuletur.
2754 3521 2892 3574 Nam
2915 3520 3051 3574 dum
3073 3519 3324 3590 profanis
3345 3536 3565 3575 memo-

1936 3618 2186 3668 ratorum
2235 3611 2419 3666 verbis
2468 3613 2708 3678 ceditur,
2753 3617 2810 3668 et
2853 3630 2968 3667 sum
3005 3613 3250 3668 vesaniae
3283 3611 3599 3720 inscitiam(

1937 3707 2184 3777 produnt
2220 3709 2274 3760 et
2313 3704 2566 3773 livorem,
2596 3707 2720 3778 quis
2748 3707 2837 3760 hic
2867 3708 3022 3761 locus
3051 3707 3278 3772 erroris,
3311 3707 3404 3762 ubi
3431 3724 3566 3762 con-

1936 3800 2200 3871 gruentia
2221 3799 2348 3870 pari
2377 3800 2552 3854 ductu
2578 3801 2848 3872 exempli,
2879 3805 2936 3856 et
2960 3801 3214 3856 historias
3241 3801 3414 3856 verba
3441 3818 3569 3856 con-

1934 3895 2212 3949 currunt?
2245 3896 2352 3950 Nec
2382 3895 2670 3950 diversum
2693 3899 2776 3949 est
2797 3895 2865 3948 ab
2887 3894 3178 3950 intellectu
3206 3895 3481 3950 catholico
3511 3899 3568 3948 et

1936 3987 2271 4043 lectionibus
2297 3990 2448 4061 quod
2479 3989 2788 4060 profertur.
2817 3989 2961 4042 Nam
2987 4005 3104 4044 non
3129 3989 3274 4044 bene
3301 3989 3486 4044 nodus
3509 3989 3568 4044 in

1937 4082 2117 4153 scirpo
2146 4084 2438 4154 quaaritur,
2469 4083 2606 4138 dum
2635 4081 2866 4137 involvit
2891 4083 3100 4137 nebula
3135 4082 3454 4153 praedicata
3483 4083 3567 4137 lu-

1938 4177 2013 4229 cis
2035 4175 2229 4248 273
2261 4182 2523 4258 auctores
2541 4193 2554 4243 ;
2573 4177 2718 4231 foeda
2733 4193 2980 4247 namque
3001 4193 3032 4230 a
3047 4176 3230 4230 nitore
3247 4177 3472 4230 Domini
3487 4177 3573 4230 sui

1936 4269 2284 4338 obligatione
2301 4269 2646 4336 dissolvitur,
2673 4269 2770 4339 qui
2793 4269 3015 4322 statutis
3038 4268 3356 4323 cmlestibns
3379 4269 3572 4322 minus

1939 4379 2099 4417 mera
2139 4362 2246 4418 tide
2291 4363 2560 4434 dependit
2607 4362 2814 4417 officia.
2849 4361 3072 4416 Talium
3107 4377 3244 4432 ergo
3292 4361 3569 4416 dictiones

1939 4456 2022 4510 vel
2067 4455 2475 4527 prohibitiones
2519 4455 2772 4526 indigum
2819 4453 2989 4508 etiam
3029 4453 3175 4509 ﬁunt
3221 4460 3568 4510 memoratu.

1938 4550 2226 4606 Profunda
2264 4555 2348 4605 est
2376 4566 2514 4620 ergo
2541 4549 2712 4603 nimis
2740 4547 3032 4619 imperitia
3065 4533 3287 4618 eorum,
3335 4569 3362 4598 «
3394 4553 3450 4604 et
3481 4565 3570 4604 se-

207 4643 426 4700 meliori
456 4643 688 4698 consilio
717 4660 834 4697 non
860 4648 1061 4714 sponte
1083 4644 1501 4709 transeuntem,
1531 4643 1629 4696 sed
1653 4645 1836 4714 majo-
1857 4641 1917 4712 D
1941 4645 2200 4716 pulcrum
2231 4649 2431 4717 patens
2457 4647 2656 4715 guttur
2682 4657 2898 4710 eorum,
2931 4641 3063 4712 quia
3092 4641 3306 4712 linguis
3336 4641 3450 4696 suis
3477 4643 3574 4696 do-

205 4755 334 4794 rum
367 4737 756 4792 exhortatione
781 4741 1025 4804 mutare,
1071 4740 1170 4790 aut
1207 4736 1539 4808 episcopum
1570 4738 1832 4806 ejectum,

207 4840 264 4888 et
289 4832 754 4905 persecutionem
785 4832 1098 4902 patientem
1125 4847 1292 4886 causa
1324 4831 1584 4885 utilitatis
1611 4835 1708 4885 aut
1733 4847 1834 4886 ne-

205 4927 476 4982 cessitatis
521 4925 859 4981 intronizare
907 4941 1020 4980 non
1067 4925 1362 4996 permittit.
1414 4926 1577 4995 Apud
1617 4929 1838 4978 veteres

206 5021 360 5076 enim
392 5020 514 5074 sine
545 5020 654 5073 ulla
682 5019 998 5073 differentia
1026 5020 1093 5074 de
1121 5037 1236 5074 una
1262 5018 1485 5073 civitate
1506 5019 1575 5073 ad
1601 5019 1838 5072 alteram

207 5113 492 5184 migrabat
511 5114 828 5184 cpiscopus,
858 5113 994 5167 dum
1025 5114 1234 5168 utilitas
1259 5117 1355 5167 aut
1381 5113 1679 5167 necessitas
1707 5128 1836 5166 evo-

207 5213 380 5263 caret.
412 5211 767 5278 Quapropter
789 5209 966 5279 ipsam
997 5207 1170 5262 etiam
1191 5208 1452 5278 regulam
1473 5207 1604 5260 huic
1632 5207 1836 5278 episto-

207 5303 282 5356 la;
327 5302 542 5373 placuit
579 5302 774 5370 inseri,
811 5305 876 5356 ut
914 5305 1270 5357 monstretur
1300 5317 1394 5356 eos
1421 5301 1694 5356 mentitos
1723 5317 1840 5356 esse

209 5397 306 5467 qui
329 5395 661 5467 episcopum
687 5413 799 5450 non
820 5412 986 5466 posse
1009 5395 1349 5452 intronizare
1375 5395 1664 5463 dixerunt;
1689 5395 1842 5450 unde

211 5495 268 5544 et
295 5490 354 5544 in
385 5489 702 5544 canonibus
721 5489 930 5560 legitur
961 5489 1040 5543 ita
1070 5505 1082 5542 :
1117 5489 1170 5544 Si
1202 5489 1327 5561 quis
1360 5489 1660 5562 episcopus
1687 5487 1840 5544 ordi-

211 5587 377 5638 natus
415 5583 484 5638 ad
523 5583 869 5654 parochiam,
905 5583 962 5636 in
1007 5599 1118 5653 qua
1153 5583 1447 5638 ordinatus
1476 5589 1578 5651 est,
1609 5583 1846 5638 minime

213 5677 610 5747 proficiscitur,
663 5694 775 5731 non
823 5693 925 5731 sua
979 5676 1164 5747 culpa,
1214 5677 1312 5732 sed
1354 5681 1452 5733 aut
1498 5679 1709 5750 populo
1763 5693 1847 5732 re-

216 5779 474 5842 spuente,
517 5775 616 5825 aut
640 5773 879 5842 propter
904 5769 1072 5824 aliam
1108 5769 1426 5841 quamlibet
1453 5787 1698 5841 causam,
1731 5788 1847 5825 non

217 5863 550 5920 necessitate
577 5863 810 5930 factam,
839 5865 991 5918 hunc
1014 5864 1231 5918 honore
1256 5863 1687 5935 ministerioque
1712 5881 1846 5936 par-

225 5957 456 6032 ticipare
487 5961 686 6013 tamen
716 5976 728 6025 ;
756 5973 862 6013 nec
889 5975 1018 6013 eum
1051 5957 1274 6012 misceri
1305 5957 1474 6012 rebus
1499 5957 1761 6014 Ecclesiae
1793 5957 1848 6015 in

1937 4739 2051 4792 lose
2093 4739 2340 4810 agebant
2384 4739 2551 4807 (Psal.
2601 4755 2654 4806 v,
2700 4736 2808 4806 ll).
2843 4757 2870 4785 »
2917 4737 3038 4789 Non
3084 4739 3168 4790 est
3194 4735 3348 4790 enim
3381 4735 3440 4790 in
3475 4753 3574 4791 ore

1940 4848 2137 4886 eorum
2181 4837 2422 4902 rectum,
2453 4831 2726 4887 interiora
2755 4845 2954 4886 eorum
2987 4828 3226 4898 insidiae,
3263 4830 3450 4884 densis
3477 4846 3572 4884 cor

1939 4941 2138 4979 eorum
2166 4927 2432 4998 vepribus
2461 4927 2791 4994 suffocatur,
2819 4927 2878 4979 et
2903 4923 3127 4979 interna
3152 4923 3286 4978 vitia
3312 4923 3434 4978 aliis
3455 4940 3573 4978 cer-

1937 5023 2058 5072 tant
2087 5019 2385 5074 ascribere.
2409 5019 2774 5074 Nobilitatem
2800 5035 2939 5090 ergo
2966 5017 3060 5072 dat
3079 5017 3448 5086 facinoribus,
3473 5018 3570 5088 qui

1941 5111 1998 5164 in
2018 5111 2222 5165 talibus
2235 5112 2662 5169 ventilationem
2679 5113 2936 5184 ipsorum
2953 5112 3012 5166 in
3033 5111 3358 5182 exemplum
3381 5111 3570 5178 sumit,

1943 5208 2040 5258 aut
2081 5203 2152 5256 ad
2197 5221 2362 5258 aures
2405 5211 2660 5275 posteras
2702 5207 2876 5278 digna
2926 5205 3197 5260 relatione
3227 5205 3576 5260 transmittit.

1941 5296 2060 5350 Tibi
2089 5299 2280 5350 autem
2311 5314 2428 5351 non
2456 5299 2527 5352 sit
2553 5317 2691 5354 cura
2715 5300 2916 5354 talium
2942 5299 3345 5371 quaestionum,
3377 5299 3472 5355 sed
3495 5315 3578 5353 se-

1944 5407 2118 5462 quere
2142 5390 2480 5444 sententiam
2501 5392 2650 5446 beati
2683 5393 2835 5447 Pauli
2851 5394 3110 5464 apostoli,
3135 5393 3236 5465 qui
3261 5398 3456 5448 monet
3475 5409 3580 5464 per

1946 5483 2284 5554 discipulum
2315 5489 2568 5550 cunctos,
2592 5489 2648 5539 et
2672 5485 2897 5554 clamat,
2927 5487 3122 5541 dicens
3148 5504 3160 5541 :
3187 5489 3392 5543 lnancs
3423 5503 3579 5558 quae-

1945 5579 2154 5633 stiones
2197 5577 2418 5642 devita;
2473 5578 2672 5632 inanes
2717 5595 2984 5649 namque,
3019 5580 3188 5651 juxta
3227 5579 3577 5652 Apostolum,

1946 5671 2288 5744 quaestiones
2315 5687 2542 5743 semper
2567 5671 2773 5740 devita,
2805 5675 2862 5726 et
2883 5689 2990 5742 age
3017 5673 3170 5743 quod
3191 5675 3416 5730 meliori
3440 5691 3580 5729 con-

1949 5766 2071 5820 silio
2118 5781 2231 5819 non
2273 5765 2544 5834 avaritiae,
2589 5765 2675 5820 vel
2711 5764 3069 5833 temeritatis,
3109 5765 3194 5820 vel
3221 5767 3502 5836 utilitatis,
3528 5771 3584 5822 et

1953 5858 2319 5928 necessitatis,
2346 5864 2410 5914 ut
2447 5877 2593 5932 saepe
2621 5859 2834 5915 dictum
2883 5862 2985 5926 est,
3044 5875 3212 5913 causa
3255 5859 3580 5916 faciendum

1953 5959 2168 6014 utiliter
2199 5955 2576 6032 perspexeris.
