4050 6340
545 7 756 21 ἰη’-κή-
765 13 1148 23 σ’›-ο-αιι-υ-.υ-,ι..-.
1179 18 1186 22 .
1203 18 1226 23 ν-
1255 20 1280 22 --

457 407 586 465 1099

1334 410 1614 463 APPEND.
1655 410 1742 463 AD
1781 410 1941 463 SrEC.
1984 409 2070 462 1X.
2093 437 2161 446 —
2199 407 2442 462 lSlDORl
2481 407 2906 462 MERCATORIS

3673 412 3822 463 HOO

521 518 879 588 Quapropter
903 558 916 583 ,
975 516 1333 585 charissime,
1395 517 1484 570 his
1527 515 1850 587 apostolicis
1898 515 2072 570 fultus
2097 514 2365 600 Avitatis
2395 517 2480 568 est
2519 514 2579 568 in
2608 518 2919 587 conspectu
2955 515 3253 570 Altissimi.
3301 515 3654 570 Sacriﬁcium
3677 515 3828 586 justi

449 610 894 676 auctoritatibus,
938 615 1095 664 muta
1135 609 1464 680 episcopum
1515 626 1687 664 causa
1720 609 2076 664 necessitatis

446 709 543 758 aut
570 703 843 770 utilitatis,
887 719 1058 773 super
1097 719 1208 774 quo
1250 703 1547 757 consulere
1595 720 1699 757 nos
1727 703 1975 771 voluisti,
2021 705 2077 755 et

450 799 588 852 alios
631 797 833 852 fratres
879 803 1100 851 nostros
1149 797 1354 868 quibus
1392 797 1499 851 hoc
1531 797 1852 852 faciendum
1877 811 2074 851 neces-

450 891 582 945 sitas
606 896 703 945 aut
734 889 942 945 utilitas
970 889 1331 960 compulerit,
1372 905 1543 961 agere
1590 890 1748 958 doce,
1793 890 1928 961 quia
1969 889 2076 943 hoc

449 984 596 1055 quod
625 984 727 1038 tibi
754 984 860 1038 soli
888 983 1186 1038 scribimus
1211 983 1564 1054 generaliter
1591 984 1855 1038 omnibus
1881 988 2074 1038 tenere

449 1079 795 1133 mandamus
816 1097 832 1147 ;
864 1077 996 1150 quia
1023 1077 1165 1132 sicut
1190 1083 1529 1149 potestatem
1558 1078 1837 1133 habemus
1861 1077 2078 1149 episco-

449 1190 550 1244 pos
580 1178 636 1228 et
675 1173 992 1227 sacerdotes
1029 1171 1370 1243 regulariter
1406 1171 1658 1240 titulare,
1707 1177 1763 1226 et
1793 1171 2072 1240 ordinare,

448 1268 548 1334 ita,
580 1270 642 1321 ut
665 1266 1004 1338 praedictum
1023 1269 1126 1333 est,
1157 1281 1327 1320 causa
1349 1265 1713 1333 necessitatis,
1743 1270 1840 1320 aut
1868 1265 2073 1319 utilita-

449 1361 522 1415 tis
550 1361 726 1415 habes
752 1365 809 1415 et
831 1363 1076 1427 mutare,
1115 1377 1179 1414 ac
1205 1360 1276 1414 de
1297 1359 1460 1415 titulo
1485 1359 1559 1413 ad
1590 1359 1819 1414 titulum
1851 1359 2080 1413 transla-

451 1460 590 1522 tare,
610 1454 741 1509 licet
753 1454 822 1508 de
839 1453 1044 1508 minori
1062 1453 1132 1508 ad
1147 1454 1424 1524 majorem
1438 1453 1639 1507 urbem
1657 1453 1962 1507 mutandus
1979 1453 2073 1519 sit;

447 1549 556 1603 hoc
590 1552 783 1602 tamen
811 1563 1178 1618 summopere
1207 1547 1635 1618 praevidendum
1666 1552 1768 1613 est,
1811 1563 1882 1601 ne
1911 1563 2079 1602 causa

451 1642 791 1712 arrogantia
817 1646 914 1695 aut
940 1641 1188 1695 avaritia:
1209 1657 1464 1712 unquam
1487 1640 1606 1709 ﬁat,
1631 1641 1764 1712 quia
1790 1640 1850 1693 hi
1874 1658 1905 1694 a
1930 1658 2075 1712 prae-

450 1735 610 1789 dictis
637 1735 951 1790 canonibus
970 1734 1336 1801 damnantur,
1362 1751 1476 1789 non
1498 1734 1582 1788 illi
1605 1734 1701 1805 qui
1721 1735 2076 1801 necessitate,

449 1835 547 1883 aut
573 1828 816 1882 utilitate
830 1827 1116 1898 majorum
1140 1827 1375 1882 consilio
1399 1831 1456 1882 et
1471 1844 1609 1882 sana
1623 1844 1686 1881 ac
1707 1843 1870 1898 pura,
1891 1831 1948 1881 et
1963 1828 2078 1882 Deo

2175 611 2484 686 acceptum
2519 613 2620 676 est,
2665 613 2722 662 et
2766 608 3106 664 memoriam
3149 609 3270 680 ejus
3306 625 3424 663 non
3460 610 3826 665 obliviscetur

2180 702 2647 778 Dominus.!Bono
2663 702 2853 756 animo
2885 702 3127 772 gloriam
3148 703 3323 758 redde
3341 705 3474 770 Deo,
3500 708 3556 757 et
3576 720 3691 758 non
3715 704 3823 758 mi-

2175 812 2320 851 nuas
2348 781 2626 867 primitias
2647 796 2882 867 frugum
2907 800 3160 851 tuarum.
3195 799 3256 850 ln
3284 797 3440 851 omni
3465 797 3598 851 dato
3618 798 3707 852 fac
3733 797 3820 851 bi-

2177 891 2355 944 larem
2381 890 2600 944 vultum
2629 894 2812 960 tuum,
2841 895 2897 945 et
2926 889 2986 944 in
3009 891 3381 946 exsultatione
3402 891 3687 945 sanctiﬁca
3717 891 3820 944 de-

2177 983 2352 1037 cimas
2372 989 2513 1038 tuas.
2539 985 2621 1038 Da
2641 983 2950 1038 Altisssimo
2965 984 3277 1039 secundum
3294 985 3491 1038 datum
3512 986 3560 1055 ej
3570 1003 3652 1052 us,
3677 989 3734 1039 et
3755 985 3817 1038 in

2178 1078 2340 1132 oculo
2389 1077 2536 1132 bono
2581 1077 3048 1132 adinventionem
3100 1079 3186 1132 fac
3238 1095 3513 1132 manuum
3555 1082 3812 1144 tuarum,

2177 1171 2445 1242 quoniam
2477 1171 2747 1226 Dominus
2777 1171 3099 1227 retribuens
3126 1177 3228 1239 est,
3262 1176 3320 1226 et
3346 1173 3554 1243 septies
3584 1176 3815 1226 tantum

2178 1265 2384 1320 reddet
2427 1265 2552 1320 tibi.
2602 1265 2726 1320 Noli
2767 1264 2967 1320 offerre
3002 1281 3249 1320 munera
3280 1283 3473 1336 prava,
3508 1283 3623 1320 non
3653 1267 3812 1320 enim

2180 1358 2449 1429 suscipiet
2474 1359 2590 1427 illa,
2616 1363 2670 1414 et
2695 1359 2812 1413 noli
2838 1359 3120 1429 inspicere
3145 1359 3485 1414 sacriﬁcium
3511 1360 3811 1430 injustum,

2179 1452 2450 1524 quoniam
2488 1452 2762 1507 Dominus
2781 1454 2962 1524 judex
2993 1457 3097 1520 est,
3128 1456 3184 1506 et
3213 1469 3327 1507 non
3355 1457 3440 1507 est
3467 1453 3618 1524 apud
3646 1453 3814 1507 illum

2179 1546 2360 1617 gloria
2389 1563 2667 1617 personae.
2698 1548 2822 1601 Non
2849 1547 3087 1618 accipiet
3118 1548 3394 1602 Dominus
3420 1563 3726 1618 personam
3755 1548 3817 1600 in

2180 1656 2448 1710 paupere,
2480 1647 2536 1694 et
2565 1641 2958 1712 precationem
2987 1640 3108 1695 lassi
3139 1641 3428 1696 exaudiet.
3469 1642 3589 1695 Non
3619 1641 3812 1712 despi-

2180 1734 2290 1787 ciet
2327 1750 2526 1804 preces
2561 1734 2761 1804 pupilli
2804 1751 2906 1788 nec
2952 1734 3204 1801 viduam,
3249 1734 3296 1786 si
3327 1734 3580 1789 effundat
3607 1736 3814 1806 loque-

2180 1828 2295 1880 lam
2333 1827 2599 1896 gemitus.
2645 1829 2844 1882 Nonne
2881 1828 3151 1898 lacrymae
3192 1828 3376 1882 viduae
3406 1829 3476 1883 ad
3511 1829 3814 1882 maxillam

452 1921 662 1991 placita
687 1920 1004 1976 intentione
1024 1921 1134 1975 hoc
1154 1921 1388 1975 faciunt.
1417 1922 1518 1988 Tu,
1541 1920 1716 1974 frater
1735 1937 1958 1992 semper
1987 1937 2073 1976 se-
2101 1899 2156 1970 Β
2181 1920 2552 1987 descendunt,
2600 1926 2657 1975 et
2690 1921 3024 1976 exclamatio
3060 1921 3184 1992 ejus
3233 1938 3402 1992 super
3427 1922 3814 1977 deducentem

451 2019 603 2070 ctare
637 2014 939 2085 justitiam,
982 2015 1270 2084 pietatem,
1328 2014 1522 2082 fidem,
1579 2014 1933 2083 charitatem,
1977 2031 2077 2084 pa-

450 2108 705 2164 tientiam
761 2113 817 2162 et
869 2108 1388 2163 mansuetudinem.
1441 2108 1605 2164 Certa
1650 2107 1823 2162 etiam
1862 2108 2080 2162 bonum

449 2208 736 2258 certamen
780 2203 933 2271 fidei,
989 2207 1047 2256 et
1086 2201 1451 2273 apprehende
1481 2201 1657 2256 vitam
1687 2206 1986 2271 aeternam,
2019 2202 2079 2256 in

449 2315 559 2368 qua
585 2301 815 2352 vocatus
845 2313 924 2363 es,
966 2295 1244 2368 quoniam
1270 2295 1500 2366 spiritus
1531 2295 1854 2350 timentium
1883 2296 2076 2349 Domi-

456 2407 590 2445 num
634 2391 912 2461 quaaritur
940 2390 1011 2445 ab
1042 2389 1161 2457 illo,
1199 2393 1256 2444 et
1297 2389 1354 2442 in
1387 2393 1645 2459 respectu
1671 2388 1823 2442 illius
1856 2389 2079 2444 benedi-

447 2485 612 2539 citur.
645 2485 782 2556 Spes
814 2484 966 2538 enim
993 2484 1221 2537 illorum
1248 2484 1308 2537 in
1336 2483 1643 2537 salvantem
1670 2482 1813 2551 illos,
1856 2485 1912 2536 et
1932 2482 2078 2537 oculi

448 2577 674 2633 Domini
711 2578 771 2632 in
813 2577 1112 2648 diligentes
1141 2593 1220 2632 se.
1250 2576 1359 2641 Qui
1391 2576 1557 2630 timet
1583 2577 1907 2644 Dominum,
1935 2575 2077 2630 nihil

449 2671 776 2743 trepidabit,
825 2676 880 2728 et
921 2689 1039 2726 non
1079 2671 1325 2742 pavebit,
1367 2670 1638 2742 quoniam
1679 2669 1798 2740 ipse
1839 2675 1924 2724 est
1953 2686 2079 2740 spes

451 2768 593 2837 ejus.
621 2766 891 2820 Timentis
916 2765 1221 2820 Dominum
1245 2764 1412 2820 beata
1441 2767 1526 2818 est
1554 2763 1759 2818 anima.
1794 2764 1874 2818 Ad
1906 2780 2078 2834 quem

450 2860 696 2932 respicit,
733 2865 790 2914 et
831 2859 958 2930 quis
997 2862 1082 2914 est
1121 2858 1398 2914 fortitudo
1440 2857 1606 2928 ejus?
1660 2857 1818 2911 Oculi
1853 2858 2080 2911 Domini

2179 2015 2318 2068 eas?
2362 2017 2406 2067 A
2451 2014 2680 2068 maxilla
2719 2016 2872 2070 enim
2909 2015 3224 2070 ascendunt
3249 2032 3428 2086 usque
3467 2016 3540 2069 ad
3577 2016 3812 2082 caelum,

2181 2113 2236 2162 et
2264 2107 2535 2163 Dominus
2565 2109 2866 2164 exauditor
2909 2125 3023 2163 non
3051 2109 3424 2164 delectabitur
3448 2110 3506 2162 in
3537 2109 3667 2163 illis.
3701 2110 3814 2173 Qui

2180 2202 2384 2256 adorat
2411 2202 2736 2270 Dominum,
2765 2203 2824 2256 in
2851 2203 3132 2258 oblatione
3155 2203 3510 2273 suscipiatur,
3537 2206 3593 2256 et
3615 2219 3818 2274 preca-

2178 2295 2258 2349 tio
2291 2295 2437 2349 illius
2464 2313 2640 2366 usque
2666 2297 2737 2351 ad
2757 2297 2939 2351 nubes
2958 2297 3392 2368 propinquabit.
3415 2296 3604 2352 Oratio
3625 2297 3818 2351 humi-

2177 2389 2368 2443 liantis
2405 2406 2461 2444 se
2503 2390 2682 2444 nubes
2708 2390 3047 2460 penetrabit,
3084 2391 3265 2446 donec
3295 2391 3660 2462 propinquet,
3693 2407 3816 2445 non

2179 2483 2583 2550 consolabitur,
2614 2488 2669 2537 et
2697 2501 2814 2538 non
2844 2484 3117 2551 discedet,
3147 2485 3323 2538 donec
3343 2484 3577 2555 aspiciat
3601 2484 3816 2539 Altissi-

2179 2593 2325 2644 mus,
2354 2583 2411 2630 et
2437 2578 2714 2632 Dominus
2743 2595 2855 2632 non
2885 2578 3207 2649 elongabit;
3243 2579 3812 2649 sedjudicabitinju-

2179 2675 2314 2738 stos,
2349 2674 2405 2726 et
2430 2671 2597 2726 faciet
2619 2671 2924 2742 judicium,
2959 2675 3016 2726 et
3052 2672 3394 2727 fortissimus
3426 2689 3542 2727 non
3574 2672 3818 2727 habebit

2180 2766 2237 2818 in
2266 2765 2370 2818 illis
2401 2765 2761 2835 patientiam,
2798 2769 2858 2819 ut
2883 2766 3229 2820 contribulet
3262 2765 3497 2820 dorsum
3534 2767 3814 2836 ipsorum,

2181 2861 2236 2912 et
2263 2858 2524 2929 gentibus
2544 2859 2744 2914 reddet
2765 2859 3092 2927 vindictam,
3124 2860 3302 2914 donec
3327 2859 3484 2914 tollat
3503 2860 3814 2930 plenitudi-

451 2970 622 3024 super
640 2953 908 3008 timentes
937 2969 1090 3019 eum,
1120 2955 1406 3023 protector
1430 2951 1719 3021 potentia,
1748 2950 2077 3005 firmamen-
2137 2958 2149 2993 δ
2179 2969 2314 3006 nem
2336 2953 2734 3023 superborum,
2763 2958 2818 3008 et
2835 2958 3054 3024 sceptra
3074 2953 3399 3024 iniquorum
3426 2953 3776 3009 contribulet
3801 2973 3814 3020 ;

453 3054 575 3102 tum
600 3046 844 3116 virtutis,
876 3050 1109 3117 tegmen
1139 3045 1376 3111 ardoris,
1408 3049 1464 3098 et
1494 3043 1885 3098 umbraculum
1915 3045 2081 3098 meri-
2179 3046 2359 3101 donec
2390 3046 2592 3102 reddat
2622 3047 2886 3102 omnibus
2916 3047 3230 3102 secundum
3262 3052 3419 3102 actus
3447 3064 3595 3114 suos,
3635 3051 3691 3101 et
3723 3065 3814 3102 se-

451 3141 708 3211 dianum,
765 3145 820 3196 et
860 3139 1183 3212 praedicatio
1237 3138 1585 3205 offensionis,
1633 3143 1688 3192 et
1731 3138 2075 3209 adjutorium
2179 3139 2427 3194 cundum
2460 3157 2635 3211 opera
2664 3141 2818 3209 Adae,
2856 3144 2912 3195 et
2948 3140 3262 3196 secundum
3304 3141 3816 3212 praesumptionem

451 3252 630 3305 casus,
664 3234 912 3289 exaltans
941 3233 1218 3301 animam,
1250 3236 1311 3287 et
1335 3232 1667 3287 illuminans
1694 3231 1909 3299 oculos,
1937 3232 2078 3287 dans
2099 3272 2153 3347 Ο
2180 3234 2355 3299 illius;
2386 3234 2569 3289 donec
2591 3235 2809 3305 judicet
2821 3234 3104 3305 judicium
3127 3234 3309 3306 plebis
3331 3251 3466 3302 suae,
3491 3237 3547 3289 et
3568 3235 3818 3290 oblecta-

813 3334 851 3347 ,.
897 3328 1064 3347 _.-.-__
1142 3331 1186 3347 -.
1218 3327 1670 3347 summa-“
1730 3327 2077 3347 ,μμηιηιεμ
2179 3327 2257 3347 ιρι
2526 3327 2573 3347 2.-
3087 3345 3127 3347 γ-
3393 3345 3534 3347 κη--
3586 3331 3726 3347 ηυρλ

451 3330 773 3394 sanitatem,
803 3334 859 3384 et
896 3328 1094 3395 vitam,
1134 3331 1192 3382 et
1216 3327 1696 3382 benedictionem.
1728 3327 2080 3381 lmmolantis

449 3441 510 3478 ex
543 3423 740 3494 iniquo
766 3422 976 3477 oblatio
1005 3424 1092 3477 est
1116 3423 1418 3489 maculata,
1463 3424 1519 3475 et
1561 3437 1680 3475 non
1727 3425 1860 3474 sunt
1899 3421 2076 3475 bene-

450 3517 671 3588 placitae
710 3516 1179 3572 subsannationes
1213 3515 1580 3586 injustorum,
1632 3513 1900 3568 Dominus
1927 3514 2081 3568 solus

451 3611 858 3667 sustinentibus
897 3628 955 3665 se
1006 3610 1063 3664 in
1091 3610 1182 3664 via
1213 3609 1480 3676 veritatis,
1530 3613 1587 3663 et
1620 3608 1876 3679 justitize.
1926 3610 2081 3662 Dona

451 3705 629 3777 iniqui
660 3723 775 3760 non
801 3705 1007 3776 probat
1029 3705 1365 3769 Altissimus,
1409 3719 1513 3756 nec
1551 3702 1782 3772 respicit
1825 3702 1883 3756 in
1924 3702 2079 3755 obla-

454 3800 698 3855 tionibus
733 3799 1104 3869 injustorum,
1155 3814 1260 3851 nec
1288 3797 1348 3851 in
1373 3796 1742 3851 multitudine
1770 3796 2077 3850 sacriﬁcio-

405 3952 410 3958 ,
451 3911 578 3948 rum
611 3909 812 3948 eorum
840 3891 1246 3963 propitiabitur
1270 3891 1533 3962 peccatis.
1569 3889 1676 3953 Qui
1705 3889 1871 3943 offert
1917 3890 2081 3944 sacri-

453 3986 646 4042 ficium
687 4004 756 4041 ex
788 3985 1097 4040 substantia
1125 4000 1466 4054 pauperum,
1504 3983 1664 4054 quasi
1704 3983 1802 4053 qui
1826 3983 2081 4038 victimat

452 4080 636 4135 ﬁlium
664 4079 723 4133 in
751 4083 1056 4149 conspectu
1088 4077 1265 4149 patris
1291 4077 1397 4130 sui.
1443 4077 1605 4129 Panis
1647 4077 1937 4145 egentium
1970 4077 2081 4131 vita

455 4173 719 4245 pauperis
756 4177 858 4240 est,
900 4172 998 4244 qui
1035 4171 1334 4226 defraudat
1370 4170 1533 4224 illum
1571 4170 1744 4224 homo
1787 4171 2081 4241 sanguinis

453 4273 556 4324 est.
584 4268 687 4333 Qui
723 4267 907 4322 aufert
933 4267 993 4321 in
1029 4265 1234 4320 sudore
1284 4280 1513 4336 panem,
1559 4268 1615 4319 et
1644 4263 1900 4319 sudantis
1930 4264 2081 4320 cibos

450 4362 609 4433 quasi
656 4361 753 4432 qui
799 4360 1003 4415 occidit
1058 4358 1382 4430 proximum
1439 4373 1625 4412 suum.
1689 4357 1792 4422 Qui
1846 4358 2084 4413 effundit

453 4456 787 4527 sanguinem
816 4461 872 4511 et
898 4456 996 4526 qui
1026 4454 1160 4509 facit
1187 4453 1446 4508 fraudem
1479 4452 1851 4519 mercenario,
1880 4453 2082 4507 fratres

448 4555 579 4606 sunt
600 4568 612 4605 :
637 4567 786 4604 unus
798 4548 1101 4615 asdiﬁcans,
1120 4551 1176 4602 et
1195 4564 1338 4602 unus
1351 4547 1650 4602 destruens
1671 4563 1682 4601 :
1705 4546 1838 4617 quid
1852 4547 2082 4617 prodest

2179 3327 2262 3382 bit
2295 3327 2480 3397 justos
2525 3327 2580 3382 in
2613 3328 3004 3382 misericordia
3041 3345 3140 3383 sua
3172 3329 3358 3398 (Eccli.
3390 3345 3553 3397 xxxv,
3586 3331 3752 3398 8-25).
3788 3352 3812 3376 ››

2181 3422 2326 3475 Deus
2353 3426 2564 3488 autem,
2596 3423 2772 3476 frater
2793 3422 3142 3490 charissime,
3176 3424 3412 3494 impleat
3442 3423 3813 3493 desiderium,

2182 3520 2237 3569 et
2264 3515 2639 3570 ministerium
2667 3516 2769 3570 tibi
2797 3516 3065 3571 divinitus
3091 3517 3363 3571 collatum
3384 3517 3696 3572 secundum
3726 3518 3812 3571 di-

2179 3609 2340 3663 vitias
2368 3626 2494 3663 suas
2521 3610 2578 3663 in
2608 3611 2788 3681 gloria
2815 3610 2874 3665 in
2899 3611 3118 3666 Christo
3150 3612 3278 3665 Jesu
3309 3611 3551 3665 Domino
3581 3615 3808 3680 nostro,

2182 3704 2294 3756 Deo
2318 3706 2506 3758 autem
2534 3703 2684 3757 Patri
2715 3707 2908 3758 nostro
2930 3705 3113 3776 gloria
3143 3705 3200 3758 in
3224 3705 3428 3759 szecula
3449 3705 3811 3759 saeculorum.

2182 3799 2379 3850 Amen.
2399 3797 2537 3850 Data
2549 3797 2764 3866 xm,die
2776 3798 3353 3868 Augusti,indictione
3369 3797 3811 3869 quartadecima.

2179 3915 2308 3967 Item
2355 3914 2579 3983 epistola
2623 3914 2835 3983 Pelagii
2875 3931 3036 3985 papae
3082 3915 3156 3969 ad
3211 3917 3484 3970 universos
3539 3916 3815 3986 episc0pos

2903 3988 3095 4041 Italiae.

2253 4076 2632 4132 Dilectissimis
2660 4082 2830 4148 atque
2862 4079 3205 4134 charissimis
3233 4079 3504 4134 fratribus
3535 4079 3816 4135 universis

2182 4170 2475 4241 episcopis,
2531 4175 2588 4225 et
2629 4171 2845 4225 cunctis
2890 4173 3212 4244 specialiter
3262 4190 3363 4244 per
3415 4174 3811 4245 Campaniam,

2182 4270 2237 4319 et
2283 4265 2452 4320 Italiae
2481 4265 2799 4336 provincias
2839 4266 3211 4322 militantibus
3253 4267 3496 4323 Domino
3542 4270 3814 4324 PELAGIUS

2182 4359 2440 4414 salutem.
3433 4429 3436 4436 ,

2251 4452 2704 4507 Sollicitudinem
2742 4454 3000 4508 omnium
3046 4455 3421 4509 Ecclesiarum
3453 4456 3619 4524 juxta
3659 4459 3812 4527 Apo-

2180 4548 2385 4601 stolum
2445 4547 2909 4602 circumferentes
2972 4548 3176 4602 divinas
3241 4549 3385 4603 circa
3448 4566 3550 4604 nos
3611 4552 3816 4621 gratia:

446 4645 525 4699 illi
567 4643 672 4698 nisi
710 4643 915 4698 labor?
954 4643 1060 4708 Qui
1099 4641 1414 4712 baptizatur
1466 4657 1501 4695 a
1528 4644 1752 4694 mortuo
1784 4643 1840 4694 et
1866 4640 2156 4717 iterumD
2179 4656 2464 4695 memores
2490 4657 2609 4694 esse
2644 4641 2937 4707 debemus,
2982 4642 3136 4712 quod
3171 4659 3274 4697 nos
3314 4659 3416 4713 per
3462 4643 3815 4713 dignationis

449 4737 633 4807 tangit
661 4754 814 4804 eum,
847 4737 982 4808 quid
1009 4735 1232 4807 proﬁcit
1276 4735 1477 4790 lavatio
1505 4734 1725 4806 ipsius?
1767 4733 1858 4788 Sic
1902 4735 2077 4788 homo

451 4831 544 4901 qui
567 4831 789 4902 jejunat
823 4831 881 4884 in
922 4829 1165 4900 peccatis
1214 4829 1349 4896 suis,
1397 4835 1454 4883 et
1490 4829 1701 4882 iterum
1750 4827 1952 4881 eadem
1996 4829 2073 4880 fa-

450 4925 623 4994 ciens,
655 4924 790 4996 quid
819 4923 1045 4996 proﬁcit
1067 4922 1426 4977 humiliaudo
1451 4938 1508 4976 se
1527 4923 1555 4975 ?
1585 4921 1907 4976 Orationem
1929 4920 2077 4974 illius

449 5020 575 5088 quis
622 5017 936 5073 exaudiet?
980 5017 1086 5081 Qui
1133 5022 1426 5071 conservat
1479 5017 1687 5085 legem,
1738 5013 2079 5083 multiplicat

449 5111 785 5166 orationem.
862 5111 1212 5167 Sacrificium
1290 5111 1539 5165 salutare
1619 5113 1703 5162 est
1779 5107 2074 5162 attendere

447 5205 744 5274 mandatis,
775 5208 832 5260 et
857 5205 1142 5260 discedere
1163 5204 1233 5259 ab
1261 5203 1415 5258 omni
1445 5201 1762 5273 iniquitate,
1793 5204 1851 5254 et
1875 5201 2072 5272 prepi-

445 5299 604 5354 tiatio
630 5299 791 5354 litare
818 5300 1153 5355 sacriﬁcium
1189 5315 1360 5370 super
1402 5295 1760 5368 injustitiam,
1790 5299 1846 5350 et
1870 5295 2071 5366 depre-

441 5393 589 5448 catio
631 5409 731 5463 pro
768 5394 1012 5465 peccatis
1039 5393 1312 5448 recedere
1348 5391 1417 5445 ab
1471 5389 1762 5460 injustitia.
1797 5388 2075 5444 Retribuit

443 5471 687 5558 gratiam
713 5487 810 5559 qui
841 5488 1006 5542 offert
1039 5485 1443 5557 similaginem,
1472 5487 1530 5538 et
1556 5483 1652 5554 qui
1689 5483 1822 5538 facit
1847 5481 2068 5537 miseri-

441 5580 697 5635 cordiam
739 5581 903 5636 offert
947 5579 1304 5635 sacriﬁcium.
1352 5577 1780 5648 Beneplacitum
1826 5581 1909 5631 est
1958 5578 2070 5632 Deo

441 5675 706 5730 recedere
744 5675 815 5730 ab
856 5674 1180 5745 iniquitate,
1230 5676 1287 5729 et
1326 5671 1645 5744 deprecatio
1694 5671 1956 5726 recedere
1997 5671 2066 5726 ab

440 5766 736 5836 injustitia.
769 5769 894 5822 Non
923 5767 1219 5838 apparebis
1265 5771 1396 5822 ante
1433 5755 1797 5838 conspectum
1846 5764 1942 5819 Dei
1969 5781 2064 5820 va-

439 5874 577 5910 euus
605 5874 616 5910 :
649 5859 772 5912 hac
803 5861 956 5914 enim
990 5860 1181 5915 omnia
1218 5864 1455 5933 propter
1480 5861 1814 5915 mandatum
1844 5858 2065 5912 Domini

437 5948 600 6001 fiunt.
638 5971 664 5999 ‹‹
694 5950 913 6005 Oblatio
934 5953 1071 6022 justi
1114 5953 1398 6026 impiguat
1429 5954 1624 6020 altare,
1670 5957 1724 6009 et
1766 5953 1907 6006 odor
1942 5968 2062 6006 sua-

2133 4738 2136 4741 ‘
2180 4750 2294 4787 suae
2328 4735 2600 4788 Dominus
2640 4734 3093 4790 misericordiam
3132 4736 3203 4789 ad
3245 4737 3351 4790 hoc
3395 4737 3689 4808 fastigium
3732 4756 3814 4792 sa-

2176 4828 2456 4882 cerdotale
2489 4829 2761 4898 provexit,
2796 4832 2856 4881 ut
2875 4829 3159 4883 mandatis
3179 4829 3356 4901 ipsius
3379 4829 3726 4885 inhaerentes
3751 4832 3810 4885 in

2177 4921 2430 4992 quodam
2468 4923 2830 4977 sacerdotum
2872 4923 2991 4992 ejus
3029 4924 3258 4994 speculo
3292 4924 3582 4978 constituti
3610 4926 3810 4994 prohi-

2177 5015 2411 5069 beamus
2457 5015 2673 5084 illicita,
2706 5019 2759 5070 et
2777 5016 3068 5087 sequenda
3092 5017 3420 5073 doceamus.
3441 5018 3648 5072 Omnes
3670 5019 3810 5072 cha-

2179 5108 2410 5175 rissimi,
2440 5109 2537 5180 qui
2566 5111 2768 5164 volunt
2794 5110 2850 5163 in
2882 5109 3101 5164 Christo
3121 5111 3215 5181 pie
3238 5110 3445 5177 vivere,
3477 5127 3705 5165 necesse
3725 5117 3813 5166 est

2179 5206 2238 5256 ut
2265 5203 2335 5256 ab
2367 5203 2556 5273 impiis
2583 5208 2640 5257 et
2671 5203 3038 5258 dissimilibus
3069 5205 3354 5274 patiantur
3380 5205 3704 5275 opprobria,
3751 5212 3811 5260 et

2175 5296 2562 5366 despiciantur
2612 5302 2890 5367 tanquam
2945 5298 3120 5366 stulti,
3177 5301 3232 5352 et
3288 5297 3469 5352 insani
3521 5297 3617 5368 qui
3673 5297 3806 5352 ideo

2174 5389 2475 5460 praesentia
2503 5391 2646 5445 bona
2674 5389 2946 5460 perdunt,
2978 5396 3038 5445 ut
3067 5391 3395 5459 invisibilia,
3437 5408 3500 5445 ac
3527 5391 3631 5445 sibi
3669 5409 3804 5463 pro-

2171 5484 2362 5538 futura
2391 5484 2712 5555 acquirant.
2754 5483 2862 5538 Sed
2894 5484 3017 5538 haec
3056 5484 3360 5556 despectio,
3414 5489 3470 5539 et
3516 5484 3703 5540 irrisio
3745 5486 3805 5540 in

2169 5578 2324 5648 ipsos
2366 5577 2790 5648 retorquebitur
2830 5577 2968 5632 dum
3017 5583 3074 5632 et
3118 5578 3459 5632 abundantia
3499 5595 3697 5633 eorum
3744 5580 3804 5634 in

2170 5675 2499 5742 egestatem,
2542 5674 2600 5724 et
2645 5671 2910 5742 superbia
2960 5688 3157 5726 eorum
3199 5672 3547 5727 transierunt
3575 5673 3636 5726 in
3664 5690 3801 5727 con-

2170 5765 2471 5819 fusionem.
2503 5767 2658 5820 lusto
2690 5765 2844 5819 enim
2878 5766 3095 5837 judicio
3132 5767 3296 5821 datur
3327 5767 3668 5838 plerumque
3700 5784 3802 5838 po-

2168 5863 2337 5913 testas
2364 5859 2769 5929 peccatoribus,
2815 5877 2925 5931 qua
2955 5865 3178 5915 sanctos
3204 5861 3326 5931 ejus
3351 5865 3800 5936 persequantur,

2169 5958 2229 6006 ut
2272 5953 2370 6022 qui
2417 5952 2624 6022 Spiritu
2682 5952 2779 6007 Dei
2821 5955 3096 6023 juvantur
3139 5959 3193 6009 et
3231 5957 3498 6025 aguntur,
3528 5954 3673 6008 ﬁant
3700 5973 3803 6028 per
