4050 6308
199 397 317 448 HM

1425 388 1896 445 DECRETAIIIUM
1936 391 2320 445 COLLI‘JCTIO.

3413 397 3546 448 “0'2

192 501 450 555 laborum
495 500 766 555 exercitia
816 500 1098 554 clariores.
1130 501 1195 554 Et
1223 515 1569 571 quanquam,
1597 499 1816 566 fratres,
1841 499 2131 583 Ajuvare,
2160 499 2628 571 peregrinantem
2654 499 2928 555 reducere
2957 503 3086 571 post
3119 500 3432 569 intervalla,
3465 504 3552 557 est

191 598 266 649 ita
296 595 420 650 haec
457 611 514 650 se
547 595 814 664 habeant,
855 611 971 649 non
1012 599 1201 649 tamen
1242 597 1376 648 sunt
1405 593 1818 664 consentiendi,

190 690 287 745 sed
314 689 686 760 reprobandi,
709 689 807 760 qui
827 689 1087 760 praelatos
1108 704 1239 743 suos
1261 689 1347 742 vel
1370 688 1818 760 reprehendunt,

191 786 274 841 vel
329 789 641 853 accusant;
692 783 843 838 unde
894 782 1168 837 canonica
1217 787 1542 838 sanctorum
1594 785 1821 837 Patrum

190 883 419 949 statuta,
451 896 523 936 ne
559 877 842 934 columnae
881 882 1088 932 sanctae
1120 876 1376 932 Ecclesiae
1421 876 1701 946 vacillent,
1741 893 1824 931 se-

188 978 449 1045 quentes,
501 989 564 1026 ac
609 972 942 1027 roborantes
972 987 1169 1026 omnes
1207 970 1450 1025 infames
1477 975 1823 1040 cunctosque

190 1071 480 1139 suspectos
505 1067 592 1122 vel
620 1065 895 1133 inimicos,
945 1069 1001 1120 et
1031 1081 1126 1118 eos
1171 1065 1270 1136 qui
1309 1081 1421 1119 non
1460 1068 1591 1118 sunt
1620 1079 1824 1119 eorum

192 1161 397 1232 gentis,
429 1162 519 1215 vel
557 1175 803 1233 quorum
832 1160 994 1228 fides,
1027 1159 1156 1227 vita,
1185 1163 1241 1213 et
1283 1158 1515 1213 libertas
1553 1157 1820 1225 nescitur,

189 1261 245 1310 et
270 1255 368 1327 qui
393 1272 514 1310 non
551 1257 684 1309 sunt
723 1254 889 1308 bonae
939 1252 1401 1320 conversationis,
1445 1253 1531 1307 vel
1576 1268 1820 1324 quorum

189 1350 300 1404 vita
328 1351 416 1403 est
440 1347 765 1403 accusabilis
803 1348 872 1402 ab
915 1347 1072 1401 omni
1116 1347 1477 1402 accusatione
1521 1346 1819 1418 episcopo-

192 1460 317 1497 rum
344 1442 602 1497 funditus
622 1441 1044 1496 submovemus.
1070 1440 1346 1496 Similiter
1366 1444 1423 1496 et
1450 1457 1652 1494 omnes
1678 1456 1822 1511 quos

191 1537 398 1591 divinae
422 1537 577 1608 leges
619 1541 873 1590 mortuos
917 1535 1223 1606 appellant,
1255 1533 1677 1589 submovendos
1701 1549 1822 1588 esse

190 1631 258 1684 ab
286 1631 491 1685 eadem
519 1629 895 1696 accusatione,
939 1632 997 1682 et
1036 1628 1277 1698 publicae
1306 1627 1657 1698 paenitentiae
1685 1627 1822 1681 sub-

191 1724 497 1778 mittendos
530 1722 889 1794 judicamus;
921 1738 1104 1793 neque
1135 1721 1271 1775 dum
1301 1721 1559 1776 Ecclesia:
1586 1721 1823 1790 alicujus

188 1818 462 1890 episcopi,
511 1821 608 1871 aut
656 1817 1054 1887 possessiones,
1083 1817 1168 1870 vel
1195 1832 1287 1869 res
1318 1815 1388 1869 ab
1429 1815 1650 1869 aemulis
1676 1815 1819 1885 ejus,

1913 593 2154 665 justitia.
2181 593 2342 647 Libat
2373 593 2528 648 enim
2554 593 2792 649 Domino
2817 610 3091 665 prospera
3106 595 3205 666 qui
3231 595 3301 650 ab
3326 596 3550 652 afﬂictis

1922 687 2082 759 pellit
2104 687 2353 742 adversa.
2386 687 2657 756 Statutus,
2692 688 2998 742 venerandi
3021 689 3307 760 praesules,
3329 691 3550 746 sudoris

1921 781 2138 836 fructus
2153 784 2236 836 est
2243 781 2458 852 judicio
2477 781 2802 836 reddendus
2815 781 3132 852 purissime,
3155 783 3284 838 utin
3307 788 3550 856 utroque

1923 891 2210 947 congruus
2235 875 2390 930 nitor
2411 892 2518 930 nec
2546 874 2951 946 suscipientem
2975 876 3323 945 devenustet,
3345 877 3390 932 si
3405 878 3550 933 indi~

1925 987 2041 1041 gna
2075 969 2409 1024 auctoritate
2455 970 2799 1041 pervenerit,
2828 986 2931 1025 nec
2967 970 3012 1024 si
3055 971 3401 1039 conferatur,
3447 972 3550 1026 im-

1927 1069 2132 1124 merito
2174 1069 2420 1124 maculet
2468 1067 2831 1140 largientem.
2881 1068 2963 1125 Sit
3009 1086 3236 1141 semper
3280 1070 3549 1126 adversus

1921 1180 2128 1235 pravos
2161 1166 2217 1218 et
2250 1162 2457 1235 impios
2502 1166 2672 1234 atque
2713 1179 3000 1218 servorum
3033 1164 3129 1219 Dei
3166 1170 3551 1235 persecutores

1924 1257 2098 1312 libera
2123 1273 2249 1326 vox,
2282 1259 2339 1311 et
2355 1255 2480 1326 ,oris
2508 1256 2698 1327 gladio
2723 1257 3000 1312 feriantur
3028 1262 3084 1312 et
3112 1258 3549 1329 redarguantur,

1921 1355 2340 1424 persequantur
2359 1353 2416 1405 et
2439 1351 2813 1422 repellantur,
2842 1351 3267 1406 confundantur
3294 1355 3351 1408 et
3385 1370 3547 1408 aver-

1922 1449 2140 1512 tantur,
2187 1461 2291 1499 nec
2345 1444 2587 1499 laedendi
2639 1445 2731 1516 pie
2785 1444 3032 1500 viventes
3077 1445 3258 1501 ullam
3307 1447 3553 1503 habeant

1920 1539 2267 1594 facultatem.
2317 1539 2662 1609 Plerumque
2710 1538 2972 1610 periculis
3024 1540 3193 1610 plena
3239 1544 3372 1595 sunt
3423 1557 3551 1612 qua:

1923 1633 2188 1688 videntur
2207 1649 2327 1688 esse
2349 1631 2658 1700 tutissima;
2682 1632 2867 1686 videte
2883 1633 3108 1703 quantis
3134 1633 3395 1688 laborent
3415 1637 3552 1689 tales

1920 1727 2168 1795 insidiis;
2217 1727 2342 1781 ideo
2373 1725 2770 1780 absconditum
2812 1742 2933 1780 esse
2959 1743 3078 1780 non
3103 1728 3255 1797 licet,
3284 1730 3437 1799 quod
3463 1730 3555 1784 ad-

1926 1821 2134 1875 dimus.
2174 1822 2302 1875 Jam
2347 1820 2557 1874 latebat
2600 1823 2792 1874 nostra
2837 1821 3155 1890 persecutio
3204 1822 3552 1893 manifesta;

188 1913 271 1966 vel
301 1929 334 1966 a
361 1910 790 1982 quibuscunque
818 1908 941 1963 aliis
966 1925 1083 1963 non
1111 1925 1209 1962 sua
1241 1911 1439 1980 sponte
1468 1908 1821 1976 detinentur,
1831 1882 1902 2008 β
1924 1914 2318 1970 misericordia
2359 1917 2444 1967 est
2483 1913 2628 1968 circa
2672 1916 3062 1983 persecutores
3111 1919 3168 1970 et
3213 1916 3556 1971 facinorosos

186 2005 399 2077 aliquid
425 2004 506 2058 illi
537 2004 724 2072 debet,
753 2006 851 2057 aut
896 2008 1083 2075 potest
1108 2020 1138 2056 a
1170 2019 1463 2074 quoquam
1505 2006 1638 2057 ante
1667 2002 1830 2056 rein-‘

189 2100 569 2170 tegrationem
608 2098 866 2153 omnium
917 2113 1109 2151 rerum
1151 2112 1385 2151 suarum
1425 2096 1690 2167 objicere,
1725 2095 1824 2150 sed

188 2194 344 2265 prius
371 2193 451 2247 illi
481 2192 703 2263 legibus
729 2191 1134 2261 reintegranda
1161 2195 1289 2245 sunt
1320 2191 1527 2258 omnia,
1559 2193 1614 2244 et
1629 2193 1826 2261 postea

188 2292 444 2358 tempore
477 2303 508 2340 a
553 2286 806 2340 Patribus
849 2284 1132 2356 praeﬁnito
1179 2289 1312 2339 sunt
1353 2285 1584 2355 negotia
1637 2283 1823 2338 venti-

188 2381 352 2435 landa
383 2397 397 2435 :
427 2380 714 2435 refutandi
743 2385 872 2433 sunt
901 2379 1075 2433 etiam
1119 2382 1393 2450 raptores,
1435 2378 1608 2445 fures,
1650 2377 1821 2431 sacri-

185 2477 321 2547 legi,
363 2475 630 2543 adulteri,
679 2481 734 2530 et
775 2475 978 2528 horum
1021 2472 1268 2542 similes;
1317 2472 1690 2528 manifestum
1739 2474 1825 2526 est

185 2571 338 2625 enim
385 2570 539 2641 quod
581 2585 809 2640 semper
851 2569 990 2622 tales
1035 2566 1216 2638 magis
1263 2567 1608 2621 discordiam
1649 2582 1821 2637 quam

187 2681 386 2738 pacem
439 2666 744 2718 sectantur.
794 2662 990 2717 Nullus
1040 2679 1265 2733 quoque
1322 2661 1637 2715 monachus
1687 2659 1824 2715 talia

186 2775 442 2831 unquam
495 2756 748 2827 arripiat,
791 2773 895 2810 nec
941 2755 1248 2822 saecularia,
1303 2757 1402 2808 aut
1451 2752 1823 2808 ecclesiastica

187 2853 415 2924 negotia
459 2851 791 2923 perturbare
833 2853 1157 2921 praesumat,
1205 2849 1339 2921 quia
1383 2852 1613 2903 mortua
1644 2847 1700 2901 in
1734 2850 1819 2901 ta-

186 2947 331 3002 libus
357 2963 464 3001 vox
491 2949 576 3000 est
600 2961 799 2999 eorum
823 2961 838 3014 ;
866 2944 1193 2998 immobiles
1224 2943 1376 2998 enim
1404 2943 1673 2999 Dominus
1691 2957 1822 2996 suos

186 3057 444 3095 summos
473 3055 700 3110 semper
731 3039 848 3094 vult
883 3054 1117 3093 manere
1161 3037 1586 3109 praedicatores,
1615 3039 1674 3090 et
1703 3052 1820 3091 non

185 3156 216 3190 a
254 3134 593 3207 quibusdam
620 3133 909 3200 temerari,
939 3133 1034 3188 sed
1063 3132 1164 3186 sibi
1207 3131 1380 3186 libere
1421 3136 1476 3186 et
1514 3131 1704 3202 quiete
1744 3130 1820 3184 fa-

187 3228 411 3298 mulari,
447 3227 596 3282 unde
642 3231 696 3281 et
731 3227 851 3297 ipse
895 3227 1015 3280 ait:
1057 3226 1215 3290 «Qui
1257 3242 1352 3279 vos
1392 3226 1600 3295 tangit,
1639 3224 1894 3329 tangitC

186 3323 463 3394 pupillam
505 3321 651 3375 oculi
696 3321 809 3375 mei
849 3321 1025 3391 (Zach.
1067 3337 1126 3387 II,
1155 3320 1228 3389 8).
1259 3341 1284 3368 ››
1333 3321 1400 3372 Et
1431 3319 1524 3390 qui
1562 3335 1657 3372 vos
1686 3334 1816 3372 con-

187 3418 396 3482 tristat,
428 3432 520 3470 me
548 3414 856 3469 contristat.
892 3417 957 3469 Et
998 3415 1094 3484 qui
1135 3413 1334 3468 fecerit
1362 3413 1655 3484 injuriam,
1684 3413 1822 3466 reci-

187 3512 302 3583 piet
339 3510 494 3580 quod
533 3509 725 3581 inique
753 3509 942 3581 gessit.
975 3511 1042 3564 Et
1066 3508 1200 3562 alibi
1232 3525 1244 3562 :
1281 3529 1308 3556 «
1342 3507 1445 3572 Qui
1473 3524 1569 3560 vos
1595 3506 1816 3576 recipit,

189 3622 281 3660 me
308 3604 540 3675 recipit;
588 3609 643 3658 et
684 3602 779 3674 qui
819 3619 915 3656 vos
943 3603 1176 3674 spernit,
1215 3619 1302 3656 me
1339 3601 1557 3672 spernit
1604 3601 1814 3668 (Matth.

188 3717 238 3765 x,
266 3700 376 3768 40);
408 3720 436 3747 »
475 3698 552 3752 ita
582 3713 806 3768 quoque
853 3701 908 3755 et
953 3713 986 3750 a
1030 3696 1307 3767 plebibus,
1341 3696 1428 3750 vel
1467 3695 1685 3750 cmteris
1729 3710 1820 3765 ge-

184 3792 456 3848 neraliter
485 3791 748 3845 omnibus
792 3795 924 3845 sunt
966 3790 1224 3856 timendi,
1264 3795 1319 3844 et
1343 3789 1606 3858 feriendi,
1652 3794 1819 3861 atque

184 3885 491 3942 venerandi
541 3888 809 3956 pastores,
876 3887 932 3939 et
982 3884 1378 3954 praedicatores
1429 3883 1708 3951 Ecclesiae,
1760 3885 1822 3938 ut

185 3981 290 4036 sub
362 3979 764 4034 exercitatione
832 3980 993 4033 bonae
1064 3978 1371 4032 voluntatis
1437 3977 1822 4032 sustineantur

188 4074 538 4146 temporalia,
584 4077 887 4144 sperentur
924 4077 1155 4127 aeterna.
1204 4075 1389 4143 Auget
1427 4072 1578 4127 enim
1620 4072 1822 4126 merita

186 4169 411 4223 virtutis
453 4168 551 4238 qui
594 4167 953 4239 propositum
999 4183 1111 4220 non
1153 4165 1344 4234 violat,
1371 4166 1463 4220 sed
1492 4169 1663 4235 auget
1687 4165 1819 4220 reli-

187 4261 392 4335 gionis.
421 4261 674 4317 Charitas
717 4277 847 4315 vero
893 4276 1118 4331 semper
1147 4258 1436 4312 hominem
1483 4258 1724 4312 invocat.
1754 4259 1823 4312 Et

187 4357 332 4411 sicut
384 4355 708 4426 malignitas
768 4359 984 4408 veteres
1039 4353 1114 4407 ita
1164 4351 1388 4406 dilectio
1444 4367 1617 4405 novos
1664 4350 1818 4418 facit,

189 4451 330 4504 fides
356 4465 552 4504 eorum
589 4449 685 4520 qui
728 4451 900 4503 Deum
945 4447 1119 4502 visuri
1149 4449 1298 4514 sunt,
1327 4444 1480 4516 quod
1508 4460 1620 4498 non
1648 4443 1818 4513 videt,

187 4543 383 4598 credit.
417 4545 557 4598 Nam
603 4543 648 4596 si
691 4543 860 4608 videt,
894 4559 1005 4596 non
1053 4544 1136 4596 est
1185 4540 1343 4594 ﬁdes.
1375 4537 1634 4594 Credenti
1663 4537 1820 4591 colli-

1923 2013 2143 2063 servata
2190 2007 2487 2062 districtio.
2545 2009 2692 2077 Ergo
2743 2007 2930 2077 sopori
2983 2009 3236 2080 quietem
3286 2010 3554 2077 tribuite,

1923 2102 2236 2157 caelestium
2261 2101 2664 2155 mandatorum
2682 2101 2905 2155 hostem
2927 2119 3152 2174 quoque
3179 2103 3466 2174 depellite,
3484 2121 3557 2158 ne

1923 2195 2164 2250 candida
2209 2194 2563 2249 conversatio
2613 2194 2907 2249 vobiscum
2962 2196 3345 2251 habitantium
3401 2197 3556 2251 fusca

1924 2288 2377 2360 supervenientis
2407 2289 2742 2359 contagione
2770 2289 3033 2344 violetur.
3058 2293 3201 2345 Ante
3227 2290 3402 2357 enim,
3433 2307 3558 2362 pro-

1922 2383 2163 2438 videnda
2225 2386 2359 2437 sunt
2422 2382 2677 2437 remedia
2739 2399 2908 2454 quam
2974 2384 3206 2439 morbus
3258 2386 3555 2453 increscat,

1924 2482 2250 2532 sanctorum
2308 2492 2536 2552 quoque
2600 2477 3010 2548 apostolorum,
3081 2484 3138 2533 et
3202 2478 3558 2549 reliquorum

1921 2571 2278 2626 sacerdotum
2334 2575 2601 2641 petamus
2655 2570 2992 2639 exercitum,
3047 2575 3105 2626 et
3156 2571 3557 2642 praedictorum

1923 2667 2346 2736 persecutorum
2392 2679 2493 2717 ora
2537 2663 2888 2718 claudamus.
2947 2665 3147 2720 Saeculi
3207 2670 3558 2724 conversatio

1922 2760 2118 2829 legum
2167 2762 2326 2812 metu
2380 2756 2682 2827 retinetur,
2737 2757 3116 2813 ecclesiastica
3171 2775 3400 2832 quoque
3454 2779 3554 2817 cu-

1921 2851 2101 2906 stodia
2144 2852 2475 2922 regularum
2523 2851 2698 2906 frenis
2731 2856 2988 2906 servatur
3028 2857 3084 2907 et
3122 2853 3357 2924 regitur.
3389 2856 3554 2924 Deus,

1920 2945 2260 3014 charissimi,
2317 2961 2544 3015 semper
2600 2945 2793 3016 procul
2849 2949 3068 3001 avertat
3124 2946 3414 3004 invidiam.
3454 2951 3556 3004 Vos

1921 3056 2058 3111 ergo
2085 3039 2416 3107 armamini,
2454 3039 2615 3109 juxta
2660 3040 3018 3111 Apostolum,
3069 3040 3258 3110 gladio
3304 3042 3553 3114 spiritus,

1922 3133 2076 3204 quod
2102 3138 2185 3188 est
2211 3133 2446 3188 verbum
2489 3132 2604 3200 Dei,
2634 3137 2690 3188 et
2714 3133 3034 3204 apostolicae
3060 3136 3408 3191 auctoritatis
3439 3138 3554 3208 cly-

1920 3243 2050 3298 peo,
2084 3231 2148 3280 ut
2173 3226 2558 3281 ecclesiastica:
2583 3226 2948 3282 fecunditatis
2967 3227 3100 3298 jura
3124 3229 3278 3283 nulla
3316 3230 3554 3285 saevien-

1921 3322 1990 3375 tis
2018 3321 2282 3392 procellae
2311 3319 2527 3390 possint
2553 3319 2896 3390 impulsione
2921 3321 3202 3390 subverti;
3237 3323 3409 3377 nolite
3437 3323 3554 3378 ullo

1921 3430 2177 3486 unquam
2222 3413 2552 3485 praejudicio
2584 3429 2820 3484 gravare
2851 3430 3225 3486 quemquam,
3254 3417 3348 3471 sed
3375 3416 3552 3488 inspi-

1921 3508 2027 3563 cite
2076 3523 2305 3578 semper
2347 3523 2473 3578 quse
2517 3507 2843 3578 regularum
2889 3507 3212 3563 testimonio
3266 3509 3553 3565 declaran-

1919 3607 2031 3658 tur.
2058 3601 2327 3672 Superest
2371 3601 2548 3655 salute
2583 3601 2850 3672 praelata,
2880 3605 2945 3656 ut
2968 3602 3036 3656 ad
3069 3603 3277 3673 gaudia
3304 3620 3553 3676 semper,

1919 3697 2114 3764 frater,
2145 3694 2345 3749 devote
2375 3694 2714 3766 properetis,
2743 3695 2880 3765 quia
2905 3695 3090 3750 divina
3121 3696 3399 3752 beneﬁcia
3425 3714 3553 3768 gra-

1921 3790 2086 3844 dibus
2111 3805 2259 3859 saepe
2285 3788 2583 3854 accedunt,
2615 3793 2672 3843 et
2703 3788 2910 3860 quibus
2935 3789 3088 3844 bona
3111 3791 3412 3846 conferunt
3441 3809 3558 3846 me-

1919 3884 2060 3938 liora
2089 3882 2464 3954 pollicentur;
2492 3897 2722 3954 semper
2753 3882 2910 3937 enim
2937 3884 3311 3939 incrementis
3335 3886 3407 3941 ad
3435 3887 3555 3940 cul-

1920 3994 2056 4032 men
2095 3975 2443 4046 ascenditur,
2486 3975 2581 4031 ubi
2629 3993 2910 4048 supernus
2952 3979 3111 4032 favor
3141 3982 3372 4050 praestat
3402 3997 3560 4035 exor-

1921 4071 2101 4126 dium.
2121 4071 2268 4125 Deus
2284 4070 2647 4142 omnipotens
2662 4070 2884 4125 indulta
2906 4087 3131 4144 semper
3150 4073 3444 4140 custodiat,
3466 4092 3562 4130 au-

1924 4168 2168 4236 geatque
2183 4164 2535 4219 successibus
2547 4165 3079 4236 profutura.0mnia
3091 4166 3249 4221 vobis
3263 4170 3559 4239 semperin

1922 4259 2194 4312 charitate
2216 4258 2451 4327 liant,et
2476 4258 2842 4312 detrahentes
2869 4259 3043 4313 nolite
3071 4259 3384 4325 detrahere,
3414 4278 3558 4332 quo-

1923 4351 2075 4404 niam
2097 4350 2527 4405 detrahentibus
2544 4350 2840 4405 detrahere
2853 4367 2968 4405 non
2984 4355 3068 4406 est
3080 4351 3393 4418 bonum,ne
3406 4354 3474 4407 ad
3496 4372 3564 4410 ea

1921 4459 2049 4516 quae
2067 4443 2273 4514 scripta
2294 4448 2428 4498 sunt
2446 4443 2719 4499 commoti
2740 4444 2973 4499 minime
3011 4447 3301 4500 certamen
3327 4447 3560 4503 faciant.

1923 4535 2136 4609 274.
2167 4537 2289 4590 Non
2314 4536 2590 4592 debemus
2611 4537 2816 4592 timere
2837 4538 3214 4609 opprobrium
3232 4539 3560 4607 hominum,

187 4637 343 4708 gitur
384 4637 679 4704 meritum,
726 4636 936 4690 videnti
987 4635 1241 4690 redditur
1290 4632 1611 4704 praemium.
1670 4624 2110 4702 Tuncheque
2154 4647 2357 4685 eorum
2395 4631 2933 4702 exprobrationibus
2959 4632 3126 4700 vinci,
3157 4633 3423 4704 quoniam
3454 4636 3563 4689 hoc

189 4730 502 4802 pretiosum
549 4730 793 4800 pastoris
843 4730 1107 4784 diadema
1149 4731 1254 4794 est,
1302 4726 1527 4798 quando
1580 4725 1824 4780 suasioni

189 4825 315 4896 ejus
341 4839 477 4894 grex
492 4823 902 4878 ecclesiasticus
922 4824 1058 4877 dum
1079 4823 1147 4877 ad
1171 4822 1514 4893 probitatem
1544 4820 1822 4890 graditur,

189 4936 304 4973 non
337 4923 636 4988 repugnat,
684 4918 776 4973 ille
819 4917 937 4972 sine
979 4917 1108 4971 fuco
1143 4916 1506 4981 monitorem,
1537 4918 1593 4968 et
1627 4913 1826 4968 feriato

192 5029 290 5067 ore
351 5011 566 5082 diligit,
627 5013 725 5083 qui
777 5012 896 5083 ejus
949 5011 1205 5066 instituta
1256 5013 1519 5064 sectatur.
1569 5009 1832 5063 Praebent

191 5105 519 5160 hominibus
558 5111 778 5161 naturae
827 5105 1268 5173 institutionem,
1300 5109 1357 5158 et
1399 5108 1556 5157 muta
1590 5119 1828 5173 respon-

193 5216 356 5265 sum;
392 5198 538 5254 redit
564 5200 632 5254 ad
678 5199 946 5254 mortales
991 5198 1312 5253 vicissitudo
1339 5197 1596 5251 clamosae
1632 5195 1833 5250 sollici-

194 5293 430 5362 tudinis,
476 5293 610 5365 quia
651 5293 1044 5364 unusquisque
1085 5296 1256 5364 prout
1285 5291 1545 5362 gesserit,
1574 5291 1832 5360 recipiet.

198 5388 336 5441 Nam
383 5387 534 5459 perit
576 5389 727 5460 quod
774 5388 987 5459 lingua:
1031 5390 1392 5457 acceperunt,
1421 5384 1633 5437 frustra
1664 5384 1836 5438 bene-

197 5481 389 5536 ficium
431 5481 541 5535 nisi
581 5482 842 5553 legitime
887 5483 1134 5551 cceptum
1187 5479 1361 5534 fuerit
1408 5477 1726 5548 negotium,
1781 5481 1837 5531 et

199 5574 470 5629 canonice
498 5579 820 5646 peractum.
868 5577 945 5630 De
986 5573 1195 5628 fiducia
1243 5573 1396 5628 enim
1440 5569 1690 5642 partium
1729 5586 1834 5625 no-

201 5674 449 5724 strarum
479 5669 746 5736 mittitur,
784 5669 934 5741 quod
973 5666 1282 5738 apostolica
1323 5665 1562 5721 mandat
1589 5663 1836 5718 auctori-

204 5767 305 5831 tas,
334 5779 434 5817 vos
461 5763 856 5818 tantummodo
899 5760 1169 5834 praesules
1219 5759 1427 5816 Christi
1476 5757 1706 5828 benigni
1753 5773 1840 5810 vc-

206 5861 315 5909 slra
352 5857 509 5910 salva
545 5856 769 5912 aurium
796 5857 1240 5926 animorumque
1285 5853 1574 5924 equitate,
1608 5857 1664 5906 et
1692 5851 1839 5905 bona

208 5949 496 6004 i'iiluntate
529 5967 754 6024 semper
784 5953 1070 6023 praestare.
1110 5950 1254 6005 Nam
1298 5947 1569 6002 adversus
1598 5945 1842 6020 impetus

1925 4725 2085 4780 nobis
2106 4724 2377 4780 Dominus
2391 4724 2556 4795 jubet
2575 4741 2677 4796 per
2697 4725 2894 4780 Isaiam
2916 4727 3255 4797 prophetam
3277 4744 3289 4782 :
3311 4747 3337 4779 «
3361 4728 3565 4783 Audite

1926 4836 2037 4888 me,
2061 4819 2159 4890 qui
2179 4818 2330 4872 scitis
2345 4818 2650 4889 judicium;
2669 4820 2914 4892 populus
2931 4836 3094 4875 meus
3111 4821 3168 4875 in
3188 4837 3430 4893 quorum
3447 4839 3568 4876 cor-

1927 4913 2089 4967 dibus
2101 4914 2192 4966 lex
2205 4929 2328 4966 mea
2343 4911 2626 4979 est,nolite
2641 4912 2844 4969 timere
2859 4915 3233 4986 opprobrium
3248 4915 3566 4983 hominum,

1929 5011 1986 5062 et
2003 5005 2386 5078 blasphemias
2405 5022 2604 5062 eorum
2625 5022 2696 5062 ne
2722 5007 2973 5062 timeatis
2996 5009 3119 5078 (Isa.
3139 5025 3209 5076 LI,
3226 4992 3360 5079 7);!»
3381 5010 3564 5064 consi-

1931 5102 2196 5156 derantes
2221 5100 2376 5171 quod
2395 5100 2453 5154 in
2476 5100 2695 5171 psalmo
2728 5101 3003 5172 scriptum
3021 5106 3137 5157 est:
3161 5103 3404 5160 «Nonne
3422 5105 3572 5160 Deus

1931 5196 2186 5268 requiret
2207 5195 2333 5249 ista.
2359 5195 2482 5266 Ipse
2501 5194 2654 5249 enim
2678 5195 2835 5250 novit
2861 5197 3077 5251 occulta
3105 5196 3313 5269 cordis,
3337 5202 3393 5254 et
3414 5201 3569 5271 cogi-

1934 5290 2174 5346 tationes
2193 5288 2398 5344 talium
2420 5288 2744 5357 hominum,
2765 5289 3037 5360 quoniam
3058 5307 3218 5346 vane
3251 5298 3402 5362 sunt,
3425 5311 3574 5349 vana

1937 5389 2129 5439 autem
2150 5383 2371 5440 locutus
2396 5386 2482 5437 est
2509 5382 2896 5454 unusquisque
2931 5383 3005 5438 ad
3031 5383 3357 5456 proximum
3381 5404 3570 5456 suum,

1938 5477 2086 5532 labia
2107 5477 2302 5533 dolosa
2324 5476 2384 5532 in
2411 5476 2598 5546 corde,
2619 5481 2674 5531 et
2696 5477 2864 5532 corde
2893 5477 3070 5533 locuti
3100 5484 3233 5534 sunt
3265 5481 3430 5534 mala.
3462 5481 3573 5536 Sed

1939 5571 2230 5642 disperdat
2247 5570 2518 5626 Dominus
2541 5571 2802 5626 universa
2824 5570 2974 5625 labia
2995 5571 3210 5643 dolosa,
3240 5576 3296 5627 et
3316 5573 3575 5644 linguam

1939 5665 2492 5737 magniloquam.Qui
2507 5664 3077 5736 dixeruntzLinguam
3093 5669 3345 5720 nostram
3359 5667 3578 5738 magni-
3612 5683 3622 5716 κ

1939 5756 2255 5823 ficabimus,
2280 5759 2429 5814 labia
2451 5764 2693 5815 nostrae
2712 5759 2874 5815 nobis
2900 5763 3051 5828 sunt,
3088 5759 3216 5831 quis
3241 5765 3436 5816 noster
3469 5762 3573 5815 Do-
3603 5745 3608 5756 ’

1942 5849 2130 5904 minus
2177 5851 2304 5904 est?
2349 5852 2510 5918 (Psal.
2555 5870 2705 5921 XLIII,
2742 5856 2842 5924 22;
2895 5869 3045 5921 xcm,
3096 5855 3190 5923 ll;
3234 5869 3307 5922 XI,
3357 5856 3497 5923 3-5).
3549 5879 3571 5900 η

1947 5945 2082 5999 Nam
2105 5941 2151 5999 si
2169 5943 2286 5997 haec
2307 5943 2365 5997 in
2385 5946 2659 6001 memoria
2684 5947 2996 6005 retinerent
3016 5946 3253 6005 minime
3271 5948 3342 6005 ad
3365 5951 3575 6006 tantam
