4050 6336
455 392 586 443 1103

1329 391 1613 444 ΑΡΡΕΝΙ).
1657 391 1744 444 AD
1784 390 1946 445 SIEC.
1991 393 2076 444 IX.
2108 420 2174 430 —-
2204 392 2439 446 lSlDORl
2481 392 2906 447 MERCATORIS

3673 400 3816 454 1104

446 495 768 567 prosilirent
793 497 1173 568 iniquitatem,
1204 514 1317 552 non
1349 499 1502 552 enim
1530 515 1633 569 per
1650 499 2002 570 probabilem
2024 503 2080 554 et
2101 513 2158 586 Α
2180 499 2350 554 etiam
2386 517 2493 572 per
2537 500 2827 555 ministros
2874 518 3002 556 suos
3049 502 3317 573 intonuit,
3359 503 3549 559 dicens
3582 523 3594 560 :
3632 528 3658 555 «
3688 507 3831 562 Mihi

445 590 742 661 pristinam
770 589 1090 644 doctrinam
1125 591 1232 646 hoc
1257 591 1493 657 faciunt,
1524 592 1623 646 sed
1648 596 1713 647 ut
1738 609 1897 647 suam
1926 609 2079 648 exer-

448 687 614 737 ceant
643 682 700 736 in
731 699 921 737 servos
954 684 1053 738 Dei
1091 684 1415 739 vindictam.
1451 685 1734 757 Scriptum
1767 689 1850 740 est
1875 687 2029 741 enim
2060 705 2073 740 :

451 799 476 825 ((
518 776 617 830 Via
648 775 805 830 stulti
835 781 989 831 recta
1019 777 1076 831 in
1111 778 1287 832 oculis
1319 778 1440 848 ejus
1483 779 1658 848 (Prov.
1704 797 1798 847 xu,
1838 783 1942 850 15);
1974 785 2030 834 et
2062 797 2075 834 :

452 892 476 918 ‹‹
495 871 635 924 Sunt
657 870 756 923 viae
773 887 901 942 quae
922 870 1189 925 videntur
1208 871 1433 926 homini
1443 873 1635 942 justas,
1651 873 1955 927 novissima
1978 890 2078 928 au-

446 968 563 1018 tem
585 979 785 1018 earum
807 964 1097 1019 deducunt
1115 965 1187 1019 ad
1204 969 1445 1020 mortem
1465 966 1641 1036 (Prov.
1671 983 1782 1035 xw,
1808 969 1911 1036 l2);
1929 986 1955 1018 »
1975 984 2080 1022 nos

355 1106 358 1108 .
447 1056 600 1110 enim
629 1058 724 1128 qui
753 1058 873 1112 haac
900 1058 1152 1129 patimur
1170 1058 1384 1130 judicio
1409 1059 1506 1113 Dei
1534 1061 1653 1114 haec
1675 1076 1962 1115 reservare
1982 1061 2078 1116 de-

446 1150 663 1217 bemus,
708 1151 804 1222 qui
835 1151 1038 1208 reddet
1063 1152 1370 1224 unicuique
1393 1154 1561 1224 juxta
1601 1170 1775 1225 opera
1809 1171 1929 1209 sua.
1974 1154 2081 1219 Qui

2178 593 2490 648 vindictam
2519 611 2626 664 ego
2656 594 2964 649 retribuam
2993 595 3161 667 (Rom.
3193 613 3292 664 xu,
3325 598 3406 668 19)
3423 615 3440 667 ;
3475 620 3502 647 ››
3533 616 3630 654 vos
3660 601 3824 656 enim

2181 688 2238 741 in
2275 691 2429 741 recta
2454 687 2566 741 ﬁde
2592 705 2654 742 ac
2681 705 2822 758 pura
2841 693 2897 743 et
2916 689 3071 744 bona
3095 691 3384 746 voluntate
3411 694 3720 750 succurrite
3742 696 3825 748 vi-

2181 780 2388 846 cissim,
2422 797 2527 835 nec
2571 781 2774 853 aliquis
2805 799 2838 837 a
2863 785 3256 854 supplemento
3290 785 3476 840 fratris
3526 788 3833 843 subtrahat

2181 891 2438 941 manum,
2470 875 2738 946 quoniam
2779 876 2838 930 in
2876 876 3005 944 hoc,
3045 878 3124 932 ait
3154 879 3444 949 Dominus,
3477 885 3834 953 cognoscent

2182 984 2402 1035 omnes,
2431 969 2566 1039 quia
2604 970 2720 1024 mei
2750 970 2883 1024 estis
2912 971 3190 1043 discipuli,
3231 973 3276 1027 si
3312 974 3674 1030 dilectionem
3717 976 3828 1030 ha-

2181 1061 2416 1116 bueritis
2445 1063 2516 1116 ad
2561 1063 2824 1120 invicem.
2855 1067 2992 1120 Data
3030 1066 3266 1122 Kalend.
3309 1069 3601 1139 Novemb.,
3636 1069 3827 1125 indic-

2182 1155 2334 1213 tione
2361 1159 2445 1210 15.

453 1364 3798 1388 —-——————————____._.___.______________________________

993 1552 1563 1646 INCIPIUNT
1656 1555 2102 1648 DECRET

2269 1557 2810 1650 GREGOBII
2900 1559 3258 1651 PAPfE.

802 1898 876 1948 De
907 1896 1052 1949 trina
1086 1897 1349 1950 mersione
1378 1895 1735 1966 baptismatis.

524 2007 1012 2063 Reverendissimo
1046 2011 1104 2063 et
1131 2009 1485 2064 sanctissimo
1525 2009 1686 2064 fratri
1716 2010 1968 2065 Lemano
1996 2025 2085 2063 co-

452 2102 712 2173 episcopo
739 2102 1046 2157 GREGORIUS
1074 2119 1269 2158 servus
1295 2119 1584 2158 servorum
1617 2104 1738 2158 Dei.

521 2197 877 2266 Respondere
905 2197 1157 2268 epistolis
1177 2197 1374 2253 vestris
1395 2201 1513 2252 tota
1537 2197 1850 2252 intentione
1880 2198 2084 2251 voluis-

451 2306 570 2343 sem
585 2289 691 2344 nisi
713 2291 1009 2360 pastoralis
1022 2307 1088 2345 cu
1096 2308 1172 2345 rce
1188 2291 1266 2345 ita
1278 2307 1369 2345 me
1386 2291 1544 2346 labor
1557 2294 1848 2358 attereret,
1864 2295 1929 2345 ut
1944 2291 2088 2344 mihi

449 2383 631 2453 magis
657 2384 795 2438 ﬂere
823 2384 1000 2438 libeat
1029 2401 1201 2456 quam
1242 2385 1455 2456 aliquid
1482 2385 1688 2440 dicere.
1718 2385 1877 2448 Quod
1904 2388 2089 2439 vestra

449 2494 677 2548 quoque
710 2478 1030 2532 reverentia
1061 2478 1118 2532 in
1142 2478 1263 2549 ipso
1294 2479 1616 2534 litterarum
1643 2495 1901 2533 mearum
1933 2483 2090 2533 textu

449 2571 753 2641 vigilanter
789 2571 1088 2642 intelliget,
1121 2572 1350 2644 quando
1399 2574 1450 2626 ei
1493 2574 1852 2644 negligenter
1890 2574 2090 2644 loquor

449 2681 620 2736 quem
643 2666 1014 2720 vehementer
1044 2666 1238 2736 diligo.
1272 2666 1463 2721 Tantis
1513 2667 1723 2739 quippe
1751 2667 1808 2720 in
1841 2668 1946 2721 hoc
1969 2667 2089 2720 loco

451 2759 620 2829 hujus
644 2759 844 2813 mundi
883 2759 1148 2814 ﬂuctibus
1178 2759 1423 2831 quatior,
1460 2765 1521 2814 ut
1550 2764 1826 2815 vetustam
1868 2777 1932 2815 ac
1958 2761 2084 2815 fati-

452 2857 700 2906 scentem
731 2869 931 2907 navem
961 2870 1138 2924 quam
1167 2854 1480 2924 regendam
1502 2855 1722 2908 occulta
1748 2855 1849 2908 Dei
1871 2855 2090 2925 dispen-

454 2946 668 3000 satione
719 2947 977 3018 suscepi,
1048 2947 1120 3001 ad
1169 2952 1399 3018 portum
1453 2947 1702 3018 dirigere
1760 2947 2090 3002 nullatenus

453 3039 683 3109 possim.
712 3041 870 3093 Nunc
919 3057 986 3093 ex
1041 3040 1262 3095 diverso
1309 3042 1512 3095 tluctus
1552 3041 1798 3095 irruunt.
1837 3042 1997 3095 Nunc
2022 3057 2088 3095 ex

452 3134 628 3188 latere
660 3132 872 3187 cumuli
914 3133 1171 3204 spumosi
1215 3133 1388 3188 maris
1429 3133 1836 3189 intumescunt.
1866 3135 2023 3189 Nunc
2059 3153 2092 3188 a

452 3232 616 3297 tergo
634 3230 944 3297 tempestas
964 3227 1303 3297 insequitur,
1322 3227 1584 3298 interque
1613 3227 1810 3282 omnia
1830 3229 2093 3282 turbatus

461 3278 608 3297 φο,
643 3278 784 3297 ,___T
804 3278 940 3283 η,ηο
965 3278 1081 3282 -,-
1099 3278 1272 3297 Γηκ-
1291 3278 1303 3295 ,
1482 3278 1581 3298 Γ,
1620 3278 1809 3282 --η-η
1839 3278 1955 3282 -___
1972 3278 2088 3282 ____

453 3337 629 3391 cogor
657 3321 829 3374 modo
856 3321 1006 3376 inter
1033 3321 1181 3392 ipsas
1207 3322 1490 3376 undarum
1521 3323 1698 3376 moles
1725 3339 1928 3376 navem
1952 3322 2091 3376 diri—
2112 3278 2168 3354 Ο

453 3431 606 3480 gere,
646 3415 816 3469 modo
844 3419 1073 3469 curvato
1107 3415 1265 3469 navis
1293 3415 1465 3470 latere
1495 3415 1682 3470 minas
1713 3415 1991 3470 ﬂuctuum
2023 3433 2092 3470 ex

455 3509 680 3580 obliquo
727 3509 1028 3562 declinare.
1063 3508 1169 3564 Sed
1201 3509 1533 3580 ingemisco,
1563 3509 1697 3580 quia
1720 3510 1902 3564 sentio
1936 3509 2092 3580 quod

453 3602 785 3673 negligente
815 3619 907 3657 me
947 3603 1147 3657 crescit
1184 3604 1405 3658 sentina
1435 3603 1723 3671 vitiorum,
1755 3606 2093 3674 tempestate

453 3697 677 3751 fortiter
703 3696 979 3763 obviante,
1000 3697 1120 3768 jam
1149 3714 1266 3768 prae
1297 3698 1601 3768 putredine
1631 3697 1997 3769 naufragium
2018 3702 2094 3751 ta-

457 3791 604 3844 bulae
639 3794 868 3858 sonant;
920 3791 1064 3845 ﬂens
1111 3791 1445 3846 reminiscor
1497 3791 1648 3862 quod
1691 3791 1910 3862 perdidi
1949 3807 2094 3846 mea:

457 3884 739 3954 placidum
770 3883 927 3938 littus
955 3883 1182 3955 quietis,
1201 3887 1257 3939 et
1277 3885 1610 3956 suspirando
1635 3887 1846 3938 terram
1867 3886 2090 3956 conspi-

455 3978 564 4043 cio,
589 3993 761 4047 quam
783 3981 978 4031 tamen
1001 3993 1194 4030 rerum
1215 3977 1431 4031 eventis
1454 3977 1883 4032 adversantibus
1901 3982 2096 4032 tenere

456 4085 575 4126 non
602 4085 852 4138 possum.
887 4069 945 4124 Si
991 4086 1127 4140 ergo
1157 4086 1266 4135 me,
1298 4070 1470 4124 frater
1503 4070 1850 4137 charissime,
1887 4071 2092 4141 diligis,

460 4162 547 4216 his
578 4167 688 4216 tute
720 4162 864 4217 mihi
907 4163 1180 4218 orationis
1207 4163 1265 4217 in
1301 4163 1564 4217 ﬂuctibus
1605 4179 1844 4218 manum
1875 4165 2092 4232 tendas,

457 4273 570 4328 quo
602 4256 958 4312 laborantem
986 4274 1078 4312 me
1106 4257 1357 4327 adjuves,
1389 4258 1524 4329 quia
1551 4273 1615 4312 ex
1643 4257 1765 4328 ipsa
1794 4258 1912 4312 vice
1940 4275 2093 4313 mer-

459 4350 613 4404 cedis
657 4351 716 4406 in
760 4350 872 4405 tuis
915 4367 1141 4422 quoque
1195 4351 1480 4406 laboribus
1540 4352 1815 4407 valentior
1870 4352 2092 4407 existas.

460 4445 698 4516 Explere
727 4449 920 4499 autem
953 4445 1241 4516 loquendo
1271 4445 1595 4501 nullatenus
1624 4447 1782 4502 valeo
1823 4446 2097 4517 gaudium

460 4555 654 4593 meum
693 4539 844 4610 quod
883 4555 1248 4594 communem
1275 4539 1458 4594 ﬁlium
1486 4539 1801 4612 gloriosum
1828 4541 2093 4595 Reccare-

2107 1908 2162 1979 B
2186 1898 2536 1950 sacramenta
2567 1894 2882 1966 signemus,
2908 1900 2968 1950 ut
2994 1895 3130 1949 dum
3151 1893 3318 1950 tertio
3350 1895 3422 1949 ab
3449 1894 3608 1966 aquis
3636 1894 3836 1948 infans

2190 1989 2470 2056 educitur,
2504 1989 2842 2043 resurrectio
2864 1988 3115 2043 triduani
3139 1989 3414 2059 temporis
3445 1989 3832 2060 exprimatur.

2379 2104 2510 2156 Item
2540 2103 2616 2156 ad
2641 2102 2948 2157 Leandrum
2973 2102 3285 2172 Spalensem
3309 2103 3632 2171 episcopum.

2261 2195 2586 2250 Sanctitatis
2611 2200 2813 2249 vestrae
2853 2195 3072 2266 suscepi
3101 2188 3404 2266 epistolam
3431 2195 3605 2250 solius
3636 2195 3833 2249 chari-

2189 2288 2320 2343 tatis
2346 2290 2571 2343 calamo
2599 2289 2864 2360 scriptam
2883 2307 2895 2354 ;
2919 2306 2988 2344 ex
3005 2289 3175 2344 corde
3197 2289 3353 2344 enim
3369 2289 3565 2359 lingua
3581 2289 3837 2344 tinxerat

2189 2383 2340 2453 quod
2377 2383 2435 2436 in
2467 2383 2677 2436 chartas
2717 2382 2926 2453 pagina
2952 2383 3310 2438 refundebat.
3347 2383 3484 2437 Boni
3520 2386 3715 2438 autem
3742 2400 3831 2438 sa-

2191 2476 2524 2547 pientesque
2566 2476 2669 2530 viri
2711 2493 2840 2530 cum
2887 2477 3177 2546 legeretur
3213 2477 3538 2543 adfuerunt,
3578 2493 3832 2548 quorum

2191 2570 2377 2624 statim
2408 2571 2465 2624 in
2495 2570 2930 2642 compunctione
2957 2571 3172 2625 viscera
3202 2575 3490 2627 commota
3521 2577 3674 2626 sunt.
3706 2572 3828 2627 Coe-

2191 2663 2274 2734 pit
2315 2663 2554 2735 quisque
2597 2664 2806 2718 amoris
2849 2681 3023 2718 manu
3064 2665 3123 2718 in
3171 2682 3272 2719 suo
3317 2665 3484 2720 corde
3521 2668 3575 2718 te
3605 2681 3830 2736 rapere,

2190 2756 2328 2828 quia
2353 2757 2411 2811 in
2432 2758 2527 2812 illa
2558 2757 2792 2828 epistola
2812 2763 2925 2812 tua:
2953 2758 3160 2812 mentis
3188 2757 3549 2813 dulcedinem
3573 2775 3694 2813 non
3711 2763 3837 2814 erat

2192 2850 2410 2918 audire,
2444 2851 2542 2904 sed
2571 2867 2819 2906 cernere.
2854 2853 3332 2907 Accendebantur
3373 2856 3427 2906 et
3471 2851 3836 2907 mirabantur

2191 2943 2420 3014 singuli,
2459 2949 2629 3016 atque
2672 2945 2791 3016 ipse
2840 2945 2990 3016 ignis
3017 2946 3369 3000 audientium
3401 2946 3837 3002 demonstrabat

2192 3039 2289 3109 qui
2316 3038 2487 3094 fuerit
2513 3038 2686 3093 ardor
2712 3039 2982 3106 dicentis;
3009 3039 3114 3093 nisi
3134 3040 3289 3094 enim
3310 3040 3468 3111 prius
3493 3040 3554 3094 in
3587 3057 3645 3094 se
3678 3041 3833 3095 faces

2194 3132 2450 3199 ardeant,
2487 3132 2662 3186 alium
2702 3149 2816 3187 non
2857 3134 3229 3188 succendunt.
3269 3133 3352 3188 Ibi
3374 3134 3553 3204 igitur
3581 3133 3834 3189 vidimus

2193 3229 2405 3296 quanta
2436 3225 2710 3280 charitate
2758 3231 2852 3282 tua
2901 3244 3063 3282 mens
3103 3227 3305 3283 arserit
3336 3244 3462 3298 qua:
3494 3227 3572 3282 sic
3603 3231 3660 3283 et
3689 3228 3836 3282 alios

2193 3319 2466 3374 accendit.
2518 3320 2695 3374 Vitam
2742 3336 2873 3375 vero
2921 3325 3185 3391 vestram,
3236 3322 3396 3392 cujus
3445 3337 3553 3391 ego
3602 3337 3836 3393 semper

2194 3429 2323 3467 cum
2352 3430 2562 3485 magna
2581 3415 2943 3469 veneratione
2970 3414 3325 3482 reminiscor,
3341 3415 3580 3470 minime
3599 3420 3832 3483 norant,

2194 3508 2291 3561 sed
2339 3507 2419 3561 eis
2459 3507 2698 3562 altitudo
2744 3509 2920 3563 vestri
2965 3509 3152 3563 cordis
3199 3510 3379 3580 patuit
3416 3526 3481 3564 ex
3510 3509 3835 3564 humilitate

2195 3601 2495 3656 sermonis.
2539 3601 2716 3656 Vitam
2743 3607 2936 3657 autem
2965 3619 3155 3657 meam
3188 3604 3406 3657 cunctis
3433 3619 3550 3658 esse
3577 3602 3832 3657 imitabi-

2195 3694 2308 3749 lem
2337 3695 2434 3749 illa
2459 3698 2646 3751 vestra
2668 3697 2902 3766 epistola
2931 3695 3203 3767 loquitur.
3244 3697 3351 3752 Sed
3389 3697 3545 3768 quod
3593 3713 3705 3751 non
3749 3703 3839 3752 est

2197 3789 2275 3842 ita
2308 3794 2370 3843 ut
2394 3789 2619 3856 dicitur,
2663 3789 2735 3844 sit
2770 3789 2847 3843 ita
2890 3790 3024 3860 quia
3062 3790 3290 3858 dicitur,
3321 3806 3392 3845 ne
3426 3790 3525 3861 qui
3551 3806 3670 3844 non
3695 3791 3838 3846 solet

2196 3883 2526 3938 mentiatur.
2555 3883 2636 3938 Ad
2665 3883 2783 3938 haec
2814 3887 3005 3938 autem
3033 3883 3280 3938 breviter
3304 3884 3600 3954 cujusdam
3631 3884 3838 3939 veteris

2197 3976 2454 4030 mulieris
2481 3977 2648 4031 verba
2670 3977 2874 4048 loquor
2905 3996 2916 4032 :
2945 3999 2970 4024 ‹‹
3003 3978 3180 4032 Nolite
3203 3995 3295 4033 me
3317 3994 3516 4032 vocare
3537 3977 3755 4046 Noemi,
3777 3977 3836 4032 id

2196 4075 2298 4137 est,
2322 4071 2644 4140 pulchram,
2676 4071 2776 4124 sed
2805 4075 2998 4125 vocate
3022 4088 3113 4125 me
3141 4073 3374 4138 Maram,
3397 4071 3533 4143 quia
3557 4072 3834 4126 amaritu-

2197 4163 2329 4216 dine
2358 4164 2526 4232 plena
2553 4179 2680 4216 sum
2715 4165 2894 4233 (Ruth.
2919 4164 3097 4233 1,20);
3132 4185 3158 4212 ››
3189 4179 3392 4234 neque,
3423 4164 3573 4218 bone
3601 4164 3705 4230 vir,
3738 4165 3838 4218 ho-

2199 4256 2290 4310 die
2311 4271 2416 4326 ego
2438 4273 2566 4310 sum
2586 4257 2679 4312 ille
2701 4273 2872 4328 quem
2891 4257 3060 4311 nosti.
3085 4257 3347 4324 Omnino,
3365 4258 3564 4325 fateor,
3588 4257 3838 4313 exterius

2196 4349 2547 4420 proﬁciendo
2571 4349 2811 4405 interius
2831 4350 3026 4417 cecidi,
3048 4367 3258 4422 meque
3277 4351 3346 4405 de
3365 4367 3567 4406 eorum
3587 4367 3836 4406 numero

2199 4460 2318 4498 esse
2347 4444 2704 4514 pertimesco,
2741 4445 2810 4499 de
2836 4444 3042 4516 quibus
3073 4445 3347 4516 scriptum
3371 4448 3490 4499 est:
3522 4466 3549 4494 «
3569 4445 3838 4517 Dejecisti

2198 4554 2295 4592 eos
2329 4538 2464 4592 dum
2510 4539 2892 4592 allevarentur
2935 4540 3100 4605 (Psal.
3145 4555 3308 4606 Lxxn,
3345 4539 3448 4610 18).
3484 4560 3511 4587 ››
3565 4540 3710 4594 Cum
3751 4539 3837 4594 al-

462 4633 599 4687 dum
625 4649 824 4704 regem
853 4633 923 4687 ad
946 4633 1281 4726 catholicam
1305 4634 1477 4689 fidem
1496 4633 1869 4704 integerrima
1895 4634 2097 4704 agnovi
2119 4655 2177 4726 D
2203 4632 2418 4685 levatur
2462 4632 2618 4685 enim
2659 4631 2922 4702 dejicitur
2969 4632 3066 4702 qui
3121 4632 3434 4687 honoribus
3484 4632 3727 4703 proﬁcit,
3781 4639 3842 4689 et

459 4727 759 4782 devotione
807 4708 1367 4830 conversum.\Cujus
1407 4729 1546 4782 dum
1593 4727 1734 4781 mihi
1765 4743 1868 4796 per
1893 4727 2101 4797 scripta

459 4826 637 4876 vestra
689 4837 881 4876 mores
923 4819 1260 4892 exprimitis,
1306 4837 1501 4875 amare
1557 4837 1648 4874 me
1698 4819 1872 4874 etiam
1928 4838 2098 4890 quem

463 4915 653 4969 nescio
712 4914 942 4969 fecistis.
1003 4915 1111 4970 Sed
1169 4913 1305 4985 quia
1358 4914 1578 4984 antiqui
1634 4913 1811 4968 hostis
1867 4915 2098 4970 insidias

461 5009 631 5076 scitis,
652 5009 923 5080 quoniam
944 5009 1156 5062 bellum
1181 5007 1378 5060 durius
1399 5013 1599 5061 contra
1621 5007 1862 5063 victores
1889 5026 2092 5080 propo-

460 5102 563 5168 nit,
581 5119 731 5157 nunc
751 5119 888 5173 erga
906 5103 1171 5156 eumdem
1192 5100 1372 5154 ﬁlium
1391 5105 1645 5156 nostrum
1665 5108 1847 5158 vestra
1863 5104 2098 5159 solerter

462 5196 724 5250 sanctitas
761 5196 972 5266 vigilet,
1010 5200 1069 5249 ut
1108 5196 1255 5250 bene
1285 5198 1464 5266 coepta
1498 5197 1771 5267 perﬁciat,
1800 5215 1904 5252 nec
1935 5215 1993 5252 se
2026 5199 2095 5251 de

462 5288 720 5358 perfectis
744 5289 907 5343 bonis
942 5289 1207 5358 operibus
1234 5291 1483 5358 extollat,
1515 5296 1576 5346 ut
1603 5291 1773 5346 ﬁdem
1805 5292 2095 5363 cognitam

461 5383 590 5436 vitae
611 5398 838 5452 quoque
865 5382 1081 5436 meritis
1107 5386 1308 5453 teneat,
1340 5389 1395 5439 et
1415 5385 1544 5456 quia
1574 5387 1772 5441 interni
1804 5387 1965 5458 regni
1995 5404 2091 5440 cu-

452 5478 548 5549 jus
580 5476 670 5542 sit,
701 5475 969 5546 operibus
1007 5478 1284 5548 ostendat,
1320 5485 1602 5550 quatenus
1633 5484 1758 5552 post
1793 5481 1974 5535 multa
2003 5497 2096 5534 an-

458 5587 663 5626 norum
695 5569 974 5624 curricula
1021 5570 1089 5626 de
1120 5589 1298 5644 regno
1330 5573 1399 5627 ad
1431 5588 1672 5644 regnum
1714 5576 1984 5627 transeat.
2019 5575 2094 5628 De

461 5666 603 5719 trina
651 5681 780 5721 vero
831 5665 1120 5720 mersione
1165 5667 1518 5736 baptismatis
1569 5666 1709 5721 nihil
1767 5666 2093 5736 responderi

458 5759 642 5812 verius
672 5763 856 5829 potest
899 5776 1070 5830 quam
1103 5760 1255 5829 quod
1293 5759 1398 5828 ipsi
1426 5760 1700 5826 sensistis,
1731 5760 1864 5831 quia
1897 5760 1952 5813 in
1978 5776 2095 5814 una

457 5851 564 5902 lide
593 5851 734 5903 nihil
759 5852 931 5906 ofﬁcit
958 5855 1165 5906 sanctte
1192 5851 1456 5905 Ecclesia:
1477 5853 1828 5906 consuetudo
1851 5851 2088 5906 diversa.

456 5942 563 5994 Nos
581 5945 767 5995 autem
790 5944 944 6015 quod
967 5944 1126 5998 tertio
1147 5943 1460 6014 mergimus
1483 5944 1762 5998 triduana:
1783 5946 2090 6014 sepulturae

2200 4725 2452 4780 moribus
2495 4725 2666 4780 cadit.
2712 4727 2828 4796 Ego
2860 4725 3017 4780 enim
3049 4725 3164 4780 vias
3193 4726 3306 4781 mei
3335 4725 3532 4798 capitis
3569 4742 3836 4797 sequens,

2200 4835 2569 4890 summopere
2595 4835 2714 4875 esse
2732 4819 3092 4874 decreveram
3119 4819 3489 4891 opprobrium
3510 4819 3836 4888 hominum,

2201 4918 2255 4968 et
2295 4912 2533 4982 abjectio
2561 4913 2738 4984 plebis
2772 4917 2943 4985 atque
2983 4913 3041 4967 in
3074 4914 3196 4984 ejus
3227 4917 3439 4968 sortem
3482 4929 3732 4980 currere,
3765 4914 3840 4970 de

2199 5023 2312 5077 quo
2347 5023 2573 5060 rursum
2613 5024 2714 5077 per
2740 5007 3101 5062 Psalmistam
3133 5008 3340 5063 dicitur
3373 5024 3386 5061 :
3420 5030 3446 5055 ‹‹
3475 5010 3748 5063 Ascensus
3777 5009 3838 5062 in

2201 5100 2370 5155 corde
2385 5101 2507 5171 ejus
2529 5101 2858 5172 disposuisti
2871 5101 2930 5156 in
2943 5103 3195 5157 convalle
3208 5102 3614 5173 lacrymarum,
3631 5119 3658 5153 »
3673 5106 3739 5156 ut
3750 5101 3836 5155 vi-

2200 5194 2401 5249 delicet
2426 5199 2585 5249 tanto
2615 5196 3009 5251 vehementius
3042 5196 3193 5250 intus
3223 5197 3610 5264 ascenderem,
3654 5212 3833 5266 quan-

2199 5293 2321 5346 tum
2341 5305 2442 5358 per
2473 5290 2677 5344 vallem
2702 5289 3083 5360 lacrymarum
3108 5289 3246 5344 foris
3273 5289 3540 5344 humilius
3559 5290 3832 5360 jacerem.

2198 5385 2266 5435 At
2298 5398 2449 5436 nunc
2475 5382 2721 5437 multum
2749 5382 3018 5454 deprimit
3047 5384 3234 5438 honor
3261 5400 3554 5453 onerosus,
3586 5383 3838 5438 0111111111-

2201 5492 2456 5531 111111101111
2480 5480 2866 5547 perstrepunt,
2903 5482 2960 5532 et
2985 5493 3113 5531 cum
3145 5493 3265 5532 sese
3299 5477 3373 5532 ad
3404 5479 3581 5532 Deum
3611 5477 3834 5532 animus

2198 5569 2428 5640 colligit,
2458 5569 2611 5624 hunc
2639 5569 2756 5623 suis
2779 5569 3118 5641 impulsibus
3144 5571 3300 5643 quasi
3343 5571 3690 5642 quibusdum
3723 5572 3836 5642 gla-

2198 5663 2304 5717 diis
2330 5663 2613 5730 scindunt,
2645 5662 2798 5717 nulla
2824 5665 3009 5719 cordis
3047 5665 3209 5736 quies
3237 5668 3356 5733 est;
3387 5667 3737 5735 prostratum
3776 5665 3834 5719 in

2201 5756 2428 5824 inﬁmis,
2459 5759 2514 5810 et
2553 5772 2666 5810 suae
2698 5757 3053 5828 cogitationis
3092 5759 3342 5829 pondere
3375 5759 3711 5830 depressum
3741 5763 3839 5814 aut

2195 5867 2321 5903 rara
2340 5849 2520 5915 valde,
2548 5853 2646 5903 aut
2673 5850 2830 5904 nulla
2857 5851 3010 5905 hunc
3041 5851 3100 5905 in
3127 5851 3464 5906 sublimibus
3490 5867 3681 5922 penna
3707 5867 3837 5906 con-

2198 5941 2587 6015 templationis
2615 5944 2777 6000 levat.
2808 5945 3014 6017 Torpet
3042 5945 3269 6017 ignavia
3297 5961 3478 6017 mens,
3503 5949 3560 6000 et
3585 5945 3830 6001 circum-
