  <div class='ocr_page' id='page_1' title='image "/cluster/home/n/w/nwhite01/storage/ocr_20150623/130/umn.319510024774230/636.png"; bbox 0 0 4050 6308; ppageno 0'>
   <div class='ocr_carea' id='block_1_1' title="bbox 191 393 1812 453">
    <p class='ocr_par' dir='ltr' id='par_1_1' title="bbox 191 393 1808 450">
     <span class='ocr_line' id='line_1_1' title="bbox 191 393 1808 450; baseline 0.002 -4"><span class='ocrx_word' id='word_1_1' title='bbox 191 395 204 446; x_wconf 91' lang='lat' dir='ltr'>l</span> <span class='ocrx_word' id='word_1_2' title='bbox 229 395 321 444; x_wconf 72' lang='grc'>103</span> <span class='ocrx_word' id='word_1_3' title='bbox 1398 393 1808 450; x_wconf 74' lang='lat' dir='ltr'>DECRETALIU</span> 
     </span>
    </p>
   </div>
   <div class='ocr_carea' id='block_1_2' title="bbox 1917 393 3540 453">
    <p class='ocr_par' dir='ltr' id='par_1_2' title="bbox 1917 394 3540 453">
     <span class='ocr_line' id='line_1_2' title="bbox 1917 394 3540 453; baseline 0.003 -5"><span class='ocrx_word' id='word_1_4' title='bbox 1917 394 2286 452; x_wconf 71' lang='lat' dir='ltr'>IOLLECTIO.</span> <span class='ocrx_word' id='word_1_5' title='bbox 3411 401 3426 451; x_wconf 86' lang='grc'><strong>1</strong></span> <span class='ocrx_word' id='word_1_6' title='bbox 3447 403 3540 453; x_wconf 81' lang='grc'>106</span> 
     </span>
    </p>
   </div>
   <div class='ocr_carea' id='block_1_3' title="bbox 181 499 3541 587">
    <p class='ocr_par' dir='ltr' id='par_1_3' title="bbox 181 499 3541 587">
     <span class='ocr_line' id='line_1_3' title="bbox 181 499 3541 587; baseline 0.002 -32"><span class='ocrx_word' id='word_1_7' title='bbox 181 499 522 557; x_wconf 81' lang='lat' dir='ltr'>latrantibus</span> <span class='ocrx_word' id='word_1_8' title='bbox 541 499 688 555; x_wconf 89' lang='lat' dir='ltr'>curis</span> <span class='ocrx_word' id='word_1_9' title='bbox 717 501 1122 572; x_wconf 73' lang='lat' dir='ltr'>temporalibus</span> <span class='ocrx_word' id='word_1_10' title='bbox 1127 502 1247 572; x_wconf 90' lang='lat' dir='ltr'>jam</span> <span class='ocrx_word' id='word_1_11' title='bbox 1261 519 1410 574; x_wconf 90' lang='lat' dir='ltr'>pene</span> <span class='ocrx_word' id='word_1_12' title='bbox 1426 504 1496 558; x_wconf 90' lang='lat' dir='ltr'>ad</span> <span class='ocrx_word' id='word_1_13' title='bbox 1516 508 1808 575; x_wconf 80' lang='lat' dir='ltr'>stuporem</span> <span class='ocrx_word' id='word_1_14' title='bbox 1830 515 1888 587; x_wconf 81' lang='grc' dir='ltr'><strong>Α</strong></span> <span class='ocrx_word' id='word_1_15' title='bbox 1910 505 2060 559; x_wconf 82' lang='lat' dir='ltr'>valeo</span> <span class='ocrx_word' id='word_1_16' title='bbox 2090 510 2371 576; x_wconf 89' lang='lat' dir='ltr'>quantum</span> <span class='ocrx_word' id='word_1_17' title='bbox 2404 508 2497 560; x_wconf 88' lang='lat' dir='ltr'>tuo</span> <span class='ocrx_word' id='word_1_18' title='bbox 2530 522 2723 576; x_wconf 86' lang='lat' dir='ltr'>opere,</span> <span class='ocrx_word' id='word_1_19' title='bbox 2755 511 2853 560; x_wconf 90' lang='lat' dir='ltr'>tua</span> <span class='ocrx_word' id='word_1_20' title='bbox 2880 507 2993 561; x_wconf 88' lang='lat' dir='ltr'>vita</span> <span class='ocrx_word' id='word_1_21' title='bbox 3023 506 3292 561; x_wconf 91' lang='lat' dir='ltr'>delector.</span> <span class='ocrx_word' id='word_1_22' title='bbox 3336 507 3541 562; x_wconf 85' lang='lat' dir='ltr'>Audita</span> 
     </span>
    </p>
   </div>
   <div class='ocr_carea' id='block_1_4' title="bbox 182 594 3545 672">
    <p class='ocr_par' dir='ltr' id='par_1_4' title="bbox 182 594 3545 672">
     <span class='ocr_line' id='line_1_4' title="bbox 182 594 3545 672; baseline 0.001 -21"><span class='ocrx_word' id='word_1_23' title='bbox 182 596 432 651; x_wconf 89' lang='lat' dir='ltr'>deducta</span> <span class='ocrx_word' id='word_1_24' title='bbox 475 594 716 666; x_wconf 89' lang='lat' dir='ltr'>cogitur,</span> <span class='ocrx_word' id='word_1_25' title='bbox 747 596 917 650; x_wconf 92' lang='lat' dir='ltr'>modo</span> <span class='ocrx_word' id='word_1_26' title='bbox 948 599 1175 650; x_wconf 87' lang='lat' dir='ltr'>terrena</span> <span class='ocrx_word' id='word_1_27' title='bbox 1212 612 1401 667; x_wconf 88' lang='lat' dir='ltr'>agere,</span> <span class='ocrx_word' id='word_1_28' title='bbox 1433 599 1603 652; x_wconf 91' lang='lat' dir='ltr'>modo</span> <span class='ocrx_word' id='word_1_29' title='bbox 1639 599 1811 653; x_wconf 89' lang='lat' dir='ltr'>etiam</span> <span class='ocrx_word' id='word_1_30' title='bbox 1912 599 2125 670; x_wconf 87' lang='lat' dir='ltr'>quippe</span> <span class='ocrx_word' id='word_1_31' title='bbox 2168 598 2301 654; x_wconf 91' lang='lat' dir='ltr'>novi</span> <span class='ocrx_word' id='word_1_32' title='bbox 2346 597 2544 654; x_wconf 89' lang='lat' dir='ltr'>diebus</span> <span class='ocrx_word' id='word_1_33' title='bbox 2589 599 2795 655; x_wconf 79' lang='lat' dir='ltr'>nostris</span> <span class='ocrx_word' id='word_1_34' title='bbox 2827 599 3035 654; x_wconf 86' lang='lat' dir='ltr'>virtute</span> <span class='ocrx_word' id='word_1_35' title='bbox 3074 600 3358 668; x_wconf 85' lang='lat' dir='ltr'>miraculi,</span> <span class='ocrx_word' id='word_1_36' title='bbox 3392 602 3545 672; x_wconf 90' lang='lat' dir='ltr'>quod</span> 
     </span>
    </p>
   </div>
   <div class='ocr_carea' id='block_1_5' title="bbox 182 689 3543 764">
    <p class='ocr_par' dir='ltr' id='par_1_5' title="bbox 182 689 3543 764">
     <span class='ocr_line' id='line_1_5' title="bbox 182 689 3543 764; baseline 0.001 -20"><span class='ocrx_word' id='word_1_37' title='bbox 182 689 430 744; x_wconf 84' lang='lat' dir='ltr'>carnalia</span> <span class='ocrx_word' id='word_1_38' title='bbox 447 689 1525 761; x_wconf 88' lang='lat' dir='ltr'>dispensare;aliquandoverofastidio</span> <span class='ocrx_word' id='word_1_39' title='bbox 1544 692 1810 762; x_wconf 78' lang='lat' dir='ltr'>exigente</span> <span class='ocrx_word' id='word_1_40' title='bbox 1915 708 2017 762; x_wconf 90' lang='lat' dir='ltr'>per</span> <span class='ocrx_word' id='word_1_41' title='bbox 2051 692 2440 747; x_wconf 80' lang='lat' dir='ltr'>excellentiam</span> <span class='ocrx_word' id='word_1_42' title='bbox 2489 696 2648 747; x_wconf 89' lang='lat' dir='ltr'>tuam</span> <span class='ocrx_word' id='word_1_43' title='bbox 2698 697 2901 749; x_wconf 89' lang='lat' dir='ltr'>cuncta</span> <span class='ocrx_word' id='word_1_44' title='bbox 2948 693 3260 748; x_wconf 82' lang='lat' dir='ltr'>Gothorum</span> <span class='ocrx_word' id='word_1_45' title='bbox 3306 694 3543 764; x_wconf 86' lang='lat' dir='ltr'>gensab</span> 
     </span>
    </p>
   </div>
   <div class='ocr_carea' id='block_1_6' title="bbox 182 783 3545 856">
    <p class='ocr_par' dir='ltr' id='par_1_6' title="bbox 182 783 3545 856">
     <span class='ocr_line' id='line_1_6' title="bbox 182 783 3545 856; baseline 0.001 -18"><span class='ocrx_word' id='word_1_46' title='bbox 182 783 545 854; x_wconf 85' lang='lat' dir='ltr'>compellitur</span> <span class='ocrx_word' id='word_1_47' title='bbox 582 783 848 854; x_wconf 70' lang='lat' dir='ltr'>quaedam</span> <span class='ocrx_word' id='word_1_48' title='bbox 895 785 1066 838; x_wconf 88' lang='lat' dir='ltr'>etiam</span> <span class='ocrx_word' id='word_1_49' title='bbox 1109 801 1238 838; x_wconf 90' lang='lat' dir='ltr'>cum</span> <span class='ocrx_word' id='word_1_50' title='bbox 1280 785 1443 856; x_wconf 88' lang='lat' dir='ltr'>culpa</span> <span class='ocrx_word' id='word_1_51' title='bbox 1485 785 1810 856; x_wconf 87' lang='lat' dir='ltr'>disponere.</span> <span class='ocrx_word' id='word_1_52' title='bbox 1913 802 2102 841; x_wconf 90' lang='lat' dir='ltr'>errore</span> <span class='ocrx_word' id='word_1_53' title='bbox 2146 785 2369 840; x_wconf 60' lang='lat' dir='ltr'>Arianae</span> <span class='ocrx_word' id='word_1_54' title='bbox 2407 787 2686 841; x_wconf 74' lang='lat' dir='ltr'>luereseos</span> <span class='ocrx_word' id='word_1_55' title='bbox 2711 785 2773 841; x_wconf 91' lang='lat' dir='ltr'>in</span> <span class='ocrx_word' id='word_1_56' title='bbox 2815 786 2948 841; x_wconf 82' lang='lat' dir='ltr'>fidei</span> <span class='ocrx_word' id='word_1_57' title='bbox 2991 790 3159 842; x_wconf 67' lang='lat' dir='ltr'>rectae</span> <span class='ocrx_word' id='word_1_58' title='bbox 3203 786 3545 843; x_wconf 80' lang='lat' dir='ltr'>soliditatem</span> 
     </span>
    </p>
   </div>
   <div class='ocr_carea' id='block_1_7' title="bbox 183 876 3544 951">
    <p class='ocr_par' dir='ltr' id='par_1_7' title="bbox 183 876 3544 951">
     <span class='ocr_line' id='line_1_7' title="bbox 183 876 3544 951; baseline 0.001 -19"><span class='ocrx_word' id='word_1_59' title='bbox 183 876 332 940; x_wconf 91' lang='lat' dir='ltr'>Quid</span> <span class='ocrx_word' id='word_1_60' title='bbox 362 877 545 931; x_wconf 88' lang='lat' dir='ltr'>multa</span> <span class='ocrx_word' id='word_1_61' title='bbox 583 877 826 948; x_wconf 82' lang='lat' dir='ltr'>loquar?</span> <span class='ocrx_word' id='word_1_62' title='bbox 866 878 1017 932; x_wconf 88' lang='lat' dir='ltr'>Victa</span> <span class='ocrx_word' id='word_1_63' title='bbox 1052 893 1154 932; x_wconf 90' lang='lat' dir='ltr'>suo</span> <span class='ocrx_word' id='word_1_64' title='bbox 1187 878 1438 948; x_wconf 91' lang='lat' dir='ltr'>pondere</span> <span class='ocrx_word' id='word_1_65' title='bbox 1473 879 1810 950; x_wconf 89' lang='lat' dir='ltr'>sanguinem</span> <span class='ocrx_word' id='word_1_66' title='bbox 1912 880 2187 934; x_wconf 89' lang='lat' dir='ltr'>translata</span> <span class='ocrx_word' id='word_1_67' title='bbox 2211 884 2314 947; x_wconf 92' lang='lat' dir='ltr'>est,</span> <span class='ocrx_word' id='word_1_68' title='bbox 2348 881 2669 934; x_wconf 84' lang='lat' dir='ltr'>exclamare</span> <span class='ocrx_word' id='word_1_69' title='bbox 2699 896 2830 934; x_wconf 91' lang='lat' dir='ltr'>cum</span> <span class='ocrx_word' id='word_1_70' title='bbox 2860 881 3140 951; x_wconf 85' lang='lat' dir='ltr'>propheta</span> <span class='ocrx_word' id='word_1_71' title='bbox 3163 880 3319 935; x_wconf 91' lang='lat' dir='ltr'>libet.</span> <span class='ocrx_word' id='word_1_72' title='bbox 3354 902 3381 930; x_wconf 86' lang='lat'><strong>«</strong></span> <span class='ocrx_word' id='word_1_73' title='bbox 3415 882 3544 935; x_wconf 53' lang='lat' dir='ltr'>Harc</span> 
     </span>
    </p>
   </div>
   <div class='ocr_carea' id='block_1_8' title="bbox 182 970 3541 1045">
    <p class='ocr_par' dir='ltr' id='par_1_8' title="bbox 182 970 3541 1045">
     <span class='ocr_line' id='line_1_8' title="bbox 182 970 3541 1045; baseline 0.001 -21"><span class='ocrx_word' id='word_1_74' title='bbox 182 971 380 1037; x_wconf 88' lang='lat' dir='ltr'>sudat;</span> <span class='ocrx_word' id='word_1_75' title='bbox 412 970 521 1024; x_wconf 89' lang='lat' dir='ltr'>nisi</span> <span class='ocrx_word' id='word_1_76' title='bbox 537 971 690 1026; x_wconf 91' lang='lat' dir='ltr'>enim</span> <span class='ocrx_word' id='word_1_77' title='bbox 707 971 1004 1040; x_wconf 86' lang='lat' dir='ltr'>sanguinis</span> <span class='ocrx_word' id='word_1_78' title='bbox 1021 972 1253 1027; x_wconf 90' lang='lat' dir='ltr'>nomine</span> <span class='ocrx_word' id='word_1_79' title='bbox 1280 973 1445 1043; x_wconf 91' lang='lat' dir='ltr'>culpa</span> <span class='ocrx_word' id='word_1_80' title='bbox 1461 978 1810 1042; x_wconf 85' lang='lat' dir='ltr'>censeretur,</span> <span class='ocrx_word' id='word_1_81' title='bbox 1913 977 1996 1028; x_wconf 87' lang='lat' dir='ltr'>est</span> <span class='ocrx_word' id='word_1_82' title='bbox 2037 972 2276 1028; x_wconf 85' lang='lat' dir='ltr'>mutatio</span> <span class='ocrx_word' id='word_1_83' title='bbox 2308 973 2554 1028; x_wconf 70' lang='lat' dir='ltr'>dexterae</span> <span class='ocrx_word' id='word_1_84' title='bbox 2585 973 2793 1028; x_wconf 89' lang='lat' dir='ltr'>Excelsi</span> <span class='ocrx_word' id='word_1_85' title='bbox 2820 973 2986 1045; x_wconf 85' lang='lat' dir='ltr'>(Psal.</span> <span class='ocrx_word' id='word_1_86' title='bbox 3017 991 3200 1040; x_wconf 82' lang='lat' dir='ltr'><strong>LXXVI,</strong></span> <span class='ocrx_word' id='word_1_87' title='bbox 3236 973 3340 1045; x_wconf 85' lang='lat' dir='ltr'>ll).</span> <span class='ocrx_word' id='word_1_88' title='bbox 3374 995 3402 1022; x_wconf 85' lang='lat'>»</span> <span class='ocrx_word' id='word_1_89' title='bbox 3430 975 3541 1029; x_wconf 89' lang='lat' dir='ltr'>Cu-</span> 
     </span>
    </p>
   </div>
   <div class='ocr_carea' id='block_1_9' title="bbox 181 1064 3548 1138">
    <p class='ocr_par' dir='ltr' id='par_1_9' title="bbox 181 1064 3548 1138">
     <span class='ocr_line' id='line_1_9' title="bbox 181 1064 3548 1138; baseline 0.001 -20"><span class='ocrx_word' id='word_1_90' title='bbox 181 1064 476 1119; x_wconf 89' lang='lat' dir='ltr'>Psalmista</span> <span class='ocrx_word' id='word_1_91' title='bbox 509 1081 626 1120; x_wconf 90' lang='lat' dir='ltr'>non</span> <span class='ocrx_word' id='word_1_92' title='bbox 665 1065 879 1120; x_wconf 88' lang='lat' dir='ltr'>diceret</span> <span class='ocrx_word' id='word_1_93' title='bbox 910 1083 922 1119; x_wconf 88' lang='lat'>:</span> <span class='ocrx_word' id='word_1_94' title='bbox 959 1088 984 1114; x_wconf 87' lang='grc'><em>‹‹</em></span> <span class='ocrx_word' id='word_1_95' title='bbox 1015 1065 1218 1120; x_wconf 91' lang='lat' dir='ltr'>Libera</span> <span class='ocrx_word' id='word_1_96' title='bbox 1262 1082 1356 1121; x_wconf 91' lang='lat' dir='ltr'>me</span> <span class='ocrx_word' id='word_1_97' title='bbox 1399 1066 1470 1120; x_wconf 90' lang='lat' dir='ltr'>de</span> <span class='ocrx_word' id='word_1_98' title='bbox 1516 1067 1809 1138; x_wconf 86' lang='lat' dir='ltr'>sanguini-</span> <span class='ocrx_word' id='word_1_99' title='bbox 1907 1067 2004 1137; x_wconf 89' lang='lat' dir='ltr'>jus</span> <span class='ocrx_word' id='word_1_100' title='bbox 2026 1066 2182 1120; x_wconf 89' lang='lat' dir='ltr'>enim</span> <span class='ocrx_word' id='word_1_101' title='bbox 2204 1066 2288 1120; x_wconf 90' lang='lat' dir='ltr'>vel</span> <span class='ocrx_word' id='word_1_102' title='bbox 2311 1083 2544 1121; x_wconf 88' lang='lat' dir='ltr'>saxeum</span> <span class='ocrx_word' id='word_1_103' title='bbox 2569 1070 2768 1137; x_wconf 89' lang='lat' dir='ltr'>pectus</span> <span class='ocrx_word' id='word_1_104' title='bbox 2793 1067 2898 1121; x_wconf 92' lang='lat' dir='ltr'>hoc</span> <span class='ocrx_word' id='word_1_105' title='bbox 2919 1083 3060 1137; x_wconf 90' lang='lat' dir='ltr'>opus</span> <span class='ocrx_word' id='word_1_106' title='bbox 3078 1070 3238 1121; x_wconf 89' lang='lat' dir='ltr'>tanto</span> <span class='ocrx_word' id='word_1_107' title='bbox 3260 1082 3432 1138; x_wconf 92' lang='lat' dir='ltr'>opere</span> <span class='ocrx_word' id='word_1_108' title='bbox 3454 1083 3548 1121; x_wconf 89' lang='lat' dir='ltr'>co-</span> 
     </span>
    </p>
   </div>
   <div class='ocr_carea' id='block_1_10' title="bbox 182 1158 1808 1232">
    <p class='ocr_par' dir='ltr' id='par_1_10' title="bbox 182 1158 1808 1232">
     <span class='ocr_line' id='line_1_10' title="bbox 182 1158 1808 1232; baseline 0.002 -20"><span class='ocrx_word' id='word_1_109' title='bbox 182 1158 285 1212; x_wconf 88' lang='lat' dir='ltr'>bus</span> <span class='ocrx_word' id='word_1_110' title='bbox 316 1159 484 1213; x_wconf 83' lang='lat' dir='ltr'>(Psal.</span> <span class='ocrx_word' id='word_1_111' title='bbox 513 1176 563 1227; x_wconf 89' lang='lat' dir='ltr'>L,</span> <span class='ocrx_word' id='word_1_112' title='bbox 601 1159 705 1228; x_wconf 75' lang='lat'>16).</span> <span class='ocrx_word' id='word_1_113' title='bbox 736 1178 762 1210; x_wconf 84' lang='lat'><strong>»</strong></span> <span class='ocrx_word' id='word_1_114' title='bbox 800 1159 940 1214; x_wconf 90' lang='lat' dir='ltr'>Cum</span> <span class='ocrx_word' id='word_1_115' title='bbox 983 1176 1116 1214; x_wconf 90' lang='lat' dir='ltr'>vero</span> <span class='ocrx_word' id='word_1_116' title='bbox 1161 1160 1352 1231; x_wconf 88' lang='lat' dir='ltr'>culpas</span> <span class='ocrx_word' id='word_1_117' title='bbox 1392 1161 1573 1232; x_wconf 89' lang='lat' dir='ltr'>culpis</span> <span class='ocrx_word' id='word_1_118' title='bbox 1611 1162 1808 1232; x_wconf 89' lang='lat' dir='ltr'>jungi-</span> 
     </span>
    </p>
   </div>
   <div class='ocr_carea' id='block_1_11' title="bbox 183 1253 1812 1325">
    <p class='ocr_par' dir='ltr' id='par_1_11' title="bbox 183 1253 1812 1325">
     <span class='ocr_line' id='line_1_11' title="bbox 183 1253 1812 1325; baseline 0.002 -19"><span class='ocrx_word' id='word_1_119' title='bbox 183 1268 330 1319; x_wconf 90' lang='lat' dir='ltr'>mus,</span> <span class='ocrx_word' id='word_1_120' title='bbox 355 1253 464 1306; x_wconf 90' lang='lat' dir='ltr'>hoc</span> <span class='ocrx_word' id='word_1_121' title='bbox 485 1268 714 1323; x_wconf 92' lang='lat' dir='ltr'>quoque</span> <span class='ocrx_word' id='word_1_122' title='bbox 741 1253 890 1324; x_wconf 92' lang='lat' dir='ltr'>quod</span> <span class='ocrx_word' id='word_1_123' title='bbox 912 1269 1014 1324; x_wconf 89' lang='lat' dir='ltr'>per</span> <span class='ocrx_word' id='word_1_124' title='bbox 1032 1253 1211 1308; x_wconf 90' lang='lat' dir='ltr'>alium</span> <span class='ocrx_word' id='word_1_125' title='bbox 1238 1254 1576 1325; x_wconf 89' lang='lat' dir='ltr'>prophetam</span> <span class='ocrx_word' id='word_1_126' title='bbox 1596 1255 1812 1310; x_wconf 90' lang='lat' dir='ltr'>dictum</span> 
     </span>
    </p>
   </div>
   <div class='ocr_carea' id='block_1_12' title="bbox 183 1345 1807 1420">
    <p class='ocr_par' dir='ltr' id='par_1_12' title="bbox 183 1345 1807 1420">
     <span class='ocr_line' id='line_1_12' title="bbox 183 1345 1807 1420; baseline 0.004 -23"><span class='ocrx_word' id='word_1_127' title='bbox 183 1349 286 1412; x_wconf 89' lang='lat' dir='ltr'>est,</span> <span class='ocrx_word' id='word_1_128' title='bbox 321 1345 629 1416; x_wconf 89' lang='lat' dir='ltr'>implemus</span> <span class='ocrx_word' id='word_1_129' title='bbox 663 1363 676 1400; x_wconf 90' lang='lat'>:</span> <span class='ocrx_word' id='word_1_130' title='bbox 711 1367 739 1394; x_wconf 86' lang='lat'><strong><em>«</em></strong></span> <span class='ocrx_word' id='word_1_131' title='bbox 781 1346 1024 1418; x_wconf 80' lang='lat' dir='ltr'>Sanguis</span> <span class='ocrx_word' id='word_1_132' title='bbox 1071 1347 1411 1418; x_wconf 89' lang='lat' dir='ltr'>sanguinem</span> <span class='ocrx_word' id='word_1_133' title='bbox 1455 1348 1643 1420; x_wconf 83' lang='lat' dir='ltr'>tetigit</span> <span class='ocrx_word' id='word_1_134' title='bbox 1675 1350 1807 1419; x_wconf 86' lang='lat' dir='ltr'>(Ose.</span> 
     </span>
    </p>
   </div>
   <div class='ocr_carea' id='block_1_13' title="bbox 180 1439 1809 1512">
    <p class='ocr_par' dir='ltr' id='par_1_13' title="bbox 180 1439 1809 1512">
     <span class='ocr_line' id='line_1_13' title="bbox 180 1439 1809 1512; baseline 0.002 -18"><span class='ocrx_word' id='word_1_135' title='bbox 180 1455 251 1506; x_wconf 84' lang='lat' dir='ltr'>1v,</span> <span class='ocrx_word' id='word_1_136' title='bbox 284 1440 358 1508; x_wconf 81' lang='lat'>2).</span> <span class='ocrx_word' id='word_1_137' title='bbox 399 1460 427 1487; x_wconf 84' lang='lat'><strong>»</strong></span> <span class='ocrx_word' id='word_1_138' title='bbox 457 1439 695 1509; x_wconf 87' lang='lat' dir='ltr'>Sanguis</span> <span class='ocrx_word' id='word_1_139' title='bbox 738 1440 892 1494; x_wconf 91' lang='lat' dir='ltr'>enim</span> <span class='ocrx_word' id='word_1_140' title='bbox 933 1441 1272 1512; x_wconf 88' lang='lat' dir='ltr'>sanguinem</span> <span class='ocrx_word' id='word_1_141' title='bbox 1310 1445 1543 1512; x_wconf 86' lang='lat' dir='ltr'>tangere</span> <span class='ocrx_word' id='word_1_142' title='bbox 1583 1443 1809 1511; x_wconf 89' lang='lat' dir='ltr'>dicitur,</span> 
     </span>
    </p>
   </div>
   <div class='ocr_carea' id='block_1_14' title="bbox 181 1533 1813 1607">
    <p class='ocr_par' dir='ltr' id='par_1_14' title="bbox 181 1533 1813 1607">
     <span class='ocr_line' id='line_1_14' title="bbox 181 1533 1813 1607; baseline 0.002 -21"><span class='ocrx_word' id='word_1_143' title='bbox 181 1549 312 1587; x_wconf 92' lang='lat' dir='ltr'>cum</span> <span class='ocrx_word' id='word_1_144' title='bbox 342 1533 510 1604; x_wconf 89' lang='lat' dir='ltr'>culpa</span> <span class='ocrx_word' id='word_1_145' title='bbox 537 1534 716 1604; x_wconf 69' lang='lat' dir='ltr'>culpae</span> <span class='ocrx_word' id='word_1_146' title='bbox 739 1533 1092 1604; x_wconf 88' lang='lat' dir='ltr'>adjungitur,</span> <span class='ocrx_word' id='word_1_147' title='bbox 1123 1537 1183 1589; x_wconf 89' lang='lat' dir='ltr'>ut</span> <span class='ocrx_word' id='word_1_148' title='bbox 1208 1534 1523 1607; x_wconf 86' lang='lat' dir='ltr'>iniquitatis</span> <span class='ocrx_word' id='word_1_149' title='bbox 1554 1537 1813 1591; x_wconf 89' lang='lat' dir='ltr'>cumulus</span> 
     </span>
    </p>
   </div>
   <div class='ocr_carea' id='block_1_15' title="bbox 179 1626 1811 1702">
    <p class='ocr_par' dir='ltr' id='par_1_15' title="bbox 179 1626 1811 1702">
     <span class='ocr_line' id='line_1_15' title="bbox 179 1626 1811 1702; baseline 0.004 -22"><span class='ocrx_word' id='word_1_150' title='bbox 179 1626 613 1698; x_wconf 87' lang='lat' dir='ltr'>multiplicetur.</span> <span class='ocrx_word' id='word_1_151' title='bbox 671 1628 778 1684; x_wconf 90' lang='lat' dir='ltr'>Sed</span> <span class='ocrx_word' id='word_1_152' title='bbox 831 1627 980 1682; x_wconf 90' lang='lat' dir='ltr'>inter</span> <span class='ocrx_word' id='word_1_153' title='bbox 1033 1629 1154 1683; x_wconf 64' lang='lat' dir='ltr'>haec</span> <span class='ocrx_word' id='word_1_154' title='bbox 1198 1646 1302 1700; x_wconf 90' lang='lat' dir='ltr'>per</span> <span class='ocrx_word' id='word_1_155' title='bbox 1352 1630 1811 1702; x_wconf 88' lang='lat' dir='ltr'>omnipotentem</span> 
     </span>
    </p>
   </div>
   <div class='ocr_carea' id='block_1_16' title="bbox 179 1721 1809 1796">
    <p class='ocr_par' dir='ltr' id='par_1_16' title="bbox 179 1721 1809 1796">
     <span class='ocr_line' id='line_1_16' title="bbox 179 1721 1809 1796; baseline 0.003 -23"><span class='ocrx_word' id='word_1_156' title='bbox 179 1721 360 1774; x_wconf 90' lang='lat' dir='ltr'>Deum</span> <span class='ocrx_word' id='word_1_157' title='bbox 391 1721 664 1792; x_wconf 86' lang='lat' dir='ltr'>deprecor</span> <span class='ocrx_word' id='word_1_158' title='bbox 687 1722 746 1775; x_wconf 91' lang='lat' dir='ltr'>in</span> <span class='ocrx_word' id='word_1_159' title='bbox 783 1722 1227 1792; x_wconf 85' lang='lat' dir='ltr'>perturbationis</span> <span class='ocrx_word' id='word_1_160' title='bbox 1264 1724 1527 1779; x_wconf 88' lang='lat' dir='ltr'>ﬂuctibus</span> <span class='ocrx_word' id='word_1_161' title='bbox 1566 1725 1809 1796; x_wconf 91' lang='lat' dir='ltr'>elapsus,</span> 
     </span>
    </p>
   </div>
   <div class='ocr_carea' id='block_1_17' title="bbox 179 1814 1809 1890">
    <p class='ocr_par' dir='ltr' id='par_1_17' title="bbox 179 1814 1809 1890">
     <span class='ocr_line' id='line_1_17' title="bbox 179 1814 1809 1890; baseline 0.004 -23"><span class='ocrx_word' id='word_1_162' title='bbox 179 1818 294 1868; x_wconf 71' lang='lat' dir='ltr'>tua:</span> <span class='ocrx_word' id='word_1_163' title='bbox 325 1814 602 1870; x_wconf 88' lang='lat' dir='ltr'>orationis</span> <span class='ocrx_word' id='word_1_164' title='bbox 638 1831 876 1870; x_wconf 89' lang='lat' dir='ltr'>manum</span> <span class='ocrx_word' id='word_1_165' title='bbox 916 1817 1179 1870; x_wconf 88' lang='lat' dir='ltr'>sentiam.</span> <span class='ocrx_word' id='word_1_166' title='bbox 1221 1818 1446 1872; x_wconf 86' lang='lat' dir='ltr'>Etenim</span> <span class='ocrx_word' id='word_1_167' title='bbox 1489 1819 1648 1890; x_wconf 91' lang='lat' dir='ltr'>quasi</span> <span class='ocrx_word' id='word_1_168' title='bbox 1674 1836 1809 1890; x_wconf 87' lang='lat' dir='ltr'>pro-</span> 
     </span>
    </p>
   </div>
   <div class='ocr_carea' id='block_1_18' title="bbox 180 1883 1888 1982">
    <p class='ocr_par' dir='ltr' id='par_1_18' title="bbox 180 1883 1888 1982">
     <span class='ocr_line' id='line_1_18' title="bbox 180 1883 1888 1982; baseline 0.003 -21"><span class='ocrx_word' id='word_1_169' title='bbox 180 1923 346 1979; x_wconf 90' lang='lat' dir='ltr'>spero</span> <span class='ocrx_word' id='word_1_170' title='bbox 389 1908 525 1962; x_wconf 90' lang='lat' dir='ltr'>ﬂatu</span> <span class='ocrx_word' id='word_1_171' title='bbox 572 1909 910 1980; x_wconf 89' lang='lat' dir='ltr'>navigabam</span> <span class='ocrx_word' id='word_1_172' title='bbox 953 1926 1084 1964; x_wconf 92' lang='lat' dir='ltr'>cum</span> <span class='ocrx_word' id='word_1_173' title='bbox 1128 1883 1708 1982; x_wconf 47' lang='lat' dir='ltr'>tranquillam-vitam</span> <span class='ocrx_word' id='word_1_174' title='bbox 1752 1883 1888 1966; x_wconf 81' lang='lat' dir='ltr'>inB</span> 
     </span>
    </p>
   </div>
   <div class='ocr_carea' id='block_1_19' title="bbox 179 2001 1813 2074">
    <p class='ocr_par' dir='ltr' id='par_1_19' title="bbox 179 2001 1813 2074">
     <span class='ocr_line' id='line_1_19' title="bbox 179 2001 1813 2074; baseline 0.004 -20"><span class='ocrx_word' id='word_1_175' title='bbox 179 2001 530 2056; x_wconf 89' lang='lat' dir='ltr'>monasterio</span> <span class='ocrx_word' id='word_1_176' title='bbox 572 2018 824 2072; x_wconf 88' lang='lat' dir='ltr'>agerem,</span> <span class='ocrx_word' id='word_1_177' title='bbox 856 2004 952 2058; x_wconf 92' lang='lat' dir='ltr'>sed</span> <span class='ocrx_word' id='word_1_178' title='bbox 986 2004 1312 2074; x_wconf 89' lang='lat' dir='ltr'>procellosis</span> <span class='ocrx_word' id='word_1_179' title='bbox 1351 2005 1535 2059; x_wconf 86' lang='lat' dir='ltr'>subito</span> <span class='ocrx_word' id='word_1_180' title='bbox 1563 2006 1813 2061; x_wconf 90' lang='lat' dir='ltr'>motibus</span> 
     </span>
    </p>
   </div>
   <div class='ocr_carea' id='block_1_20' title="bbox 183 2096 1810 2171">
    <p class='ocr_par' dir='ltr' id='par_1_20' title="bbox 183 2096 1810 2171">
     <span class='ocr_line' id='line_1_20' title="bbox 183 2096 1810 2171; baseline 0.004 -23"><span class='ocrx_word' id='word_1_181' title='bbox 183 2099 489 2165; x_wconf 87' lang='lat' dir='ltr'>tempestas</span> <span class='ocrx_word' id='word_1_182' title='bbox 523 2096 583 2148; x_wconf 91' lang='lat' dir='ltr'>in</span> <span class='ocrx_word' id='word_1_183' title='bbox 617 2113 717 2150; x_wconf 90' lang='lat' dir='ltr'>sua</span> <span class='ocrx_word' id='word_1_184' title='bbox 760 2097 1189 2167; x_wconf 89' lang='lat' dir='ltr'>perturbatione</span> <span class='ocrx_word' id='word_1_185' title='bbox 1231 2114 1321 2152; x_wconf 91' lang='lat' dir='ltr'>me</span> <span class='ocrx_word' id='word_1_186' title='bbox 1353 2099 1562 2169; x_wconf 89' lang='lat' dir='ltr'>rapuit,</span> <span class='ocrx_word' id='word_1_187' title='bbox 1595 2103 1649 2154; x_wconf 92' lang='lat' dir='ltr'>et</span> <span class='ocrx_word' id='word_1_188' title='bbox 1677 2117 1810 2171; x_wconf 92' lang='lat' dir='ltr'>pro-</span> 
     </span>
    </p>
   </div>
   <div class='ocr_carea' id='block_1_21' title="bbox 179 2188 1812 2262">
    <p class='ocr_par' dir='ltr' id='par_1_21' title="bbox 179 2188 1812 2262">
     <span class='ocr_line' id='line_1_21' title="bbox 179 2188 1812 2262; baseline 0.004 -21"><span class='ocrx_word' id='word_1_189' title='bbox 179 2188 509 2258; x_wconf 87' lang='lat' dir='ltr'>speritatem</span> <span class='ocrx_word' id='word_1_190' title='bbox 530 2189 748 2243; x_wconf 89' lang='lat' dir='ltr'>itineris</span> <span class='ocrx_word' id='word_1_191' title='bbox 773 2191 956 2259; x_wconf 89' lang='lat' dir='ltr'>amisi,</span> <span class='ocrx_word' id='word_1_192' title='bbox 978 2191 1114 2262; x_wconf 88' lang='lat' dir='ltr'>quia</span> <span class='ocrx_word' id='word_1_193' title='bbox 1134 2191 1323 2262; x_wconf 87' lang='lat' dir='ltr'>quiete</span> <span class='ocrx_word' id='word_1_194' title='bbox 1343 2193 1587 2262; x_wconf 90' lang='lat' dir='ltr'>perdita,</span> <span class='ocrx_word' id='word_1_195' title='bbox 1606 2194 1812 2248; x_wconf 90' lang='lat' dir='ltr'>mentis</span> 
     </span>
    </p>
   </div>
   <div class='ocr_carea' id='block_1_22' title="bbox 181 2282 1812 2354">
    <p class='ocr_par' dir='ltr' id='par_1_22' title="bbox 181 2282 1812 2354">
     <span class='ocr_line' id='line_1_22' title="bbox 181 2282 1812 2354; baseline 0.004 -19"><span class='ocrx_word' id='word_1_196' title='bbox 181 2282 548 2352; x_wconf 84' lang='lat' dir='ltr'>naufragium</span> <span class='ocrx_word' id='word_1_197' title='bbox 575 2284 800 2353; x_wconf 87' lang='lat' dir='ltr'>pertuli.</span> <span class='ocrx_word' id='word_1_198' title='bbox 837 2287 907 2338; x_wconf 88' lang='lat' dir='ltr'>At</span> <span class='ocrx_word' id='word_1_199' title='bbox 933 2301 1083 2338; x_wconf 91' lang='lat' dir='ltr'>nunc</span> <span class='ocrx_word' id='word_1_200' title='bbox 1108 2285 1166 2338; x_wconf 90' lang='lat' dir='ltr'>in</span> <span class='ocrx_word' id='word_1_201' title='bbox 1197 2285 1360 2340; x_wconf 90' lang='lat' dir='ltr'>undis</span> <span class='ocrx_word' id='word_1_202' title='bbox 1390 2303 1606 2354; x_wconf 91' lang='lat' dir='ltr'>versor,</span> <span class='ocrx_word' id='word_1_203' title='bbox 1623 2292 1678 2342; x_wconf 91' lang='lat' dir='ltr'>et</span> <span class='ocrx_word' id='word_1_204' title='bbox 1699 2293 1812 2342; x_wconf 59' lang='lat' dir='ltr'>tua}</span> 
     </span>
    </p>
   </div>
   <div class='ocr_carea' id='block_1_23' title="bbox 177 2375 1812 2452">
    <p class='ocr_par' dir='ltr' id='par_1_23' title="bbox 177 2375 1812 2452">
     <span class='ocr_line' id='line_1_23' title="bbox 177 2375 1812 2452; baseline 0.004 -24"><span class='ocrx_word' id='word_1_205' title='bbox 177 2375 598 2430; x_wconf 89' lang='lat' dir='ltr'>intercessionis</span> <span class='ocrx_word' id='word_1_206' title='bbox 640 2377 897 2432; x_wconf 90' lang='lat' dir='ltr'>tabulam</span> <span class='ocrx_word' id='word_1_207' title='bbox 942 2395 1158 2448; x_wconf 71' lang='lat' dir='ltr'>quaaro,</span> <span class='ocrx_word' id='word_1_208' title='bbox 1188 2382 1252 2432; x_wconf 88' lang='lat' dir='ltr'>ut</span> <span class='ocrx_word' id='word_1_209' title='bbox 1293 2379 1388 2450; x_wconf 91' lang='lat' dir='ltr'>qui</span> <span class='ocrx_word' id='word_1_210' title='bbox 1422 2380 1551 2434; x_wconf 91' lang='lat' dir='ltr'>navi</span> <span class='ocrx_word' id='word_1_211' title='bbox 1593 2381 1812 2452; x_wconf 87' lang='lat' dir='ltr'>integra</span> 
     </span>
    </p>
   </div>
   <div class='ocr_carea' id='block_1_24' title="bbox 178 2469 1812 2544">
    <p class='ocr_par' dir='ltr' id='par_1_24' title="bbox 178 2469 1812 2544">
     <span class='ocr_line' id='line_1_24' title="bbox 178 2469 1812 2544; baseline 0.004 -22"><span class='ocrx_word' id='word_1_212' title='bbox 178 2469 329 2523; x_wconf 83' lang='lat' dir='ltr'>dives</span> <span class='ocrx_word' id='word_1_213' title='bbox 359 2470 656 2540; x_wconf 87' lang='lat' dir='ltr'>pervenire</span> <span class='ocrx_word' id='word_1_214' title='bbox 695 2488 812 2525; x_wconf 93' lang='lat' dir='ltr'>non</span> <span class='ocrx_word' id='word_1_215' title='bbox 857 2472 1066 2538; x_wconf 91' lang='lat' dir='ltr'>merui,</span> <span class='ocrx_word' id='word_1_216' title='bbox 1099 2473 1296 2526; x_wconf 89' lang='lat' dir='ltr'>saltem</span> <span class='ocrx_word' id='word_1_217' title='bbox 1340 2477 1466 2544; x_wconf 92' lang='lat' dir='ltr'>post</span> <span class='ocrx_word' id='word_1_218' title='bbox 1507 2474 1711 2528; x_wconf 88' lang='lat' dir='ltr'>damna</span> <span class='ocrx_word' id='word_1_219' title='bbox 1742 2476 1812 2530; x_wconf 90' lang='lat' dir='ltr'>ad</span> 
     </span>
    </p>
   </div>
   <div class='ocr_carea' id='block_1_25' title="bbox 181 2562 1810 2636">
    <p class='ocr_par' dir='ltr' id='par_1_25' title="bbox 181 2562 1810 2636">
     <span class='ocr_line' id='line_1_25' title="bbox 181 2562 1810 2636; baseline 0.004 -21"><span class='ocrx_word' id='word_1_220' title='bbox 181 2562 334 2617; x_wconf 88' lang='lat' dir='ltr'>littus</span> <span class='ocrx_word' id='word_1_221' title='bbox 365 2580 468 2633; x_wconf 86' lang='lat' dir='ltr'>per</span> <span class='ocrx_word' id='word_1_222' title='bbox 493 2563 749 2618; x_wconf 90' lang='lat' dir='ltr'>tabulam</span> <span class='ocrx_word' id='word_1_223' title='bbox 781 2566 1036 2619; x_wconf 90' lang='lat' dir='ltr'>reducar.</span> <span class='ocrx_word' id='word_1_224' title='bbox 1070 2567 1146 2619; x_wconf 90' lang='lat' dir='ltr'>Dc</span> <span class='ocrx_word' id='word_1_225' title='bbox 1174 2567 1438 2636; x_wconf 66' lang='lat' dir='ltr'>podagra:</span> <span class='ocrx_word' id='word_1_226' title='bbox 1469 2584 1602 2622; x_wconf 89' lang='lat' dir='ltr'>vero</span> <span class='ocrx_word' id='word_1_227' title='bbox 1630 2570 1810 2624; x_wconf 91' lang='lat' dir='ltr'>mole-</span> 
     </span>
    </p>
   </div>
   <div class='ocr_carea' id='block_1_26' title="bbox 180 2657 1808 2732">
    <p class='ocr_par' dir='ltr' id='par_1_26' title="bbox 180 2657 1808 2732">
     <span class='ocr_line' id='line_1_26' title="bbox 180 2657 1808 2732; baseline 0.006 -24"><span class='ocrx_word' id='word_1_228' title='bbox 180 2657 286 2711; x_wconf 86' lang='lat' dir='ltr'>stia</span> <span class='ocrx_word' id='word_1_229' title='bbox 311 2657 578 2712; x_wconf 86' lang='lat' dir='ltr'>sanctitas</span> <span class='ocrx_word' id='word_1_230' title='bbox 607 2661 812 2726; x_wconf 91' lang='lat' dir='ltr'>vestra,</span> <span class='ocrx_word' id='word_1_231' title='bbox 846 2662 911 2712; x_wconf 89' lang='lat' dir='ltr'>ut</span> <span class='ocrx_word' id='word_1_232' title='bbox 939 2659 1156 2727; x_wconf 88' lang='lat' dir='ltr'>scribit,</span> <span class='ocrx_word' id='word_1_233' title='bbox 1187 2659 1482 2731; x_wconf 84' lang='lat' dir='ltr'>affligitur,</span> <span class='ocrx_word' id='word_1_234' title='bbox 1516 2662 1676 2732; x_wconf 88' lang='lat' dir='ltr'>cujus</span> <span class='ocrx_word' id='word_1_235' title='bbox 1705 2663 1808 2717; x_wconf 89' lang='lat' dir='ltr'>do-</span> 
     </span>
    </p>
   </div>
   <div class='ocr_carea' id='block_1_27' title="bbox 180 2751 1811 2822">
    <p class='ocr_par' dir='ltr' id='par_1_27' title="bbox 180 2751 1811 2822">
     <span class='ocr_line' id='line_1_27' title="bbox 180 2751 1811 2822; baseline 0.004 -19"><span class='ocrx_word' id='word_1_236' title='bbox 180 2751 296 2804; x_wconf 90' lang='lat' dir='ltr'>lore</span> <span class='ocrx_word' id='word_1_237' title='bbox 342 2751 572 2804; x_wconf 90' lang='lat' dir='ltr'>assiduo</span> <span class='ocrx_word' id='word_1_238' title='bbox 613 2756 668 2805; x_wconf 91' lang='lat' dir='ltr'>et</span> <span class='ocrx_word' id='word_1_239' title='bbox 705 2751 826 2822; x_wconf 92' lang='lat' dir='ltr'>ipse</span> <span class='ocrx_word' id='word_1_240' title='bbox 863 2753 1236 2806; x_wconf 87' lang='lat' dir='ltr'>vehementer</span> <span class='ocrx_word' id='word_1_241' title='bbox 1262 2754 1490 2808; x_wconf 89' lang='lat' dir='ltr'>attritus</span> <span class='ocrx_word' id='word_1_242' title='bbox 1519 2772 1673 2821; x_wconf 88' lang='lat' dir='ltr'>sum;</span> <span class='ocrx_word' id='word_1_243' title='bbox 1714 2757 1811 2811; x_wconf 91' lang='lat' dir='ltr'>sed</span> 
     </span>
    </p>
   </div>
   <div class='ocr_carea' id='block_1_28' title="bbox 179 2843 1813 2919">
    <p class='ocr_par' dir='ltr' id='par_1_28' title="bbox 179 2843 1813 2919">
     <span class='ocr_line' id='line_1_28' title="bbox 179 2843 1813 2919; baseline 0.005 -23"><span class='ocrx_word' id='word_1_244' title='bbox 179 2843 356 2897; x_wconf 88' lang='lat' dir='ltr'>facilis</span> <span class='ocrx_word' id='word_1_245' title='bbox 385 2844 495 2898; x_wconf 90' lang='lat' dir='ltr'>erit</span> <span class='ocrx_word' id='word_1_246' title='bbox 523 2845 851 2913; x_wconf 88' lang='lat' dir='ltr'>consolatio,</span> <span class='ocrx_word' id='word_1_247' title='bbox 883 2845 928 2898; x_wconf 91' lang='lat' dir='ltr'>si</span> <span class='ocrx_word' id='word_1_248' title='bbox 959 2845 1107 2900; x_wconf 90' lang='lat' dir='ltr'>inter</span> <span class='ocrx_word' id='word_1_249' title='bbox 1142 2846 1368 2917; x_wconf 86' lang='lat' dir='ltr'>ﬂagella</span> <span class='ocrx_word' id='word_1_250' title='bbox 1406 2864 1533 2919; x_wconf 66' lang='lat' dir='ltr'>quin</span> <span class='ocrx_word' id='word_1_251' title='bbox 1562 2849 1813 2918; x_wconf 88' lang='lat' dir='ltr'>patimur</span> 
     </span>
    </p>
   </div>
   <div class='ocr_carea' id='block_1_29' title="bbox 176 2937 1809 3010">
    <p class='ocr_par' dir='ltr' id='par_1_29' title="bbox 176 2937 1809 3010">
     <span class='ocr_line' id='line_1_29' title="bbox 176 2937 1809 3010; baseline 0.004 -20"><span class='ocrx_word' id='word_1_252' title='bbox 176 2953 420 3008; x_wconf 71' lang='lat' dir='ltr'>quaeque</span> <span class='ocrx_word' id='word_1_253' title='bbox 448 2937 685 2992; x_wconf 87' lang='lat' dir='ltr'>fecimus</span> <span class='ocrx_word' id='word_1_254' title='bbox 729 2939 801 2992; x_wconf 89' lang='lat' dir='ltr'>ad</span> <span class='ocrx_word' id='word_1_255' title='bbox 844 2939 1176 2994; x_wconf 89' lang='lat' dir='ltr'>memoriam</span> <span class='ocrx_word' id='word_1_256' title='bbox 1215 2941 1414 2994; x_wconf 89' lang='lat' dir='ltr'>delicta</span> <span class='ocrx_word' id='word_1_257' title='bbox 1456 2959 1809 3010; x_wconf 89' lang='lat' dir='ltr'>revocamus,</span> 
     </span>
    </p>
   </div>
   <div class='ocr_carea' id='block_1_30' title="bbox 179 3031 1808 3107">
    <p class='ocr_par' dir='ltr' id='par_1_30' title="bbox 179 3031 1808 3107">
     <span class='ocr_line' id='line_1_30' title="bbox 179 3031 1808 3107; baseline 0.004 -24"><span class='ocrx_word' id='word_1_258' title='bbox 179 3034 349 3101; x_wconf 91' lang='lat' dir='ltr'>atque</span> <span class='ocrx_word' id='word_1_259' title='bbox 365 3034 424 3084; x_wconf 91' lang='lat' dir='ltr'>et</span> <span class='ocrx_word' id='word_1_260' title='bbox 438 3047 555 3085; x_wconf 90' lang='lat' dir='ltr'>non</span> <span class='ocrx_word' id='word_1_261' title='bbox 569 3031 694 3101; x_wconf 91' lang='lat' dir='ltr'>jam</span> <span class='ocrx_word' id='word_1_262' title='bbox 714 3032 962 3103; x_wconf 86' lang='lat' dir='ltr'>ﬂagella,</span> <span class='ocrx_word' id='word_1_263' title='bbox 979 3034 1077 3088; x_wconf 91' lang='lat' dir='ltr'>sed</span> <span class='ocrx_word' id='word_1_264' title='bbox 1103 3034 1250 3088; x_wconf 87' lang='lat' dir='ltr'>dona</span> <span class='ocrx_word' id='word_1_265' title='bbox 1273 3051 1391 3088; x_wconf 90' lang='lat' dir='ltr'>esse</span> <span class='ocrx_word' id='word_1_266' title='bbox 1411 3036 1808 3107; x_wconf 84' lang='lat' dir='ltr'>conspicimus,</span> 
     </span>
    </p>
   </div>
   <div class='ocr_carea' id='block_1_31' title="bbox 178 3123 1813 3198">
    <p class='ocr_par' dir='ltr' id='par_1_31' title="bbox 178 3123 1813 3198">
     <span class='ocr_line' id='line_1_31' title="bbox 178 3123 1813 3198; baseline 0.005 -21"><span class='ocrx_word' id='word_1_267' title='bbox 178 3123 219 3177; x_wconf 90' lang='lat' dir='ltr'>si</span> <span class='ocrx_word' id='word_1_268' title='bbox 246 3140 376 3195; x_wconf 62' lang='lat' dir='ltr'>quae</span> <span class='ocrx_word' id='word_1_269' title='bbox 404 3125 591 3179; x_wconf 90' lang='lat' dir='ltr'>carnis</span> <span class='ocrx_word' id='word_1_270' title='bbox 617 3126 987 3182; x_wconf 81' lang='lat' dir='ltr'>delectatione</span> <span class='ocrx_word' id='word_1_271' title='bbox 1015 3128 1390 3198; x_wconf 86' lang='lat' dir='ltr'>peccavimus,</span> <span class='ocrx_word' id='word_1_272' title='bbox 1417 3130 1598 3184; x_wconf 88' lang='lat' dir='ltr'>carnis</span> <span class='ocrx_word' id='word_1_273' title='bbox 1619 3130 1813 3186; x_wconf 90' lang='lat' dir='ltr'>dolore</span> 
     </span>
    </p>
   </div>
   <div class='ocr_carea' id='block_1_32' title="bbox 176 3220 1890 3326">
    <p class='ocr_par' dir='ltr' id='par_1_32' title="bbox 176 3220 1890 3326">
     <span class='ocr_line' id='line_1_32' title="bbox 176 3220 1890 3326; baseline 0.005 -56"><span class='ocrx_word' id='word_1_274' title='bbox 176 3220 516 3288; x_wconf 89' lang='lat' dir='ltr'>purgantur.</span> <span class='ocrx_word' id='word_1_275' title='bbox 567 3220 851 3273; x_wconf 66' lang='lat' dir='ltr'>Praeterea</span> <span class='ocrx_word' id='word_1_276' title='bbox 902 3236 970 3274; x_wconf 91' lang='lat' dir='ltr'>ex</span> <span class='ocrx_word' id='word_1_277' title='bbox 1020 3220 1418 3276; x_wconf 89' lang='lat' dir='ltr'>benedictione</span> <span class='ocrx_word' id='word_1_278' title='bbox 1467 3223 1621 3278; x_wconf 90' lang='lat' dir='ltr'>beati</span> <span class='ocrx_word' id='word_1_279' title='bbox 1664 3225 1890 3326; x_wconf 75' lang='lat' dir='ltr'>Petric</span> 
     </span>
    </p>
   </div>
   <div class='ocr_carea' id='block_1_33' title="bbox 175 3312 1814 3385">
    <p class='ocr_par' dir='ltr' id='par_1_33' title="bbox 175 3312 1814 3385">
     <span class='ocr_line' id='line_1_33' title="bbox 175 3312 1814 3385; baseline 0.005 -22"><span class='ocrx_word' id='word_1_280' title='bbox 175 3312 561 3380; x_wconf 86' lang='lat' dir='ltr'>apostolorum</span> <span class='ocrx_word' id='word_1_281' title='bbox 605 3313 878 3384; x_wconf 90' lang='lat' dir='ltr'>principis</span> <span class='ocrx_word' id='word_1_282' title='bbox 921 3314 1157 3385; x_wconf 88' lang='lat' dir='ltr'>pallium</span> <span class='ocrx_word' id='word_1_283' title='bbox 1203 3315 1360 3368; x_wconf 88' lang='lat' dir='ltr'>vobis</span> <span class='ocrx_word' id='word_1_284' title='bbox 1397 3317 1814 3371; x_wconf 89' lang='lat' dir='ltr'>transmisimus</span> 
     </span>
    </p>
   </div>
   <div class='ocr_carea' id='block_1_34' title="bbox 176 3404 1814 3472">
    <p class='ocr_par' dir='ltr' id='par_1_34' title="bbox 176 3404 1814 3472">
     <span class='ocr_line' id='line_1_34' title="bbox 176 3404 1814 3472; baseline 0.004 -14"><span class='ocrx_word' id='word_1_285' title='bbox 176 3405 247 3458; x_wconf 90' lang='lat' dir='ltr'>ad</span> <span class='ocrx_word' id='word_1_286' title='bbox 269 3404 388 3459; x_wconf 91' lang='lat' dir='ltr'>sola</span> <span class='ocrx_word' id='word_1_287' title='bbox 407 3404 709 3460; x_wconf 90' lang='lat' dir='ltr'>missarum</span> <span class='ocrx_word' id='word_1_288' title='bbox 731 3407 1008 3462; x_wconf 89' lang='lat' dir='ltr'>solemnia</span> <span class='ocrx_word' id='word_1_289' title='bbox 1028 3408 1324 3462; x_wconf 90' lang='lat' dir='ltr'>utendum.</span> <span class='ocrx_word' id='word_1_290' title='bbox 1346 3408 1467 3472; x_wconf 90' lang='lat' dir='ltr'>Quo</span> <span class='ocrx_word' id='word_1_291' title='bbox 1487 3410 1814 3465; x_wconf 89' lang='lat' dir='ltr'>transmisso</span> 
     </span>
    </p>
   </div>
   <div class='ocr_carea' id='block_1_35' title="bbox 176 3498 1814 3574">
    <p class='ocr_par' dir='ltr' id='par_1_35' title="bbox 176 3498 1814 3574">
     <span class='ocr_line' id='line_1_35' title="bbox 176 3498 1814 3574; baseline 0.005 -23"><span class='ocrx_word' id='word_1_292' title='bbox 176 3498 344 3552; x_wconf 90' lang='lat' dir='ltr'>valde</span> <span class='ocrx_word' id='word_1_293' title='bbox 363 3498 535 3552; x_wconf 90' lang='lat' dir='ltr'>debui</span> <span class='ocrx_word' id='word_1_294' title='bbox 556 3500 803 3569; x_wconf 89' lang='lat' dir='ltr'>qualiter</span> <span class='ocrx_word' id='word_1_295' title='bbox 818 3501 976 3555; x_wconf 89' lang='lat' dir='ltr'>vobis</span> <span class='ocrx_word' id='word_1_296' title='bbox 993 3501 1293 3556; x_wconf 89' lang='lat' dir='ltr'>vivendum</span> <span class='ocrx_word' id='word_1_297' title='bbox 1321 3505 1466 3556; x_wconf 89' lang='lat' dir='ltr'>esset</span> <span class='ocrx_word' id='word_1_298' title='bbox 1484 3504 1814 3574; x_wconf 90' lang='lat' dir='ltr'>admonere,</span> 
     </span>
    </p>
   </div>
   <div class='ocr_carea' id='block_1_36' title="bbox 180 3592 1816 3667">
    <p class='ocr_par' dir='ltr' id='par_1_36' title="bbox 180 3592 1816 3667">
     <span class='ocr_line' id='line_1_36' title="bbox 180 3592 1816 3667; baseline 0.005 -23"><span class='ocrx_word' id='word_1_299' title='bbox 180 3592 278 3645; x_wconf 91' lang='lat' dir='ltr'>sed</span> <span class='ocrx_word' id='word_1_300' title='bbox 303 3592 656 3647; x_wconf 91' lang='lat' dir='ltr'>locutionem</span> <span class='ocrx_word' id='word_1_301' title='bbox 685 3595 999 3665; x_wconf 89' lang='lat' dir='ltr'>supprimo,</span> <span class='ocrx_word' id='word_1_302' title='bbox 1023 3596 1160 3667; x_wconf 89' lang='lat' dir='ltr'>quia</span> <span class='ocrx_word' id='word_1_303' title='bbox 1185 3597 1357 3650; x_wconf 89' lang='lat' dir='ltr'>verba</span> <span class='ocrx_word' id='word_1_304' title='bbox 1381 3597 1636 3652; x_wconf 90' lang='lat' dir='ltr'>moribus</span> <span class='ocrx_word' id='word_1_305' title='bbox 1662 3601 1816 3653; x_wconf 89' lang='lat' dir='ltr'>ante-</span> 
     </span>
    </p>
   </div>
   <div class='ocr_carea' id='block_1_37' title="bbox 179 3685 1812 3762">
    <p class='ocr_par' dir='ltr' id='par_1_37' title="bbox 179 3685 1812 3762">
     <span class='ocr_line' id='line_1_37' title="bbox 179 3685 1812 3762; baseline 0.005 -23"><span class='ocrx_word' id='word_1_306' title='bbox 179 3685 288 3740; x_wconf 88' lang='lat' dir='ltr'>itis.</span> <span class='ocrx_word' id='word_1_307' title='bbox 318 3686 691 3757; x_wconf 88' lang='lat' dir='ltr'>Omnipotens</span> <span class='ocrx_word' id='word_1_308' title='bbox 711 3691 858 3743; x_wconf 90' lang='lat' dir='ltr'>Deus</span> <span class='ocrx_word' id='word_1_309' title='bbox 882 3706 986 3743; x_wconf 91' lang='lat' dir='ltr'>sua</span> <span class='ocrx_word' id='word_1_310' title='bbox 1015 3706 1110 3743; x_wconf 91' lang='lat' dir='ltr'>vos</span> <span class='ocrx_word' id='word_1_311' title='bbox 1140 3691 1494 3761; x_wconf 90' lang='lat' dir='ltr'>protectione</span> <span class='ocrx_word' id='word_1_312' title='bbox 1515 3691 1812 3762; x_wconf 87' lang='lat' dir='ltr'>custodiat,</span> 
     </span>
    </p>
   </div>
   <div class='ocr_carea' id='block_1_38' title="bbox 180 3780 1814 3854">
    <p class='ocr_par' dir='ltr' id='par_1_38' title="bbox 180 3780 1814 3854">
     <span class='ocr_line' id='line_1_38' title="bbox 180 3780 1814 3854; baseline 0.004 -21"><span class='ocrx_word' id='word_1_313' title='bbox 180 3781 352 3850; x_wconf 90' lang='lat' dir='ltr'>atque</span> <span class='ocrx_word' id='word_1_314' title='bbox 411 3780 485 3834; x_wconf 91' lang='lat' dir='ltr'>ad</span> <span class='ocrx_word' id='word_1_315' title='bbox 541 3781 779 3837; x_wconf 79' lang='lat' dir='ltr'>caelestis</span> <span class='ocrx_word' id='word_1_316' title='bbox 841 3783 1361 3838; x_wconf 88' lang='lat' dir='ltr'>remunerationem</span> <span class='ocrx_word' id='word_1_317' title='bbox 1428 3784 1624 3854; x_wconf 75' lang='lat' dir='ltr'>patriae</span> <span class='ocrx_word' id='word_1_318' title='bbox 1685 3803 1814 3840; x_wconf 91' lang='lat' dir='ltr'>cum</span> 
     </span>
    </p>
   </div>
   <div class='ocr_carea' id='block_1_39' title="bbox 180 3873 1812 3948">
    <p class='ocr_par' dir='ltr' id='par_1_39' title="bbox 180 3873 1812 3948">
     <span class='ocr_line' id='line_1_39' title="bbox 180 3873 1812 3948; baseline 0.006 -23"><span class='ocrx_word' id='word_1_319' title='bbox 180 3873 484 3944; x_wconf 89' lang='lat' dir='ltr'>multiplici</span> <span class='ocrx_word' id='word_1_320' title='bbox 529 3874 851 3930; x_wconf 89' lang='lat' dir='ltr'>animarum</span> <span class='ocrx_word' id='word_1_321' title='bbox 891 3877 1078 3932; x_wconf 90' lang='lat' dir='ltr'>fructu</span> <span class='ocrx_word' id='word_1_322' title='bbox 1119 3877 1410 3948; x_wconf 89' lang='lat' dir='ltr'>perducat.</span> <span class='ocrx_word' id='word_1_323' title='bbox 1461 3880 1575 3948; x_wconf 87' lang='lat' dir='ltr'>Ego</span> <span class='ocrx_word' id='word_1_324' title='bbox 1620 3882 1812 3934; x_wconf 88' lang='lat' dir='ltr'>autem</span> 
     </span>
    </p>
   </div>
   <div class='ocr_carea' id='block_1_40' title="bbox 181 3969 1816 4042">
    <p class='ocr_par' dir='ltr' id='par_1_40' title="bbox 181 3969 1816 4042">
     <span class='ocr_line' id='line_1_40' title="bbox 181 3969 1816 4042; baseline 0.005 -23"><span class='ocrx_word' id='word_1_325' title='bbox 181 3970 398 4037; x_wconf 89' lang='lat' dir='ltr'>quanta</span> <span class='ocrx_word' id='word_1_326' title='bbox 441 3969 812 4038; x_wconf 90' lang='lat' dir='ltr'>occupatione</span> <span class='ocrx_word' id='word_1_327' title='bbox 857 3970 1149 4042; x_wconf 90' lang='lat' dir='ltr'>deprimor</span> <span class='ocrx_word' id='word_1_328' title='bbox 1190 3976 1247 4026; x_wconf 91' lang='lat' dir='ltr'>et</span> <span class='ocrx_word' id='word_1_329' title='bbox 1288 3972 1596 4039; x_wconf 89' lang='lat' dir='ltr'>debilitate,</span> <span class='ocrx_word' id='word_1_330' title='bbox 1628 3973 1816 4028; x_wconf 87' lang='lat' dir='ltr'>brevis</span> 
     </span>
    </p>
   </div>
   <div class='ocr_carea' id='block_1_41' title="bbox 182 4061 1814 4138">
    <p class='ocr_par' dir='ltr' id='par_1_41' title="bbox 182 4061 1814 4138">
     <span class='ocr_line' id='line_1_41' title="bbox 182 4061 1814 4138; baseline 0.005 -25"><span class='ocrx_word' id='word_1_331' title='bbox 182 4063 422 4114; x_wconf 86' lang='lat' dir='ltr'>testatur</span> <span class='ocrx_word' id='word_1_332' title='bbox 463 4061 720 4132; x_wconf 87' lang='lat' dir='ltr'>epistola,</span> <span class='ocrx_word' id='word_1_333' title='bbox 749 4063 806 4117; x_wconf 91' lang='lat' dir='ltr'>in</span> <span class='ocrx_word' id='word_1_334' title='bbox 837 4081 948 4134; x_wconf 89' lang='lat' dir='ltr'>qua</span> <span class='ocrx_word' id='word_1_335' title='bbox 980 4071 1036 4119; x_wconf 88' lang='lat' dir='ltr'>et</span> <span class='ocrx_word' id='word_1_336' title='bbox 1075 4066 1123 4119; x_wconf 91' lang='lat' dir='ltr'>ei</span> <span class='ocrx_word' id='word_1_337' title='bbox 1153 4082 1322 4136; x_wconf 90' lang='lat' dir='ltr'>quem</span> <span class='ocrx_word' id='word_1_338' title='bbox 1364 4066 1606 4120; x_wconf 89' lang='lat' dir='ltr'>multum</span> <span class='ocrx_word' id='word_1_339' title='bbox 1640 4067 1814 4138; x_wconf 87' lang='lat' dir='ltr'>diligo</span> 
     </span>
    </p>
   </div>
   <div class='ocr_carea' id='block_1_42' title="bbox 182 4155 1813 4230">
    <p class='ocr_par' dir='ltr' id='par_1_42' title="bbox 182 4155 1813 4230">
     <span class='ocr_line' id='line_1_42' title="bbox 182 4155 1813 4230; baseline 0.006 -24"><span class='ocrx_word' id='word_1_340' title='bbox 182 4169 384 4223; x_wconf 90' lang='lat' dir='ltr'>parum</span> <span class='ocrx_word' id='word_1_341' title='bbox 417 4155 635 4226; x_wconf 90' lang='lat' dir='ltr'>loquor.</span> <span class='ocrx_word' id='word_1_342' title='bbox 668 4157 816 4212; x_wconf 89' lang='lat' dir='ltr'>Deus</span> <span class='ocrx_word' id='word_1_343' title='bbox 847 4163 903 4212; x_wconf 92' lang='lat' dir='ltr'>te</span> <span class='ocrx_word' id='word_1_344' title='bbox 940 4158 1287 4214; x_wconf 90' lang='lat' dir='ltr'>incolumem</span> <span class='ocrx_word' id='word_1_345' title='bbox 1327 4160 1620 4230; x_wconf 88' lang='lat' dir='ltr'>custodiat,</span> <span class='ocrx_word' id='word_1_346' title='bbox 1653 4177 1813 4216; x_wconf 87' lang='lat' dir='ltr'>reve-</span> 
     </span>
    </p>
   </div>
   <div class='ocr_carea' id='block_1_43' title="bbox 183 4247 757 4304">
    <p class='ocr_par' dir='ltr' id='par_1_43' title="bbox 183 4247 757 4304">
     <span class='ocr_line' id='line_1_43' title="bbox 183 4247 757 4304; baseline 0.005 -3"><span class='ocrx_word' id='word_1_347' title='bbox 183 4247 522 4303; x_wconf 91' lang='lat' dir='ltr'>rendissime</span> <span class='ocrx_word' id='word_1_348' title='bbox 565 4250 757 4304; x_wconf 87' lang='lat' dir='ltr'>frater.</span> 
     </span>
    </p>
   </div>
   <div class='ocr_carea' id='block_1_44' title="bbox 435 4398 1566 4470">
    <p class='ocr_par' dir='ltr' id='par_1_44' title="bbox 435 4398 1566 4470">
     <span class='ocr_line' id='line_1_44' title="bbox 435 4398 1566 4470; baseline 0.004 -18"><span class='ocrx_word' id='word_1_349' title='bbox 435 4398 525 4452; x_wconf 85' lang='lat' dir='ltr'>Ad</span> <span class='ocrx_word' id='word_1_350' title='bbox 547 4400 908 4455; x_wconf 76' lang='lat' dir='ltr'>Recarredum</span> <span class='ocrx_word' id='word_1_351' title='bbox 933 4415 1110 4469; x_wconf 83' lang='lat' dir='ltr'>regem</span> <span class='ocrx_word' id='word_1_352' title='bbox 1145 4400 1566 4470; x_wconf 78' lang='lat' dir='ltr'>Visigothorum.</span> 
     </span>
    </p>
   </div>
   <div class='ocr_carea' id='block_1_45' title="bbox 263 4532 1817 4607">
    <p class='ocr_par' dir='ltr' id='par_1_45' title="bbox 263 4532 1817 4607">
     <span class='ocr_line' id='line_1_45' title="bbox 263 4532 1817 4607; baseline 0.005 -23"><span class='ocrx_word' id='word_1_353' title='bbox 263 4535 308 4586; x_wconf 87' lang='grc' dir='ltr'>Ι.</span> <span class='ocrx_word' id='word_1_354' title='bbox 344 4532 419 4585; x_wconf 88' lang='lat' dir='ltr'>De</span> <span class='ocrx_word' id='word_1_355' title='bbox 449 4532 616 4587; x_wconf 90' lang='lat' dir='ltr'>laude</span> <span class='ocrx_word' id='word_1_356' title='bbox 663 4533 920 4604; x_wconf 89' lang='lat' dir='ltr'>ejusdem</span> <span class='ocrx_word' id='word_1_357' title='bbox 959 4533 1232 4605; x_wconf 91' lang='lat' dir='ltr'>principis</span> <span class='ocrx_word' id='word_1_358' title='bbox 1264 4537 1413 4606; x_wconf 90' lang='lat' dir='ltr'>quod</span> <span class='ocrx_word' id='word_1_359' title='bbox 1454 4553 1558 4607; x_wconf 91' lang='lat' dir='ltr'>per</span> <span class='ocrx_word' id='word_1_360' title='bbox 1587 4553 1716 4592; x_wconf 94' lang='lat' dir='ltr'>eum</span> <span class='ocrx_word' id='word_1_361' title='bbox 1748 4539 1817 4592; x_wconf 92' lang='lat' dir='ltr'>ad</span> 
     </span>
    </p>
   </div>
   <div class='ocr_carea' id='block_1_46' title="bbox 187 4624 1673 4698">
    <p class='ocr_par' dir='ltr' id='par_1_46' title="bbox 187 4624 1673 4698">
     <span class='ocr_line' id='line_1_46' title="bbox 187 4624 1673 4698; baseline 0.006 -21"><span class='ocrx_word' id='word_1_362' title='bbox 187 4624 526 4680; x_wconf 78' lang='lat' dir='ltr'>catholicam</span> <span class='ocrx_word' id='word_1_363' title='bbox 552 4627 725 4681; x_wconf 86' lang='lat' dir='ltr'>ﬁdem</span> <span class='ocrx_word' id='word_1_364' title='bbox 757 4644 898 4698; x_wconf 87' lang='lat' dir='ltr'>gens</span> <span class='ocrx_word' id='word_1_365' title='bbox 925 4628 1238 4682; x_wconf 88' lang='lat' dir='ltr'>Gothorum</span> <span class='ocrx_word' id='word_1_366' title='bbox 1270 4645 1541 4684; x_wconf 86' lang='lat' dir='ltr'>conversa</span> <span class='ocrx_word' id='word_1_367' title='bbox 1569 4636 1673 4686; x_wconf 88' lang='lat' dir='ltr'>est.</span> 
     </span>
    </p>
   </div>
   <div class='ocr_carea' id='block_1_47' title="bbox 256 4719 1818 4792">
    <p class='ocr_par' dir='ltr' id='par_1_47' title="bbox 256 4719 1818 4792">
     <span class='ocr_line' id='line_1_47' title="bbox 256 4719 1818 4792; baseline 0.005 -20"><span class='ocrx_word' id='word_1_368' title='bbox 256 4722 311 4772; x_wconf 83' lang='lat'>2.</span> <span class='ocrx_word' id='word_1_369' title='bbox 337 4719 415 4772; x_wconf 93' lang='lat' dir='ltr'>De</span> <span class='ocrx_word' id='word_1_370' title='bbox 435 4720 770 4775; x_wconf 91' lang='lat' dir='ltr'>muneribus</span> <span class='ocrx_word' id='word_1_371' title='bbox 789 4721 954 4778; x_wconf 91' lang='lat' dir='ltr'>beato</span> <span class='ocrx_word' id='word_1_372' title='bbox 976 4723 1141 4776; x_wconf 91' lang='lat' dir='ltr'>Petro</span> <span class='ocrx_word' id='word_1_373' title='bbox 1163 4723 1420 4792; x_wconf 86' lang='lat' dir='ltr'>apostolo</span> <span class='ocrx_word' id='word_1_374' title='bbox 1441 4740 1473 4777; x_wconf 90' lang='lat' dir='ltr'>a</span> <span class='ocrx_word' id='word_1_375' title='bbox 1495 4729 1818 4780; x_wconf 88' lang='lat' dir='ltr'>memorato</span> 
     </span>
    </p>
   </div>
   <div class='ocr_carea' id='block_1_48' title="bbox 185 4811 684 4882">
    <p class='ocr_par' dir='ltr' id='par_1_48' title="bbox 185 4811 684 4882">
     <span class='ocr_line' id='line_1_48' title="bbox 185 4811 684 4882; baseline 0.006 -18"><span class='ocrx_word' id='word_1_376' title='bbox 185 4811 443 4882; x_wconf 78' lang='lat' dir='ltr'>principe</span> <span class='ocrx_word' id='word_1_377' title='bbox 478 4813 684 4867; x_wconf 90' lang='lat' dir='ltr'>missis.</span> 
     </span>
    </p>
   </div>
   <div class='ocr_carea' id='block_1_49' title="bbox 256 4905 1817 4981">
    <p class='ocr_par' dir='ltr' id='par_1_49' title="bbox 256 4905 1817 4981">
     <span class='ocr_line' id='line_1_49' title="bbox 256 4905 1817 4981; baseline 0.005 -23"><span class='ocrx_word' id='word_1_378' title='bbox 256 4909 308 4958; x_wconf 89' lang='lat'>3.</span> <span class='ocrx_word' id='word_1_379' title='bbox 343 4905 422 4959; x_wconf 92' lang='lat' dir='ltr'>De</span> <span class='ocrx_word' id='word_1_380' title='bbox 469 4907 873 4963; x_wconf 90' lang='lat' dir='ltr'>constitutione</span> <span class='ocrx_word' id='word_1_381' title='bbox 923 4909 1044 4978; x_wconf 85' lang='lat' dir='ltr'>ejus</span> <span class='ocrx_word' id='word_1_382' title='bbox 1087 4909 1353 4964; x_wconf 89' lang='lat' dir='ltr'>adversus</span> <span class='ocrx_word' id='word_1_383' title='bbox 1401 4908 1627 4963; x_wconf 67' lang='lat' dir='ltr'>Judazos</span> <span class='ocrx_word' id='word_1_384' title='bbox 1669 4911 1817 4981; x_wconf 92' lang='lat' dir='ltr'>quod</span> 
     </span>
    </p>
   </div>
   <div class='ocr_carea' id='block_1_50' title="bbox 185 4999 1037 5073">
    <p class='ocr_par' dir='ltr' id='par_1_50' title="bbox 185 4999 1037 5073">
     <span class='ocr_line' id='line_1_50' title="bbox 185 4999 1037 5073; baseline 0.006 -22"><span class='ocrx_word' id='word_1_385' title='bbox 185 4999 309 5052; x_wconf 89' lang='lat' dir='ltr'>auri</span> <span class='ocrx_word' id='word_1_386' title='bbox 337 4999 484 5054; x_wconf 93' lang='lat' dir='ltr'>dono</span> <span class='ocrx_word' id='word_1_387' title='bbox 513 5017 627 5054; x_wconf 90' lang='lat' dir='ltr'>non</span> <span class='ocrx_word' id='word_1_388' title='bbox 653 5001 725 5056; x_wconf 92' lang='lat' dir='ltr'>sit</span> <span class='ocrx_word' id='word_1_389' title='bbox 749 5007 1037 5073; x_wconf 89' lang='lat' dir='ltr'>corrupta.</span> 
     </span>
    </p>
   </div>
   <div class='ocr_carea' id='block_1_51' title="bbox 257 5093 1651 5166">
    <p class='ocr_par' dir='ltr' id='par_1_51' title="bbox 257 5093 1651 5166">
     <span class='ocr_line' id='line_1_51' title="bbox 257 5093 1651 5166; baseline 0.003 -20"><span class='ocrx_word' id='word_1_390' title='bbox 257 5093 310 5146; x_wconf 79' lang='grc'>4.</span> <span class='ocrx_word' id='word_1_391' title='bbox 345 5094 416 5147; x_wconf 90' lang='lat' dir='ltr'>Ut</span> <span class='ocrx_word' id='word_1_392' title='bbox 443 5093 730 5166; x_wconf 88' lang='lat' dir='ltr'>principes</span> <span class='ocrx_word' id='word_1_393' title='bbox 757 5095 1142 5151; x_wconf 90' lang='lat' dir='ltr'>humilitatem</span> <span class='ocrx_word' id='word_1_394' title='bbox 1172 5096 1421 5150; x_wconf 89' lang='lat' dir='ltr'>habeant</span> <span class='ocrx_word' id='word_1_395' title='bbox 1445 5095 1651 5150; x_wconf 88' lang='lat' dir='ltr'>cordis.</span> 
     </span>
    </p>
   </div>
   <div class='ocr_carea' id='block_1_52' title="bbox 259 5188 1564 5263">
    <p class='ocr_par' dir='ltr' id='par_1_52' title="bbox 259 5188 1564 5263">
     <span class='ocr_line' id='line_1_52' title="bbox 259 5188 1564 5263; baseline 0.005 -25"><span class='ocrx_word' id='word_1_396' title='bbox 259 5191 307 5240; x_wconf 66' lang='lat' dir='ltr'>Si.</span> <span class='ocrx_word' id='word_1_397' title='bbox 334 5189 402 5242; x_wconf 91' lang='lat' dir='ltr'>Ut</span> <span class='ocrx_word' id='word_1_398' title='bbox 428 5188 710 5260; x_wconf 90' lang='lat' dir='ltr'>principes</span> <span class='ocrx_word' id='word_1_399' title='bbox 738 5190 978 5245; x_wconf 87' lang='lat' dir='ltr'>castitati</span> <span class='ocrx_word' id='word_1_400' title='bbox 1005 5190 1257 5263; x_wconf 89' lang='lat' dir='ltr'>corporis</span> <span class='ocrx_word' id='word_1_401' title='bbox 1282 5189 1564 5244; x_wconf 88' lang='lat' dir='ltr'>studeant.</span> 
     </span>
    </p>
   </div>
   <div class='ocr_carea' id='block_1_53' title="bbox 257 5281 1818 5354">
    <p class='ocr_par' dir='ltr' id='par_1_53' title="bbox 257 5281 1818 5354">
     <span class='ocr_line' id='line_1_53' title="bbox 257 5281 1818 5354; baseline 0.003 -21"><span class='ocrx_word' id='word_1_402' title='bbox 257 5284 308 5333; x_wconf 88' lang='lat'>6.</span> <span class='ocrx_word' id='word_1_403' title='bbox 340 5281 410 5335; x_wconf 89' lang='lat' dir='ltr'>Ut</span> <span class='ocrx_word' id='word_1_404' title='bbox 451 5281 734 5354; x_wconf 90' lang='lat' dir='ltr'>principes</span> <span class='ocrx_word' id='word_1_405' title='bbox 778 5284 1053 5340; x_wconf 89' lang='lat' dir='ltr'>moderati</span> <span class='ocrx_word' id='word_1_406' title='bbox 1085 5289 1142 5340; x_wconf 90' lang='lat' dir='ltr'>et</span> <span class='ocrx_word' id='word_1_407' title='bbox 1169 5284 1335 5340; x_wconf 90' lang='lat' dir='ltr'>mites</span> <span class='ocrx_word' id='word_1_408' title='bbox 1362 5300 1497 5354; x_wconf 89' lang='lat' dir='ltr'>erga</span> <span class='ocrx_word' id='word_1_409' title='bbox 1540 5282 1818 5354; x_wconf 88' lang='lat' dir='ltr'>subjectos</span> 
     </span>
    </p>
   </div>
   <div class='ocr_carea' id='block_1_54' title="bbox 185 5373 448 5429">
    <p class='ocr_par' dir='ltr' id='par_1_54' title="bbox 185 5373 448 5429">
     <span class='ocr_line' id='line_1_54' title="bbox 185 5373 448 5429; baseline 0.011 -3"><span class='ocrx_word' id='word_1_410' title='bbox 185 5373 448 5429; x_wconf 84' lang='lat' dir='ltr'>existant.</span> 
     </span>
    </p>
   </div>
   <div class='ocr_carea' id='block_1_55' title="bbox 255 5469 1816 5540">
    <p class='ocr_par' dir='ltr' id='par_1_55' title="bbox 255 5469 1816 5540">
     <span class='ocr_line' id='line_1_55' title="bbox 255 5469 1816 5540; baseline 0.001 -19"><span class='ocrx_word' id='word_1_411' title='bbox 255 5473 308 5522; x_wconf 86' lang='lat'>7.</span> <span class='ocrx_word' id='word_1_412' title='bbox 341 5469 419 5524; x_wconf 93' lang='lat' dir='ltr'>De</span> <span class='ocrx_word' id='word_1_413' title='bbox 443 5469 597 5525; x_wconf 91' lang='lat' dir='ltr'>clave</span> <span class='ocrx_word' id='word_1_414' title='bbox 625 5470 811 5526; x_wconf 89' lang='lat' dir='ltr'>ostioli</span> <span class='ocrx_word' id='word_1_415' title='bbox 837 5471 989 5526; x_wconf 88' lang='lat' dir='ltr'>beati</span> <span class='ocrx_word' id='word_1_416' title='bbox 1019 5473 1186 5540; x_wconf 89' lang='lat' dir='ltr'>Petri,</span> <span class='ocrx_word' id='word_1_417' title='bbox 1211 5477 1267 5528; x_wconf 90' lang='lat' dir='ltr'>et</span> <span class='ocrx_word' id='word_1_418' title='bbox 1296 5472 1364 5526; x_wconf 94' lang='lat' dir='ltr'>de</span> <span class='ocrx_word' id='word_1_419' title='bbox 1397 5488 1560 5527; x_wconf 90' lang='lat' dir='ltr'>cruce</span> <span class='ocrx_word' id='word_1_420' title='bbox 1593 5470 1816 5526; x_wconf 89' lang='lat' dir='ltr'>Domini</span> 
     </span>
    </p>
   </div>
   <div class='ocr_carea' id='block_1_56' title="bbox 184 5561 1815 5638">
    <p class='ocr_par' dir='ltr' id='par_1_56' title="bbox 184 5561 1815 5638">
     <span class='ocr_line' id='line_1_56' title="bbox 184 5561 1815 5638; baseline 0.002 -24"><span class='ocrx_word' id='word_1_421' title='bbox 184 5561 378 5630; x_wconf 88' lang='lat' dir='ltr'>missa,</span> <span class='ocrx_word' id='word_1_422' title='bbox 397 5562 510 5618; x_wconf 85' lang='lat' dir='ltr'>sive</span> <span class='ocrx_word' id='word_1_423' title='bbox 531 5564 599 5618; x_wconf 93' lang='lat' dir='ltr'>de</span> <span class='ocrx_word' id='word_1_424' title='bbox 627 5565 798 5636; x_wconf 90' lang='lat' dir='ltr'>pallio</span> <span class='ocrx_word' id='word_1_425' title='bbox 818 5565 985 5620; x_wconf 89' lang='lat' dir='ltr'>beato</span> <span class='ocrx_word' id='word_1_426' title='bbox 1012 5565 1264 5621; x_wconf 90' lang='lat' dir='ltr'>Leandro</span> <span class='ocrx_word' id='word_1_427' title='bbox 1289 5565 1558 5638; x_wconf 88' lang='lat' dir='ltr'>episcopo</span> <span class='ocrx_word' id='word_1_428' title='bbox 1581 5564 1815 5619; x_wconf 89' lang='lat' dir='ltr'>directo.</span> 
     </span>
    </p>
   </div>
   <div class='ocr_carea' id='block_1_57' title="bbox 257 5655 1814 5730">
    <p class='ocr_par' dir='ltr' id='par_1_57' title="bbox 257 5655 1814 5730">
     <span class='ocr_line' id='line_1_57' title="bbox 257 5655 1814 5730; baseline 0.004 -24"><span class='ocrx_word' id='word_1_429' title='bbox 257 5655 672 5714; x_wconf 82' lang='lat' dir='ltr'>Gloriosissimo</span> <span class='ocrx_word' id='word_1_430' title='bbox 716 5662 885 5730; x_wconf 90' lang='lat' dir='ltr'>atque</span> <span class='ocrx_word' id='word_1_431' title='bbox 926 5659 1399 5714; x_wconf 88' lang='lat' dir='ltr'>excellentissimo</span> <span class='ocrx_word' id='word_1_432' title='bbox 1448 5659 1564 5714; x_wconf 83' lang='lat' dir='ltr'>filio</span> <span class='ocrx_word' id='word_1_433' title='bbox 1610 5659 1814 5714; x_wconf 60' lang='lat' dir='ltr'>Bacca-</span> 
     </span>
    </p>
   </div>
   <div class='ocr_carea' id='block_1_58' title="bbox 185 5751 1816 5824">
    <p class='ocr_par' dir='ltr' id='par_1_58' title="bbox 185 5751 1816 5824">
     <span class='ocr_line' id='line_1_58' title="bbox 185 5751 1816 5824; baseline 0.003 -23"><span class='ocrx_word' id='word_1_434' title='bbox 185 5764 322 5803; x_wconf 74' lang='lat' dir='ltr'>nsoo</span> <span class='ocrx_word' id='word_1_435' title='bbox 351 5751 470 5822; x_wconf 88' lang='lat' dir='ltr'>regi</span> <span class='ocrx_word' id='word_1_436' title='bbox 490 5753 804 5808; x_wconf 85' lang='lat' dir='ltr'>Gothorum</span> <span class='ocrx_word' id='word_1_437' title='bbox 829 5755 999 5824; x_wconf 88' lang='lat' dir='ltr'>atque</span> <span class='ocrx_word' id='word_1_438' title='bbox 1029 5753 1341 5809; x_wconf 90' lang='lat' dir='ltr'>Suevorum</span> <span class='ocrx_word' id='word_1_439' title='bbox 1369 5753 1685 5810; x_wconf 77' lang='lat' dir='ltr'>Gnaconws</span> <span class='ocrx_word' id='word_1_440' title='bbox 1706 5768 1816 5808; x_wconf 90' lang='lat' dir='ltr'>ser-</span> 
     </span>
    </p>
   </div>
   <div class='ocr_carea' id='block_1_59' title="bbox 184 5847 754 5901">
    <p class='ocr_par' dir='ltr' id='par_1_59' title="bbox 184 5847 754 5901">
     <span class='ocr_line' id='line_1_59' title="bbox 184 5847 754 5901; baseline 0.012 -7"><span class='ocrx_word' id='word_1_441' title='bbox 184 5857 286 5896; x_wconf 88' lang='lat' dir='ltr'>vus</span> <span class='ocrx_word' id='word_1_442' title='bbox 313 5860 607 5900; x_wconf 90' lang='lat' dir='ltr'>servorum</span> <span class='ocrx_word' id='word_1_443' title='bbox 635 5847 754 5901; x_wconf 91' lang='lat' dir='ltr'>Dei.</span> 
     </span>
    </p>
   </div>
   <div class='ocr_carea' id='block_1_60' title="bbox 267 5939 1817 6011">
    <p class='ocr_par' dir='ltr' id='par_1_60' title="bbox 267 5939 1817 6011">
     <span class='ocr_line' id='line_1_60' title="bbox 267 5939 1817 6011; baseline 0.006 -23"><span class='ocrx_word' id='word_1_444' title='bbox 267 5941 394 5992; x_wconf 64' lang='lat' dir='ltr'>CAP.</span> <span class='ocrx_word' id='word_1_445' title='bbox 440 5941 478 5993; x_wconf 92' lang='lat' dir='ltr'>l.</span> <span class='ocrx_word' id='word_1_446' title='bbox 512 5941 748 6011; x_wconf 80' lang='lat' dir='ltr'>Explere</span> <span class='ocrx_word' id='word_1_447' title='bbox 798 5941 998 6010; x_wconf 83' lang='lat' dir='ltr'>verbis,</span> <span class='ocrx_word' id='word_1_448' title='bbox 1046 5939 1506 5996; x_wconf 81' lang='lat' dir='ltr'>excellentissime</span> <span class='ocrx_word' id='word_1_449' title='bbox 1554 5941 1654 6009; x_wconf 84' lang='lat' dir='ltr'>fili,</span> <span class='ocrx_word' id='word_1_450' title='bbox 1704 5957 1817 5998; x_wconf 84' lang='lat' dir='ltr'>non</span> 
     </span>
    </p>
   </div>
   <div class='ocr_carea' id='block_1_61' title="bbox 1916 1159 3545 1232">
    <p class='ocr_par' dir='ltr' id='par_1_61' title="bbox 1916 1159 3545 1232">
     <span class='ocr_line' id='line_1_61' title="bbox 1916 1159 3545 1232; baseline 0.001 -18"><span class='ocrx_word' id='word_1_451' title='bbox 1916 1160 2074 1232; x_wconf 88' lang='lat' dir='ltr'>gnito</span> <span class='ocrx_word' id='word_1_452' title='bbox 2095 1176 2211 1215; x_wconf 91' lang='lat' dir='ltr'>non</span> <span class='ocrx_word' id='word_1_453' title='bbox 2233 1161 2425 1214; x_wconf 86' lang='lat' dir='ltr'>statim</span> <span class='ocrx_word' id='word_1_454' title='bbox 2446 1159 2504 1214; x_wconf 92' lang='lat' dir='ltr'>in</span> <span class='ocrx_word' id='word_1_455' title='bbox 2527 1160 2937 1232; x_wconf 88' lang='lat' dir='ltr'>omnipotentis</span> <span class='ocrx_word' id='word_1_456' title='bbox 2959 1160 3062 1214; x_wconf 90' lang='lat' dir='ltr'>Dei</span> <span class='ocrx_word' id='word_1_457' title='bbox 3089 1160 3350 1214; x_wconf 89' lang='lat' dir='ltr'>laudibus</span> <span class='ocrx_word' id='word_1_458' title='bbox 3370 1162 3545 1231; x_wconf 88' lang='lat' dir='ltr'>atque</span> 
     </span>
    </p>
   </div>
   <div class='ocr_carea' id='block_1_62' title="bbox 1914 1253 3541 1323">
    <p class='ocr_par' dir='ltr' id='par_1_62' title="bbox 1914 1253 3541 1323">
     <span class='ocr_line' id='line_1_62' title="bbox 1914 1253 3541 1323; baseline 0 -15"><span class='ocrx_word' id='word_1_459' title='bbox 1914 1255 1972 1308; x_wconf 91' lang='lat' dir='ltr'>in</span> <span class='ocrx_word' id='word_1_460' title='bbox 1991 1259 2101 1308; x_wconf 65' lang='lat' dir='ltr'>tua:</span> <span class='ocrx_word' id='word_1_461' title='bbox 2120 1253 2465 1308; x_wconf 73' lang='lat' dir='ltr'>excellentiae</span> <span class='ocrx_word' id='word_1_462' title='bbox 2489 1270 2685 1309; x_wconf 90' lang='lat' dir='ltr'>amore</span> <span class='ocrx_word' id='word_1_463' title='bbox 2706 1254 3036 1310; x_wconf 89' lang='lat' dir='ltr'>mollescat?</span> <span class='ocrx_word' id='word_1_464' title='bbox 3058 1255 3184 1308; x_wconf 74' lang='lat' dir='ltr'>Haec</span> <span class='ocrx_word' id='word_1_465' title='bbox 3207 1269 3319 1323; x_wconf 91' lang='lat' dir='ltr'>me,</span> <span class='ocrx_word' id='word_1_466' title='bbox 3335 1254 3541 1321; x_wconf 88' lang='lat' dir='ltr'>fateor,</span> 
     </span>
    </p>
   </div>
   <div class='ocr_carea' id='block_1_63' title="bbox 1912 1347 3554 1420">
    <p class='ocr_par' dir='ltr' id='par_1_63' title="bbox 1912 1347 3554 1420">
     <span class='ocr_line' id='line_1_63' title="bbox 1912 1347 3554 1420; baseline 0 -18"><span class='ocrx_word' id='word_1_467' title='bbox 1912 1365 2041 1419; x_wconf 69' lang='lat' dir='ltr'>quas</span> <span class='ocrx_word' id='word_1_468' title='bbox 2082 1364 2185 1419; x_wconf 91' lang='lat' dir='ltr'>per</span> <span class='ocrx_word' id='word_1_469' title='bbox 2211 1364 2309 1402; x_wconf 93' lang='lat' dir='ltr'>vos</span> <span class='ocrx_word' id='word_1_470' title='bbox 2347 1351 2471 1402; x_wconf 83' lang='lat' dir='ltr'>acta</span> <span class='ocrx_word' id='word_1_471' title='bbox 2514 1351 2667 1416; x_wconf 90' lang='lat' dir='ltr'>sunt,</span> <span class='ocrx_word' id='word_1_472' title='bbox 2699 1365 2853 1420; x_wconf 62' lang='lat' dir='ltr'>saepe</span> <span class='ocrx_word' id='word_1_473' title='bbox 2902 1347 3368 1403; x_wconf 88' lang='lat' dir='ltr'>convenientibus</span> <span class='ocrx_word' id='word_1_474' title='bbox 3417 1347 3554 1409; x_wconf 73' lang='lat' dir='ltr'>ﬁliis</span> 
     </span>
    </p>
   </div>
   <div class='ocr_carea' id='block_1_64' title="bbox 1915 1441 3540 1514">
    <p class='ocr_par' dir='ltr' id='par_1_64' title="bbox 1915 1441 3540 1514">
     <span class='ocr_line' id='line_1_64' title="bbox 1915 1441 3540 1514; baseline 0 -18"><span class='ocrx_word' id='word_1_475' title='bbox 1915 1443 2057 1496; x_wconf 91' lang='lat' dir='ltr'>meis</span> <span class='ocrx_word' id='word_1_476' title='bbox 2085 1441 2291 1507; x_wconf 90' lang='lat' dir='ltr'>dicere,</span> <span class='ocrx_word' id='word_1_477' title='bbox 2321 1458 2468 1512; x_wconf 68' lang='lat' dir='ltr'>saepe</span> <span class='ocrx_word' id='word_1_478' title='bbox 2495 1458 2626 1496; x_wconf 92' lang='lat' dir='ltr'>cum</span> <span class='ocrx_word' id='word_1_479' title='bbox 2648 1443 2727 1496; x_wconf 88' lang='lat' dir='ltr'>eis</span> <span class='ocrx_word' id='word_1_480' title='bbox 2748 1442 2962 1514; x_wconf 91' lang='lat' dir='ltr'>pariter</span> <span class='ocrx_word' id='word_1_481' title='bbox 2980 1442 3252 1496; x_wconf 89' lang='lat' dir='ltr'>admirari</span> <span class='ocrx_word' id='word_1_482' title='bbox 3271 1442 3540 1509; x_wconf 86' lang='lat' dir='ltr'>delectat;</span> 
     </span>
    </p>
   </div>
   <div class='ocr_carea' id='block_1_65' title="bbox 1914 1536 3545 1607">
    <p class='ocr_par' dir='ltr' id='par_1_65' title="bbox 1914 1536 3545 1607">
     <span class='ocr_line' id='line_1_65' title="bbox 1914 1536 3545 1607; baseline 0 -17"><span class='ocrx_word' id='word_1_483' title='bbox 1914 1537 2034 1590; x_wconf 67' lang='lat' dir='ltr'>haec</span> <span class='ocrx_word' id='word_1_484' title='bbox 2064 1551 2158 1590; x_wconf 91' lang='lat' dir='ltr'>me</span> <span class='ocrx_word' id='word_1_485' title='bbox 2185 1536 2523 1607; x_wconf 91' lang='lat' dir='ltr'>plerumque</span> <span class='ocrx_word' id='word_1_486' title='bbox 2552 1537 2725 1590; x_wconf 89' lang='lat' dir='ltr'>etiam</span> <span class='ocrx_word' id='word_1_487' title='bbox 2755 1540 2950 1591; x_wconf 89' lang='lat' dir='ltr'>contra</span> <span class='ocrx_word' id='word_1_488' title='bbox 2975 1552 3067 1592; x_wconf 91' lang='lat' dir='ltr'>me</span> <span class='ocrx_word' id='word_1_489' title='bbox 3092 1536 3361 1603; x_wconf 88' lang='lat' dir='ltr'>excitant,</span> <span class='ocrx_word' id='word_1_490' title='bbox 3394 1536 3545 1606; x_wconf 92' lang='lat' dir='ltr'>quod</span> 
     </span>
    </p>
   </div>
   <div class='ocr_carea' id='block_1_66' title="bbox 1911 1629 3544 1701">
    <p class='ocr_par' dir='ltr' id='par_1_66' title="bbox 1911 1629 3544 1701">
     <span class='ocr_line' id='line_1_66' title="bbox 1911 1629 3544 1701; baseline 0.001 -18"><span class='ocrx_word' id='word_1_491' title='bbox 1911 1630 2074 1701; x_wconf 87' lang='lat' dir='ltr'>piger</span> <span class='ocrx_word' id='word_1_492' title='bbox 2101 1646 2209 1700; x_wconf 91' lang='lat' dir='ltr'>ego</span> <span class='ocrx_word' id='word_1_493' title='bbox 2237 1634 2295 1684; x_wconf 90' lang='lat' dir='ltr'>et</span> <span class='ocrx_word' id='word_1_494' title='bbox 2319 1629 2536 1684; x_wconf 91' lang='lat' dir='ltr'>inutilis</span> <span class='ocrx_word' id='word_1_495' title='bbox 2562 1633 2697 1684; x_wconf 90' lang='lat' dir='ltr'>tunc</span> <span class='ocrx_word' id='word_1_496' title='bbox 2723 1629 2894 1684; x_wconf 89' lang='lat' dir='ltr'>inerti</span> <span class='ocrx_word' id='word_1_497' title='bbox 2919 1629 3034 1685; x_wconf 90' lang='lat' dir='ltr'>otio</span> <span class='ocrx_word' id='word_1_498' title='bbox 3065 1634 3285 1700; x_wconf 88' lang='lat' dir='ltr'>torpeo,</span> <span class='ocrx_word' id='word_1_499' title='bbox 3318 1629 3544 1700; x_wconf 87' lang='lat' dir='ltr'>quando</span> 
     </span>
    </p>
   </div>
   <div class='ocr_carea' id='block_1_67' title="bbox 1911 1722 3546 1794">
    <p class='ocr_par' dir='ltr' id='par_1_67' title="bbox 1911 1722 3546 1794">
     <span class='ocr_line' id='line_1_67' title="bbox 1911 1722 3546 1794; baseline -0.001 -17"><span class='ocrx_word' id='word_1_500' title='bbox 1911 1724 1970 1777; x_wconf 89' lang='lat' dir='ltr'>in</span> <span class='ocrx_word' id='word_1_501' title='bbox 2001 1723 2320 1777; x_wconf 89' lang='lat' dir='ltr'>animarum</span> <span class='ocrx_word' id='word_1_502' title='bbox 2366 1723 2906 1794; x_wconf 89' lang='lat' dir='ltr'>congregationibus</span> <span class='ocrx_word' id='word_1_503' title='bbox 2956 1740 3060 1794; x_wconf 93' lang='lat' dir='ltr'>pro</span> <span class='ocrx_word' id='word_1_504' title='bbox 3102 1723 3259 1777; x_wconf 91' lang='lat' dir='ltr'>lucro</span> <span class='ocrx_word' id='word_1_505' title='bbox 3305 1722 3546 1777; x_wconf 76' lang='lat' dir='ltr'>caelestis</span> 
     </span>
    </p>
   </div>
   <div class='ocr_carea' id='block_1_68' title="bbox 1913 1815 3541 1888">
    <p class='ocr_par' dir='ltr' id='par_1_68' title="bbox 1913 1815 3541 1888">
     <span class='ocr_line' id='line_1_68' title="bbox 1913 1815 3541 1888; baseline -0.001 -17"><span class='ocrx_word' id='word_1_506' title='bbox 1913 1818 2107 1888; x_wconf 82' lang='lat' dir='ltr'>patriae</span> <span class='ocrx_word' id='word_1_507' title='bbox 2143 1833 2307 1887; x_wconf 89' lang='lat' dir='ltr'>reges</span> <span class='ocrx_word' id='word_1_508' title='bbox 2336 1817 2653 1872; x_wconf 88' lang='lat' dir='ltr'>elaborant.</span> <span class='ocrx_word' id='word_1_509' title='bbox 2683 1817 2831 1881; x_wconf 88' lang='lat' dir='ltr'>Quid</span> <span class='ocrx_word' id='word_1_510' title='bbox 2856 1817 3049 1888; x_wconf 90' lang='lat' dir='ltr'>itaque</span> <span class='ocrx_word' id='word_1_511' title='bbox 3078 1833 3184 1888; x_wconf 88' lang='lat' dir='ltr'>ego</span> <span class='ocrx_word' id='word_1_512' title='bbox 3209 1815 3268 1870; x_wconf 91' lang='lat' dir='ltr'>in</span> <span class='ocrx_word' id='word_1_513' title='bbox 3305 1815 3401 1870; x_wconf 89' lang='lat' dir='ltr'>illo</span> <span class='ocrx_word' id='word_1_514' title='bbox 3427 1819 3541 1870; x_wconf 91' lang='lat' dir='ltr'>tre-</span> 
     </span>
    </p>
   </div>
   <div class='ocr_carea' id='block_1_69' title="bbox 1913 1909 3547 1977">
    <p class='ocr_par' dir='ltr' id='par_1_69' title="bbox 1913 1909 3547 1977">
     <span class='ocr_line' id='line_1_69' title="bbox 1913 1909 3547 1977; baseline 0 -13"><span class='ocrx_word' id='word_1_515' title='bbox 1913 1911 2122 1965; x_wconf 90' lang='lat' dir='ltr'>mendo</span> <span class='ocrx_word' id='word_1_516' title='bbox 2142 1911 2405 1966; x_wconf 82' lang='lat' dir='ltr'>examine</span> <span class='ocrx_word' id='word_1_517' title='bbox 2423 1911 2606 1966; x_wconf 88' lang='lat' dir='ltr'>Judici</span> <span class='ocrx_word' id='word_1_518' title='bbox 2631 1910 2880 1966; x_wconf 86' lang='lat' dir='ltr'>venienti</span> <span class='ocrx_word' id='word_1_519' title='bbox 2906 1911 3159 1965; x_wconf 89' lang='lat' dir='ltr'>dicturus</span> <span class='ocrx_word' id='word_1_520' title='bbox 3183 1925 3328 1977; x_wconf 92' lang='lat' dir='ltr'>sum,</span> <span class='ocrx_word' id='word_1_521' title='bbox 3349 1909 3396 1964; x_wconf 91' lang='lat' dir='ltr'>si</span> <span class='ocrx_word' id='word_1_522' title='bbox 3413 1912 3547 1964; x_wconf 90' lang='lat' dir='ltr'>tunc</span> 
     </span>
    </p>
   </div>
   <div class='ocr_carea' id='block_1_70' title="bbox 1915 2005 3549 2075">
    <p class='ocr_par' dir='ltr' id='par_1_70' title="bbox 1915 2005 3549 2075">
     <span class='ocr_line' id='line_1_70' title="bbox 1915 2005 3549 2075; baseline -0.002 -16"><span class='ocrx_word' id='word_1_523' title='bbox 1915 2006 2043 2060; x_wconf 91' lang='lat' dir='ltr'>illuc</span> <span class='ocrx_word' id='word_1_524' title='bbox 2070 2022 2278 2060; x_wconf 89' lang='lat' dir='ltr'>vacuus</span> <span class='ocrx_word' id='word_1_525' title='bbox 2303 2021 2513 2059; x_wconf 91' lang='lat' dir='ltr'>venero</span> <span class='ocrx_word' id='word_1_526' title='bbox 2551 2005 2647 2059; x_wconf 92' lang='lat' dir='ltr'>ubi</span> <span class='ocrx_word' id='word_1_527' title='bbox 2678 2010 2778 2059; x_wconf 90' lang='lat' dir='ltr'>tua</span> <span class='ocrx_word' id='word_1_528' title='bbox 2823 2005 3159 2060; x_wconf 87' lang='lat' dir='ltr'>excellentia</span> <span class='ocrx_word' id='word_1_529' title='bbox 3187 2020 3393 2075; x_wconf 90' lang='lat' dir='ltr'>greges</span> <span class='ocrx_word' id='word_1_530' title='bbox 3419 2006 3549 2074; x_wconf 90' lang='lat' dir='ltr'>post</span> 
     </span>
    </p>
   </div>
   <div class='ocr_carea' id='block_1_71' title="bbox 1913 2098 3546 2169">
    <p class='ocr_par' dir='ltr' id='par_1_71' title="bbox 1913 2098 3546 2169">
     <span class='ocr_line' id='line_1_71' title="bbox 1913 2098 3546 2169; baseline -0.001 -17"><span class='ocrx_word' id='word_1_531' title='bbox 1913 2115 1970 2153; x_wconf 92' lang='lat' dir='ltr'>se</span> <span class='ocrx_word' id='word_1_532' title='bbox 1999 2098 2254 2153; x_wconf 86' lang='lat' dir='ltr'>ﬁdelium</span> <span class='ocrx_word' id='word_1_533' title='bbox 2283 2099 2469 2165; x_wconf 92' lang='lat' dir='ltr'>ducet,</span> <span class='ocrx_word' id='word_1_534' title='bbox 2499 2115 2640 2168; x_wconf 90' lang='lat' dir='ltr'>quos</span> <span class='ocrx_word' id='word_1_535' title='bbox 2680 2098 2853 2153; x_wconf 92' lang='lat' dir='ltr'>modo</span> <span class='ocrx_word' id='word_1_536' title='bbox 2883 2099 2955 2152; x_wconf 90' lang='lat' dir='ltr'>ad</span> <span class='ocrx_word' id='word_1_537' title='bbox 2981 2114 3110 2153; x_wconf 87' lang='lat' dir='ltr'>vere</span> <span class='ocrx_word' id='word_1_538' title='bbox 3139 2098 3273 2154; x_wconf 87' lang='lat' dir='ltr'>ﬁdei</span> <span class='ocrx_word' id='word_1_539' title='bbox 3303 2098 3546 2169; x_wconf 89' lang='lat' dir='ltr'>gratiam</span> 
     </span>
    </p>
   </div>
   <div class='ocr_carea' id='block_1_72' title="bbox 1912 2191 3546 2264">
    <p class='ocr_par' dir='ltr' id='par_1_72' title="bbox 1912 2191 3546 2264">
     <span class='ocr_line' id='line_1_72' title="bbox 1912 2191 3546 2264; baseline -0.001 -18"><span class='ocrx_word' id='word_1_540' title='bbox 1912 2209 2013 2262; x_wconf 91' lang='lat' dir='ltr'>per</span> <span class='ocrx_word' id='word_1_541' title='bbox 2040 2193 2350 2247; x_wconf 90' lang='lat' dir='ltr'>studiosam</span> <span class='ocrx_word' id='word_1_542' title='bbox 2386 2196 2443 2247; x_wconf 92' lang='lat' dir='ltr'>et</span> <span class='ocrx_word' id='word_1_543' title='bbox 2471 2193 2798 2247; x_wconf 91' lang='lat' dir='ltr'>continuam</span> <span class='ocrx_word' id='word_1_544' title='bbox 2834 2191 3296 2264; x_wconf 74' lang='lat' dir='ltr'>praedicationem</span> <span class='ocrx_word' id='word_1_545' title='bbox 3328 2191 3546 2246; x_wconf 85' lang='lat' dir='ltr'>traxit?</span> 
     </span>
    </p>
   </div>
   <div class='ocr_carea' id='block_1_73' title="bbox 1915 2286 3548 2356">
    <p class='ocr_par' dir='ltr' id='par_1_73' title="bbox 1915 2286 3548 2356">
     <span class='ocr_line' id='line_1_73' title="bbox 1915 2286 3548 2356; baseline -0.002 -14"><span class='ocrx_word' id='word_1_546' title='bbox 1915 2287 2025 2342; x_wconf 91' lang='lat' dir='ltr'>Sed</span> <span class='ocrx_word' id='word_1_547' title='bbox 2053 2291 2136 2341; x_wconf 89' lang='lat' dir='ltr'>est</span> <span class='ocrx_word' id='word_1_548' title='bbox 2174 2286 2336 2354; x_wconf 90' lang='lat' dir='ltr'>mihi,</span> <span class='ocrx_word' id='word_1_549' title='bbox 2364 2286 2510 2340; x_wconf 89' lang='lat' dir='ltr'>bone</span> <span class='ocrx_word' id='word_1_550' title='bbox 2535 2287 2640 2353; x_wconf 90' lang='lat' dir='ltr'>vir,</span> <span class='ocrx_word' id='word_1_551' title='bbox 2669 2287 2778 2340; x_wconf 93' lang='lat' dir='ltr'>hoc</span> <span class='ocrx_word' id='word_1_552' title='bbox 2804 2287 2863 2340; x_wconf 90' lang='lat' dir='ltr'>in</span> <span class='ocrx_word' id='word_1_553' title='bbox 2909 2287 3008 2341; x_wconf 91' lang='lat' dir='ltr'>Dei</span> <span class='ocrx_word' id='word_1_554' title='bbox 3052 2302 3291 2341; x_wconf 91' lang='lat' dir='ltr'>munere</span> <span class='ocrx_word' id='word_1_555' title='bbox 3335 2301 3548 2356; x_wconf 89' lang='lat' dir='ltr'>magna</span> 
     </span>
    </p>
   </div>
   <div class='ocr_carea' id='block_1_74' title="bbox 1913 2379 3544 2451">
    <p class='ocr_par' dir='ltr' id='par_1_74' title="bbox 1913 2379 3544 2451">
     <span class='ocr_line' id='line_1_74' title="bbox 1913 2379 3544 2451; baseline -0.002 -16"><span class='ocrx_word' id='word_1_556' title='bbox 1913 2381 2245 2449; x_wconf 88' lang='lat' dir='ltr'>consolatio,</span> <span class='ocrx_word' id='word_1_557' title='bbox 2261 2380 2395 2451; x_wconf 89' lang='lat' dir='ltr'>quia</span> <span class='ocrx_word' id='word_1_558' title='bbox 2409 2397 2550 2450; x_wconf 88' lang='lat' dir='ltr'>opus</span> <span class='ocrx_word' id='word_1_559' title='bbox 2573 2384 2832 2434; x_wconf 88' lang='lat' dir='ltr'>sanctum</span> <span class='ocrx_word' id='word_1_560' title='bbox 2849 2380 2998 2450; x_wconf 89' lang='lat' dir='ltr'>quod</span> <span class='ocrx_word' id='word_1_561' title='bbox 3014 2379 3073 2434; x_wconf 91' lang='lat' dir='ltr'>in</span> <span class='ocrx_word' id='word_1_562' title='bbox 3094 2396 3187 2433; x_wconf 91' lang='lat' dir='ltr'>me</span> <span class='ocrx_word' id='word_1_563' title='bbox 3207 2396 3324 2434; x_wconf 92' lang='lat' dir='ltr'>non</span> <span class='ocrx_word' id='word_1_564' title='bbox 3341 2379 3544 2444; x_wconf 88' lang='lat' dir='ltr'>habeo,</span> 
     </span>
    </p>
   </div>
   <div class='ocr_carea' id='block_1_75' title="bbox 1913 2472 3547 2545">
    <p class='ocr_par' dir='ltr' id='par_1_75' title="bbox 1913 2472 3547 2545">
     <span class='ocr_line' id='line_1_75' title="bbox 1913 2472 3547 2545; baseline -0.002 -16"><span class='ocrx_word' id='word_1_565' title='bbox 1913 2475 2086 2545; x_wconf 87' lang='lat' dir='ltr'>diligo</span> <span class='ocrx_word' id='word_1_566' title='bbox 2115 2475 2173 2528; x_wconf 93' lang='lat' dir='ltr'>in</span> <span class='ocrx_word' id='word_1_567' title='bbox 2205 2479 2279 2542; x_wconf 93' lang='lat' dir='ltr'>te,</span> <span class='ocrx_word' id='word_1_568' title='bbox 2310 2490 2555 2544; x_wconf 89' lang='lat' dir='ltr'>cumque</span> <span class='ocrx_word' id='word_1_569' title='bbox 2600 2473 2669 2527; x_wconf 91' lang='lat' dir='ltr'>de</span> <span class='ocrx_word' id='word_1_570' title='bbox 2715 2473 2881 2528; x_wconf 89' lang='lat' dir='ltr'>bonis</span> <span class='ocrx_word' id='word_1_571' title='bbox 2923 2473 3142 2527; x_wconf 88' lang='lat' dir='ltr'>actibus</span> <span class='ocrx_word' id='word_1_572' title='bbox 3185 2472 3298 2526; x_wconf 90' lang='lat' dir='ltr'>tuis</span> <span class='ocrx_word' id='word_1_573' title='bbox 3334 2488 3547 2542; x_wconf 88' lang='lat' dir='ltr'>magna</span> 
     </span>
    </p>
   </div>
   <div class='ocr_carea' id='block_1_76' title="bbox 1912 2566 3543 2637">
    <p class='ocr_par' dir='ltr' id='par_1_76' title="bbox 1912 2566 3543 2637">
     <span class='ocr_line' id='line_1_76' title="bbox 1912 2566 3543 2637; baseline -0.002 -14"><span class='ocrx_word' id='word_1_574' title='bbox 1912 2568 2284 2624; x_wconf 87' lang='lat' dir='ltr'>exsultatione</span> <span class='ocrx_word' id='word_1_575' title='bbox 2332 2567 2573 2637; x_wconf 88' lang='lat' dir='ltr'>gaudeo,</span> <span class='ocrx_word' id='word_1_576' title='bbox 2606 2583 2671 2622; x_wconf 89' lang='lat' dir='ltr'>ea</span> <span class='ocrx_word' id='word_1_577' title='bbox 2697 2583 2822 2637; x_wconf 69' lang='lat' dir='ltr'>quae</span> <span class='ocrx_word' id='word_1_578' title='bbox 2852 2582 2954 2637; x_wconf 91' lang='lat' dir='ltr'>per</span> <span class='ocrx_word' id='word_1_579' title='bbox 2982 2566 3238 2620; x_wconf 90' lang='lat' dir='ltr'>laborem</span> <span class='ocrx_word' id='word_1_580' title='bbox 3265 2569 3364 2620; x_wconf 90' lang='lat' dir='ltr'>tua</span> <span class='ocrx_word' id='word_1_581' title='bbox 3393 2568 3543 2632; x_wconf 87' lang='lat' dir='ltr'>sunt,</span> 
     </span>
    </p>
   </div>
   <div class='ocr_carea' id='block_1_77' title="bbox 1915 2659 3546 2732">
    <p class='ocr_par' dir='ltr' id='par_1_77' title="bbox 1915 2659 3546 2732">
     <span class='ocr_line' id='line_1_77' title="bbox 1915 2659 3546 2732; baseline -0.002 -16"><span class='ocrx_word' id='word_1_582' title='bbox 1915 2679 2044 2716; x_wconf 91' lang='lat' dir='ltr'>mea</span> <span class='ocrx_word' id='word_1_583' title='bbox 2087 2679 2191 2732; x_wconf 91' lang='lat' dir='ltr'>per</span> <span class='ocrx_word' id='word_1_584' title='bbox 2235 2661 2569 2716; x_wconf 88' lang='lat' dir='ltr'>charitatem</span> <span class='ocrx_word' id='word_1_585' title='bbox 2617 2661 2782 2715; x_wconf 79' lang='lat' dir='ltr'>fiunt.</span> <span class='ocrx_word' id='word_1_586' title='bbox 2833 2661 2912 2714; x_wconf 93' lang='lat' dir='ltr'>De</span> <span class='ocrx_word' id='word_1_587' title='bbox 2955 2660 3324 2714; x_wconf 88' lang='lat' dir='ltr'>conversione</span> <span class='ocrx_word' id='word_1_588' title='bbox 3369 2659 3546 2725; x_wconf 82' lang='lat' dir='ltr'>igitur</span> 
     </span>
    </p>
   </div>
   <div class='ocr_carea' id='block_1_78' title="bbox 1910 2751 3546 2825">
    <p class='ocr_par' dir='ltr' id='par_1_78' title="bbox 1910 2751 3546 2825">
     <span class='ocr_line' id='line_1_78' title="bbox 1910 2751 3546 2825; baseline -0.002 -15"><span class='ocrx_word' id='word_1_589' title='bbox 1910 2757 2223 2811; x_wconf 89' lang='lat' dir='ltr'>Gothorum</span> <span class='ocrx_word' id='word_1_590' title='bbox 2272 2755 2330 2808; x_wconf 92' lang='lat' dir='ltr'>in</span> <span class='ocrx_word' id='word_1_591' title='bbox 2379 2759 2562 2808; x_wconf 91' lang='lat' dir='ltr'>vestro</span> <span class='ocrx_word' id='word_1_592' title='bbox 2609 2771 2804 2825; x_wconf 89' lang='lat' dir='ltr'>opere,</span> <span class='ocrx_word' id='word_1_593' title='bbox 2844 2758 2900 2809; x_wconf 93' lang='lat' dir='ltr'>et</span> <span class='ocrx_word' id='word_1_594' title='bbox 2939 2755 3128 2807; x_wconf 90' lang='lat' dir='ltr'>nostra</span> <span class='ocrx_word' id='word_1_595' title='bbox 3171 2751 3546 2807; x_wconf 89' lang='lat' dir='ltr'>exsultatione</span> 
     </span>
    </p>
   </div>
   <div class='ocr_carea' id='block_1_79' title="bbox 1913 2845 3544 2918">
    <p class='ocr_par' dir='ltr' id='par_1_79' title="bbox 1913 2845 3544 2918">
     <span class='ocr_line' id='line_1_79' title="bbox 1913 2845 3544 2918; baseline -0.004 -14"><span class='ocrx_word' id='word_1_596' title='bbox 1913 2850 2047 2904; x_wconf 89' lang='lat' dir='ltr'>libet</span> <span class='ocrx_word' id='word_1_597' title='bbox 2091 2866 2218 2904; x_wconf 90' lang='lat' dir='ltr'>cum</span> <span class='ocrx_word' id='word_1_598' title='bbox 2262 2849 2476 2918; x_wconf 87' lang='lat' dir='ltr'>angelis</span> <span class='ocrx_word' id='word_1_599' title='bbox 2523 2849 2841 2902; x_wconf 86' lang='lat' dir='ltr'>exclamare</span> <span class='ocrx_word' id='word_1_600' title='bbox 2876 2864 2889 2901; x_wconf 93' lang='lat'><strong>:</strong></span> <span class='ocrx_word' id='word_1_601' title='bbox 2919 2869 2946 2896; x_wconf 87' lang='lat'><strong>«</strong></span> <span class='ocrx_word' id='word_1_602' title='bbox 2979 2847 3169 2902; x_wconf 91' lang='lat' dir='ltr'>Gloria</span> <span class='ocrx_word' id='word_1_603' title='bbox 3209 2846 3268 2899; x_wconf 90' lang='lat' dir='ltr'>in</span> <span class='ocrx_word' id='word_1_604' title='bbox 3310 2845 3544 2900; x_wconf 90' lang='lat' dir='ltr'>excelsis</span> 
     </span>
    </p>
   </div>
   <div class='ocr_carea' id='block_1_80' title="bbox 1913 2939 3547 3013">
    <p class='ocr_par' dir='ltr' id='par_1_80' title="bbox 1913 2939 3547 3013">
     <span class='ocr_line' id='line_1_80' title="bbox 1913 2939 3547 3013; baseline -0.003 -16"><span class='ocrx_word' id='word_1_605' title='bbox 1913 2945 2048 3013; x_wconf 91' lang='lat' dir='ltr'>Deo,</span> <span class='ocrx_word' id='word_1_606' title='bbox 2094 2948 2150 2998; x_wconf 92' lang='lat' dir='ltr'>et</span> <span class='ocrx_word' id='word_1_607' title='bbox 2195 2942 2252 2996; x_wconf 93' lang='lat' dir='ltr'>in</span> <span class='ocrx_word' id='word_1_608' title='bbox 2299 2946 2453 2996; x_wconf 92' lang='lat' dir='ltr'>terra</span> <span class='ocrx_word' id='word_1_609' title='bbox 2499 2959 2606 3013; x_wconf 88' lang='lat' dir='ltr'>pax</span> <span class='ocrx_word' id='word_1_610' title='bbox 2653 2940 2988 2996; x_wconf 89' lang='lat' dir='ltr'>hominibus</span> <span class='ocrx_word' id='word_1_611' title='bbox 3028 2940 3194 2994; x_wconf 73' lang='lat' dir='ltr'>bonae</span> <span class='ocrx_word' id='word_1_612' title='bbox 3238 2939 3547 2994; x_wconf 89' lang='lat' dir='ltr'>voluntatis</span> 
     </span>
    </p>
   </div>
   <div class='ocr_carea' id='block_1_81' title="bbox 1916 3032 3548 3107">
    <p class='ocr_par' dir='ltr' id='par_1_81' title="bbox 1916 3032 3548 3107">
     <span class='ocr_line' id='line_1_81' title="bbox 1916 3032 3548 3107; baseline -0.004 -15"><span class='ocrx_word' id='word_1_613' title='bbox 1916 3039 2062 3107; x_wconf 86' lang='lat' dir='ltr'>(Luc.</span> <span class='ocrx_word' id='word_1_614' title='bbox 2092 3054 2150 3104; x_wconf 80' lang='grc' dir='ltr'>ιι,</span> <span class='ocrx_word' id='word_1_615' title='bbox 2184 3038 2289 3105; x_wconf 78' lang='grc'><strong>14).</strong></span> <span class='ocrx_word' id='word_1_616' title='bbox 2320 3058 2346 3087; x_wconf 90' lang='grc'><strong>››</strong></span> <span class='ocrx_word' id='word_1_617' title='bbox 2383 3038 2485 3090; x_wconf 90' lang='lat' dir='ltr'>Per</span> <span class='ocrx_word' id='word_1_618' title='bbox 2511 3052 2608 3090; x_wconf 90' lang='lat' dir='ltr'>vos</span> <span class='ocrx_word' id='word_1_619' title='bbox 2634 3034 2786 3089; x_wconf 89' lang='lat' dir='ltr'>enim</span> <span class='ocrx_word' id='word_1_620' title='bbox 2826 3036 2892 3089; x_wconf 93' lang='lat' dir='ltr'>ut</span> <span class='ocrx_word' id='word_1_621' title='bbox 2929 3034 3148 3088; x_wconf 69' lang='lat' dir='ltr'>aestimo</span> <span class='ocrx_word' id='word_1_622' title='bbox 3193 3050 3295 3087; x_wconf 91' lang='lat' dir='ltr'>nos</span> <span class='ocrx_word' id='word_1_623' title='bbox 3341 3032 3548 3102; x_wconf 86' lang='lat' dir='ltr'>gratia-</span> 
     </span>
    </p>
   </div>
   <div class='ocr_carea' id='block_1_82' title="bbox 1913 3125 3546 3202">
    <p class='ocr_par' dir='ltr' id='par_1_82' title="bbox 1913 3125 3546 3202">
     <span class='ocr_line' id='line_1_82' title="bbox 1913 3125 3546 3202; baseline -0.004 -17"><span class='ocrx_word' id='word_1_624' title='bbox 1913 3148 2042 3185; x_wconf 91' lang='lat' dir='ltr'>rum</span> <span class='ocrx_word' id='word_1_625' title='bbox 2071 3130 2313 3202; x_wconf 90' lang='lat' dir='ltr'>amplius</span> <span class='ocrx_word' id='word_1_626' title='bbox 2343 3128 2726 3201; x_wconf 91' lang='lat' dir='ltr'>omnipotenti</span> <span class='ocrx_word' id='word_1_627' title='bbox 2767 3127 3008 3183; x_wconf 91' lang='lat' dir='ltr'>Domino</span> <span class='ocrx_word' id='word_1_628' title='bbox 3038 3127 3324 3182; x_wconf 87' lang='lat' dir='ltr'>debitores</span> <span class='ocrx_word' id='word_1_629' title='bbox 3359 3125 3546 3180; x_wconf 89' lang='lat' dir='ltr'>existi-</span> 
     </span>
    </p>
   </div>
   <div class='ocr_carea' id='block_1_83' title="bbox 1915 3221 3547 3295">
    <p class='ocr_par' dir='ltr' id='par_1_83' title="bbox 1915 3221 3547 3295">
     <span class='ocr_line' id='line_1_83' title="bbox 1915 3221 3547 3295; baseline -0.004 -16"><span class='ocrx_word' id='word_1_630' title='bbox 1915 3241 2064 3292; x_wconf 90' lang='lat' dir='ltr'>mus,</span> <span class='ocrx_word' id='word_1_631' title='bbox 2093 3224 2225 3295; x_wconf 87' lang='lat' dir='ltr'>quia</span> <span class='ocrx_word' id='word_1_632' title='bbox 2247 3223 2349 3278; x_wconf 91' lang='lat' dir='ltr'>etsi</span> <span class='ocrx_word' id='word_1_633' title='bbox 2376 3223 2668 3277; x_wconf 90' lang='lat' dir='ltr'>vobiscum</span> <span class='ocrx_word' id='word_1_634' title='bbox 2699 3221 2841 3276; x_wconf 90' lang='lat' dir='ltr'>nihil</span> <span class='ocrx_word' id='word_1_635' title='bbox 2870 3221 3112 3291; x_wconf 87' lang='lat' dir='ltr'>egimus,</span> <span class='ocrx_word' id='word_1_636' title='bbox 3132 3223 3320 3274; x_wconf 90' lang='lat' dir='ltr'>vestro</span> <span class='ocrx_word' id='word_1_637' title='bbox 3352 3223 3547 3274; x_wconf 85' lang='lat' dir='ltr'>tamen</span> 
     </span>
    </p>
   </div>
   <div class='ocr_carea' id='block_1_84' title="bbox 1916 3305 3426 3389">
    <p class='ocr_par' dir='ltr' id='par_1_84' title="bbox 1916 3305 3426 3389">
     <span class='ocr_line' id='line_1_84' title="bbox 1916 3305 3426 3389; baseline -0.003 -17"><span class='ocrx_word' id='word_1_638' title='bbox 1916 3318 2076 3389; x_wconf 92' lang='lat' dir='ltr'>operi</span> <span class='ocrx_word' id='word_1_639' title='bbox 2103 3317 2526 3388; x_wconf 87' lang='lat' dir='ltr'>congaudentes</span> <span class='ocrx_word' id='word_1_640' title='bbox 2552 3315 2854 3386; x_wconf 89' lang='lat' dir='ltr'>participes</span> <span class='ocrx_word' id='word_1_641' title='bbox 2884 3331 3096 3368; x_wconf 91' lang='lat' dir='ltr'>sumus.</span> <span class='ocrx_word' id='word_1_642' title='bbox 3421 3305 3426 3308; x_wconf 60' lang='grc'><em>’</em></span> 
     </span>
    </p>
   </div>
   <div class='ocr_carea' id='block_1_85' title="bbox 1990 3407 3547 3478">
    <p class='ocr_par' dir='ltr' id='par_1_85' title="bbox 1990 3407 3547 3478">
     <span class='ocr_line' id='line_1_85' title="bbox 1990 3407 3547 3478; baseline -0.003 -14"><span class='ocrx_word' id='word_1_643' title='bbox 1990 3413 2053 3466; x_wconf 93' lang='lat' dir='ltr'>ll.</span> <span class='ocrx_word' id='word_1_644' title='bbox 2077 3412 2278 3465; x_wconf 90' lang='lat' dir='ltr'>Beatus</span> <span class='ocrx_word' id='word_1_645' title='bbox 2304 3426 2435 3464; x_wconf 91' lang='lat' dir='ltr'>vero</span> <span class='ocrx_word' id='word_1_646' title='bbox 2461 3411 2660 3464; x_wconf 89' lang='lat' dir='ltr'>Petrus</span> <span class='ocrx_word' id='word_1_647' title='bbox 2681 3409 3066 3478; x_wconf 88' lang='lat' dir='ltr'>apostolorum</span> <span class='ocrx_word' id='word_1_648' title='bbox 3094 3407 3358 3478; x_wconf 89' lang='lat' dir='ltr'>princeps</span> <span class='ocrx_word' id='word_1_649' title='bbox 3373 3421 3547 3476; x_wconf 90' lang='lat' dir='ltr'>quam</span> 
     </span>
    </p>
   </div>
   <div class='ocr_carea' id='block_1_86' title="bbox 1916 3498 3547 3570">
    <p class='ocr_par' dir='ltr' id='par_1_86' title="bbox 1916 3498 3547 3570">
     <span class='ocr_line' id='line_1_86' title="bbox 1916 3498 3547 3570; baseline -0.004 -12"><span class='ocrx_word' id='word_1_650' title='bbox 1916 3505 2156 3559; x_wconf 90' lang='lat' dir='ltr'>libenter</span> <span class='ocrx_word' id='word_1_651' title='bbox 2197 3520 2438 3559; x_wconf 89' lang='lat' dir='ltr'>munera</span> <span class='ocrx_word' id='word_1_652' title='bbox 2482 3502 2832 3558; x_wconf 69' lang='lat' dir='ltr'>excellentize</span> <span class='ocrx_word' id='word_1_653' title='bbox 2859 3505 3057 3556; x_wconf 82' lang='lat' dir='ltr'>vestrae</span> <span class='ocrx_word' id='word_1_654' title='bbox 3102 3499 3434 3570; x_wconf 89' lang='lat' dir='ltr'>susceperit,</span> <span class='ocrx_word' id='word_1_655' title='bbox 3469 3498 3547 3552; x_wconf 88' lang='lat' dir='ltr'>ita</span> 
     </span>
    </p>
   </div>
   <div class='ocr_carea' id='block_1_87' title="bbox 1915 3591 3548 3668">
    <p class='ocr_par' dir='ltr' id='par_1_87' title="bbox 1915 3591 3548 3668">
     <span class='ocr_line' id='line_1_87' title="bbox 1915 3591 3548 3668; baseline -0.004 -16"><span class='ocrx_word' id='word_1_656' title='bbox 1915 3597 2130 3652; x_wconf 89' lang='lat' dir='ltr'>cunctis</span> <span class='ocrx_word' id='word_1_657' title='bbox 2156 3596 2354 3668; x_wconf 89' lang='lat' dir='ltr'>liquet,</span> <span class='ocrx_word' id='word_1_658' title='bbox 2389 3599 2451 3650; x_wconf 88' lang='lat' dir='ltr'>ut</span> <span class='ocrx_word' id='word_1_659' title='bbox 2479 3595 2671 3650; x_wconf 88' lang='lat' dir='ltr'>debita</span> <span class='ocrx_word' id='word_1_660' title='bbox 2701 3599 2889 3650; x_wconf 85' lang='lat' dir='ltr'>vestra</span> <span class='ocrx_word' id='word_1_661' title='bbox 2918 3597 3220 3650; x_wconf 88' lang='lat' dir='ltr'>testantur.</span> <span class='ocrx_word' id='word_1_662' title='bbox 3264 3591 3548 3662; x_wconf 90' lang='lat' dir='ltr'>Scriptum</span> 
     </span>
    </p>
   </div>
   <div class='ocr_carea' id='block_1_88' title="bbox 1917 3685 3545 3763">
    <p class='ocr_par' dir='ltr' id='par_1_88' title="bbox 1917 3685 3545 3763">
     <span class='ocr_line' id='line_1_88' title="bbox 1917 3685 3545 3763; baseline -0.007 -17"><span class='ocrx_word' id='word_1_663' title='bbox 1917 3691 2130 3763; x_wconf 90' lang='lat' dir='ltr'>quippe</span> <span class='ocrx_word' id='word_1_664' title='bbox 2156 3695 2264 3745; x_wconf 90' lang='lat' dir='ltr'>est:</span> <span class='ocrx_word' id='word_1_665' title='bbox 2295 3713 2320 3739; x_wconf 77' lang='grc' dir='ltr'><strong>(ι</strong></span> <span class='ocrx_word' id='word_1_666' title='bbox 2335 3692 2472 3745; x_wconf 89' lang='lat' dir='ltr'>Vota</span> <span class='ocrx_word' id='word_1_667' title='bbox 2485 3689 2772 3760; x_wconf 91' lang='lat' dir='ltr'>justorum</span> <span class='ocrx_word' id='word_1_668' title='bbox 2801 3687 3098 3759; x_wconf 91' lang='lat' dir='ltr'>placabilia</span> <span class='ocrx_word' id='word_1_669' title='bbox 3117 3687 3294 3756; x_wconf 82' lang='lat' dir='ltr'>(Prov.</span> <span class='ocrx_word' id='word_1_670' title='bbox 3313 3685 3493 3756; x_wconf 85' lang='lat' dir='ltr'>xv,8),</span> <span class='ocrx_word' id='word_1_671' title='bbox 3518 3704 3545 3735; x_wconf 86' lang='lat'><strong>»</strong></span> 
     </span>
    </p>
   </div>
   <div class='ocr_carea' id='block_1_89' title="bbox 1916 3779 3545 3856">
    <p class='ocr_par' dir='ltr' id='par_1_89' title="bbox 1916 3779 3545 3856">
     <span class='ocr_line' id='line_1_89' title="bbox 1916 3779 3545 3856; baseline -0.004 -17"><span class='ocrx_word' id='word_1_672' title='bbox 1916 3802 2102 3856; x_wconf 90' lang='lat' dir='ltr'>neque</span> <span class='ocrx_word' id='word_1_673' title='bbox 2132 3785 2286 3840; x_wconf 92' lang='lat' dir='ltr'>enim</span> <span class='ocrx_word' id='word_1_674' title='bbox 2315 3784 2373 3838; x_wconf 91' lang='lat' dir='ltr'>in</span> <span class='ocrx_word' id='word_1_675' title='bbox 2401 3783 2804 3854; x_wconf 87' lang='lat' dir='ltr'>omnipotentis</span> <span class='ocrx_word' id='word_1_676' title='bbox 2831 3781 2931 3837; x_wconf 92' lang='lat' dir='ltr'>Dei</span> <span class='ocrx_word' id='word_1_677' title='bbox 2951 3781 3164 3852; x_wconf 91' lang='lat' dir='ltr'>judicio</span> <span class='ocrx_word' id='word_1_678' title='bbox 3189 3780 3324 3851; x_wconf 90' lang='lat' dir='ltr'>quid</span> <span class='ocrx_word' id='word_1_679' title='bbox 3355 3779 3545 3845; x_wconf 89' lang='lat' dir='ltr'>datur,</span> 
     </span>
    </p>
   </div>
   <div class='ocr_carea' id='block_1_90' title="bbox 1917 3872 3549 3949">
    <p class='ocr_par' dir='ltr' id='par_1_90' title="bbox 1917 3872 3549 3949">
     <span class='ocr_line' id='line_1_90' title="bbox 1917 3872 3549 3949; baseline -0.004 -17"><span class='ocrx_word' id='word_1_680' title='bbox 1917 3879 2014 3932; x_wconf 90' lang='lat' dir='ltr'>sed</span> <span class='ocrx_word' id='word_1_681' title='bbox 2071 3897 2104 3932; x_wconf 90' lang='lat' dir='ltr'>a</span> <span class='ocrx_word' id='word_1_682' title='bbox 2156 3895 2268 3949; x_wconf 93' lang='lat' dir='ltr'>quo</span> <span class='ocrx_word' id='word_1_683' title='bbox 2315 3877 2500 3945; x_wconf 90' lang='lat' dir='ltr'>datur,</span> <span class='ocrx_word' id='word_1_684' title='bbox 2549 3876 2838 3948; x_wconf 90' lang='lat' dir='ltr'>aspicitur.</span> <span class='ocrx_word' id='word_1_685' title='bbox 2891 3876 3030 3930; x_wconf 85' lang='lat' dir='ltr'>Hinc</span> <span class='ocrx_word' id='word_1_686' title='bbox 3073 3878 3158 3929; x_wconf 89' lang='lat' dir='ltr'>est</span> <span class='ocrx_word' id='word_1_687' title='bbox 3200 3872 3354 3928; x_wconf 92' lang='lat' dir='ltr'>enim</span> <span class='ocrx_word' id='word_1_688' title='bbox 3395 3872 3549 3944; x_wconf 92' lang='lat' dir='ltr'>quod</span> 
     </span>
    </p>
   </div>
   <div class='ocr_carea' id='block_1_91' title="bbox 1915 3967 3547 4043">
    <p class='ocr_par' dir='ltr' id='par_1_91' title="bbox 1915 3967 3547 4043">
     <span class='ocr_line' id='line_1_91' title="bbox 1915 3967 3547 4043; baseline -0.004 -17"><span class='ocrx_word' id='word_1_689' title='bbox 1915 3971 2190 4043; x_wconf 89' lang='lat' dir='ltr'>scriptum</span> <span class='ocrx_word' id='word_1_690' title='bbox 2228 3975 2351 4026; x_wconf 90' lang='lat' dir='ltr'>est:</span> <span class='ocrx_word' id='word_1_691' title='bbox 2383 3991 2410 4022; x_wconf 87' lang='lat'><strong>«</strong></span> <span class='ocrx_word' id='word_1_692' title='bbox 2445 3970 2710 4042; x_wconf 82' lang='lat' dir='ltr'>Respexit</span> <span class='ocrx_word' id='word_1_693' title='bbox 2742 3972 2889 4026; x_wconf 89' lang='lat' dir='ltr'>Deus</span> <span class='ocrx_word' id='word_1_694' title='bbox 2935 3969 3007 4024; x_wconf 90' lang='lat' dir='ltr'>ad</span> <span class='ocrx_word' id='word_1_695' title='bbox 3031 3968 3190 4036; x_wconf 77' lang='lat' dir='ltr'>Abel,</span> <span class='ocrx_word' id='word_1_696' title='bbox 3219 3971 3275 4022; x_wconf 89' lang='lat' dir='ltr'>et</span> <span class='ocrx_word' id='word_1_697' title='bbox 3315 3967 3386 4021; x_wconf 90' lang='lat' dir='ltr'>ad</span> <span class='ocrx_word' id='word_1_698' title='bbox 3418 3981 3547 4020; x_wconf 88' lang='lat' dir='ltr'>mu-</span> 
     </span>
    </p>
   </div>
   <div class='ocr_carea' id='block_1_92' title="bbox 1916 4061 3552 4136">
    <p class='ocr_par' dir='ltr' id='par_1_92' title="bbox 1916 4061 3552 4136">
     <span class='ocr_line' id='line_1_92' title="bbox 1916 4061 3552 4136; baseline -0.005 -14"><span class='ocrx_word' id='word_1_699' title='bbox 1916 4083 2052 4122; x_wconf 89' lang='lat' dir='ltr'>nera</span> <span class='ocrx_word' id='word_1_700' title='bbox 2081 4066 2232 4136; x_wconf 85' lang='lat' dir='ltr'>ejus;</span> <span class='ocrx_word' id='word_1_701' title='bbox 2261 4066 2328 4120; x_wconf 89' lang='lat' dir='ltr'>ad</span> <span class='ocrx_word' id='word_1_702' title='bbox 2359 4065 2494 4122; x_wconf 89' lang='lat' dir='ltr'>Cain</span> <span class='ocrx_word' id='word_1_703' title='bbox 2542 4069 2756 4132; x_wconf 91' lang='lat' dir='ltr'>autem,</span> <span class='ocrx_word' id='word_1_704' title='bbox 2791 4069 2847 4118; x_wconf 90' lang='lat' dir='ltr'>et</span> <span class='ocrx_word' id='word_1_705' title='bbox 2887 4063 2957 4118; x_wconf 90' lang='lat' dir='ltr'>ad</span> <span class='ocrx_word' id='word_1_706' title='bbox 3001 4078 3245 4118; x_wconf 91' lang='lat' dir='ltr'>munera</span> <span class='ocrx_word' id='word_1_707' title='bbox 3276 4061 3398 4132; x_wconf 89' lang='lat' dir='ltr'>ejus</span> <span class='ocrx_word' id='word_1_708' title='bbox 3435 4077 3552 4115; x_wconf 91' lang='lat' dir='ltr'>non</span> 
     </span>
    </p>
   </div>
   <div class='ocr_carea' id='block_1_93' title="bbox 1917 4154 3550 4231">
    <p class='ocr_par' dir='ltr' id='par_1_93' title="bbox 1917 4154 3550 4231">
     <span class='ocr_line' id='line_1_93' title="bbox 1917 4154 3550 4231; baseline -0.004 -17"><span class='ocrx_word' id='word_1_709' title='bbox 1917 4160 2164 4231; x_wconf 90' lang='lat' dir='ltr'>respexit</span> <span class='ocrx_word' id='word_1_710' title='bbox 2192 4160 2339 4229; x_wconf 85' lang='lat' dir='ltr'>(Gen.</span> <span class='ocrx_word' id='word_1_711' title='bbox 2374 4175 2447 4226; x_wconf 85' lang='lat' dir='ltr'>1v,</span> <span class='ocrx_word' id='word_1_712' title='bbox 2478 4159 2560 4228; x_wconf 64' lang='lat' dir='ltr'>li);</span> <span class='ocrx_word' id='word_1_713' title='bbox 2595 4180 2621 4206; x_wconf 82' lang='grc'><strong>››</strong></span> <span class='ocrx_word' id='word_1_714' title='bbox 2653 4159 2903 4214; x_wconf 89' lang='lat' dir='ltr'>dicturus</span> <span class='ocrx_word' id='word_1_715' title='bbox 2948 4157 3159 4228; x_wconf 89' lang='lat' dir='ltr'>quippe</span> <span class='ocrx_word' id='word_1_716' title='bbox 3197 4155 3332 4226; x_wconf 84' lang='lat' dir='ltr'>quia</span> <span class='ocrx_word' id='word_1_717' title='bbox 3357 4154 3550 4209; x_wconf 90' lang='lat' dir='ltr'>Domi-</span> 
     </span>
    </p>
   </div>
   <div class='ocr_carea' id='block_1_94' title="bbox 1919 4247 3551 4324">
    <p class='ocr_par' dir='ltr' id='par_1_94' title="bbox 1919 4247 3551 4324">
     <span class='ocr_line' id='line_1_94' title="bbox 1919 4247 3551 4324; baseline -0.005 -16"><span class='ocrx_word' id='word_1_718' title='bbox 1919 4272 2024 4308; x_wconf 89' lang='lat' dir='ltr'>nus</span> <span class='ocrx_word' id='word_1_719' title='bbox 2074 4253 2326 4324; x_wconf 89' lang='lat' dir='ltr'>respexit</span> <span class='ocrx_word' id='word_1_720' title='bbox 2375 4252 2446 4306; x_wconf 89' lang='lat' dir='ltr'>ad</span> <span class='ocrx_word' id='word_1_721' title='bbox 2492 4268 2758 4320; x_wconf 90' lang='lat' dir='ltr'>munera,</span> <span class='ocrx_word' id='word_1_722' title='bbox 2807 4249 3081 4321; x_wconf 66' lang='lat' dir='ltr'>praemisit</span> <span class='ocrx_word' id='word_1_723' title='bbox 3126 4247 3364 4303; x_wconf 90' lang='lat' dir='ltr'>sollicite</span> <span class='ocrx_word' id='word_1_724' title='bbox 3415 4247 3551 4318; x_wconf 91' lang='lat' dir='ltr'>quia</span> 
     </span>
    </p>
   </div>
   <div class='ocr_carea' id='block_1_95' title="bbox 1914 4339 3550 4418">
    <p class='ocr_par' dir='ltr' id='par_1_95' title="bbox 1914 4339 3550 4418">
     <span class='ocr_line' id='line_1_95' title="bbox 1914 4339 3550 4418; baseline -0.004 -18"><span class='ocrx_word' id='word_1_725' title='bbox 1914 4345 2159 4418; x_wconf 90' lang='lat' dir='ltr'>respexit</span> <span class='ocrx_word' id='word_1_726' title='bbox 2185 4346 2254 4399; x_wconf 90' lang='lat' dir='ltr'>ad</span> <span class='ocrx_word' id='word_1_727' title='bbox 2282 4345 2440 4398; x_wconf 82' lang='lat' dir='ltr'>Abel.</span> <span class='ocrx_word' id='word_1_728' title='bbox 2469 4345 2544 4399; x_wconf 87' lang='lat' dir='ltr'>Ex</span> <span class='ocrx_word' id='word_1_729' title='bbox 2575 4360 2686 4415; x_wconf 90' lang='lat' dir='ltr'>qua</span> <span class='ocrx_word' id='word_1_730' title='bbox 2712 4359 2772 4397; x_wconf 91' lang='lat' dir='ltr'>re</span> <span class='ocrx_word' id='word_1_731' title='bbox 2794 4346 3056 4413; x_wconf 89' lang='lat' dir='ltr'>patenter</span> <span class='ocrx_word' id='word_1_732' title='bbox 3079 4339 3396 4395; x_wconf 90' lang='lat' dir='ltr'>ostenditur</span> <span class='ocrx_word' id='word_1_733' title='bbox 3416 4339 3550 4410; x_wconf 88' lang='lat' dir='ltr'>quia</span> 
     </span>
    </p>
   </div>
   <div class='ocr_carea' id='block_1_96' title="bbox 1919 4431 3546 4504">
    <p class='ocr_par' dir='ltr' id='par_1_96' title="bbox 1919 4431 3546 4504">
     <span class='ocr_line' id='line_1_96' title="bbox 1919 4431 3546 4504; baseline -0.004 -11"><span class='ocrx_word' id='word_1_734' title='bbox 1919 4456 2033 4494; x_wconf 91' lang='lat' dir='ltr'>non</span> <span class='ocrx_word' id='word_1_735' title='bbox 2083 4439 2325 4493; x_wconf 82' lang='lat' dir='ltr'>offerens</span> <span class='ocrx_word' id='word_1_736' title='bbox 2371 4454 2403 4490; x_wconf 89' lang='lat' dir='ltr'>a</span> <span class='ocrx_word' id='word_1_737' title='bbox 2449 4436 2804 4504; x_wconf 91' lang='lat' dir='ltr'>muneribus,</span> <span class='ocrx_word' id='word_1_738' title='bbox 2851 4435 2948 4490; x_wconf 90' lang='lat' dir='ltr'>sed</span> <span class='ocrx_word' id='word_1_739' title='bbox 2998 4449 3240 4489; x_wconf 90' lang='lat' dir='ltr'>munera</span> <span class='ocrx_word' id='word_1_740' title='bbox 3287 4433 3358 4487; x_wconf 90' lang='lat' dir='ltr'>ab</span> <span class='ocrx_word' id='word_1_741' title='bbox 3408 4431 3546 4486; x_wconf 84' lang='lat' dir='ltr'>oﬂ&#39;e-</span> 
     </span>
    </p>
   </div>
   <div class='ocr_carea' id='block_1_97' title="bbox 1917 4525 3552 4604">
    <p class='ocr_par' dir='ltr' id='par_1_97' title="bbox 1917 4525 3552 4604">
     <span class='ocr_line' id='line_1_97' title="bbox 1917 4525 3552 4604; baseline -0.006 -16"><span class='ocrx_word' id='word_1_742' title='bbox 1917 4536 2078 4588; x_wconf 91' lang='lat' dir='ltr'>rente</span> <span class='ocrx_word' id='word_1_743' title='bbox 2125 4533 2483 4604; x_wconf 90' lang='lat' dir='ltr'>placuerunt.</span> <span class='ocrx_word' id='word_1_744' title='bbox 2533 4530 2729 4585; x_wconf 88' lang='lat' dir='ltr'>Vestra</span> <span class='ocrx_word' id='word_1_745' title='bbox 2773 4529 2966 4599; x_wconf 87' lang='lat' dir='ltr'>itaque</span> <span class='ocrx_word' id='word_1_746' title='bbox 3013 4526 3222 4582; x_wconf 90' lang='lat' dir='ltr'>oblatio</span> <span class='ocrx_word' id='word_1_747' title='bbox 3260 4542 3434 4598; x_wconf 88' lang='lat' dir='ltr'>quam</span> <span class='ocrx_word' id='word_1_748' title='bbox 3481 4525 3552 4579; x_wconf 89' lang='lat' dir='ltr'>sit</span> 
     </span>
    </p>
   </div>
   <div class='ocr_carea' id='block_1_98' title="bbox 1837 4619 3553 4701">
    <p class='ocr_par' dir='ltr' id='par_1_98' title="bbox 1837 4619 3553 4701">
     <span class='ocr_line' id='line_1_98' title="bbox 1837 4619 3553 4701; baseline -0.008 -15"><span class='ocrx_word' id='word_1_749' title='bbox 1837 4628 1896 4701; x_wconf 89' lang='lat' dir='ltr'>D</span> <span class='ocrx_word' id='word_1_750' title='bbox 1920 4625 2110 4700; x_wconf 83' lang='lat'>2&#39;75</span> <span class='ocrx_word' id='word_1_751' title='bbox 2146 4627 2304 4696; x_wconf 87' lang='lat' dir='ltr'>grata</span> <span class='ocrx_word' id='word_1_752' title='bbox 2331 4623 2648 4692; x_wconf 90' lang='lat' dir='ltr'>ostenditis,</span> <span class='ocrx_word' id='word_1_753' title='bbox 2679 4623 2812 4694; x_wconf 90' lang='lat' dir='ltr'>quia</span> <span class='ocrx_word' id='word_1_754' title='bbox 2842 4622 3032 4676; x_wconf 89' lang='lat' dir='ltr'>daturi</span> <span class='ocrx_word' id='word_1_755' title='bbox 3070 4623 3256 4675; x_wconf 89' lang='lat' dir='ltr'>vestra</span> <span class='ocrx_word' id='word_1_756' title='bbox 3297 4619 3454 4691; x_wconf 91' lang='lat' dir='ltr'>prius</span> <span class='ocrx_word' id='word_1_757' title='bbox 3482 4634 3553 4674; x_wconf 87' lang='lat' dir='ltr'>ex</span> 
     </span>
    </p>
   </div>
   <div class='ocr_carea' id='block_1_99' title="bbox 1923 4715 3551 4789">
    <p class='ocr_par' dir='ltr' id='par_1_99' title="bbox 1923 4715 3551 4789">
     <span class='ocr_line' id='line_1_99' title="bbox 1923 4715 3551 4789; baseline -0.006 -13"><span class='ocrx_word' id='word_1_758' title='bbox 1923 4719 2288 4776; x_wconf 89' lang='lat' dir='ltr'>conversione</span> <span class='ocrx_word' id='word_1_759' title='bbox 2333 4717 2516 4789; x_wconf 87' lang='lat' dir='ltr'>gentis</span> <span class='ocrx_word' id='word_1_760' title='bbox 2559 4716 2801 4771; x_wconf 77' lang='lat' dir='ltr'>subditae</span> <span class='ocrx_word' id='word_1_761' title='bbox 2847 4715 3104 4770; x_wconf 89' lang='lat' dir='ltr'>animum</span> <span class='ocrx_word' id='word_1_762' title='bbox 3144 4731 3273 4769; x_wconf 90' lang='lat' dir='ltr'>cum</span> <span class='ocrx_word' id='word_1_763' title='bbox 3311 4728 3551 4768; x_wconf 90' lang='lat' dir='ltr'>munere</span> 
     </span>
    </p>
   </div>
   <div class='ocr_carea' id='block_1_100' title="bbox 1921 4805 3548 4879">
    <p class='ocr_par' dir='ltr' id='par_1_100' title="bbox 1921 4805 3548 4879">
     <span class='ocr_line' id='line_1_100' title="bbox 1921 4805 3548 4879; baseline -0.006 -9"><span class='ocrx_word' id='word_1_764' title='bbox 1921 4813 2142 4870; x_wconf 91' lang='lat' dir='ltr'>dedisti.</span> <span class='ocrx_word' id='word_1_765' title='bbox 2176 4812 2341 4877; x_wconf 86' lang='lat' dir='ltr'>Quod</span> <span class='ocrx_word' id='word_1_766' title='bbox 2367 4827 2498 4866; x_wconf 92' lang='lat' dir='ltr'>vero</span> <span class='ocrx_word' id='word_1_767' title='bbox 2524 4809 2882 4865; x_wconf 87' lang='lat' dir='ltr'>transmissos</span> <span class='ocrx_word' id='word_1_768' title='bbox 2915 4808 3166 4874; x_wconf 89' lang='lat' dir='ltr'>abbates,</span> <span class='ocrx_word' id='word_1_769' title='bbox 3191 4807 3289 4879; x_wconf 91' lang='lat' dir='ltr'>qui</span> <span class='ocrx_word' id='word_1_770' title='bbox 3314 4805 3548 4862; x_wconf 90' lang='lat' dir='ltr'>oblatio-</span> 
     </span>
    </p>
   </div>
   <div class='ocr_carea' id='block_1_101' title="bbox 1922 4899 3550 4972">
    <p class='ocr_par' dir='ltr' id='par_1_101' title="bbox 1922 4899 3550 4972">
     <span class='ocr_line' id='line_1_101' title="bbox 1922 4899 3550 4972; baseline -0.007 -8"><span class='ocrx_word' id='word_1_771' title='bbox 1922 4926 2053 4964; x_wconf 92' lang='lat' dir='ltr'>nem</span> <span class='ocrx_word' id='word_1_772' title='bbox 2091 4910 2336 4962; x_wconf 88' lang='lat' dir='ltr'>vestram</span> <span class='ocrx_word' id='word_1_773' title='bbox 2378 4905 2546 4960; x_wconf 84' lang='lat' dir='ltr'>beato</span> <span class='ocrx_word' id='word_1_774' title='bbox 2591 4906 2758 4958; x_wconf 90' lang='lat' dir='ltr'>Petro</span> <span class='ocrx_word' id='word_1_775' title='bbox 2805 4903 3062 4972; x_wconf 90' lang='lat' dir='ltr'>aposlolo</span> <span class='ocrx_word' id='word_1_776' title='bbox 3109 4900 3460 4966; x_wconf 89' lang='lat' dir='ltr'>deferebant,</span> <span class='ocrx_word' id='word_1_777' title='bbox 3491 4899 3550 4953; x_wconf 93' lang='lat' dir='ltr'>in</span> 
     </span>
    </p>
   </div>
   <div class='ocr_carea' id='block_1_102' title="bbox 1920 4993 3554 5070">
    <p class='ocr_par' dir='ltr' id='par_1_102' title="bbox 1920 4993 3554 5070">
     <span class='ocr_line' id='line_1_102' title="bbox 1920 4993 3554 5070; baseline -0.007 -14"><span class='ocrx_word' id='word_1_778' title='bbox 1920 5002 2081 5070; x_wconf 90' lang='lat' dir='ltr'>mari,</span> <span class='ocrx_word' id='word_1_779' title='bbox 2112 5000 2293 5056; x_wconf 87' lang='lat' dir='ltr'>dicitis</span> <span class='ocrx_word' id='word_1_780' title='bbox 2333 4999 2604 5070; x_wconf 89' lang='lat' dir='ltr'>fatigatos</span> <span class='ocrx_word' id='word_1_781' title='bbox 2643 5014 2712 5053; x_wconf 86' lang='lat' dir='ltr'>ex</span> <span class='ocrx_word' id='word_1_782' title='bbox 2742 4998 2865 5069; x_wconf 90' lang='lat' dir='ltr'>ipso</span> <span class='ocrx_word' id='word_1_783' title='bbox 2907 4995 3128 5062; x_wconf 88' lang='lat' dir='ltr'>itinere,</span> <span class='ocrx_word' id='word_1_784' title='bbox 3157 4994 3228 5048; x_wconf 90' lang='lat' dir='ltr'>ad</span> <span class='ocrx_word' id='word_1_785' title='bbox 3260 4993 3554 5065; x_wconf 82' lang='lat' dir='ltr'>Hispanias</span> 
     </span>
    </p>
   </div>
   <div class='ocr_carea' id='block_1_103' title="bbox 1921 5089 3552 5162">
    <p class='ocr_par' dir='ltr' id='par_1_103' title="bbox 1921 5089 3552 5162">
     <span class='ocr_line' id='line_1_103' title="bbox 1921 5089 3552 5162; baseline -0.005 -13"><span class='ocrx_word' id='word_1_786' title='bbox 1921 5112 2219 5162; x_wconf 89' lang='lat' dir='ltr'>remeasse,</span> <span class='ocrx_word' id='word_1_787' title='bbox 2271 5110 2389 5149; x_wconf 92' lang='lat' dir='ltr'>non</span> <span class='ocrx_word' id='word_1_788' title='bbox 2440 5109 2678 5148; x_wconf 90' lang='lat' dir='ltr'>munera</span> <span class='ocrx_word' id='word_1_789' title='bbox 2729 5093 2915 5146; x_wconf 90' lang='lat' dir='ltr'>vestra</span> <span class='ocrx_word' id='word_1_790' title='bbox 2968 5089 3196 5160; x_wconf 90' lang='lat' dir='ltr'>repulsa</span> <span class='ocrx_word' id='word_1_791' title='bbox 3241 5092 3373 5142; x_wconf 91' lang='lat' dir='ltr'>sunt</span> <span class='ocrx_word' id='word_1_792' title='bbox 3424 5103 3552 5159; x_wconf 67' lang='lat' dir='ltr'>qua:</span> 
     </span>
    </p>
   </div>
   <div class='ocr_carea' id='block_1_104' title="bbox 1918 5180 3566 5260">
    <p class='ocr_par' dir='ltr' id='par_1_104' title="bbox 1918 5180 3566 5260">
     <span class='ocr_line' id='line_1_104' title="bbox 1918 5180 3566 5260; baseline -0.005 -16"><span class='ocrx_word' id='word_1_793' title='bbox 1918 5189 2288 5260; x_wconf 88' lang='lat' dir='ltr'>postmodum</span> <span class='ocrx_word' id='word_1_794' title='bbox 2308 5191 2608 5255; x_wconf 88' lang='lat' dir='ltr'>venerunt,</span> <span class='ocrx_word' id='word_1_795' title='bbox 2633 5185 2728 5241; x_wconf 91' lang='lat' dir='ltr'>sed</span> <span class='ocrx_word' id='word_1_796' title='bbox 2751 5200 2953 5240; x_wconf 89' lang='lat' dir='ltr'>eorum</span> <span class='ocrx_word' id='word_1_797' title='bbox 2979 5182 3075 5254; x_wconf 90' lang='lat' dir='ltr'>qui</span> <span class='ocrx_word' id='word_1_798' title='bbox 3099 5180 3420 5236; x_wconf 90' lang='lat' dir='ltr'>transmissi</span> <span class='ocrx_word' id='word_1_799' title='bbox 3435 5181 3566 5236; x_wconf 78' lang='lat' dir='ltr'>fue--</span> 
     </span>
    </p>
   </div>
   <div class='ocr_carea' id='block_1_105' title="bbox 1919 5274 3548 5352">
    <p class='ocr_par' dir='ltr' id='par_1_105' title="bbox 1919 5274 3548 5352">
     <span class='ocr_line' id='line_1_105' title="bbox 1919 5274 3548 5352; baseline -0.006 -15"><span class='ocrx_word' id='word_1_800' title='bbox 1919 5287 2049 5337; x_wconf 90' lang='lat' dir='ltr'>rant</span> <span class='ocrx_word' id='word_1_801' title='bbox 2074 5283 2394 5337; x_wconf 86' lang='lat' dir='ltr'>constantia</span> <span class='ocrx_word' id='word_1_802' title='bbox 2423 5287 2507 5338; x_wconf 91' lang='lat' dir='ltr'>est</span> <span class='ocrx_word' id='word_1_803' title='bbox 2541 5280 2797 5352; x_wconf 90' lang='lat' dir='ltr'>probata,</span> <span class='ocrx_word' id='word_1_804' title='bbox 2825 5281 2890 5332; x_wconf 91' lang='lat' dir='ltr'>ut</span> <span class='ocrx_word' id='word_1_805' title='bbox 2933 5276 3140 5331; x_wconf 89' lang='lat' dir='ltr'>scirent</span> <span class='ocrx_word' id='word_1_806' title='bbox 3179 5279 3372 5329; x_wconf 90' lang='lat' dir='ltr'>sancto</span> <span class='ocrx_word' id='word_1_807' title='bbox 3401 5274 3548 5330; x_wconf 90' lang='lat' dir='ltr'>desi-</span> 
     </span>
    </p>
   </div>
   <div class='ocr_carea' id='block_1_106' title="bbox 1918 5368 3549 5447">
    <p class='ocr_par' dir='ltr' id='par_1_106' title="bbox 1918 5368 3549 5447">
     <span class='ocr_line' id='line_1_106' title="bbox 1918 5368 3549 5447; baseline -0.006 -16"><span class='ocrx_word' id='word_1_808' title='bbox 1918 5375 2074 5431; x_wconf 91' lang='lat' dir='ltr'>derio</span> <span class='ocrx_word' id='word_1_809' title='bbox 2101 5376 2321 5446; x_wconf 87' lang='lat' dir='ltr'>objecta</span> <span class='ocrx_word' id='word_1_810' title='bbox 2346 5375 2602 5447; x_wconf 89' lang='lat' dir='ltr'>pericula</span> <span class='ocrx_word' id='word_1_811' title='bbox 2625 5374 2872 5440; x_wconf 88' lang='lat' dir='ltr'>vincere,</span> <span class='ocrx_word' id='word_1_812' title='bbox 2903 5374 2957 5426; x_wconf 91' lang='lat' dir='ltr'>et</span> <span class='ocrx_word' id='word_1_813' title='bbox 2982 5370 3039 5425; x_wconf 91' lang='lat' dir='ltr'>in</span> <span class='ocrx_word' id='word_1_814' title='bbox 3067 5368 3404 5440; x_wconf 88' lang='lat' dir='ltr'>fatigatione</span> <span class='ocrx_word' id='word_1_815' title='bbox 3425 5384 3549 5422; x_wconf 91' lang='lat' dir='ltr'>cor-</span> 
     </span>
    </p>
   </div>
   <div class='ocr_carea' id='block_1_107' title="bbox 1919 5461 3551 5541">
    <p class='ocr_par' dir='ltr' id='par_1_107' title="bbox 1919 5461 3551 5541">
     <span class='ocr_line' id='line_1_107' title="bbox 1919 5461 3551 5541; baseline -0.006 -17"><span class='ocrx_word' id='word_1_816' title='bbox 1919 5469 2073 5541; x_wconf 89' lang='lat' dir='ltr'>poris</span> <span class='ocrx_word' id='word_1_817' title='bbox 2099 5473 2293 5523; x_wconf 89' lang='lat' dir='ltr'>mente</span> <span class='ocrx_word' id='word_1_818' title='bbox 2337 5468 2572 5523; x_wconf 90' lang='lat' dir='ltr'>minime</span> <span class='ocrx_word' id='word_1_819' title='bbox 2613 5467 2832 5523; x_wconf 88' lang='lat' dir='ltr'>lassari.</span> <span class='ocrx_word' id='word_1_820' title='bbox 2879 5461 3194 5520; x_wconf 85' lang='lat' dir='ltr'>Adversitas</span> <span class='ocrx_word' id='word_1_821' title='bbox 3233 5461 3386 5517; x_wconf 91' lang='lat' dir='ltr'>enim</span> <span class='ocrx_word' id='word_1_822' title='bbox 3423 5476 3551 5532; x_wconf 69' lang='lat' dir='ltr'>quae</span> 
     </span>
    </p>
   </div>
   <div class='ocr_carea' id='block_1_108' title="bbox 1916 5553 3552 5633">
    <p class='ocr_par' dir='ltr' id='par_1_108' title="bbox 1916 5553 3552 5633">
     <span class='ocr_line' id='line_1_108' title="bbox 1916 5553 3552 5633; baseline -0.006 -16"><span class='ocrx_word' id='word_1_823' title='bbox 1916 5562 2080 5619; x_wconf 89' lang='lat' dir='ltr'>bonis</span> <span class='ocrx_word' id='word_1_824' title='bbox 2105 5562 2245 5616; x_wconf 88' lang='lat' dir='ltr'>votis</span> <span class='ocrx_word' id='word_1_825' title='bbox 2273 5561 2558 5631; x_wconf 85' lang='lat' dir='ltr'>objicitur,</span> <span class='ocrx_word' id='word_1_826' title='bbox 2587 5560 2848 5633; x_wconf 90' lang='lat' dir='ltr'>probatio</span> <span class='ocrx_word' id='word_1_827' title='bbox 2876 5558 3098 5614; x_wconf 88' lang='lat' dir='ltr'>virtutis</span> <span class='ocrx_word' id='word_1_828' title='bbox 3126 5561 3227 5624; x_wconf 89' lang='lat' dir='ltr'>est,</span> <span class='ocrx_word' id='word_1_829' title='bbox 3256 5571 3373 5611; x_wconf 92' lang='lat' dir='ltr'>non</span> <span class='ocrx_word' id='word_1_830' title='bbox 3395 5553 3552 5626; x_wconf 92' lang='lat' dir='ltr'>judi-</span> 
     </span>
    </p>
   </div>
   <div class='ocr_carea' id='block_1_109' title="bbox 1918 5628 3604 5726">
    <p class='ocr_par' dir='ltr' id='par_1_109' title="bbox 1918 5628 3604 5726">
     <span class='ocr_line' id='line_1_109' title="bbox 1918 5628 3604 5726; baseline -0.007 -14"><span class='ocrx_word' id='word_1_831' title='bbox 1918 5657 2071 5712; x_wconf 90' lang='lat' dir='ltr'>cium</span> <span class='ocrx_word' id='word_1_832' title='bbox 2090 5653 2525 5726; x_wconf 86' lang='lat' dir='ltr'>reprobationis.</span> <span class='ocrx_word' id='word_1_833' title='bbox 2546 5655 2680 5719; x_wconf 88' lang='lat' dir='ltr'>Quis</span> <span class='ocrx_word' id='word_1_834' title='bbox 2701 5655 2854 5709; x_wconf 89' lang='lat' dir='ltr'>enim</span> <span class='ocrx_word' id='word_1_835' title='bbox 2886 5652 3100 5708; x_wconf 88' lang='lat' dir='ltr'>nesciat</span> <span class='ocrx_word' id='word_1_836' title='bbox 3127 5665 3300 5723; x_wconf 90' lang='lat' dir='ltr'>quam</span> <span class='ocrx_word' id='word_1_837' title='bbox 3318 5663 3550 5721; x_wconf 90' lang='lat' dir='ltr'>prospe-</span> <span class='ocrx_word' id='word_1_838' title='bbox 3573 5628 3604 5722; x_wconf 64' lang='grc' dir='ltr'><em>Ῐ</em></span> 
     </span>
    </p>
   </div>
   <div class='ocr_carea' id='block_1_110' title="bbox 1918 5744 3553 5820">
    <p class='ocr_par' dir='ltr' id='par_1_110' title="bbox 1918 5744 3553 5820">
     <span class='ocr_line' id='line_1_110' title="bbox 1918 5744 3553 5820; baseline -0.006 -14"><span class='ocrx_word' id='word_1_839' title='bbox 1918 5767 2045 5806; x_wconf 92' lang='lat' dir='ltr'>rum</span> <span class='ocrx_word' id='word_1_840' title='bbox 2067 5749 2194 5817; x_wconf 91' lang='lat' dir='ltr'>fuit,</span> <span class='ocrx_word' id='word_1_841' title='bbox 2211 5747 2364 5820; x_wconf 91' lang='lat' dir='ltr'>quod</span> <span class='ocrx_word' id='word_1_842' title='bbox 2391 5747 2588 5802; x_wconf 89' lang='lat' dir='ltr'>beatus</span> <span class='ocrx_word' id='word_1_843' title='bbox 2608 5747 2810 5802; x_wconf 87' lang='lat' dir='ltr'>Paulus</span> <span class='ocrx_word' id='word_1_844' title='bbox 2837 5746 3126 5818; x_wconf 86' lang='lat' dir='ltr'>apostolus</span> <span class='ocrx_word' id='word_1_845' title='bbox 3145 5744 3553 5816; x_wconf 60' lang='lat' dir='ltr'>praedicaturus</span> 
     </span>
    </p>
   </div>
   <div class='ocr_carea' id='block_1_111' title="bbox 1920 5836 3552 5910">
    <p class='ocr_par' dir='ltr' id='par_1_111' title="bbox 1920 5836 3552 5910">
     <span class='ocr_line' id='line_1_111' title="bbox 1920 5836 3552 5910; baseline -0.007 -8"><span class='ocrx_word' id='word_1_846' title='bbox 1920 5845 1992 5902; x_wconf 90' lang='lat' dir='ltr'>ad</span> <span class='ocrx_word' id='word_1_847' title='bbox 2019 5842 2238 5902; x_wconf 89' lang='lat' dir='ltr'>Italiam</span> <span class='ocrx_word' id='word_1_848' title='bbox 2266 5841 2565 5896; x_wconf 86' lang='lat' dir='ltr'>veniebat?</span> <span class='ocrx_word' id='word_1_849' title='bbox 2592 5842 2658 5895; x_wconf 89' lang='lat' dir='ltr'>Et</span> <span class='ocrx_word' id='word_1_850' title='bbox 2686 5843 2875 5894; x_wconf 85' lang='lat' dir='ltr'>tamen</span> <span class='ocrx_word' id='word_1_851' title='bbox 2901 5838 3270 5908; x_wconf 86' lang='lat' dir='ltr'>naufragium</span> <span class='ocrx_word' id='word_1_852' title='bbox 3298 5836 3552 5910; x_wconf 82' lang='lat' dir='ltr'>pertulit,</span> 
     </span>
    </p>
   </div>
   <div class='ocr_carea' id='block_1_112' title="bbox 1920 5928 3242 6003">
    <p class='ocr_par' dir='ltr' id='par_1_112' title="bbox 1920 5928 3242 6003">
     <span class='ocr_line' id='line_1_112' title="bbox 1920 5928 3242 6003; baseline -0.009 -7"><span class='ocrx_word' id='word_1_853' title='bbox 1920 5939 2016 5996; x_wconf 87' lang='lat' dir='ltr'>sed</span> <span class='ocrx_word' id='word_1_854' title='bbox 2048 5936 2206 5994; x_wconf 89' lang='lat' dir='ltr'>navis</span> <span class='ocrx_word' id='word_1_855' title='bbox 2235 5934 2418 5992; x_wconf 91' lang='lat' dir='ltr'>cordis</span> <span class='ocrx_word' id='word_1_856' title='bbox 2440 5934 2496 5990; x_wconf 90' lang='lat' dir='ltr'>in</span> <span class='ocrx_word' id='word_1_857' title='bbox 2527 5933 2789 5989; x_wconf 86' lang='lat' dir='ltr'>ﬂuctibus</span> <span class='ocrx_word' id='word_1_858' title='bbox 2817 5931 3040 6003; x_wconf 79' lang='lat' dir='ltr'>integra</span> <span class='ocrx_word' id='word_1_859' title='bbox 3074 5928 3242 5984; x_wconf 88' lang='lat' dir='ltr'>stetit.</span> 
     </span>
    </p>
   </div>
  </div>
