4050 6332
473 421 603 474 HO?

1356 425 1636 480 ⁸ΧΡΙἚΝΙ).
1679 425 1766 480 AD
1805 426 1963 480 S."EC.
2009 425 2092 478 ΙΧ.
2129 454 2195 464 -
2237 425 2477 480 15100Ιί1
2518 424 2943 480 MEltCATORlS

3699 428 3835 479 1108

541 529 626 584 Ill.
657 531 933 584 Praeterea
973 529 1164 584 indico
1209 532 1338 602 quia
1381 532 1450 587 de
1478 538 1666 588 vestro
1713 549 1885 605 opere
1924 534 2099 589 crevit
2117 546 2178 618 Α
2199 532 2505 589 elationem
2533 532 2700 588 cadit.
2727 533 2870 598 Quid
2898 548 3036 604 ergo
3063 532 3120 586 in
3151 533 3240 586 his
3278 532 3592 604 agendum,
3627 531 3740 586 nisi
3772 537 3839 587 ut

469 622 527 675 in
556 623 812 677 laudibus
852 624 950 679 Dei
977 624 1084 679 hoc
1127 625 1282 696 quod
1312 625 1382 682 de
1420 626 1783 682 dilectissimo
1821 629 1938 685 filio
1969 647 2099 686 meo

469 717 713 770 Probino
740 719 996 788 cognovi,
1026 705 1160 790 quia
1185 737 1314 774 cum
1344 725 1547 776 vestrae
1584 723 1942 779 excellentiae
1969 741 2100 780 con-

468 809 819 866 stitutionem
858 813 1169 883 quamdam
1205 820 1401 869 contra
1429 815 1760 871 Judzeorum
1801 819 2102 889 perﬁdiam

467 903 730 970 dedisset,
764 904 844 973 hi,
875 905 942 960 de
973 907 1179 977 quibus
1209 908 1444 979 probata
1468 909 1672 980 fuerat,
1697 912 2100 970 rectitudinem

467 996 674 1051 mentis
699 1003 900 1053 vestrae
930 999 1242 1070 inﬂectere,
1267 1002 1641 1072 pecuniarum
1665 1021 1945 1061 summam
1968 1008 2099 1063 offe-

469 1091 666 1161 rendo,
709 1093 892 1148 moliti
940 1099 1091 1164 sunt,
1136 1111 1310 1165 quam
1358 1097 1687 1153 excellentia
1731 1103 1917 1154 vestra
1960 1118 2094 1157 con-

466 1185 712 1256 tempsit,
749 1191 806 1242 et
835 1188 1216 1259 omnipotenti
1253 1190 1369 1244 Deo
1399 1191 1624 1261 placere
1669 1209 1930 1263 quaerens
1956 1212 2096 1251 auro

466 1278 854 1334 innocentiam
885 1281 1156 1352 pratulit.
1191 1281 1312 1346 Qua
1350 1284 1411 1338 in
1457 1301 1520 1338 re
1554 1285 1694 1340 mihi
1741 1287 1914 1342 David
1944 1291 2098 1361 regis

464 1372 679 1427 factum
703 1373 774 1427 ad
796 1376 1134 1430 memoriam
1163 1377 1338 1444 venit,
1357 1377 1448 1431 cui
1469 1378 1606 1433 dum
1627 1383 1928 1452 concupita
1949 1400 2098 1455 aqua

468 1465 538 1519 de
570 1467 813 1522 cisterna
843 1469 1238 1524 Bethlemitica
1271 1487 1399 1543 quin
1443 1472 1590 1527 inter
1621 1474 1856 1529 hostiles
1889 1493 2097 1533 cuneos

465 1559 798 1628 habebatur,
821 1562 890 1615 ab
911 1563 1359 1635 obsequentibus
1375 1566 1648 1621 militibus
1667 1567 1864 1624 fuisset
1882 1571 2092 1641 oblata,

471 1653 731 1723 protinus
776 1654 915 1709 dixit
947 1673 959 1710 :
991 1657 1151 1712 Absit
1186 1674 1219 1712 a
1247 1675 1340 1714 me
1379 1665 1443 1714 ut
1487 1661 1819 1732 sanguinem
1858 1663 2097 1721 istorum

469 1746 764 1802 hominum
799 1748 992 1803 bibam
1021 1750 1096 1819 (Il
1117 1754 1244 1819 Reg.
1274 1769 1427 1820 xxm,
1463 1756 1548 1823 16,
1590 1755 1693 1824 17).
1737 1756 1922 1820 Quam
1961 1759 2098 1830 quia

466 1839 636 1907 fudit,
670 1846 728 1896 et
767 1841 966 1897 bibere
1012 1845 1215 1912 noluit,
1250 1846 1523 1917 scriptum
1572 1854 1694 1903 est:
1733 1870 1760 1901 «
1792 1852 1859 1906 Et
1900 1853 2097 1909 libavit

2200 627 2488 699 malignus
2515 627 2766 699 spiritus,
2792 643 2922 683 cum
2941 627 3103 682 nobis
3118 627 3186 681 ad
3209 627 3544 682 elevandam
3567 631 3833 681 mentem

2198 717 2418 773 reducit
2435 717 2585 772 bona
2604 733 2731 789 quae
2756 716 2997 788 egimus,
3025 733 3254 788 semper
3271 733 3378 772 nos
3399 716 3470 772 ad
3487 715 3834 773 memoriam

2197 814 2393 868 nostra
2434 811 2590 867 mala
2631 827 2975 880 revocemus,
3003 812 3264 884 quamvis
3303 815 3360 866 et
3386 814 3576 866 nostra
3617 827 3832 883 cogno-

2197 923 2418 961 scamus
2445 923 2567 961 esse
2595 923 2722 978 qua
2750 907 3034 978 peccando
3071 906 3328 974 fecimus,
3357 906 3529 960 solius
3560 905 3830 978 omnipo-

2199 1002 2368 1056 tentis
2393 1001 2493 1056 Dei
2523 1017 2786 1070 munera,
2813 1017 2943 1055 cum
2969 1005 3200 1072 peccata
3230 999 3620 1054 declinamus?

2269 1096 2330 1150 V.
2363 1095 2747 1151 Custodienda
2788 1111 3016 1167 quoque
3054 1098 3139 1148 est
3167 1094 3451 1149 munditia
3486 1094 3744 1165 corporis
3772 1095 3835 1149 in

2197 1189 2396 1245 studiis
2415 1190 2580 1245 bona:
2607 1189 2866 1256 actionis,
2888 1187 3024 1261 quia
3043 1189 3212 1259 juxta
3237 1205 3437 1243 vocem
3465 1188 3836 1260 praedicantis

2198 1283 2470 1354 Apostoli,
2501 1283 2856 1354 «Templum
2908 1282 3010 1337 Dei
3055 1286 3316 1337 sanctum
3357 1287 3460 1348 est,
3498 1282 3646 1353 quod
3695 1282 3834 1336 estis

2197 1394 2296 1432 vos
2323 1378 2372 1446 (Ι
2401 1380 2520 1435 Cor.
2555 1394 2635 1444 ιιι,
2671 1378 2778 1446 17).
2801 1396 2828 1430 »
2853 1376 2960 1441 Qui
2989 1392 3190 1430 rursus
3211 1375 3321 1431 ait:
3349 1396 3376 1427 «
3410 1377 3539 1430 Haec
3559 1379 3646 1430 est
3672 1376 3831 1430 enim

2197 1474 2453 1528 voluntas
2496 1474 2617 1543 Dei,
2656 1472 3018 1528 sanctiﬁcatio
3059 1475 3246 1527 vestra
3277 1473 3323 1544 (1
3365 1474 3542 1528 Thess.
3580 1489 3651 1541 ιν,
3686 1473 3762 1542 3),
3799 1493 3830 1523 ››

2196 1585 2369 1640 quam
2411 1567 2915 1622 sanctiﬁcationem
2957 1565 3164 1621 dixerit
3207 1565 3514 1620 ostendens
3561 1565 3834 1638 protinus

2195 1661 2548 1734 adimplevit,
2569 1682 2597 1711 ‹‹
2615 1663 2677 1715 ut
2694 1659 3019 1716 abstineatis
3039 1677 3134 1714 vos
3155 1677 3186 1713 a
3207 1659 3597 1728 fornicatione,
3613 1663 3670 1714 et
3686 1659 3835 1714 sciat

2195 1756 2584 1828 unusquisque
2611 1759 2865 1810 vestrum
2893 1770 3059 1809 suum
3088 1770 3184 1808 vas
3214 1754 3498 1825 possidere
3525 1753 3585 1808 in
3613 1754 3830 1807 sancti-

2195 1850 2455 1905 ficatione
2495 1853 2552 1903 et
2591 1850 2829 1919 honore,
2859 1853 2914 1903 et
2944 1863 3060 1903 non
3090 1847 3150 1902 in
3177 1847 3528 1919 passionibus
3555 1847 3832 1902 desiderii

468 1949 593 1986 eam
630 1935 873 1990 Domino
901 1938 1082 2006 (Ibid.,
1119 1940 1226 2009 16).
1262 1961 1288 1988 ››
1324 1940 1377 1995 Si
1404 1940 1582 2011 igitur
1612 1943 1681 1997 ab
1714 1949 1933 2000 armato
1962 1919 2172 2018 regeB
2198 1944 2356 2014 (Ibid.
2388 1961 2459 2014 Iv,
2491 1944 2560 2014 5).
2604 1965 2631 1992 »

468 2027 526 2081 in
553 2029 891 2084 sacrificium
920 2031 1020 2085 Dei
1048 2048 1207 2086 versa
1233 2036 1318 2088 est
1344 2051 1491 2106 aqua
1520 2040 1864 2109 contempta,
1894 2056 2092 2111 pense-

471 2137 599 2176 mus
625 2123 788 2194 quale
822 2125 1156 2180 sacriﬁcium
1187 2128 1569 2199 omnipotenti
1599 2131 1712 2186 Deo
1744 2149 1844 2187 rex
1871 2134 2095 2203 obtulit,

465 2215 561 2286 qui
583 2232 687 2286 pro
713 2233 906 2273 amore
927 2218 1076 2274 illius
1098 2237 1215 2275 non
1238 2238 1471 2292 aquam,
1495 2224 1593 2277 sed
1613 2241 1819 2280 aurum
1841 2229 2095 2299 accipere

464 2311 822 2380 contempsit.
892 2313 1108 2384 Itaque,
1154 2313 1232 2368 fili
1307 2316 1801 2386 excellentissime,
1854 2321 2100 2376 ﬁdenter

466 2399 671 2470 dicam,
697 2403 832 2473 quia
859 2404 1044 2460 libasti
1071 2423 1272 2461 aurum
1305 2408 1546 2465 Domino
1572 2412 1724 2482 quod
1750 2417 1941 2468 contra
1963 2432 2096 2470 eum

465 2493 676 2549 habere
709 2497 962 2552 noluisti.

534 2590 619 2643 ιν.
647 2590 846 2662 Magna
868 2597 1000 2646 sunt
1025 2595 1147 2648 haec
1179 2599 1237 2649 et
1265 2597 1673 2668 omnipotentis
1702 2600 1800 2654 Dei
1837 2601 2097 2658 laudibus

464 2682 778 2739 referenda.
809 2685 917 2741 Sed
944 2686 1098 2741 inter
1127 2689 1250 2743 haec
1282 2689 1535 2761 vigilanti
1569 2698 1700 2748 sunt
1727 2695 1915 2750 studio
1947 2696 2094 2750 anti-

462 2776 559 2847 qui
589 2777 764 2832 hostis
808 2779 1029 2836 insidiae
1071 2783 1356 2852 cavendae,
1385 2786 1482 2856 qui
1528 2790 1745 2856 quanto
1787 2789 2005 2860 majora
2036 2790 2095 2845 in

463 2870 788 2926 hominibus
809 2873 959 2927 dona
989 2877 1285 2947 conspicit,
1317 2882 1476 2933 tanto
1502 2880 1623 2934 hac
1655 2881 1879 2938 auferre
1911 2883 2092 2938 subti-

459 2961 690 3016 lioribus
721 2965 938 3020 insidiis
977 2970 1246 3040 exquirit,
1280 2987 1464 3042 neque
1496 2973 1650 3026 enim
1690 2975 1992 3030 latrunculi
2031 2978 2093 3032 in

459 3055 548 3108 via
597 3073 798 3128 capere
840 3059 1082 3116 viatores
1125 3079 1334 3117 vacuos
1377 3068 1670 3136 expetunt,
1714 3069 1811 3122 sed
1857 3085 1954 3124 eos
1992 3073 2092 3142 qui

463 3149 587 3203 auri
618 3151 842 3206 vascula
867 3153 957 3207 vel
999 3155 1222 3226 argenti
1250 3156 1472 3225 ferunt;
1499 3159 1590 3213 via
1624 3166 1707 3214 est
1738 3162 1950 3234 quippe
1979 3163 2092 3219 vita

2265 2039 2351 2092 Vl.
2375 2039 2493 2108 Ipsa
2511 2053 2738 2109 quoque
2756 2036 3134 2108 gubernacula
3157 2051 3295 2106 erga
3311 2034 3596 2106 subjectos
3614 2051 3832 2105 magno

2196 2136 2329 2185 sunt
2375 2130 2764 2186 moderamine
2809 2129 3201 2201 temperanda,
3240 2146 3314 2184 ne
3356 2131 3606 2200 potestas
3645 2129 3832 2183 menti

2195 2224 2486 2295 subrepat.
2534 2226 2687 2279 Tunc
2737 2223 2891 2278 enim
2939 2239 3188 2294 regnum
3231 2223 3377 2276 bene
3419 2221 3662 2293 regitur,
3693 2239 3829 2276 cum

2194 2318 2475 2388 regnandi
2522 2317 2700 2389 gloria
2741 2316 2940 2372 animo
2967 2333 3084 2371 non
3121 2315 3463 2370 dominatur.
3494 2316 3832 2372 Curandum

2196 2429 2426 2484 quoque
2467 2417 2550 2466 est
2577 2427 2648 2466 ne
2691 2411 2776 2465 ira
2824 2410 3117 2482 subrepat,
3147 2409 3426 2482 faciatque
3457 2409 3622 2464 citius
3653 2426 3830 2464 omne

2194 2506 2344 2577 quod
2402 2505 2549 2560 licet.
2596 2506 2683 2559 Ira
2728 2504 2940 2576 quippe
2999 2504 3174 2558 etiam
3225 2520 3354 2558 cum
3411 2503 3827 2574 deliquentium

2193 2599 2390 2670 culpas
2417 2599 2682 2670 exquirit,
2706 2614 2819 2652 non
2851 2597 3018 2652 debet
3043 2597 3220 2651 menti
3248 2596 3409 2668 quasi
3431 2597 3666 2651 domina
3686 2614 3831 2668 pra:-

2193 2694 2297 2760 ire,
2331 2693 2427 2747 sed
2457 2697 2584 2763 post
2612 2692 2850 2746 rationis
2878 2694 3110 2761 tergum
3137 2691 3294 2745 velut
3311 2690 3516 2745 ancilla
3539 2691 3827 2761 famulari,

2198 2790 2257 2840 ut
2286 2787 2358 2840 ad
2386 2786 2586 2840 faciem
2608 2786 2766 2857 jussa
2793 2785 3006 2839 veniat.
3056 2786 3193 2839 Nam
3226 2785 3273 2838 si
3318 2785 3492 2840 semel
3529 2785 3830 2856 possidens

2192 2886 2445 2934 mentem
2489 2879 2743 2950 cmperit,
2770 2880 2990 2950 justum
3019 2895 3138 2934 esse
3179 2882 3424 2950 reputat,
3449 2879 3622 2933 etiam
3670 2880 3829 2950 quod

2191 2973 2497 3028 crudeliter
2521 2973 2675 3028 facit.
2708 2973 2846 3027 Hinc
2872 2973 3025 3028 enim
3055 2972 3328 3044 scriptum
3359 2977 3476 3028 est:
3506 2975 3646 3028 «Ira
3669 2975 3826 3028 enim

2191 3068 2294 3122 viri
2325 3067 2610 3140 justitiam
2656 3067 2752 3122 Dei
2799 3084 2918 3122 non
2948 3071 3219 3138 operatur
3249 3067 3380 3136 (Jac.
3414 3084 3452 3136 ι,
3479 3068 3598 3137 20);
3631 3086 3659 3117 »
3692 3067 3829 3121 hinc

2192 3178 2419 3216 rursum
2451 3158 2660 3216 dicitur
2693 3178 2705 3215 :
2744 3181 2770 3212 «
2801 3161 2882 3216 Sit
2906 3161 3090 3215 omnis
3117 3161 3290 3216 homo
3312 3161 3468 3216 velox
3487 3161 3560 3214 ad
3589 3161 3827 3217 audien-

461 3259 726 3313 praesens,
757 3251 814 3300 et
843 3251 1002 3302 tanto
1038 3249 1243 3321 cuique
1277 3267 1503 3306 necesse
1536 3257 1622 3307 est
1665 3259 1728 3308 ut
1757 3255 2089 3313 insidiantes
2111 3291 2165 3365 Ο
2193 3256 2350 3325 dum,
2369 3255 2566 3310 tardus
2593 3258 2789 3310 autem
2810 3255 2881 3310 ad
2902 3255 3270 3325 loquendum,
3295 3259 3351 3309 et
3366 3255 3560 3309 tardus
3579 3255 3649 3309 ad
3672 3256 3825 3310 iram

461 3337 684 3365 ..ηε-ἀι..-
749 3344 935 3365 ,ιι-νηιι
1015 3347 1218 3365 _-_-__a_
1293 3361 1340 3365 μ-
1359 3345 1405 3365 ,ξ
1450 3363 1500 3365 -.μ
1591 3364 1596 3365 ,
1696 3351 1705 3365 ι
1774 3349 1790 3365 ι
2196 3351 2259 3365 [τι
2285 3352 2294 3362 ι
2317 3350 2333 3365 -
2415 3351 2485 3365 ιΛι
2611 3351 2654 3365 ππ
2868 3351 2879 3365 ι
3295 3353 3304 3365 ι
3459 3351 3496 3365 n
3774 3350 3785 3360 ο

454 3337 686 3406 spiritus
746 3344 956 3408 caveat,
1010 3347 1224 3414 quanto
1293 3345 1512 3416 majora
1581 3351 1714 3401 sunt
1758 3349 1909 3404 dona
1961 3369 2090 3422 quas

455 3434 663 3500 portat.
697 3434 934 3505 Oportet
971 3452 1110 3508 ergo
1139 3439 1541 3494 excellentiam
1567 3446 1815 3497 vestram
1842 3445 1900 3498 in
1930 3447 2090 3500 tanto

454 3525 558 3578 hoc
595 3525 665 3580 de
711 3529 1076 3585 conversione
1125 3533 1311 3603 gentis
1356 3534 1597 3588 subditze
1647 3552 1886 3591 munere
1934 3540 2090 3609 quod

454 3618 687 3689 accepit,
710 3637 1079 3693 summopere
1107 3626 1392 3681 custodire
1421 3627 1672 3698 primum
1707 3629 2088 3686 humilitatem

452 3711 656 3782 cordis,
689 3731 754 3768 ac
801 3715 1006 3771 deinde
1053 3720 1397 3776 munditiam
1441 3722 1714 3792 corporis.
1745 3724 1886 3778 Cum
1933 3725 2087 3779 enim

453 3807 727 3878 scriptum
755 3811 866 3866 sit:
906 3834 932 3861 «
965 3814 1162 3868 Omnis
1201 3816 1298 3886 qui
1329 3833 1386 3872 se
1423 3817 1631 3872 exaltat
1670 3819 2084 3888 liumiliabitur,

453 3905 510 3954 et
534 3901 632 3971 qui
660 3919 718 3957 se
745 3905 1009 3960 humiliat
1035 3908 1381 3963 exaltabitur
1409 3911 1556 3979 (Luc.
1583 3927 1734 3979 xvm,
1770 3913 1877 3983 14),
1901 3936 1927 3962 ››
1962 3931 2088 3985 pro-

453 3995 599 4046 fecto
620 3994 818 4066 liquet,
842 3999 974 4067 quia
999 3999 1092 4054 ille
1110 4002 1384 4055 veraciter
1404 4003 1522 4058 alta
1541 4009 1696 4059 amat
1715 4006 1811 4077 qui
1832 4011 2086 4062 mentem

451 4102 616 4140 suam
641 4087 711 4140 ab
740 4088 1082 4146 humilitatis
1114 4093 1302 4149 radice
1336 4112 1451 4150 non
1481 4098 1726 4165 desecat,
1753 4116 1904 4172 smpe
1924 4117 2084 4156 nam-

451 4196 562 4250 que
591 4181 884 4252 malignus
905 4185 1137 4256 spiritus
1157 4191 1222 4241 ut
1240 4187 1390 4243 bona
1413 4190 1680 4262 destruat,
1702 4193 1908 4263 quibus
1928 4195 2086 4266 prius

452 4273 742 4330 adversari
771 4293 887 4332 non
915 4280 1086 4336 valuit
1117 4281 1190 4336 ad
1217 4284 1504 4354 aperantis
1530 4289 1786 4340 mentem
1807 4293 1935 4358 post
1961 4306 2086 4360 per-

453 4371 638 4422 actam
681 4372 1071 4442 operationem
1099 4376 1274 4444 venit,
1304 4395 1546 4450 eamque
1573 4380 1753 4435 tacitis
1784 4381 2080 4453 cogitatio-

451 4461 616 4518 nibus
660 4463 718 4519 in
765 4465 1106 4536 quibusdam
1157 4470 1274 4524 suis
1321 4471 1588 4526 laudibus
1633 4475 1867 4544 excutit,
1903 4476 1982 4530 ita
2025 4479 2085 4530 ut

450 4556 686 4628 decepta
744 4575 904 4614 mens
948 4562 1267 4618 admiretur
1313 4565 1439 4638 ipsa
1484 4583 1658 4638 quam
1717 4569 1831 4623 sint
1874 4587 2085 4641 magna

2193 3350 2375 3419 (Ibid.,
2409 3351 2514 3418 19).
2552 3370 2578 3398 ››
2611 3351 2738 3403 Haec
2790 3351 2985 3403 autem
3031 3365 3150 3417 vos,
3184 3353 3410 3403 auctore
3459 3351 3592 3419 Deo,
3624 3350 3826 3404 omnia

2190 3459 2413 3498 servare
2467 3459 2581 3497 non
2623 3443 2878 3513 ambigo,
2927 3443 3023 3497 sed
3068 3442 3359 3496 occasione
3411 3442 3827 3498 admonitionis

2191 3543 2398 3604 exorta,
2431 3536 2595 3591 bonis
2632 3536 2836 3591 vestris
2867 3535 3086 3591 actibus
3126 3552 3219 3590 me
3263 3535 3468 3591 furtive
3510 3537 3822 3607 subjungo,

2187 3636 2252 3686 ut
2267 3630 2421 3702 quod
2439 3647 2552 3685 non
2569 3630 2849 3686 admoniti
2881 3630 3065 3684 facitis
3085 3631 3312 3701 quando
3332 3630 3488 3685 vobis
3506 3629 3825 3686 admonens

2186 3725 2431 3792 additur,
2456 3725 2578 3795 jam
2620 3741 2732 3778 non
2777 3723 2883 3778 soli
2924 3723 3160 3779 faciatis.
3207 3723 3575 3796 Omnipotens
3619 3728 3822 3779 autem

2189 3819 2332 3872 Deus
2370 3819 2430 3872 in
2494 3818 2706 3872 cunctis
2767 3817 2985 3872 actibus
3040 3817 3243 3872 vestris
3303 3818 3539 3873 cmlestis
3598 3818 3823 3873 brachii

2190 3911 2516 3966 extensione
2542 3927 2640 3965 vos
2665 3914 2954 3982 protegat,
2986 3911 3259 3982 vobisque
3289 3917 3345 3967 et
3376 3912 3668 3983 praesentis
3688 3912 3821 3967 vitae

2187 4021 2478 4077 prospera,
2513 4009 2568 4060 et
2596 4008 2721 4076 post
2745 4005 2927 4060 multa
2952 4021 3236 4060 annorum
3263 4005 3568 4076 curricula,
3600 4008 3821 4061 aeterna

2187 4099 2482 4154 concedat.

2258 4194 2361 4247 Vll.
2395 4194 2620 4250 Clavem
2659 4208 2789 4248 vero
2829 4193 3122 4264 parvulam
3169 4211 3202 4248 a
3246 4193 3620 4248 sacratissimo
3664 4195 3819 4249 beati

2185 4287 2332 4341 Petri
2359 4287 2599 4357 apostoli
2629 4303 2866 4358 corpore
2905 4303 3009 4358 pro
3051 4287 3174 4357 ejus
3199 4287 3601 4343 benedictione
3629 4292 3817 4342 trans-

2186 4380 2462 4449 misimus,
2491 4381 2549 4434 in
2581 4396 2694 4453 qua
2722 4380 2871 4435 inest
2899 4380 3115 4435 ferrum
3146 4381 3216 4435 de
3259 4381 3475 4436 catenis
3509 4381 3818 4451 inclusum,

2185 4479 2249 4528 ut
2272 4475 2422 4545 quod
2443 4474 2656 4530 collum
2682 4473 2832 4529 illius
2855 4474 2925 4528 ad
2948 4475 3286 4546 martyrium
3313 4475 3607 4546 ligaverat,
3625 4492 3724 4530 vos
3746 4477 3820 4531 ab

2187 4567 2450 4622 omnibus
2488 4568 2756 4623 absolvat.
2804 4569 3046 4624 Crucem
3092 4585 3322 4640 quoque
3350 4569 3518 4623 latori
3548 4570 3820 4640 praesenti

447 4666 572 4720 quae
635 4652 807 4721 fecit;
872 4670 998 4725 quae
1063 4656 1198 4712 dum
1263 4676 1366 4729 per
1430 4661 1714 4716 occultum
1791 4661 2156 4734 tumoremD
2179 4661 2445 4716 dedimus
2471 4661 2625 4717 vobis
2660 4663 2981 4732 ferendam,
3012 4662 3072 4716 in
3102 4679 3217 4733 qua
3245 4663 3469 4734 lignum
3503 4662 3819 4718 Dominicee

448 4745 595 4815 apud
617 4747 988 4818 semctipsam
1019 4752 1326 4820 extollitur,
1355 4754 1476 4824 ejus
1507 4755 1606 4826 qui
1635 4755 1852 4811 donum
1886 4758 2085 4812 tribuit

448 4838 626 4906 gratia
670 4840 940 4910 privatur.
977 4843 1117 4898 Hinc
1149 4846 1302 4900 enim
1331 4851 1417 4902 cst
1452 4849 1607 4919 quod
1655 4866 1754 4920 per
1784 4852 2083 4923 prophetae

449 4949 641 4986 vocem
671 4939 862 4988 contra
891 4938 1320 5008 superbientem
1347 4941 1607 4996 animum
1633 4943 1843 4998 dicitur
1876 4963 1887 4998 :
1923 4967 1949 4992 ‹‹
1974 4947 2080 5000 Ha-

448 5026 586 5080 bens
617 5027 884 5083 ﬁduciam
935 5031 988 5085 in
1023 5032 1451 5102 pulchritudine
1482 5039 1596 5102 tua,
1629 5037 1911 5092 fornicata
1935 5055 1994 5092 es
2026 5040 2082 5094 in

451 5120 680 5175 nomine
726 5127 823 5177 tuo
880 5126 1085 5191 (Ezech.
1137 5145 1246 5195 xvr,
1304 5128 1418 5198 lii);
1467 5150 1493 5178 »
1546 5129 1811 5185 fiduciam
1871 5132 2082 5204 quippe

446 5213 657 5267 anima!
685 5215 743 5270 in
767 5218 1198 5288 pulchritudine
1223 5238 1322 5276 sua
1351 5223 1558 5278 habere
1585 5231 1668 5279 est
1695 5225 1752 5278 in
1777 5227 2083 5298 semetipsa

448 5307 517 5361 de
537 5307 694 5377 justa
721 5313 1052 5380 operatione
1083 5332 1454 5386 praesumere.
1472 5319 1616 5392 Quae
1638 5318 1696 5372 in
1718 5336 1820 5374 suo
1849 5321 2082 5376 nomine

447 5401 786 5474 fornicatur,
819 5407 1048 5477 quando
1075 5409 1133 5464 in
1159 5411 1269 5466 hoc
1297 5411 1447 5483 quod
1479 5418 1632 5467 recte
1661 5413 1778 5484 egit
1803 5431 1919 5468 non
1945 5417 2084 5470 Con-

446 5495 650 5551 ditoris
715 5497 942 5555 laudem
1015 5502 1260 5558 dilatare
1322 5505 1564 5577 appetit,
1635 5507 1736 5561 sed
1797 5508 2084 5578 opinionis

447 5589 693 5660 gloriam
723 5593 984 5665 requirit.
1013 5596 1152 5650 Hinc
1181 5615 1408 5653 rursum
1445 5616 1548 5671 per
1578 5600 1912 5672 prephetam
1943 5603 2080 5656 scri-

447 5686 608 5752 ptum
654 5688 738 5739 est
795 5703 808 5740 :
862 5708 889 5735 «
940 5687 1062 5751 Quo
1107 5691 1403 5760 pulchrior
1440 5708 1499 5747 es
1545 5693 1825 5749 descende
1873 5695 2080 5764 (Ezech.

448 5791 624 5841 XXXII,
654 5779 758 5844 19).
794 5799 822 5825 ››
853 5779 1054 5834 Anima
1080 5782 1296 5836 etenim
1329 5785 1482 5839 unde
1514 5792 1599 5840 est
1626 5787 1918 5857 pulchrior
1947 5788 2081 5842 inde

449 5865 764 5934 descendit,
799 5871 1071 5938 quoniam
1109 5891 1177 5928 ex
1205 5874 1429 5929 virtutis
1459 5877 1664 5932 decore
1697 5897 1810 5949 quo
1849 5881 2083 5935 exaltari

451 5956 601 6026 apud
649 5959 959 6016 Dominum
1015 5966 1228 6031 debuit,
1271 5966 1340 6021 ab
1385 5969 1504 6037 ejus
1547 5971 1724 6039 gratia
1774 5989 1878 6043 per
1921 5990 2083 6029 suam

2184 4755 2365 4810 crucis
2415 4755 2585 4826 inest,
2621 4762 2676 4811 et
2727 4756 2916 4827 capilli
2964 4756 3114 4811 beati
3162 4756 3390 4811 Joannis
3439 4756 3721 4827 Baptistae,
3752 4774 3822 4812 ex

2185 4865 2301 4920 qua
2343 4865 2573 4921 semper
2617 4850 2884 4905 solatium
2923 4850 3101 4904 nostri
3150 4850 3478 4918 Salvatoris,
3505 4867 3606 4921 per
3644 4851 3822 4905 inter-

2183 4943 2495 4998 cessionem
2541 4943 2904 5015 praacursoris
2950 4944 3074 5014 ejus
3119 4943 3395 4998 habeatis.
3438 4945 3820 4998 Reverendis-

2184 5036 2328 5092 simo
2357 5041 2551 5092 autem
2583 5037 2703 5092 viro
2733 5037 2905 5107 Patri,
2939 5041 2999 5091 et
3035 5038 3369 5109 coepiscopo
3411 5041 3610 5092 nostro
3639 5039 3822 5092 Lean-

2183 5130 2284 5184 dro
2300 5131 2535 5201 pallium
2553 5149 2585 5186 a
2603 5131 2756 5186 beati
2772 5131 2925 5186 Petri
2953 5132 3199 5202 apostoli
3224 5131 3356 5187 sede
3379 5131 3822 5200 transmisimus,

2184 5225 2337 5296 quod
2373 5242 2444 5280 ex
2483 5225 2718 5297 antiqua
2747 5225 3184 5294 consuetudine,
3214 5231 3272 5280 et
3300 5225 3498 5280 vestris
3538 5225 3822 5294 moribus,

2184 5324 2240 5373 et
2266 5319 2387 5390 ejus
2417 5319 2663 5374 bonitati
2691 5324 2862 5391 atque
2895 5319 3162 5390 dignitati
3193 5319 3566 5374 debebamus.

2252 5417 2402 5478 Item,
2432 5414 2661 5484 epistola
2689 5413 2930 5481 ejusdem
2956 5414 3030 5468 ad
3056 5414 3427 5468 Secundinum
3456 5417 3749 5472 inclusum.

2256 5507 2628 5562 Dilectissimo
2672 5505 2832 5560 fratri
2865 5506 3192 5573 SECUNDINO,
3224 5524 3388 5562 servo
3437 5508 3553 5576 Dei,
3586 5510 3822 5582 incluso,

2188 5602 2522 5667 GREGORIUS,
2556 5615 2746 5655 servus
2775 5617 3066 5655 servorum
3098 5601 3220 5656 Dei.

2236 5668 2578 5768 ’{Dilectionis
2609 5697 2724 5748 tuae
2751 5694 2967 5750 litteras
2997 5694 3240 5766 suscepi,
3269 5711 3396 5766 quas
3425 5695 3484 5750 in
3505 5713 3640 5752 meo
3663 5715 3828 5756 sensu

2154 5802 2164 5816 δ
2187 5789 2396 5843 amoris
2410 5787 2579 5842 melle
2593 5788 2836 5843 conditae
2855 5791 3183 5860 sapuerunt.
3201 5788 3244 5842 Ο
3261 5791 3472 5860 quanta
3482 5791 3829 5862 aspiratione

2186 5881 2312 5935 vita:
2328 5883 2498 5953 plena
2511 5887 2796 5954 sunt,quaa
2810 5899 2914 5953 per
2926 5882 3168 5953 gratiam
3181 5882 3420 5953 Spiritus
3432 5884 3825 5955 proferuntur!

2189 5976 2310 6030 Non
2334 5975 2391 6029 in
2415 5975 2496 6029 eis
2519 5978 2701 6031 cultus
2722 5975 3082 6048 eloquentiae,
3100 5992 3212 6032 non
3228 5977 3536 6033 verborum
3551 5980 3721 6051 typus
3737 5999 3830 6054 ap-
