4050 6308
179 393 313 445 1109

1401 394 1870 456 DECRETALIUM
1909 403 2288 460 COLLECTIO.

3403 411 3533 463 lHO

175 498 470 569 parebant,
493 499 586 553 sed
617 501 733 553 sola
764 500 1017 554 veritatis
1045 506 1216 572 atque
1235 503 1528 559 charitatis
1555 506 1804 561 radicem
1827 520 1885 592 Α
1977 512 2146 567 Valde
2175 519 2364 567 autem
2389 513 2634 568 libenter
2662 514 2858 585 accepi
2877 514 3032 585 quod
3053 518 3151 569 tua
3175 531 3267 569 me
3289 514 3535 570 Charitas

174 593 428 647 tenentia
469 609 574 663 per
620 609 790 647 omne
833 594 984 664 quod
1023 595 1209 649 locuta
1247 600 1381 650 sunt
1419 598 1660 653 calestis
1700 617 1803 670 pa-

170 685 293 740 tria
323 702 525 740 amore
546 685 934 741 ﬂammabant.
969 688 1029 741 In
1062 688 1141 743 eis
1166 705 1299 744 vero
1333 693 1426 745 tua
1458 707 1552 746 me
1582 692 1807 748 dilectio

170 783 366 850 petere
412 780 647 848 studuit,
697 784 758 834 ut
785 781 855 835 ad
893 781 1040 835 hanc
1070 782 1320 837 libellum
1359 784 1806 841 exhortatoriam

172 873 424 927 scribere
469 873 784 929 studerem.
837 875 944 930 Sed
999 877 1140 930 scire
1197 881 1252 931 te
1301 894 1534 932 necesse
1579 885 1681 946 est,
1726 880 1807 935 ﬁli

173 966 526 1033 charissime,
568 967 704 1038 quia
739 968 910 1023 tantis
947 969 1218 1040 podagra
1259 970 1567 1038 doloribus,
1605 974 1805 1028 tantis-

172 1076 283 1131 que
333 1077 600 1115 curarum
638 1062 976 1117 tumultibus
1013 1079 1265 1134 premor,
1313 1068 1378 1118 ut
1405 1066 1665 1136 quamvis
1697 1085 1804 1121 un-

173 1171 351 1226 quam
377 1171 469 1209 me
495 1155 712 1227 aliquid
738 1156 910 1211 fuisse
935 1157 1288 1227 reminiscar,
1310 1159 1470 1213 valde
1492 1163 1684 1214 tamen
1710 1177 1807 1216 me

174 1248 402 1303 videam
440 1266 556 1303 non
604 1266 724 1305 esse
753 1250 908 1320 quod
952 1221 1369 1349 fuerim./Quod
1398 1257 1591 1308 autem
1620 1271 1679 1308 se
1707 1258 1806 1309 tua

173 1343 420 1397 charitas
449 1344 598 1397 ultra
618 1349 841 1398 aetatem
863 1343 1420 1416 quinquagénariam
1436 1347 1622 1402 adhuc
1641 1348 1804 1418 juve-

173 1435 384 1490 nilibus
411 1436 709 1492 desideriis
735 1439 934 1492 asserit
975 1439 1284 1509 subjacere,
1328 1440 1388 1494 in
1432 1441 1538 1495 hoc
1575 1457 1804 1513 quoque

171 1530 591 1599 divinizoraculi
616 1530 819 1602 imples
846 1536 1218 1604 praceptum,
1249 1550 1361 1605 quo
1387 1534 1661 1606 scriptum
1683 1540 1802 1590 est:

1907 607 1976 660 de
2007 622 2108 660 sua
2138 606 2489 661 dubitatione
2514 607 2830 678 requisivit,
2881 624 2956 662 an
3002 607 3246 663 Orientis
3277 609 3533 664 Ecclesia»

1909 701 2077 754 ﬁdem
2100 705 2271 770 atque
2303 701 2623 755 doctrinam
2656 704 2869 756 sancta
2897 701 3198 756 memoria
3225 703 3431 756 Leonis
3458 719 3538 757 se-

1906 797 2172 864 quantur,
2215 811 2286 848 an
2337 795 2480 850 forte
2519 811 2713 849 earum
2753 812 2952 850 sensus
3000 796 3150 851 inter
3203 796 3536 867 semctipsas

1907 904 2011 958 pro
2036 887 2208 942 trium
2241 888 2625 959 capitulorum
2660 889 2999 944 defensione
3021 889 3232 944 divisus
3258 889 3350 957 sit,
3380 889 3533 944 unde

1907 984 2120 1035 certam
2149 981 2512 1037 dilectionem
2547 987 2706 1037 tuam
2750 999 2870 1038 esse
2901 983 3181 1051 desidero,
3215 983 3354 1054 quia
3394 999 3535 1053 pra-

1907 1074 2070 1129 dicta
2118 1074 2488 1130 sanctissima
2537 1076 2850 1131 Orientales
2897 1077 3156 1131 Ecclesia
3191 1093 3305 1130 uno
3337 1093 3533 1130 sensus

1908 1186 2023 1222 una
2035 1168 2311 1239 doctrina,
2327 1169 2502 1224 ﬁdem
2526 1169 2784 1240 ejusdem
2803 1175 3013 1225 sancta
3029 1170 3324 1226 memoria
3342 1170 3534 1237 Leoni,

1907 1265 2124 1330 tenent,
2175 1267 2231 1317 et
2274 1265 2531 1318 sanctam
2571 1264 3094 1320 Chalcedonensem
3133 1264 3414 1336 synodum
3458 1264 3533 1318 ita

1905 1356 2198 1411 nobiscum
2251 1357 2577 1412 custodiunt
2613 1361 2782 1429 atque
2820 1363 3182 1425 venerantur,
3232 1363 3297 1412 ut
3343 1357 3535 1412 nullus

1908 1450 2199 1521 episcopus
2247 1467 2366 1506 esse
2414 1455 2729 1522 reputatur,
2777 1451 2876 1522 qui
2923 1451 3178 1522 ejusdem
3205 1451 3402 1522 synodi
3431 1452 3530 1506 de-

1907 1544 2104 1599 fensor
2153 1547 2510 1615 sectatorque
2562 1562 2679 1600 non
2730 1545 2922 1600 fuerit.
2955 1543 3095 1599 Hinc
3137 1549 3222 1600 est
3252 1544 3406 1600 enim
3443 1547 3529 1612 ut,

170 1625 420 1678 «Justus
459 1625 518 1678 in
563 1624 840 1696 principio
873 1629 1169 1681 accusator
1196 1630 1280 1682 est
1310 1627 1398 1682 sui
1427 1628 1603 1698 (Prov.
1647 1599 1854 1715 xvm,/
1907 1639 2128 1709 quoties
2183 1638 2245 1693 in
2309 1641 2556 1709 quatuor
2623 1638 2926 1710 praecipuis
2975 1638 3206 1693 sedibus
3257 1637 3533 1694 antistites

177 1721 283 1782 t7).
319 1740 346 1766 »
401 1719 509 1772 Nec
549 1721 739 1772 tamen
787 1719 985 1774 dubito
1033 1720 1280 1790 majores
1322 1725 1377 1776 te
1415 1721 1592 1776 hostis
1622 1723 1806 1777 callidi

170 1810 404 1865 insidias
433 1811 677 1882 perpeti,
706 1813 805 1883 qui
830 1813 1052 1884 majora
1091 1817 1290 1868 contra
1323 1831 1454 1869 eum
1485 1815 1631 1870 bella
1657 1832 1802 1887 pra-

1907 1732 2263 1801 ordinantur,
2298 1733 2591 1803 synodales
2621 1732 2887 1804 epistolas
2911 1732 3154 1787 vicissim
3195 1732 3442 1800 mittant,
3475 1733 3533 1786 in

1908 1825 2113 1896 quibus
2137 1842 2195 1880 se
2222 1829 2483 1881 sanctam
2519 1826 3042 1882 Chalcedonensem
3077 1826 3359 1897 synodum
3403 1841 3534 1880 cum

171 1903 408 1974 Ρθιτδδῖί·
456 1906 632 1960 Τθηῖο
696 1905 906 1977 (ΙυίΡΡθ
959 1907 1050 1962 ille
1105 1908 1458 1978 deceptionis
1511 1891 2030 1974 mOIiminaBaliis
2059 1920 2420 1990 generalibus
2464 1920 2690 1992 synodis
2729 1920 3015 1975 custodire
3047 1891 3355 1988 fateantur,
3394 1920 3539 1974 sicut

169 1997 466 2052 ardentius
509 1999 756 2070 exquirit
788 2005 1002 2071 quanto
1030 2006 1086 2056 te
1117 2002 1326 2056 calesti
1355 2002 1551 2072 patriae
1580 2003 1806 2058 ferven-

177 2095 289 2150 tius
346 2094 566 2150 inhiare
613 2098 915 2168 cognoscit.
971 2099 1193 2153 Etenim
1254 2116 1356 2153 nos
1411 2100 1660 2170 quidem,
1712 2103 1808 2173 qui

177 2189 354 2242 vitam
399 2205 530 2244 cum
577 2191 830 2261 pluribus
876 2191 1151 2259 ducimus,
1205 2193 1310 2247 etsi
1353 2193 1712 2250 formidolosi
1745 2211 1807 2250 ac

179 2283 388 2351 timidi,
421 2287 632 2354 tamen,
669 2285 803 2356 quia
833 2292 1033 2341 contra
1069 2286 1372 2358 antiquum
1410 2288 1636 2342 hostem
1665 2288 1810 2344 bella

176 2377 600 2446 proposuimus,
634 2379 796 2450 quasi
824 2379 882 2433 in
913 2379 1030 2434 acie
1057 2385 1292 2434 stamus.
1323 2382 1434 2435 Vos
1463 2384 1677 2449 autem,
1710 2382 1808 2454 qui

178 2469 497 2524 solitariam
539 2471 717 2526 vitam
757 2472 980 2540 ducitis,
1021 2477 1078 2528 et
1115 2473 1251 2543 quid
1287 2474 1443 2528 aliud
1475 2491 1644 2546 quam
1676 2476 1810 2547 quia

178 2564 496 2618 monachos
538 2565 802 2632 dixerim,
849 2566 947 2636 qui
974 2566 1143 2620 etiam
1173 2567 1396 2621 fervore
1427 2569 1652 2623 virtutis
1677 2575 1808 2626 ante

180 2657 361 2711 aciem
391 2658 546 2712 exire
587 2658 912 2713 festinatis?
953 2661 1064 2714 Cur
1107 2676 1243 2731 ergo
1273 2677 1406 2714 eum
1442 2661 1809 2732 singulariter

179 2751 358 2805 hostis
402 2767 520 2806 non
567 2753 806 2823 impetat
847 2769 880 2807 a
929 2769 1041 2824 quo
1081 2770 1140 2809 se
1192 2754 1391 2825 impeti
1440 2755 1810 2826 singulariter

180 2846 506 2916 exspectat?
540 2847 608 2899 Et
637 2863 742 2901 nos
773 2847 1024 2917 quidem,
1069 2848 1166 2917 qui
1207 2849 1357 2903 inter
1386 2849 1650 2904 homines
1681 2850 1810 2904 vivi-

181 2955 330 3007 mus,
357 2955 505 3010 sape
535 2956 638 3010 per
660 2939 959 2995 hominem
987 2957 1021 2994 a
1048 2941 1253 2996 callido
1283 2943 1445 2997 hoste
1477 2946 1807 3013 tentamur;

181 3049 275 3086 vos
294 3036 487 3087 autem
510 3033 608 3104 qui
623 3035 747 3105 jam
767 3034 940 3088 vitam
966 3039 1310 3105 praesentem
1333 3041 1488 3090 extra
1510 3037 1812 3092 hominum

179 3127 567 3198 frequentiam
597 3127 819 3195 ducitis,
853 3131 909 3182 et
929 3133 1086 3183 tanto
1113 3129 1334 3200 majora
1364 3132 1675 3186 certamina
1695 3131 1811 3203 pati

182 3237 415 3275 necesse
447 3225 550 3288 est,
604 3227 818 3293 quanto
857 3222 979 3293 ipse
1015 3222 1088 3276 ad
1118 3239 1214 3276 vos
1241 3223 1516 3294 magister
1543 3226 1810 3280 tentatio-
1833 3262 1888 3335 Ο

186 3331 316 3335 αφ..-
374 3314 587 3335 ----.13ι
654 3317 840 3335 λγ-----ᾼ
904 3315 1042 3335 ΑμΞμΑ
1100 3333 1288 3335 δ-Αμμ,
1357 3334 1368 3335 κ
1401 3317 1516 3335 ηισκ
1577 3318 1609 3335 "I

184 3331 324 3368 num
370 3314 607 3370 accedit.
654 3317 848 3386 Neque
897 3315 1051 3370 enim
1098 3333 1297 3370 vacare
1347 3317 1702 3373 orationibus
1746 3336 1809 3374 ac

179 3408 440 3463 laudibus
488 3409 585 3464 Dei
643 3409 761 3464 sine
805 3409 999 3480 aliqua
1053 3410 1471 3482 interruptione
1539 3413 1810 3483 temporis

179 3501 436 3572 potestis,
483 3502 617 3573 quia
663 3503 766 3556 etsi
805 3503 1046 3557 intentio
1090 3505 1359 3559 continue
1404 3508 1664 3576 prompta
1703 3510 1806 3573 est,

183 3595 303 3667 ipsa
348 3599 539 3652 tamen
590 3596 958 3651 humanitatis
1003 3597 1305 3653 inﬁrmitas
1357 3600 1416 3652 in
1448 3599 1811 3670 semetipsam

181 3689 478 3759 relabitur,
513 3694 575 3745 ut
600 3691 907 3763 aliquando
939 3692 1087 3747 fessa
1105 3693 1312 3763 jaceat,
1345 3697 1515 3764 atque
1543 3692 1614 3747 ab
1639 3694 1812 3748 studii

183 3785 271 3838 sui
319 3784 723 3840 exercitatione
771 3788 1070 3857 torpescat.
1120 3786 1401 3857 Antiquus
1446 3803 1582 3842 vero
1635 3787 1813 3842 hostis

184 3895 320 3933 mox
346 3883 412 3933 ut
440 3879 680 3933 otiosam
711 3883 968 3935 mentem
1011 3879 1312 3949 invenerit,
1358 3885 1416 3935 et
1441 3880 1514 3935 ad
1548 3897 1672 3935 eam
1708 3882 1812 3936 sub

184 3972 522 4044 quibusdam
551 3973 938 4028 occasionibus
956 3975 1249 4028 locuturus
1269 3973 1427 4028 venit
1449 3977 1507 4028 ct
1524 3975 1810 4046 quadam,

184 4067 235 4121 ei
261 4067 330 4122 de
359 4067 530 4138 gestis
554 4067 857 4138 prateritis
882 4068 953 4122 ad
984 4068 1326 4123 memoriam
1350 4069 1586 4135 reducit,
1619 4069 1814 4125 audita
1823 4066 1846 4186 Ι

187 4161 473 4186 ι...Α-.,1.-..νι
503 4160 666 4186 —.-...L..
701 4160 1387 4186 :nJAA-..‘I.A..-A..:J.-L:-..-
1421 4167 1648 4186 ...υ--..λι
1698 4167 1747 4186 -.ι
1771 4163 1810 4186 ,2

183 4161 478 4232 quondam
503 4160 672 4216 verba
701 4160 1028 4216 indecenter
1044 4163 1392 4234 cogitatione
1420 4167 1670 4232 resonat,
1693 4167 1750 4219 et
1768 4163 1814 4218 si

185 4271 300 4326 qua
331 4254 548 4309 dudum
577 4255 822 4325 turpiter
842 4260 969 4310 acta
1000 4260 1150 4324 sunt,
1177 4272 1379 4311 eorum
1403 4255 1617 4327 species
1640 4257 1815 4311 oculis

182 4347 370 4403 cordis
397 4348 656 4419 opponit,
704 4353 788 4416 ut,
822 4366 995 4420 quam
1027 4350 1098 4404 de
1129 4349 1504 4422 praesentibus
1528 4366 1642 4404 non
1671 4352 1817 4407 valet

183 4441 504 4513 inquinare,
535 4442 605 4496 de
623 4443 785 4497 malis
807 4437 1104 4498 transactis
1119 4445 1317 4512 violet;
1338 4450 1393 4501 et
1406 4445 1643 4516 decepta
1656 4461 1816 4500 mens

184 4551 336 4607 saepe
382 4535 441 4590 in
475 4536 834 4592 dilectionem
872 4541 1115 4608 reparat,
1163 4539 1311 4594 unde
1360 4539 1458 4594 diu
1484 4556 1542 4594 se
1562 4539 1687 4610 jam
1713 4556 1818 4611 per

1910 2017 1968 2068 et
1993 2029 2096 2066 nos
2116 2029 2444 2067 aversamur
2477 2017 2650 2083 atque
2669 2014 3035 2068 anathemate
3065 2013 3396 2084 plectendos
3428 2013 3535 2066 du-

1908 2107 2108 2173 cimus,
2143 2106 2190 2160 si
2217 2106 2344 2176 quis
2372 2106 2440 2160 de
2465 2105 2577 2160 ﬁde
2604 2106 2860 2176 ejusdem
2886 2106 3088 2178 synodi
3107 2105 3323 2177 aliquid
3344 2105 3534 2160 immi—

1909 2216 2110 2266 nuere,
2143 2200 2232 2254 vel
2255 2199 2415 2254 aliud
2437 2199 2495 2254 in
2521 2216 2589 2254 ea
2617 2200 2828 2255 addere
2855 2200 3171 2271 praesumit.
3200 2201 3341 2254 Nam
3368 2217 3538 2270 syno-

1909 2294 2010 2348 dus
2031 2311 2159 2365 qua
2183 2299 2380 2365 postea
2403 2293 2752 2365 generaliter
2769 2295 2917 2349 facta
2947 2299 3051 2362 est,
3084 2295 3291 2349 idcirco
3311 2311 3342 2348 a
3371 2294 3540 2348 nobis

1909 2387 2242 2456 custoditur,
2265 2387 2401 2459 quia
2423 2388 2677 2458 ejusdem
2709 2389 2916 2460 synodi
2951 2405 3163 2460 sequax
3192 2388 3250 2442 in
3274 2387 3539 2443 omnibus

1910 2482 2059 2536 illius
2088 2483 2364 2536 honorem
2396 2481 2913 2554 auctoritatemque
2940 2482 3204 2537 custodit.
3237 2481 3396 2536 Unde
3436 2497 3536 2535 ne-

1909 2592 2063 2630 cesse
2093 2581 2176 2630 est
2209 2581 2274 2629 ut
2309 2576 2632 2630 dulcissima
2663 2575 2803 2630 mihi
2833 2576 3057 2631 dilectio
3088 2580 3188 2630 tua
3212 2575 3272 2656 in
3302 2575 3362 2629 id
3387 2574 3538 2646 quod

1909 2670 2192 2741 pracipue
2217 2669 2278 2723 in
2299 2669 2501 2724 sanctis
2523 2669 2778 2724 moribus
2798 2669 2954 2740 vivit,
2977 2670 3132 2741 quod
3152 2685 3212 2723 se
3238 2685 3341 2739 per
3360 2668 3536 2722 absti-

1909 2762 2162 2818 nentiam
2217 2762 2439 2834 afﬂigit,
2481 2764 2635 2834 quod
2677 2763 2954 2818 doctrina
2996 2763 3092 2818 Dei
3137 2761 3537 2817 vehementius

1911 2856 2136 2924 insistit,
2168 2856 2275 2910 hoc
2304 2856 2608 2912 studiosius
2625 2856 2854 2928 cogitet,
2884 2872 2956 2912 ne
2983 2872 3239 2912 errorem
3268 2855 3536 2909 schisma-

1908 2949 2154 3005 ticorum
2208 2966 2481 3021 sequens,
2551 2968 2584 3004 a
2649 2955 2843 3005 sancta
2894 2950 3227 3005 universalis
3280 2948 3542 3004 Ecclesia

1911 3044 2314 3099 communione
2346 3043 2524 3098 divisa
2572 3044 2749 3115 possit
2781 3044 3045 3099 inveniri.
3087 3046 3156 3099 Et
3187 3043 3325 3114 quid
3347 3046 3429 3098 tot
3453 3041 3538 3097 la-

1910 3139 2073 3192 bores
2121 3138 2454 3209 proderunt,
2504 3138 2551 3192 si
2606 3138 2667 3192 in
2715 3137 2936 3193 unitate
2983 3137 3115 3192 fidei
3159 3135 3374 3191 inventi
3422 3153 3538 3190 non

1911 3232 2143 3299 fuerint,
2183 3232 2280 3304 qui
2316 3237 2446 3286 ante
2487 3220 2893 3302 omnipotentis
2940 3231 3035 3285 Dei
3066 3232 3254 3285 oculos
3293 3230 3352 3284 in
3377 3230 3544 3284 bonis

1914 3325 2129 3380 actibus
2155 3325 2405 3380 animam
2431 3325 2723 3396 praecipue
2768 3325 3148 3380 custodiunt?
3199 3324 3338 3378 Hinc
3386 3324 3539 3377 enim

1913 3419 2160 3472 dicitur:
2195 3420 2376 3473 «Una
2421 3422 2506 3472 est
2548 3418 2810 3472 columba
2857 3433 2987 3472 mea
3030 3418 3212 3490 (Cant.
3260 3434 3336 3485 γι,
3385 3418 3459 3485 8).
3511 3438 3537 3464 »ι

1912 3512 2049 3566 Hinc
2085 3512 2292 3566 iterum
2339 3511 2614 3566 Dominus
2661 3512 2731 3566 ad
2778 3514 3003 3583 Moysen
3052 3512 3174 3566 ait:
3207 3530 3234 3562 «
3263 3513 3360 3564 Est
3383 3511 3542 3565 locus

1910 3622 2087 3677 penes
2109 3621 2222 3675 me,
2244 3609 2301 3660 et
2316 3605 2486 3661 stabis
2506 3622 2677 3676 supra
2698 3609 2916 3676 petram
2941 3605 3133 3675 (Exod.
3159 3621 3356 3672 xxxm,
3380 3605 3488 3673 2t).
3513 3625 3538 3653 »

1911 3701 2041 3764 Quis
2073 3702 2156 3754 est
2180 3700 2333 3754 locus
2370 3699 2468 3771 qui
2501 3715 2615 3753 non
2643 3700 2715 3752 sit
2755 3699 3001 3765 Domini,
3049 3699 3185 3753 dum
3238 3701 3440 3752 cuncta
3481 3698 3540 3752 in

1914 3794 2054 3865 ipso,
2102 3810 2206 3864 per
2243 3809 2415 3864 quem
2454 3797 2641 3849 creata
2673 3795 2822 3860 sunt,
2861 3792 3271 3847 continentur?
3309 3791 3418 3847 Sed
3456 3794 3540 3845 ta-

1914 3905 2046 3943 men
2079 3892 2164 3943 est
2193 3889 2348 3941 locus
2378 3887 2528 3959 apud
2557 3904 2710 3954 eum,
2744 3887 3007 3942 videlicet
3035 3889 3248 3941 sancta
3285 3885 3544 3941 Ecclesia

1913 3981 2124 4049 unitas,
2153 3982 2212 4036 in
2241 3998 2354 4053 qua
2383 3982 2538 4038 velut
2561 3999 2738 4054 supra
2757 3987 2984 4054 petram
3006 3985 3205 4054 statur,
3232 3980 3371 4035 dum
3401 3995 3540 4034 con-

1915 4047 2174 4130 fessionis
2205 4047 2460 4131 soliditas
2505 4047 2802 4131 humiliter
2840 4047 3205 4150 tenetur.
3254 4091 3368 4146 quo
3428 4075 3547 4129 loco

1915 4170 2280 4241 subjungitur
2309 4189 2323 4224 :
2365 4191 2392 4220 ‹‹
2419 4173 2572 4225 Tunc
2600 4170 2815 4225 videbis
2850 4169 3164 4240 posteriora
3205 4184 3332 4223 mea
3364 4169 3543 4230 (Ibid.,

1915 4263 2025 4333 23),
2059 4284 2085 4310 ››
2129 4263 2186 4316 in
2225 4265 2384 4333 petra
2426 4263 2603 4330 enim,
2633 4263 2690 4317 id
2716 4267 2823 4329 est,
2850 4266 3047 4317 sancta
3078 4260 3270 4333 2'76
3297 4260 3545 4314 Ecclesia

1915 4358 2146 4424 stantes,
2185 4355 2282 4408 Dei
2322 4355 2637 4425 posteriora
2666 4355 3000 4423 videbimus,
3035 4354 3264 4425 quando
3294 4369 3382 4422 ea,
3416 4369 3544 4424 qua

1914 4449 1973 4503 in
2015 4449 2127 4504 ﬁne
2161 4448 2441 4520 promissa
2480 4454 2632 4514 sunt,
2673 4449 2915 4503 calestis
2943 4447 3142 4519 patria
3169 4445 3375 4518 gaudia
3404 4462 3540 4500 con-

1915 4541 2350 4614 templabimur;
2398 4543 2649 4613 perversi
2684 4547 2877 4597 autem
2921 4541 3206 4610 homines,
3246 4540 3344 4611 qui
3372 4540 3548 4594 trium

183 4630 584 4701 paenitentiam
635 4631 858 4700 afflixit,
914 4631 990 4685 ita
1044 4637 1102 4686 ut
1155 4649 1285 4688 vere
1337 4650 1468 4687 cum
1525 4632 1892 4705 Psalmist
1915 4636 2288 4708 capitulorum
2320 4635 2614 4690 occasione
2640 4638 2888 4707 reperta,
2914 4632 3352 4690 ecclesiasticam
3377 4632 3544 4687 disci-

186 4724 337 4779 dicat
366 4741 378 4779 :
415 4745 442 4774 «
467 4727 952 4795 Computruerunt
985 4728 1042 4779 et
1061 4729 1342 4796 corrupta
1372 4732 1504 4782 sunt
1530 4728 1818 4783 cicatrices

189 4836 220 4872 a
249 4817 394 4872 facie
423 4818 764 4889 insipientia
795 4836 935 4874 mea
963 4820 1128 4890 (Psal.
1166 4835 1376 4888 xxxvu,
1412 4822 1483 4889 6).
1516 4843 1543 4870 ››
1575 4822 1816 4878 Cicatrix

186 4913 400 4984 quippe
427 4912 612 4983 ﬁgura
638 4917 724 4968 est
744 4914 1011 4983 vulneris,
1040 4914 1138 4968 sed
1172 4913 1373 4968 sanati.
1417 4913 1654 4969 Cicatrix
1681 4933 1818 4987 ergo

189 5007 259 5061 ad
286 5006 652 5078 putredinem
680 5008 846 5077 redit,
879 5009 1111 5079 quando
1139 5007 1348 5079 peccati
1380 5007 1635 5078 vulnere,
1664 5011 1817 5081 quod

180 5101 301 5170 jam
330 5116 434 5171 per
454 5101 847 5171 paenitentiam
878 5107 1141 5157 sanatum
1165 5107 1267 5170 est,
1299 5102 1358 5156 in
1383 5101 1818 5158 delectationem

185 5194 270 5248 sui
300 5194 526 5249 animus
553 5196 893 5252 concutitur.
920 5196 1081 5268 Sape
1106 5213 1354 5268 namque
1374 5195 1527 5267 quod
1551 5195 1815 5266 fecimus,

187 5305 293 5360 per
338 5288 515 5343 hostis
559 5289 745 5344 callidi
783 5289 1022 5345 insidias
1080 5291 1257 5346 oculis
1303 5289 1485 5345 cordis
1538 5289 1814 5345 videmus.

185 5384 442 5454 Cumque
485 5383 892 5439 insensibiliter
937 5385 995 5438 in
1043 5385 1149 5439 hoc
1197 5383 1496 5440 delectatio
1539 5383 1813 5455 subrepit,

183 5477 446 5547 quamvis
463 5477 587 5548 jam
619 5479 858 5549 plangat
877 5478 1027 5550 quod
1053 5477 1274 5546 fecerit,
1307 5478 1480 5533 tadet
1506 5480 1699 5532 tamen
1726 5477 1814 5531 in-

181 5570 410 5625 felicem
455 5571 714 5626 animum
760 5573 1024 5644 quaedam
1053 5572 1250 5628 fecisse
1275 5588 1403 5644 qua
1442 5573 1693 5644 plangat.
1725 5572 1817 5626 Ha

182 5669 315 5719 sunt
338 5664 528 5719 cordis
575 5671 782 5721 nostra
826 5665 1099 5734 tenebra,
1148 5682 1292 5737 quas
1335 5666 1394 5720 in
1425 5667 1528 5721 hac
1555 5665 1685 5734 vita,
1719 5681 1812 5720 vo-

180 5757 385 5828 lentes,
418 5758 700 5830 nolentes,
731 5761 1100 5815 sustinemus.
1135 5759 1270 5824 Quis
1297 5765 1495 5815 contra
1523 5760 1645 5815 hac
1665 5776 1817 5832 qua-

181 5851 393 5907 rcndus
421 5856 524 5921 est,
553 5852 662 5907 nisi
697 5873 724 5904 «
753 5853 980 5925 adjutor
995 5853 1053 5909 in
1082 5853 1608 5925 opportunitatibus
1628 5855 1686 5910 in
1722 5854 1818 5910 tri-

183 5945 517 6002 bulatione?
543 5946 708 6013 (Psal.
746 5964 818 6014 IX,
858 5949 964 6017 10.)
999 5971 1024 5996 ››

1917 4731 2132 4802 plinam
2179 4727 2428 4800 fugiunt,
2471 4729 2540 4784 de
2579 4729 2694 4782 suis
2734 4728 3056 4783 carnalibus
3092 4727 3308 4783 actibus
3348 4742 3542 4796 repre-

1918 4824 2094 4879 hendi
2124 4823 2552 4896 pertimescunt,
2595 4827 2652 4877 et
2676 4822 2909 4877 subesse
2939 4822 3060 4877 sedi
3093 4819 3414 4892 apostolica
3439 4836 3544 4873 no-

1918 4921 2063 4986 lunt,
2095 4922 2150 4972 et
2191 4933 2293 4972 nos
2319 4917 2477 4988 quasi
2517 4916 2586 4972 de
2615 4915 2725 4971 ﬁde
2768 4915 3204 4988 reprehendunt
3242 4930 3413 4985 quam
3441 4913 3548 4985 ipsi

1920 5011 2195 5066 nesciunt.
2227 5012 2294 5065 Et
2319 5011 2457 5065 dum
2484 5027 2671 5081 neque
2699 5011 2758 5064 in
2782 5010 2897 5064 ﬁde
2924 5009 3064 5064 recti
3090 5011 3241 5078 sunt,
3272 5024 3458 5078 neque
3486 5007 3546 5061 in

1917 5105 2083 5160 bonis
2121 5105 2386 5176 operibus
2427 5103 2654 5171 intenti,
2698 5103 2932 5159 student
2971 5108 3034 5158 ut
3059 5105 3278 5158 certare
3304 5117 3407 5173 pro
3439 5101 3550 5156 ﬁde

1918 5199 2236 5254 videantur.
2277 5199 2481 5270 Sicque
2507 5195 2758 5271 quotidie
2787 5196 3097 5252 deteriores
3123 5197 3288 5265 ﬁunt,
3321 5195 3458 5250 dum
3490 5195 3549 5249 in

1920 5292 1999 5346 eis
2029 5293 2191 5363 culpa
2226 5292 2543 5364 grossescit.
2593 5291 2698 5357 Qui
2728 5291 2892 5363 quasi
2919 5290 2988 5345 de
3014 5291 3134 5345 zelo
3160 5289 3400 5344 fervoris
3426 5289 3551 5343 ﬁeri

1919 5386 2092 5440 etiam
2115 5386 2426 5443 laudabiles
2453 5389 2752 5459 appetunt,
2781 5385 2881 5440 sed
2907 5385 3071 5456 juxta
3102 5383 3250 5455 quod
3277 5382 3550 5453 scriptum

1918 5483 2003 5533 est
2025 5495 2038 5532 :
2067 5480 2191 5533 «Ex
2213 5481 2478 5550 operibus
2500 5497 2700 5536 eorum
2718 5477 3074 5552 cognoscetis
3099 5494 3196 5532 eos
3214 5477 3430 5547 (Matth.
3448 5492 3547 5544 vn,

1919 5573 2025 5642 20);
2054 5592 2081 5620 ››
2118 5572 2295 5627 vitam
2324 5589 2524 5628 eorum
2557 5577 2654 5629 tua
2684 5573 2927 5629 charitas
2963 5571 3241 5641 ostendat,
3280 5572 3337 5625 et
3365 5569 3543 5623 meri-

1915 5669 2038 5720 tum
2069 5664 2404 5721 intentionis
2433 5667 2692 5738 aspiciat.
2733 5670 2802 5723 Ut
2835 5667 2991 5724 enim
3022 5663 3309 5721 dilectioni
3337 5667 3452 5718 tua
3477 5662 3549 5718 de

1919 5757 2119 5813 eadem
2148 5775 2210 5813 re
2236 5758 2486 5814 breviter
2512 5760 2730 5831 loquar,
2752 5767 2871 5817 tota
2888 5757 3364 5817 Chalcedonensis
3386 5773 3551 5829 syno-

1917 5853 2022 5908 dus
2051 5868 2227 5925 usque
2265 5853 2334 5908 ad
2366 5852 2758 5908 deﬁnitionem
2802 5854 2930 5908 fidei
2959 5857 3018 5907 et
3048 5853 3427 5925 prolationem
3453 5869 3549 5906 ca-

1921 5963 2132 6006 nonum
2169 5947 2238 6007 de
2271 5947 2630 6019 generalibus
2660 5947 2841 6001 causis
2873 5941 3058 6001 locuta
3086 5949 3190 6001 est.
3235 5947 3397 6016 Nam,
3429 5952 3553 6022 post
