4050 6346
497 431 618 486 1111

1381 432 1661 488 ΛΡΡΕΝΙ).
1705 433 1791 486 ΑΙ)
1830 433 1989 488 SASC.
2037 431 2117 484 ΙΧ.
2152 460 2218 467 ——
2264 429 2507 485 lSlDORI
2546 431 2973 486 MERCATORIS

3727 434 3865 488 1112

491 539 891 608 probationem
914 556 1216 607 canonum,
1242 540 1506 610 specialia
1523 540 1924 613 episcoporum
1941 546 2117 598 certa—
2137 549 2198 623 Α
2218 537 2377 592 cilius
2405 539 2672 605 creditur,
2700 539 2769 594 de
2797 540 2902 594 hoc
2933 540 3090 595 enim
3118 540 3396 611 propheta
3438 542 3573 596 dicit
3607 559 3620 596 :
3661 565 3688 592 (ι
3722 543 3870 596 Nolo

492 633 648 689 mina
685 635 869 705 sopire
894 633 1130 688 curavit.

564 727 868 798 Epistolam
894 745 1048 797 vero,
1079 745 1251 799 quam
1282 730 1338 784 in
1366 745 1433 785 ea
1461 732 1966 788 reverendissimus
1991 733 2117 788 lbas

493 821 738 891 denegat
755 839 940 890 suam,
962 840 1137 894 quam
1157 824 1215 878 in
1240 829 1497 879 extrema
1512 829 1674 896 parte
1694 827 1896 898 synodi
1909 827 2116 898 jaceat,

491 915 801 986 cognoscis,
833 933 961 988 quas
988 918 1248 972 videlicet
1273 919 1506 990 epistola
1537 921 1860 975 Nestorium
1887 921 2118 976 inaudi-

491 1013 632 1076 tum,
667 1014 723 1065 et
759 1009 1123 1082 inquisitione
1157 1030 1273 1068 non
1313 1014 1462 1068 facta
1503 1013 1842 1069 damnatum
1881 1015 2116 1081 asserit;

491 1104 762 1173 Cyrillum
793 1122 928 1160 vero
957 1106 1017 1160 in
1047 1107 1384 1177 Apollinaris
1415 1109 1624 1178 dogma
1652 1108 1915 1164 cecidisse
1946 1109 2121 1180 suspi-

2219 637 2468 686 mortem
2515 633 2847 704 peccatoris,
2902 634 3001 689 sed
3056 637 3122 688 ut
3169 637 3532 690 convertatur
3597 640 3656 690 et
3711 636 3872 692 vivat

2221 725 2428 795 (Ezech.
2489 743 2676 794 xxxm,
2717 728 2835 796 tl);
2883 747 2908 776 ››
2947 730 3003 782 et
3044 727 3154 782 hoc
3193 729 3552 798 peccantibus
3595 729 3818 784 dicitur
3855 749 3866 784 ε

2223 841 2249 870 ‹‹
2279 822 2543 874 Peccator
2568 822 2628 875 in
2657 837 2998 892 quacunque
3038 821 3128 876 die
3154 838 3458 877 conversus
3483 823 3868 893 ingemuerit,

2223 929 2419 968 omnes
2435 913 2763 984 iniquitates
2784 913 2904 984 ejus
2925 914 2984 968 in
3003 913 3289 970 oblivione
3307 915 3613 971 traduntur
3636 916 3866 988 (Ezech.

2221 1009 2503 1076 “111,321,
2539 1007 2646 1071 22).
2684 1027 2710 1059 ››
2741 1007 2799 1062 Si
2825 1007 2980 1062 enim
3004 1007 3374 1080 Redemptor,
3403 1009 3500 1081 qui
3527 1014 3870 1081 peccatores

2223 1099 2463 1154 minime
2491 1100 2752 1171 perdere,
2780 1101 2878 1156 sed
2898 1101 3210 1172 justiﬁcare
3235 1101 3390 1157 venit
3417 1103 3562 1172 (Luc.
3586 1120 3662 1171 1x,
3688 1105 3780 1174 56)
3806 1104 3866 1158 in

491 1204 669 1253 catur.
711 1201 797 1268 Et,
839 1200 885 1254 si
924 1204 1073 1255 totus
1103 1200 1366 1272 superior
1394 1206 1577 1256 textus
1607 1202 1890 1273 praedictae
1919 1203 2119 1274 synodi
2191 1180 2505 1264 \oblivione
2533 1198 2832 1264 peccantes
2853 1211 2971 1249 non
3002 1195 3370 1267 derelinquit.
3399 1196 3525 1267 quis
3553 1197 3868 1253 hominum

489 1291 714 1361 legitur,
751 1298 1027 1363 quantum
1060 1294 1179 1348 haec
1201 1295 1440 1365 epistola
1468 1295 1656 1350 eidem
1684 1296 1902 1366 synodo
1923 1297 2122 1351 adver-

490 1388 650 1440 satur
691 1386 1000 1452 invenitur,
1057 1388 1211 1458 quia,
1270 1387 1480 1443 scilicet
1531 1392 1726 1443 sancta
1781 1390 2026 1460 synodus
2065 1394 2123 1444 et

491 1480 831 1546 Nestorium,
875 1480 1017 1535 sicut
1045 1485 1149 1550 est,
1183 1482 1516 1537 haereticum
1549 1483 1866 1550 denuntiat,
1902 1487 1960 1538 et
1997 1484 2123 1539 bea-

490 1579 612 1626 tum
659 1573 929 1644 Cyrillum
975 1575 1200 1629 Patrem
1251 1576 1589 1630 catholicum
1632 1579 1953 1631 veneratur.
1998 1577 2123 1648 Epi-

493 1667 633 1720 stola
658 1683 818 1738 ergo,
843 1684 971 1738 quae
990 1668 1152 1722 illum
1179 1668 1432 1724 defendit
1461 1669 1558 1740 qui
1585 1688 1618 1723 a
1647 1670 1862 1741 synodo
1892 1670 2123 1725 damna-

493 1765 583 1813 tus
609 1764 711 1827 est,
745 1764 802 1816 et
831 1776 962 1815 eum
990 1766 1217 1816 accusat
1242 1762 1341 1832 qui
1375 1779 1407 1816 a
1434 1763 1650 1834 synodo
1681 1768 1981 1819 veneratus
2016 1769 2118 1831 est,

493 1854 691 1922 procul
719 1853 893 1908 dubio
921 1854 1242 1909 deﬁnitioni
1271 1859 1479 1910 sancta:
1506 1857 1706 1927 synodi
1725 1857 1998 1928 probatur
2022 1859 2120 1912 ad-

492 1946 724 2001 versari.
763 1947 867 2011 Qui
902 1948 1056 2002 enim
1089 1953 1381 2004 tantorum
1415 1951 1648 2004 Patrum
1692 1950 1984 2006 deﬁnitam
2007 1917 2198 2006 nonB

491 2045 721 2095 servant
746 2041 1092 2096 sententiam
1117 2043 1316 2112 procul
1345 2043 1518 2098 dubio
1546 2044 1920 2100 adversantur
1942 2047 2123 2100 Eccle-

492 2134 604 2189 sise.
630 2135 772 2189 Nam
797 2139 896 2190 tua
925 2137 1193 2190 sanctitas
1215 2136 1349 2191 inde
1372 2154 1406 2191 a
1424 2137 1588 2192 nobis
1612 2138 1908 2209 requisivit
1935 2144 1995 2194 ut
2021 2139 2122 2194 tibi

491 2228 826 2283 sacerdotali
857 2228 1042 2284 ofﬁcio
1073 2234 1203 2300 post
1228 2231 1450 2301 lapsum
1477 2232 1814 2302 resurgendi
1841 2233 2119 2287 scribere-

492 2338 638 2389 mus,
672 2322 809 2376 dum
837 2323 972 2377 dicit
998 2322 1066 2377 de
1099 2324 1207 2377 hoc
1233 2341 1517 2379 canonum
1540 2325 1895 2380 diversorum
1915 2326 2122 2397 legisse

493 2415 742 2470 diversas
786 2416 1112 2485 sententias,
1153 2417 1290 2472 alias
1338 2419 1692 2490 resurgendi,
1731 2419 1871 2474 alias
1901 2436 2118 2490 nequa-

491 2525 669 2578 quam
701 2526 884 2580 posse.
929 2511 1061 2566 Ideo
1097 2528 1202 2566 nos
1244 2513 1540 2582 generales
1566 2513 1816 2584 synodos
1840 2530 1873 2567 a
1897 2513 2122 2569 Niceena

489 2602 842 2674 incipientes,
874 2621 1004 2659 cum
1026 2605 1261 2676 reliquis
1288 2609 1530 2676 quatuor
1557 2623 1927 2673 veneramur;
1962 2607 2118 2678 quia,

492 2688 1010 2768 ipsam'sequentes,
1042 2699 1102 2752 in
1125 2699 1341 2754 cunctis
1362 2700 1656 2755 sententiis
1675 2701 1975 2756 unanimes
1996 2717 2124 2755 con-

490 2791 762 2859 cordant;
797 2792 934 2862 quia
959 2798 1014 2847 et
1043 2809 1145 2846 nos
1174 2794 1558 2863 praecedentes
1587 2811 1688 2849 nos
1717 2796 1910 2850 Patres
1938 2795 2123 2865 sequi-

491 2901 620 2938 mur
643 2871 848 2972 ;\quia,
893 2891 1120 2942 auctore
1157 2887 1294 2953 Deo,
1343 2904 1376 2942 a
1406 2905 1566 2943 sacra
1606 2888 1864 2943 doctrina
1891 2889 2122 2943 illorum

494 2995 608 3031 non
637 2978 1046 3034 discordamus.
1075 2983 1120 3033 A
1147 2981 1330 3050 capite
1356 2981 1546 3051 itaque
1581 2981 1916 3052 incipientes
1942 2998 2122 3052 usque

493 3071 548 3125 in
578 3074 848 3141 quartum
875 3073 1068 3127 altaris
1088 3073 1440 3141 ministrum,
1459 3075 1602 3128 hanc
1620 3075 1867 3129 formam
1889 3092 2124 3146 sequen-

493 3165 623 3218 dam
646 3166 1060 3235 cognoscimus,
1089 3171 1153 3221 ut
1180 3166 1277 3237 qui
1305 3168 1495 3221 minor
1515 3171 1600 3221 est
1625 3169 1807 3239 major
1827 3169 1876 3223 ei
1904 3185 2118 3239 prince-

491 3260 619 3326 dat;
662 3259 761 3313 sed
799 3260 946 3314 sicut
985 3260 1224 3327 honore,
1267 3261 1347 3315 ita
1387 3266 1444 3316 et
1477 3261 1537 3315 in
1567 3261 1826 3332 crimine,
1866 3267 1920 3317 et
1946 3279 2196 3364 quemC

491 3352 676 3422 major
702 3352 960 3424 sequitur
981 3354 1164 3425 culpa,
1190 3354 1409 3425 majore
1431 3355 1754 3426 implicetur
1771 3355 2037 3423 vindicta,
2063 3359 2123 3410 et

491 3448 615 3514 post
631 3445 1026 3515 paenitentiam
1047 3447 1312 3502 credatur
1329 3464 1448 3502 esse
1469 3448 1774 3503 fructuosa.
1795 3448 1943 3512 Quid
1963 3449 2118 3503 enim

490 3539 719 3608 prodest
746 3539 998 3595 triticum
1026 3541 1326 3611 seminare,
1352 3544 1408 3596 et
1426 3541 1676 3596 fructum
1698 3542 1846 3596 illius
1871 3559 1985 3596 non
2010 3543 2116 3596 tol-

489 3633 649 3688 lere?
679 3637 777 3688 aut
804 3634 1037 3689 domum
1067 3640 1412 3702 construere,
1444 3640 1501 3690 et
1529 3652 1646 3690 non
1677 3635 1791 3689 illic
1811 3635 2068 3690 habitare
2091 3636 2119 3690 ‘?

488 3728 618 3781 Post
653 3726 885 3798 dignam
928 3728 1370 3783 satisfactionem
1409 3729 1693 3784 credimus
1730 3730 1915 3784 redire
1954 3746 2120 3800 posse

488 3820 559 3873 ad
587 3817 886 3890 honorem,
916 3822 1197 3892 Propheta
1219 3822 1441 3878 dicente
1469 3841 1480 3876 :
1510 3845 1538 3872 «
1559 3822 1827 3894 Nunquid
1851 3823 1949 3894 qui
1971 3822 2122 3877 cadit

490 3929 603 3966 non
636 3913 862 3983 adjiciet
888 3919 949 3969 ut
980 3917 1279 3985 resurgat?
1307 3936 1334 3964 »
1371 3916 1538 3984 (Psal.
1570 3933 1659 3985 XL,
1694 3917 1767 3984 9.)
1797 3917 1866 3970 Et
1891 3916 1987 3987 qui
2015 3916 2117 3970 ad-

491 4022 684 4059 versus
714 4012 798 4060 est
816 4023 932 4060 non
957 4009 1316 4062 revertetur?
1345 4008 1504 4063 Idem
1526 4026 1751 4080 quoque
1778 4010 1859 4063 ait
1893 4026 1903 4062 :
1940 4028 1967 4060 «
1989 4011 2120 4063 Pec-

489 4105 645 4152 cator
671 4098 730 4152 in
761 4115 1105 4170 quacunque
1135 4100 1226 4153 die
1263 4117 1566 4155 conversus
1602 4101 1970 4171 ingemuerit,
2009 4102 2116 4155 sal-

491 4207 590 4245 vus
647 4191 757 4247 erit
801 4193 1002 4260 (Ezech.
1058 4209 1245 4262 xxxm,
1303 4194 1410 4266 l2).
1467 4216 1493 4243 ››
1551 4194 1712 4249 Unde
1766 4195 2115 4251 Psalmista:

491 4308 518 4332 κ
536 4286 642 4340 Cor
662 4286 941 4340 mundum
962 4303 1093 4342 crea
1120 4286 1179 4341 in
1201 4304 1317 4357 me,
1342 4289 1508 4357 Deus,
1534 4290 1592 4342 et
1613 4287 1878 4359 spiritum
1899 4291 2119 4343 rectum

489 4379 695 4434 innova
725 4380 781 4433 in
813 4379 1124 4434 visceribus
1152 4381 1312 4435 meis.
1346 4381 1423 4436 Ne
1455 4381 1724 4452 projicias
1766 4398 1858 4436 me
1900 4399 1933 4435 a
1974 4381 2118 4436 facie

486 4478 599 4539 tua,
645 4475 703 4526 et
744 4473 1018 4543 Spiritum
1058 4478 1318 4527 sanctum
1358 4478 1522 4528 tuum
1572 4490 1644 4528 ne
1684 4474 1906 4528 auferas
1950 4491 1983 4527 a
2027 4490 2119 4529 me

486 4566 649 4624 (Psal.
687 4583 734 4634 L,
769 4570 854 4633 12,
891 4567 994 4636 13).
1028 4588 1054 4616 ››
1089 4568 1230 4623 Cum
1257 4566 1410 4622 enim
1437 4568 1620 4639 petiit,
1658 4583 1727 4621 ne
1752 4567 1822 4622 ab
1853 4583 1921 4621 eo
1949 4567 2121 4637 proji-

2223 1287 2690 1342 condemnandos
2715 1291 2985 1356 reservat,
3015 1305 3147 1343 cum
3178 1290 3482 1360 Apostolus
3510 1290 3658 1346 dicat
3686 1307 3699 1346 :
3740 1311 3770 1343 ε(
3807 1291 3869 1347 Si

2222 1381 2370 1434 Deus
2389 1381 2682 1450 justiﬁcat,
2708 1381 2837 1452 quis
2857 1386 2940 1437 est
2965 1381 3063 1453 qui
3085 1383 3473 1439 condemnet?
3494 1404 3522 1433 »
3551 1386 3721 1453 (Rom.
3743 1401 3865 1451 vui,

2222 1477 2321 1542 33,
2373 1475 2481 1545 34.)
2554 1475 2640 1529 Ad
2711 1475 2929 1530 fontem
2995 1475 3402 1531 misericordiae
3478 1483 3868 1547 recurrentes,

2224 1568 2618 1638 Evangelicam
2647 1569 2969 1624 referamus
2995 1570 3343 1624 sententiam
3375 1586 3388 1625 :
3425 1590 3452 1622 α
3492 1571 3749 1640 Gaudeo,
3777 1573 3866 1627 in-

2225 1661 2366 1732 quit,
2389 1661 2570 1732 magis
2588 1678 2760 1733 super
2772 1679 2887 1717 uno
2908 1666 3202 1734 peccatore
3224 1664 3624 1734 paenitentiam
3647 1669 3863 1736 agente

2223 1771 2396 1826 quam
2419 1772 2592 1827 super
2611 1757 2922 1828 nonaginta
2937 1773 3144 1812 novem
3159 1757 3325 1828 justis
3344 1758 3440 1830 qui
3462 1775 3578 1813 non
3594 1758 3868 1831 indigent

2222 1849 2558 1919 poenitentia
2585 1849 2734 1920 (Luc.
2765 1867 2853 1918 xv,
2879 1849 2956 1921 7).
2984 1872 3013 1900 ››
3053 1852 3121 1906 Et
3149 1867 3311 1906 ovem
3337 1851 3644 1922 perditam,
3672 1870 3863 1909 nona-

2225 1941 2385 2013 ginta
2400 1959 2606 1998 novem
2620 1959 2736 1998 non
2755 1944 3080 1999 errantibus
3095 1945 3324 2013 relictis,
3347 1946 3586 2002 humero
3608 1953 3869 2019 reporta-

2222 2039 2338 2090 tam
2365 2037 2500 2092 dicit
2524 2037 2708 2108 (Ibid.,
2742 2039 2796 2106 4,
2826 2042 2898 2107 5).
2934 2038 2989 2093 Si
3036 2039 3154 2093 ovis
3186 2055 3381 2093 errans
3422 2043 3554 2111 post
3582 2040 3866 2096 inventio-

2223 2146 2358 2183 nem
2385 2130 2454 2185 ad
2487 2130 2629 2185 ovile
2659 2131 2900 2186 humero
2932 2135 3274 2203 reportatur,
3308 2149 3410 2187 cur
3429 2138 3552 2205 post
3580 2135 3867 2205 poeniten-

2222 2223 2316 2277 tiae
2359 2240 2590 2294 poenam
2637 2225 2711 2280 ad
2760 2225 3013 2280 Ecclesiae
3044 2226 3422 2282 ministerium
3449 2232 3718 2298 peccator
3742 2246 3863 2284 non

2222 2319 2564 2372 revocetur?
2603 2317 2746 2382 Quid
2788 2318 2944 2373 enim
2975 2324 3060 2374 est
3087 2320 3312 2391 gravius
3337 2322 3563 2376 carnale
3589 2323 3866 2378 delictum

2223 2410 2538 2479 admittere,
2572 2412 2692 2467 sine
2721 2429 2832 2483 quo
2859 2412 2918 2467 in
2943 2413 3137 2468 multis
3162 2414 3333 2484 pauci
3359 2414 3752 2486 inveniuntur,
3783 2433 3863 2471 an

2223 2505 2324 2558 Dei
2354 2504 2556 2559 Filium
2578 2505 2835 2561 timendo
2859 2523 3075 2578 negare
3097 2507 3124 2561 ‘?
3157 2508 3216 2562 in
3243 2525 3358 2579 quo
3380 2525 3496 2564 uno
3517 2509 3708 2580 ipsum
3728 2509 3868 2565 bea-

2222 2601 2347 2652 tum
2377 2600 2628 2666 Petrum,
2658 2601 3048 2670 apostolorum
3070 2600 3406 2673 principem,
3430 2603 3501 2657 ad
3521 2604 3682 2674 cujus
3702 2620 3867 2660 nunc

2222 2708 2427 2763 corpus
2453 2692 2681 2765 indigni
2708 2693 2993 2763 sedemus,
3031 2695 3254 2766 lapsum
3294 2711 3414 2751 esse
3437 2698 3861 2768 cognoscimus,

2224 2785 2323 2839 sed
2349 2791 2478 2856 post
2503 2787 2866 2857 negationem
2896 2788 3234 2859 poenitentia
3261 2794 3470 2857 secuta,
3500 2793 3558 2844 et
3581 2797 3709 2862 post
3737 2809 3860 2864 pae-

2222 2879 2522 2934 nitentiam
2576 2880 2966 2935 misericordia
3019 2883 3150 2937 data
3199 2883 3344 2954 (Luc.
3404 2901 3550 2952 xxu,
3614 2888 3861 2957 57-61),

2221 2973 2356 3044 quia
2386 2973 2546 3028 illum
2571 2974 2640 3028 ab
2669 2976 2989 3046 apostolatu
3020 2993 3135 3030 non
3167 2977 3404 3048 depulit,
3438 2995 3611 3050 quem
3636 2983 3771 3034 ante
3801 2997 3864 3035 se

2222 3065 2411 3137 ipsum
2444 3083 2651 3138 negare
2677 3068 2938 3139 praedixit
2972 3070 3184 3139 (Matth.
3227 3087 3372 3140 xxvr,
3418 3071 3529 3143 75).
3558 3072 3680 3127 Tibi
3711 3074 3860 3141 haec,

2222 3158 2301 3214 ﬁli
2356 3161 2707 3231 charissime,
2771 3162 2919 3217 dicta
2978 3163 3280 3231 sufﬁciant,
3344 3169 3405 3219 ut
3457 3165 3618 3220 illum
3686 3184 3865 3238 quem

2221 3254 2496 3324 conspicis
2522 3255 2662 3310 ﬂetu
2683 3255 2899 3311 ‘delicta
2925 3256 3138 3325 delere,
3171 3257 3230 3312 in
3257 3264 3559 3330 conspectu
3591 3259 3860 3316 divinita-

2220 3349 2292 3402 tis
2316 3364 2434 3404 non
2456 3349 2678 3404 dubites
2698 3349 3149 3405 misericordiam
3169 3352 3456 3424 consequi,
3478 3353 3611 3424 quia
3631 3355 3857 3409 nullum

2219 3447 2550 3512 peccantem
2579 3458 2916 3498 conversum
2948 3443 3188 3514 despicit
3215 3445 3314 3516 qui
3341 3449 3669 3517 peccatores
3703 3447 3857 3504 redi-

2219 3552 2373 3590 mere
2403 3535 2577 3590 venit.

2289 3629 2449 3694 Quod
2467 3628 2778 3700 imaginem
2795 3628 2964 3698 illius,
2985 3647 3158 3702 quem
3175 3632 3326 3700 colis,
3347 3633 3451 3687 tibi
3468 3633 3852 3705 dirigendam,

2223 3739 2324 3793 per
2347 3723 2687 3790 Dulcerium,
2711 3723 3014 3778 diaconem
3041 3728 3226 3792 tuum,
3249 3727 3483 3798 rogasti,
3509 3729 3674 3783 valde
3694 3731 3859 3785 nobis

2219 3819 2315 3870 tua
2357 3816 2666 3887 postulatio
2719 3817 2948 3888 placuit,
2979 3818 3110 3889 quia
3136 3819 3299 3874 illum
3328 3821 3389 3875 in
3421 3822 3591 3876 corde
3619 3825 3740 3877 tota
3765 3824 3856 3878 in-

2218 3909 2476 3964 tentione
2505 3910 2734 3981 quaeris,
2764 3910 2924 3981 cujus
2952 3911 3271 3984 imaginem
3297 3930 3415 3985 prae
3437 3914 3615 3970 oculis
3642 3917 3857 3972 habere

2219 4002 2519 4058 desideras.
2575 4006 2646 4060 Ut
2702 4004 2842 4059 visio
2904 4006 3212 4076 corporalis
3265 4009 3596 4079 quotidiana
3660 4011 3859 4068 reddat

2221 4099 2568 4166 exoptatum,
2600 4101 2674 4165 et,
2705 4097 2845 4152 dum
2863 4099 3146 4170 picturam
3176 4100 3354 4171 vides,
3379 4102 3450 4156 ad
3477 4101 3638 4157 illum
3658 4104 3853 4159 animo

2219 4190 2554 4258 inardescas,
2591 4191 2750 4263 cujus
2780 4192 3095 4264 imaginem
3122 4194 3310 4250 videre
3341 4195 3651 4264 desideras,
3691 4198 3764 4252 ab
3792 4215 3852 4252 re

2218 4300 2336 4338 non
2364 4284 2620 4352 facimus,
2657 4286 2704 4339 si
2743 4302 2846 4356 per
2885 4286 3121 4341 visibilia
3159 4288 3464 4343 invisibilia
3492 4290 3850 4346 demonstra-

2219 4393 2368 4432 mus.
2400 4377 2486 4432 Sic
2512 4378 2706 4446 homo,
2727 4379 2825 4450 qui
2842 4379 3019 4434 alium
3043 4382 3317 4436 ardenter
3335 4382 3525 4438 videre
3546 4384 3850 4455 desiderat,

2220 4476 2390 4542 atque
2437 4487 2504 4524 ex
2548 4487 2710 4527 more
2750 4489 3014 4543 sponsam
3052 4475 3298 4530 amando
3343 4475 3645 4546 desiderat,
3680 4483 3852 4550 atque

2219 4564 2410 4620 videre
2451 4569 2707 4636 conatur,
2747 4566 2793 4620 si
2831 4567 3112 4638 contingit
3147 4567 3302 4624 illam
3345 4571 3416 4624 ad
3442 4570 3714 4626 balneum
3743 4572 3846 4640 ire,

483 4664 728 4728 ceretur,
773 4660 1022 4732 prolapsi
1063 4661 1248 4732 culpa,
1291 4661 1440 4732 quod
1482 4661 1727 4715 alienam
1771 4677 1868 4715 rex
1895 4663 1953 4715 et
1978 4677 2114 4730 pro-
2135 4660 2195 4732 D
2216 4663 2313 4713 aut
2338 4658 2410 4713 ad
2445 4659 2744 4714 ecclesiam
2771 4661 3100 4731 procedere,
3131 4661 3372 4718 festinus
3398 4663 3458 4717 in
3495 4663 3586 4720 via
3615 4681 3677 4719 se
3709 4682 3851 4736 pras—

487 4754 657 4820 pheta
689 4753 856 4808 simul
888 4754 1169 4825 rapuisset
1191 4771 1452 4821 uxorem,
1481 4755 1846 4809 tremefactus
1874 4753 2114 4824 expavit.

485 4847 783 4917 Propheta,
806 4847 1090 4902 indicante
1123 4847 1403 4919 flagitium
1433 4864 1622 4914 suum,
1653 4847 1805 4901 unde
1831 4847 2114 4918 poeniten-

487 4941 623 4994 tiam
651 4956 829 5011 agens
863 4941 1088 4995 addidit
1121 4957 1132 4995 :
1165 4961 1193 4992 «
1225 4941 1417 4996 Redde
1445 4940 1589 4994 mihi
1615 4940 1865 4994 laetitiam
1896 4940 2115 4995 Saluta-

483 5033 558 5087 ris
584 5034 689 5102 tui,
751 5037 805 5088 et
857 5034 1058 5104 spiritu
1114 5033 1410 5104 principali
1469 5033 1744 5089 conﬁrma
1795 5049 1886 5088 me
1933 5033 2114 5102 (Ibid.,

489 5127 588 5194 14).
629 5148 654 5174 ››
687 5126 743 5181 Si
773 5127 923 5181 enim
960 5127 1194 5199 dignam
1224 5129 1337 5181 Deo
1373 5127 1771 5197 poenitentiam
1807 5143 1921 5181 non
1950 5126 2115 5181 fecis-

484 5221 588 5286 set,
640 5235 1002 5292 nequaquam
1040 5221 1165 5275 aliis
1200 5221 1557 5292 praedicaret.
1591 5221 1684 5275 Ait
1718 5221 1871 5276 enim
1903 5239 1914 5275 :
1950 5242 1977 5270 «
2004 5223 2114 5276 Do-

482 5328 638 5366 ceam
669 5312 898 5384 iniquos
924 5314 1042 5369 vias
1071 5319 1216 5384 tuas,
1253 5318 1309 5368 et
1337 5314 1500 5386 impii
1526 5315 1598 5370 ad
1628 5317 1683 5368 te
1713 5317 2119 5370 convertentur

480 5407 666 5477 (Ibid.,
718 5406 820 5478 15).
876 5429 902 5457 »
966 5411 1107 5464 Cum
1167 5409 1322 5463 enim
1381 5411 1613 5479 peccata
1683 5425 1783 5463 sua
1832 5409 2122 5480 prospexit

479 5500 761 5572 Propheta
795 5501 1072 5556 mundata
1112 5519 1217 5573 per
1242 5502 1662 5573 paenitentiam,
1697 5519 1816 5556 non
1845 5501 2120 5556 dubitavit

481 5594 841 5665 prardicando
886 5611 1082 5650 curare
1133 5595 1335 5651 aliena.
1387 5598 1454 5651 Et
1512 5595 1847 5650 sacriﬁcium
1903 5596 1972 5650 de
2031 5611 2117 5648 se-

479 5689 728 5759 metipso
772 5688 978 5743 offerre
1024 5689 1134 5744 Deo
1185 5689 1418 5758 studuit,
1467 5706 1598 5744 cum
1655 5689 1921 5744 dicebat:
1960 5709 1986 5736 ‹‹
2014 5687 2114 5742 Sa-

480 5781 755 5836 crificium
799 5783 915 5836 Deo
952 5780 1185 5852 spiritus
1232 5783 1641 5838 contribulatus
1691 5783 1877 5852 (Ibid.,
1928 5782 2031 5853 19).
2089 5802 2116 5830 ››

482 5871 568 5924 Ad
599 5873 717 5925 haec
761 5874 866 5927 ista
895 5874 1255 5940 suffecerant,
1306 5874 1403 5927 sed
1450 5875 1632 5928 omnis
1681 5873 1963 5929 sententia
2007 5890 2120 5945 quo

484 5963 611 6032 plus
652 5980 820 6017 sacras
864 5966 1172 6036 Scriptura)
1219 5965 1559 6020 testimoniis
1601 5967 1991 6035 conﬁrmatur,
2038 5967 2116 6022 fa-

2217 4754 2398 4822 parat,
2449 4754 2515 4806 ut
2558 4752 2627 4807 de
2671 4753 2792 4824 ejus
2829 4754 3042 4809 visione
3081 4755 3278 4810 hilaris
3328 4757 3576 4812 recedat.
3629 4759 3850 4814 Scimus

2217 4845 2350 4917 quia
2403 4847 2465 4900 tu
2497 4845 2812 4917 imaginem
2841 4847 3146 4904 Salvatoris
3176 4849 3354 4904 nostri
3384 4850 3513 4905 ideo
3541 4867 3659 4906 non
3685 4854 3846 4923 petis,

2221 4944 2281 4993 ut
2307 4938 2467 5009 quasi
2498 4941 2673 4994 Deum
2701 4940 2874 5007 colas,
2904 4941 3003 4996 sed
3035 4942 3107 4996 ob
3132 4943 3593 4999 recordationem
3624 4945 3724 4999 filii
3753 4947 3849 5002 Dei

2221 5035 2282 5085 ut
2306 5032 2365 5086 in
2392 5032 2512 5103 ejus
2541 5049 2737 5087 amore
2766 5033 3086 5102 recalescas,
3119 5036 3280 5107 cujus
3309 5036 3622 5108 imaginem
3658 5038 3851 5094 videre

2219 5125 2524 5181 desideras.
2571 5128 2638 5181 Et
2675 5143 2777 5182 nos
2803 5127 3055 5199 quidem,
3087 5146 3202 5183 non
3233 5131 3393 5200 quasi
3421 5134 3551 5185 ante
3585 5131 3848 5188 divinita-

2218 5225 2334 5275 tem
2364 5223 2496 5274 ante
2525 5220 2709 5291 ipsam
2743 5221 3180 5292 prosternimur,
3210 5223 3306 5278 sed
3348 5223 3510 5278 illum
3541 5225 3850 5280 adoramus

2219 5329 2393 5385 quem
2422 5329 2525 5384 per
2543 5314 2856 5386 imaginem
2885 5319 2983 5368 aut
3011 5319 3234 5383 natum,
3269 5321 3368 5370 aut
3398 5333 3645 5388 passum,
3675 5320 3767 5374 vel
3795 5320 3851 5374 in

2219 5408 2427 5462 throno
2455 5408 2745 5463 sedentem
2784 5388 3207 5488 recordamur./
3217 5411 3282 5464 Et
3306 5409 3443 5464 dum
3483 5427 3586 5465 nos
3611 5411 3737 5483 ipsa
3762 5414 3849 5483 pi-

2219 5504 2378 5554 ctura
2416 5501 2578 5571 quasi
2617 5501 2898 5569 scriptura
2929 5501 3003 5556 ad
3039 5491 3374 5557 memoriam
3405 5503 3616 5559 Filium
3645 5506 3751 5560 Dei
3775 5523 3853 5560 re-

2220 5593 2498 5662 ducimus,
2521 5594 2778 5648 animum
2798 5599 3062 5650 nostrum
3083 5595 3154 5649 de
3178 5596 3590 5652 resurrectione
3610 5599 3853 5654 laetiﬁcat

2219 5689 2318 5740 aut
2342 5687 2410 5742 de
2437 5687 2704 5758 passione
2733 5689 2966 5744 mulcet.
2990 5689 3235 5761 Ideoque
3257 5689 3568 5746 direximus
3598 5692 3706 5747 tibi
3727 5710 3850 5748 sur-

2220 5780 2378 5834 tirias
2404 5781 2562 5850 duas,
2592 5781 2910 5852 imaginem
2944 5781 3270 5854 Salvatoris,
3301 5789 3357 5839 et
3384 5787 3592 5840 sanctm
3625 5786 3729 5840 Dei
3759 5803 3850 5858 ge-

2222 5874 2440 5929 nitricis
2474 5875 2682 5942 Mariae,
2735 5878 2794 5930 et
2831 5875 3127 5930 beatorum
3166 5879 3552 5948 apostolorum
3602 5881 3757 5935 Petri
3802 5884 3853 5935 et

2221 5967 2374 6022 Pauli
2409 5967 2780 6035 continentes,
2822 5985 2922 6039 per
2961 5970 3350 6041 supradictum
3381 5971 3560 6027 filium
3593 5977 3851 6028 nostrum
