4050 6310
167 321 305 372 1113

1399 313 1869 374 DECRETALIUM
1908 316 2292 376 COLLECTIO.

3391 318 3522 376 1114

160 425 486 491 diaconem,
523 429 578 479 et
616 440 792 478 unam
820 441 1047 480 crucem
1078 431 1134 481 et
1159 427 1393 493 clavem,
1429 443 1533 496 pro
1565 427 1802 481 benedi-
1826 439 1885 512 Α
1904 428 2217 482 vestitum?
2257 430 2393 483 Ecce
2429 429 2526 500 qui
2555 425 2820 482 mollibus
2852 427 3173 484 vestiuntur
3198 429 3258 482 in
3279 429 3541 482 domibus

161 519 354 574 ctione
383 560 396 587 ,
447 535 480 572 a
521 517 880 572 sanctissimo
926 535 1160 590 corpore
1215 519 1364 573 Petri
1421 521 1807 590 apostolorum

160 611 461 682 principis,
492 617 554 666 ut
579 628 682 682 per
709 628 841 666 eum
863 612 937 666 sis
957 613 1026 666 ab
1045 613 1207 667 hoste
1234 613 1490 683 maligno
1520 613 1804 681 defensus,

163 705 331 775 cujus
360 721 466 776 per
494 708 756 759 sanctum
786 705 1007 776 lignum
1046 709 1100 760 te
1130 721 1249 760 esse
1289 706 1578 760 munitum
1603 706 1804 775 credis,

165 802 226 852 et
264 815 332 852 ex
372 815 439 853 eo
477 803 534 852 te
583 802 848 870 protegat
889 799 987 870 qui
1027 799 1308 869 juveniles
1340 799 1668 854 affectiones
1705 798 1808 854 tibi

163 889 445 962 suggerit.
473 892 786 947 Recordare
824 897 907 962 ut,
934 893 992 947 in
1023 893 1186 947 bonis
1216 892 1328 946 tuis
1360 893 1579 947 actibus
1613 909 1804 964 perse-

165 1002 396 1052 verans,
428 986 569 1040 alios
605 987 666 1040 in
701 987 822 1056 ejus
847 987 1125 1041 accendas
1149 1003 1342 1041 amore
1375 991 1612 1058 propter
1635 1002 1808 1058 quem

166 1079 489 1134 solitarium
529 1083 583 1134 te
623 1080 806 1134 fecisti
849 1081 1129 1148 habitare,
1170 1083 1236 1135 ut
1275 1080 1403 1134 vitae
1445 1080 1615 1150 hujus
1656 1080 1810 1134 mala

165 1189 416 1244 quaeque
445 1175 504 1228 in
534 1175 705 1228 corde
733 1173 998 1228 inimicus
1024 1173 1282 1245 suggerit
1307 1176 1607 1240 retroacta,
1639 1190 1807 1227 men-

169 1267 240 1323 tis
282 1267 644 1338 provectibus
671 1268 832 1339 quasi
875 1267 1093 1322 facibus
1133 1267 1476 1337 inardescas,
1509 1283 1611 1338 pro
1649 1267 1810 1338 cujus

170 1376 369 1416 amore
402 1361 576 1416 vitam
602 1362 771 1417 etiam
805 1362 942 1416 velis
970 1361 1154 1429 ﬁnire,
1182 1362 1303 1433 ipse
1333 1377 1560 1432 quoque
1587 1366 1642 1415 te
1669 1377 1805 1432 pro-

170 1458 324 1525 tegat
351 1471 528 1526 usque
555 1455 615 1509 in
641 1457 837 1524 ﬁnem,
868 1455 966 1527 qui
993 1458 1262 1510 cunctum
1292 1455 1575 1510 mundum
1612 1453 1810 1524 digna-

172 1551 262 1601 tus
295 1553 384 1603 est
413 1549 714 1617 redimere,
735 1551 762 1604 J
769 1566 896 1604 esus
914 1549 1167 1606 Christus
1189 1549 1466 1603 Dominus
1492 1551 1690 1603 noster
1709 1547 1810 1618 qui

170 1647 257 1696 est
283 1641 342 1696 in
383 1643 607 1697 saecula.

241 1761 394 1822 Item,
431 1761 718 1827 Gregorius
749 1761 1030 1816 Theottstz
1063 1762 1334 1828 patricia.
1363 1763 1438 1815 De
1463 1758 1738 1814 discordia

860 1831 1125 1885 sedanda.

240 1925 472 1994 Magnas
496 1923 878 1994 omnipotenti
905 1925 1020 1978 Deo
1061 1923 1272 1995 gratias
1310 1939 1480 1994 agere
1511 1922 1808 1990 debemus,

171 2018 327 2089 quod
353 2017 593 2089 piissimi
621 2020 676 2071 et
700 2017 1098 2087 benignissimi
1120 2017 1494 2088 imperatores
1523 2015 1701 2071 nostri
1731 2018 1812 2070 ta-

171 2113 253 2166 les
293 2111 363 2166 de
406 2128 509 2165 suo
544 2127 756 2182 genere
782 2111 945 2181 juxta
991 2128 1050 2165 se
1091 2110 1444 2182 propinquos
1474 2110 1708 2178 habent,
1741 2109 1811 2163 de

171 2221 419 2276 quorum
467 2205 891 2259 conversatione
939 2204 1104 2259 nobis
1149 2204 1414 2258 omnibus
1469 2203 1686 2274 grande
1743 2203 1813 2256 sit

173 2291 655 2370 gaudiumﬂlnde
683 2301 739 2353 et
764 2315 867 2369 pro
895 2298 1113 2352 eisdem
1140 2297 1385 2352 dominis
1409 2298 1680 2351 continue
1713 2313 1812 2351 no-

172 2393 258 2446 bis
291 2392 574 2447 orandum
602 2396 705 2461 est,
743 2398 804 2446 ut
838 2409 1035 2447 eorum
1065 2393 1180 2446 vita
1218 2408 1348 2446 cum
1382 2391 1497 2445 suis
1523 2391 1808 2458 omnibus,

173 2491 507 2557 protegente
539 2486 746 2540 caelesti
787 2486 987 2557 gratia,
1020 2502 1123 2557 per
1150 2487 1324 2556 longa
1357 2489 1616 2556 tempora
1657 2488 1808 2538 tran-

173 2581 354 2652 quilla
385 2585 658 2634 servetur.
708 2580 899 2633 Indico
942 2583 1133 2634 autem
1165 2579 1317 2650 quod
1357 2579 1585 2633 levitate
1615 2578 1814 2650 populi

174 2675 490 2728 tumultum
539 2677 735 2728 contra
787 2691 884 2727 vos
935 2673 1305 2728 detractionis
1366 2678 1629 2728 exortum
1683 2671 1810 2743 qui-

175 2768 413 2822 busdam
447 2767 841 2822 nuntiantibus
872 2767 1132 2838 cognovi.
1180 2766 1304 2831 Qua
1335 2782 1399 2820 ex
1440 2783 1501 2820 re
1536 2767 1811 2821 excellen-

176 2861 316 2916 tiam
345 2866 588 2916 vestram
613 2861 782 2915 audio
807 2861 975 2915 fuisse
998 2877 1116 2914 non
1144 2859 1365 2915 modice
1392 2860 1810 2915 contristatam.

175 2955 340 3020 Quod
369 2955 413 3008 si
446 2955 522 3009 ita
543 2958 645 3024 est,
675 2955 842 3009 valde
864 2955 1059 3021 miror,
1087 2954 1185 3025 qui
1214 2970 1309 3008 cor
1333 2955 1532 3008 ﬁxistis
1562 2955 1621 3008 in
1649 2954 1812 3021 coelo,

175 3049 350 3103 verba
399 3048 698 3102 hominum
754 3049 972 3120 agitent
1011 3047 1071 3102 in
1122 3052 1292 3102 terra.
1347 3049 1547 3102 Beatus
1604 3047 1814 3102 etenim

173 3147 301 3214 Job,
324 3163 453 3202 cum
480 3146 647 3201 amici
674 3147 794 3217 ejus
826 3147 922 3218 qui
956 3145 1030 3200 ad
1061 3145 1478 3200 consolandum
1501 3161 1634 3200 eum
1654 3160 1814 3199 vene-
1835 3185 1890 3260 Ο

195 3259 219 3260 η
246 3245 300 3260 --ι
359 3240 407 3260 ἐμ
446 3241 492 3260 3,,
516 3240 827 3260 -----ι3---
860 3239 1245 3260 -----ξΙ--Ξ----ι
1299 3239 1371 3260 -ΒΑ
1404 3255 1413 3260 -
1504 3241 1635 3260 Π---
1667 3238 1809 3260 --ἔμ-

178 3245 325 3306 rant,
359 3240 416 3294 in
444 3240 833 3312 increpatione
859 3239 1270 3311 prosiluissent,
1296 3239 1376 3293 ait
1404 3255 1415 3293 :
1453 3261 1479 3288 «
1502 3241 1639 3293 Ecce
1662 3238 1815 3293 enim

177 3335 247 3388 de
277 3334 418 3388 cmlo
445 3333 600 3388 testis
629 3350 791 3388 meus
822 3339 879 3388 et
909 3333 1165 3388 conscius
1196 3333 1256 3386 in
1282 3332 1514 3388 excelsis
1544 3333 1656 3401 (Job
1702 3348 1812 3399 xvr,

178 3430 288 3498 20).
323 3448 350 3478 »
382 3428 486 3492 Qui
520 3427 676 3482 enim
715 3427 842 3481 vita:
869 3445 984 3482 suae
1014 3427 1072 3481 in
1103 3426 1242 3481 coelo
1270 3429 1474 3481 testem
1497 3426 1692 3494 habet,
1718 3425 1812 3495 ju-

179 3522 325 3576 dicia
371 3522 671 3576 hominum
720 3522 1125 3592 pertimescere
1167 3521 1225 3575 in
1265 3524 1417 3575 terra
1459 3536 1576 3573 non
1625 3515 1813 3574 debet.

179 3617 300 3670 Dux
334 3632 560 3687 quoque
598 3616 878 3670 bonorum
917 3615 1124 3670 Paulus
1172 3615 1306 3669 dicit
1335 3631 1347 3668 :
1383 3634 1410 3664 (ι
1440 3614 1592 3684 Opus
1624 3617 1816 3667 autem

179 3727 348 3763 suum
379 3710 584 3780 probet
611 3710 1018 3780 unusquisque,
1053 3711 1109 3764 et
1136 3709 1212 3762 sic
1244 3708 1302 3762 in
1350 3707 1656 3778 semetipso
1686 3711 1814 3761 tan-

178 3808 305 3858 tum
340 3803 583 3874 gloriam
609 3803 863 3872 habebit,
898 3807 954 3856 et
984 3819 1095 3856 non
1119 3802 1178 3856 in
1197 3802 1375 3857 altero
1409 3802 1550 3871 (Gal.
1584 3817 1656 3867 γι,
1690 3802 1761 3867 4).
1789 3821 1814 3848 ››

180 3897 236 3952 Si
297 3897 452 3950 enim
512 3900 612 3951 aut
664 3895 932 3950 laudibus
997 3896 1258 3950 lzetamur
1290 3937 1303 3964 ,
1369 3899 1466 3949 aut
1530 3894 1816 3964 vitupera—

183 3992 340 4046 tione
383 3991 726 4061 frangimur,
773 3993 1030 4044 nostram
1074 3990 1316 4060 gloriam
1358 4005 1472 4042 non
1518 3988 1578 4042 in
1634 3987 1815 4052 nobis,

182 4084 280 4140 sed
311 4084 371 4138 in
407 4084 650 4138 aliorum
680 4100 776 4140 ore
806 4083 1116 4155 posuimus.
1151 4085 1216 4138 Et
1245 4100 1257 4136 :
1297 4104 1324 4132 «
1355 4083 1547 4137 Fatua:
1575 4081 1821 4153 virgines

182 4179 370 4232 oleum
401 4178 462 4232 in
490 4179 636 4233 vasis
666 4178 780 4232 suis
829 4195 941 4232 non
979 4179 1372 4247 sumpserunt;
1407 4176 1690 4247 sapientes
1719 4191 1817 4229 au-

185 4276 304 4327 tem
331 4274 700 4344 sumpserunt
743 4272 932 4327 oleum
964 4271 1022 4324 in
1061 4271 1203 4325 vasis
1242 4270 1355 4326 suis
1384 4287 1514 4324 cum
1543 4269 1818 4340 lampadi-

182 4365 291 4421 bus
340 4367 556 4436 (Ma'tth.
594 4382 718 4435 xxv,
753 4369 804 4433 3,
838 4367 912 4434 4);
948 4386 974 4414 »
1015 4365 1310 4436 lampades
1357 4364 1568 4436 quippe
1611 4366 1821 4417 nostrae

183 4459 333 4514 bona
357 4464 490 4515 sunt
527 4476 720 4531 opera,
754 4460 825 4514 de
855 4459 1061 4531 quibus
1093 4458 1365 4530 scriptum
1392 4461 1476 4513 est
1505 4475 1516 4512 :
1553 4478 1580 4510 «
1617 4460 1823 4513 Luceat

1906 538 2110 591 regum
2152 528 2283 576 sunt
2310 523 2489 591 (1bid.,
2533 521 2616 592 8);
2653 543 2679 571 »
2729 522 2987 593 quamvis
3021 522 3178 576 enim
3200 523 3364 592 juxta
3397 522 3537 575 veri-

1904 618 2082 669 tatem
2124 615 2409 685 Evangelii
2453 617 2703 670 Joannes
2743 615 3086 669 vestimento
3127 632 3326 686 aspero
3371 615 3545 668 fuerit

1906 707 2137 763 indutus
2168 709 2380 777 (Matth.
2408 725 2487 774 ιιι,
2520 708 2594 778 4),
2628 725 2733 779 per
2777 708 3254 778 significationem
3294 708 3353 761 in
3396 711 3543 763 mol-

1906 800 2054 854 libus
2101 801 2309 872 vestiti;
2350 807 2482 855 sunt
2537 801 2634 872 qui
2698 801 3120 856 adulationibus
3173 817 3237 855 ac
3286 801 3547 857 laudibus

1909 894 2582 965 delectantur.|Negatur
2624 899 2813 949 autem
2868 895 3001 965 quia
3037 897 3280 949 Joannes
3323 896 3543 949 arundo

1907 993 2076 1042 vento
2105 988 2316 1058 agitata
2340 987 2530 1054 fuerit,
2565 987 2839 1059 quoniam
2870 987 3076 1042 mentis
3105 987 3228 1058 ejus
3253 988 3540 1042 fortitudi-

1909 1097 2042 1135 nem
2082 1081 2238 1135 nulla
2265 1081 2504 1136 humani
2533 1081 2646 1135 oris
2685 1097 2824 1136 aura
2859 1081 3143 1136 ﬂectebat.
3177 1082 3285 1135 Nos
3311 1081 3465 1136 enim
3499 1082 3545 1135 si

1907 1174 2171 1228 laudibus
2222 1174 2532 1246 erigimur,
2579 1174 3085 1245 vituperationibus
3126 1175 3498 1229 humiliamur
3527 1218 3539 1242 ,

1908 1267 2129 1322 arundo
2156 1273 2325 1323 vento
2363 1268 2577 1338 agitata
2622 1285 2836 1322 sumus.
2885 1267 2988 1324 Sed
3036 1268 3182 1322 absit
3226 1269 3356 1337 hoc,
3400 1268 3546 1324 absit

1910 1379 1943 1416 a
1993 1362 2159 1416 corde
2206 1365 2408 1416 vestrae
2454 1363 2818 1417 excellentiae.
2868 1361 2992 1416 Scio
3045 1361 3142 1432 qui
3197 1361 3539 1434 magistrum

1911 1454 2172 1524 gentium
2200 1454 2446 1508 studiose
2486 1455 2695 1526 legitis,
2724 1455 2823 1525 qui
2849 1455 2928 1508 ait
2959 1472 2970 1509 :
3003 1476 3029 1503 «
3059 1454 3115 1509 Si
3147 1455 3334 1509 adhuc
3358 1455 3542 1509 homi-

1910 1549 2077 1602 nibus
2106 1547 2415 1618 placerem,
2448 1549 2654 1604 Christi
2697 1564 2890 1602 servus
2934 1564 3052 1604 non
3099 1564 3281 1603 essem
3327 1548 3466 1618 (Gal.
3505 1566 3543 1615 ι,

1913 1643 2015 1712 l0).
2049 1664 2076 1691 »
2130 1642 2184 1696 Si
2228 1658 2340 1712 qua
2383 1647 2574 1696 tamen
2621 1643 2708 1696 vel
2757 1658 2926 1712 parva
2964 1642 3191 1696 tristitia
3231 1658 3297 1695 ex
3335 1642 3440 1696 hac
3484 1658 3544 1696 re

1909 1735 2089 1790 menti
2110 1741 2308 1790 vestrae
2339 1741 2533 1791 exorta
2554 1739 2658 1805 est,
2691 1736 2856 1790 credo
2884 1735 3034 1806 quod
3058 1736 3162 1790 hoc
3183 1735 3542 1806 omnipotens

1829 1811 2056 1883 BDeus
2104 1829 2225 1884 ﬁeri
2268 1829 2517 1900 benigne
2564 1828 2843 1900 permisit.
2894 1831 3090 1900 Neque
3146 1829 3302 1884 enim
3357 1829 3547 1884 electis

1911 1922 2025 1976 suis
2055 1922 2115 1976 in
2145 1923 2248 1976 hac
2290 1921 2405 1976 vita
2446 1922 2710 1992 promisit
2749 1922 2957 1993 gaudia
2993 1922 3402 1992 delectationis,
3449 1919 3584 2014 sed/

1913 2016 2322 2070 amaritudines
2370 2019 2428 2069 et
2472 2015 2874 2071 tribulationes
2914 2015 3130 2087 (Matth.
3162 2033 3309 2082 xxiv,
3348 2018 3453 2088 t9),
3489 2020 3550 2069 ut

1912 2109 2210 2164 medicina:
2225 2126 2383 2163 more
2405 2126 2509 2180 per
2527 2125 2786 2164 amarum
2802 2110 3068 2180 poculum
3090 2109 3163 2164 ad
3183 2109 3544 2164 dulcedinem

1911 2207 2138 2257 aeterna
2159 2203 2402 2258 redeant
2427 2203 2646 2257 salutis.
2677 2203 2824 2266 Quid
2855 2219 3100 2275 namque
3121 2202 3255 2257 dicit
3287 2219 3298 2257 :
3336 2225 3363 2253 «
3384 2204 3540 2258 Mun-

1912 2297 2016 2351 dus
2047 2297 2337 2367 gaudebit,
2368 2313 2467 2351 vos
2505 2296 2812 2367 lugebitis?
2843 2317 2869 2344 ι)
2920 2297 3090 2367 (Ιοαη.
3129 2313 3235 2364 xvi,
3278 2300 3388 2364 20).
3424 2299 3547 2361 Qua

1913 2407 2034 2461 spe,
2061 2407 2172 2461 qua
2198 2390 2577 2460 promissione
2598 2391 2769 2461 paulo
2796 2393 2925 2460 post
2952 2391 3248 2446 subditur:
3283 2413 3310 2440 «
3332 2393 3545 2446 lterum

1914 2483 2114 2538 videbo
2142 2501 2258 2550 vos,
2289 2487 2346 2538 et
2372 2483 2640 2554 gaubebit
2667 2501 2766 2538 cor
2781 2487 3054 2551 vestrum,
3084 2487 3139 2538 et
3171 2484 3441 2555 gaudium
3462 2502 3549 2539 ve-

1913 2583 2094 2632 strum
2127 2594 2296 2631 nemo
2317 2577 2536 2632 auferat
2555 2595 2587 2632 a
2608 2577 2764 2632 vobis
2782 2577 2968 2648 (Ibid.,
2999 2579 3105 2649 22).
3134 2599 3160 2626 »
3189 2577 3550 2633 Hinciterum

1914 2671 2203 2742 discipulis
2251 2671 2430 2726 dicit:
2478 2691 2504 2723 «
2547 2673 2606 2725 ln
2649 2671 2927 2742 patientia
2973 2675 3155 2726 vestra
3193 2672 3553 2742 possidebitis

1913 2766 2132 2820 animas
2173 2769 2388 2820 vestras
2444 2765 2589 2836 (Luc.
2636 2780 2746 2834 xxr,
2796 2767 2896 2835 19).
2954 2787 2979 2813 ››
3022 2767 3280 2834 Pensate,
3335 2783 3548 2837 quaeso,

1915 2859 2011 2914 ubi
2049 2860 2156 2915 erit
2185 2860 2484 2931 patientia,
2514 2860 2557 2913 si
2607 2859 2762 2914 deest
2799 2859 2950 2930 quod
2981 2860 3275 2914 toleretur.
3307 2861 3427 2914 Non
3457 2877 3549 2915 su-

1916 2953 2103 3024 spicor
2128 2953 2282 3024 enim
2322 2953 2454 3007 Abel
2483 2969 2603 3008 esse
2632 2970 2801 3024 quem
2826 2953 2964 3010 Cain
3003 2953 3216 3008 malitia
3242 2970 3356 3008 non
3383 2971 3547 3009 exer-

1917 3015 2286 3134 cuerithoni
2310 3047 2464 3102 enim
2491 3048 2612 3102 sine
2633 3048 2797 3102 malis
2819 3047 2864 3101 si
2887 3047 3117 3117 fuerint,
3149 3047 3398 3118 perfecte
3431 3065 3551 3104 esse

1916 3141 2053 3196 boni
2080 3158 2194 3196 non
2224 3146 2478 3212 possunt,
2513 3141 2646 3212 quia
2673 3141 2911 3196 minime
2942 3147 3278 3214 purgantur.
3305 3144 3431 3213 Ipsa
3455 3160 3551 3198 au-

1915 3240 2033 3290 tem
2056 3236 2344 3290 malorum
2364 3235 2601 3289 societas
2619 3235 2886 3306 purgatio
2905 3235 3192 3290 bonorum
3221 3240 3323 3290 est.
3343 3237 3475 3290 Tres
3491 3237 3554 3292 in

1915 3346 2045 3383 arca
2094 3329 2194 3383 ﬁlii
2242 3330 2357 3384 Noe
2407 3330 2672 3396 fuerunt;
2715 3345 2865 3383 unus
2907 3328 3103 3382 irrisor
3134 3329 3310 3399 patris
3337 3329 3554 3385 exstitit

1917 3424 2068 3493 (Gen.
2118 3439 2190 3491 1x,
2238 3424 2348 3493 22),
2403 3422 2501 3493 qui
2556 3421 2659 3476 etsi
2720 3422 2778 3475 in
2842 3439 2899 3477 se
2963 3422 3292 3477 benedictus
3355 3423 3550 3492 fuerit,

1917 3516 2333 3571 maledictionis
2381 3521 2574 3571 tamen
2623 3517 2970 3570 sententiam
3024 3517 3080 3569 in
3129 3516 3246 3570 ﬁlio
3300 3518 3553 3589 suscepit

1917 3611 2104 3681 (Ibid.,
2146 3609 2254 3682 25).
2304 3611 2450 3665 Duos
2493 3609 2798 3678 Abraham,
2857 3609 3191 3681 priusquam
3244 3611 3551 3666 Cethuram

1918 3721 2158 3760 uxorem
2189 3704 2490 3774 acciperet,
2529 3703 2671 3757 ﬁlios
2717 3704 2934 3764 habuit.
2967 3704 3067 3758 sed
3096 3708 3290 3760 tamen
3315 3706 3554 3760 carnalis

1919 3799 2040 3870 ejus
2102 3797 2552 3870 repromissionis
2610 3801 2696 3851 est
2752 3797 2934 3852 ﬁlium
2984 3803 3330 3868 persecutus.
3393 3801 3555 3864 Quod

1920 3909 2165 3964 magnus
2218 3892 2415 3946 doctor
2463 3891 2714 3963 exponit,
2773 3891 2964 3947 dicens
3007 3909 3020 3946 :
3077 3912 3103 3944 «
3150 3893 3307 3948 Sicut
3361 3893 3406 3948 is
3456 3893 3555 3966 qui

1921 3985 2234 4040 secundum
2251 4002 2482 4040 carnem
2505 3990 2610 4055 est,
2628 3985 3079 4057 persequebatur
3091 4001 3222 4041 eum
3244 3987 3342 4058 qui
3362 4005 3558 4043 secun-

1923 4080 2060 4134 dum
2089 4080 2382 4151 Spiritum,
2412 4080 2489 4134 ita
2519 4083 2575 4135 et
2607 4097 2758 4135 nunc
2785 4079 2929 4152 (Gal.
2961 4097 3035 4147 iv,
3065 4083 3174 4151 29).
3208 4082 3360 4137 Duos
3404 4084 3559 4138 Isaac

1921 4173 2065 4227 ﬁlios
2103 4173 2322 4239 habuit,
2373 4173 2470 4226 sed
2522 4189 2688 4242 unus,
2723 4173 2817 4245 qui
2861 4173 3130 4244 spiritalis
3170 4175 3397 4242 exstitit,
3426 4179 3559 4230 ante

1920 4267 2102 4320 minas
2143 4265 2331 4319 fratris
2365 4265 2607 4320 carnalis
2649 4266 2796 4336 fugit
2842 4268 2991 4333 (Gen.
3046 4283 3210 4335 xxvu,
3253 4268 3362 4338 43).
3409 4269 3555 4322 Duo-

1921 4359 2104 4414 decim
2128 4359 2298 4413 Jacob
2329 4359 2473 4412 ﬁlios
2501 4358 2722 4426 habuit,
2755 4360 2853 4414 sed
2883 4376 3066 4413 unum
3108 4360 3205 4431 qui
3251 4361 3458 4414 rectius
3484 4361 3560 4417 vi-

1923 4454 2108 4522 vebat,
2153 4452 2350 4506 decem
2379 4451 2436 4506 in
2466 4454 2707 4523 Egypto
2747 4453 3124 4509 vendiderunt
3170 4454 3320 4524 (Gen.
3351 4471 3556 4523 xxxv",

189 4554 286 4608 lux
315 4559 496 4608 vestra
522 4570 714 4608 coram
740 4552 1089 4620 hominibus,
1110 4556 1177 4606 ut
1196 4551 1428 4606 videant
1450 4569 1620 4623 opera
1640 4555 1824 4606 vestra
1843 4557 1901 4629 D
1925 4548 2029 4619 36).
2087 4547 2149 4601 In
2196 4545 2369 4600 David
2417 4546 2717 4617 propheta,
2777 4546 2912 4617 quia
2962 4546 3070 4601 fuit
3123 4548 3274 4619 quod
3326 4549 3560 4621 purgari

189 4647 360 4714 bona,
407 4651 465 4701 et
506 4647 822 4719 gloriﬁcent
870 4649 1090 4701 Patrem
1136 4648 1385 4700 vestrum
1433 4645 1533 4716 qui
1575 4646 1634 4700 in
1673 4645 1828 4700 coelis

193 4746 280 4797 est
331 4743 544 4810 (Matth.
590 4759 644 4811 v,
696 4745 800 4812 l6).
834 4761 860 4792 »
909 4743 1063 4796 Tunc
1107 4741 1299 4794 autem
1343 4741 1536 4794 oleum
1581 4741 1640 4794 in
1684 4740 1830 4795 vasis

193 4853 325 4891 cum
359 4837 715 4908 lampadibus
741 4836 1037 4903 sumimus,
1070 4834 1297 4906 quando
1324 4834 1393 4888 de
1424 4833 1588 4888 bonis
1613 4834 1830 4889 actibus

193 4931 441 4986 nitorem
471 4931 668 5002 gloria:
701 4947 817 4985 non
857 4948 888 4984 a
932 4929 1295 4984 laudantibus
1320 4927 1592 4999 proximis
1619 4928 1828 4999 qumri-

194 5043 343 5095 mus,
381 5025 480 5079 sed
507 5026 628 5079 haec
655 5026 806 5080 intra
830 5023 1224 5080 testimonium
1253 5021 1616 5078 conscientias
1642 5039 1826 5077 serva-

197 5136 343 5187 mus,
382 5119 441 5174 in
473 5135 643 5174 omne
687 5125 879 5175 autem
911 5119 1063 5190 quod
1095 5119 1164 5172 de
1197 5117 1360 5172 nobis
1404 5119 1560 5170 extra
1603 5116 1828 5186 dicitur,

196 5229 492 5268 recurrere
536 5213 608 5267 ad
651 5231 858 5269 arcana
891 5213 1101 5268 mentis
1133 5212 1425 5268 debemus.
1470 5210 1583 5266 Etsi
1633 5226 1832 5266 omnes

197 5308 540 5379 vituperent,
570 5308 715 5362 liber
759 5314 842 5364 est
876 5325 1047 5380 quam
1075 5306 1416 5362 conscientia
1440 5321 1557 5360 non
1588 5308 1830 5374 accusat,

197 5403 353 5474 quia,
383 5407 439 5457 et
471 5402 519 5456 si
559 5420 758 5458 omnes
793 5402 1054 5470 laudant,
1086 5402 1230 5456 liber
1273 5417 1392 5456 esse
1435 5415 1552 5454 non
1579 5401 1765 5470 potest
1788 5397 1834 5451 si

199 5496 351 5551 hunc
383 5496 700 5551 concientia
727 5501 972 5552 accusat.
1015 5497 1092 5549 De
1131 5497 1345 5550 Joanne
1390 5494 1604 5549 Veritas
1650 5491 1786 5547 dicit
1819 5509 1830 5545 :

204 5613 229 5638 ‹‹
261 5591 409 5655 Quid
440 5591 632 5646 existis
658 5591 717 5646 in
739 5592 1033 5646 desertum
1055 5589 1282 5646 videre?
1300 5589 1642 5644 arundinem
1666 5589 1836 5642 vento

199 5685 520 5757 agitatam?
545 5707 572 5734 »
606 5687 817 5755 (Matth.
847 5701 923 5753 χι,
952 5686 1024 5754 7).
1057 5684 1218 5752 Quod
1243 5683 1504 5739 videlicet
1531 5698 1633 5754 per
1659 5697 1834 5752 nega-

200 5779 416 5834 tionem
443 5779 649 5834 dicitur
673 5796 787 5834 non
816 5795 918 5851 per
938 5777 1452 5845 conﬁrmationem,
1481 5793 1612 5831 cum
1640 5774 1836 5830 subdi-

202 5877 293 5930 tur
322 5891 334 5928 :
383 5895 409 5923 «
439 5873 547 5929 Sed
587 5873 725 5945 quid
768 5873 956 5928 existis
987 5871 1222 5928 videre?
1250 5871 1544 5927 hominem
1576 5869 1840 5925 mollibus

1929 4640 2232 4706 debuisset,
2265 4642 2456 4693 actum
2495 4643 2578 4694 est
2623 4643 2684 4693 ut
2721 4643 3145 4710 persecutorem
3178 4641 3356 4696 ﬁlium
3401 4647 3559 4714 pate‘

1928 4741 2086 4791 retur
2130 4736 2200 4806 (II
2223 4736 2348 4802 Reg.
2383 4750 2472 4802 xv,
2508 4735 2610 4801 16).
2648 4734 2850 4788 Beatus
2893 4734 2994 4789 Job
3042 4735 3112 4789 de
3162 4736 3426 4792 societate
3470 4755 3560 4793 re-

1930 4831 2240 4903 proborum
2286 4828 2464 4883 dicit:
2503 4850 2530 4877 ‹‹
2557 4829 2753 4882 Frater
2797 4828 2880 4882 fui
2927 4830 3256 4900 draconum,
3286 4834 3342 4885 et
3385 4832 3565 4887 socius

1931 4925 2313 4981 struthionum
2344 4923 2458 4993 (Job
2478 4938 2602 4991 xxx,
2626 4924 2734 4992 29).
2754 4943 2780 4971 ››
2814 4923 2898 4978 Ad
2919 4923 3268 4979 Ezechielem
3291 4925 3565 4981 Dominus

1933 5020 2053 5075 ait:
2091 5018 2251 5072 «Fili
2295 5016 2563 5084 hominis,
2607 5015 2883 5071 increduli
2929 5020 2985 5071 et
3029 5017 3384 5074 subversores
3433 5021 3568 5075 sunt

1933 5117 2144 5182 tecum,
2177 5117 2231 5168 et
2267 5129 2399 5167 cum
2437 5109 2824 5182 scorpionibus
2855 5110 3074 5166 habitas
3103 5113 3308 5180 (Ezech.
3342 5131 3401 5181 ιι,
3431 5119 3503 5186 6).
3536 5137 3565 5165 »

1934 5207 2224 5263 Interdum
2254 5206 2405 5260 inter
2445 5203 2742 5260 duodecim
2783 5206 3067 5276 apostolos
3105 5223 3252 5260 unus
3292 5210 3569 5280 reprobus

1933 5301 2133 5356 mistus
2175 5302 2260 5354 est
2305 5303 2476 5370 (Joan.
2522 5316 2592 5367 v1,
2647 5298 2758 5369 7t),
2786 5301 2852 5353 ut
2896 5301 3044 5353 esset
3086 5300 3249 5371 cujus
3298 5319 3568 5374 persecu-

1933 5395 2087 5449 tione
2127 5394 2393 5449 undecim
2433 5396 2812 5448 tentarentur.
2853 5394 3246 5465 Apostolorum
3301 5397 3569 5468 princeps

1936 5487 2229 5559 discipulis
2243 5488 2513 5560 loquitur,
2533 5488 2726 5542 dicens
2749 5504 2760 5542 :
2785 5489 2850 5544 «J
2856 5491 3049 5543 ustum
3072 5488 3215 5544 Loth
3232 5505 3569 5561 oppressum

1937 5600 1970 5638 a
1998 5581 2375 5636 nefandorum
2419 5581 2633 5650 injuria
2676 5581 2906 5654 eripuit;
2949 5586 3174 5654 aspectu
3205 5583 3358 5638 enim
3387 5590 3443 5640 et
3470 5604 3568 5642 au-

1937 5677 2056 5732 ditu
2098 5676 2287 5746 justus
2325 5677 2468 5741 erat,
2501 5673 2690 5746 2'77
2736 5675 3001 5732 habitans
3041 5694 3169 5732 cum
3215 5678 3314 5746 eis,
3358 5680 3458 5751 qui
3504 5681 3573 5737 de

1939 5769 2030 5825 die
2074 5769 2133 5823 in
2181 5769 2336 5823 diem
2362 5767 2617 5822 animam
2653 5769 2795 5837 justi
2835 5770 3044 5842 iniquis
3075 5772 3340 5843 operibus
3367 5774 3576 5829 crucia-

1939 5866 2081 5920 bant
2120 5865 2190 5933 (Il
2214 5865 2356 5918 Petr.
2404 5878 2463 5928 ιι,
2495 5865 2547 5928 7,
2583 5863 2656 5932 8).
2688 5883 2713 5909 ››
2763 5864 2969 5917 Paulus
3008 5880 3238 5936 quoque
3287 5869 3575 5939 apostolus
3664 5933 3669 5938 ,
