4050 6342
451 345 586 398 ltiti
1338 331 1620 392 APPEND.
1662 335 1748 390 AD
1785 335 1944 390 SEC.
1988 333 2074 389 IX.
2109 363 2177 374 -
2215 333 2462 391 ISIDORI
2501 329 2925 391 MERCATORIS
3685 331 3838 382 1116

445 449 738 520 discipulis
761 448 1012 520 loquitur
1035 447 1227 502 dicens
1253 461 1266 499 :
1295 467 1322 494 ‹‹
1341 446 1401 498 ln
1423 444 1615 498 medio
1631 443 1874 498 nationis
1894 459 2082 514 prava:
2105 444 2253 529 Ade
2293 460 2389 498 ore
2441 444 2750 514 conquinat
2797 441 3094 496 hominem
3132 440 3348 510 (Matth.
3396 454 3485 507 xv,
3522 441 3642 508 11);
3694 459 3723 486 ››
3777 447 3844 496 et

451 548 508 598 ct
551 558 851 614 perversae,
894 541 1044 595 inter
1085 555 1229 610 quos
1268 538 1466 592 lucetis
1505 536 1648 591 sicut
1685 537 1988 592 luminaria
2025 537 2086 590 in
2189 537 2450 608 discipuli
2477 537 2889 608 responderent
2923 534 3174 588 dicentes
3205 550 3217 586 :
3250 555 3276 581 ‹‹
3307 532 3424 588 Scis
3457 532 3591 603 quia
3621 530 3844 585 Phari-

452 636 690 703 mundo,
714 635 950 690 verbum
970 633 1098 687 vitae
1114 632 1476 686 continentes
1496 631 1712 700 (Philip.
1732 647 1792 696 ιι,
1816 633 1900 697 15,
1927 630 2031 700 16).
2054 648 2083 680 ››
2189 630 2308 697 smi,
2336 630 2529 684 audito
2557 630 2663 684 hoc
2691 629 2881 698 verbo,
2913 626 3266 682 scandalizati
3293 629 3426 680 sunt
3447 625 3628 695 (Ibid.,
3663 623 3780 694 12),
3803 643 3837 672 »

453 730 596 795 Quia
636 745 792 800 ergo,
821 726 1112 798 Scriptum
1154 729 1317 793 teste,
1347 723 1710 796 cognovimus
1749 723 1808 778 in
1843 723 1952 778 hac
1977 723 2090 778 vita
2188 723 2446 796 protinus
2489 722 2827 793 respondit:
2860 721 3113 776 «Omnis
3155 720 3436 792 plantatio
3483 734 3658 790 quam
3712 733 3842 771 non

452 825 630 878 bonos
656 823 777 876 sine
804 821 965 875 malis
1000 836 1120 874 esse
1149 837 1265 874 non
1298 835 1485 890 posse,
1515 819 1584 872 de
1615 817 1920 872 stultorum
1943 817 2092 871 voci-
2191 817 2467 888 plantavit
2509 818 2668 870 Pater
2710 832 2873 870 meus
2918 815 3174 882 cmlestis,
3204 811 3608 881 eradicabitur;
3658 811 3844 865 sinite

408 992 410 994 ν
452 919 556 972 bus
593 915 927 972 excellentia
965 918 1152 968 vestra
1190 912 1408 968 turbari
1447 913 1766 966 nullatenus
1810 910 1999 979 debet,
2032 912 2092 964 et
2194 910 2338 977 illos,
2381 909 2516 964 caeci
2553 914 2683 964 sunt
2711 914 2767 964 et
2809 909 2980 963 duces
3009 923 3284 962 caecorum
3326 906 3504 976 (Ibid.,
3539 907 3623 972 13,
3662 904 3778 974 14).
3806 921 3839 955 »

457 1010 698 1065 maxime
736 1008 796 1062 in
835 1005 1215 1078 omnipotenti
1250 1006 1363 1060 Deo
1403 1009 1540 1059 tunc
1579 1006 1735 1058 certa
1771 1003 1983 1058 ﬁducia
2007 1006 2093 1058 est
2196 1007 2262 1059 Et
2284 1009 2476 1059 tamen
2521 1020 2652 1058 cum
2699 1002 2974 1058 tributum
3003 1005 3312 1073 peteretur,
3345 999 3503 1071 prius
3539 999 3839 1054 rationem

457 1103 682 1176 quando
729 1118 833 1174 pro
875 1102 1025 1156 bono
1072 1115 1244 1172 opere
1270 1098 1624 1154 adversitatis
1653 1097 1869 1168 aliquid
1895 1097 1955 1150 in
1982 1097 2092 1151 hoc
2194 1098 2464 1167 reddidit,
2495 1115 2597 1170 per
2625 1113 2799 1168 quam
2825 1097 3104 1151 tributum
3133 1097 3348 1150 solvere
3380 1110 3495 1148 non
3526 1093 3837 1156 deberent,

459 1196 678 1252 mundo
710 1196 1002 1266 recipitur,
1054 1199 1114 1248 ut
1153 1193 1325 1265 plena
1354 1208 1572 1247 merces
1597 1191 1655 1245 in
1684 1194 1899 1246 interna
1922 1190 2090 1245 retri-
2201 1193 2410 1261 (Matth.
2437 1209 2565 1258 xvn,
2588 1192 2696 1260 24),
2725 1197 2894 1262 atque
2935 1189 3085 1244 illico
3111 1189 3404 1260 subjunxit
3433 1205 3446 1242 :
3479 1209 3504 1238 «
3538 1189 3605 1242 Ut
3630 1190 3841 1241 autem

456 1291 690 1346 butione
729 1291 1002 1344 servetur.
1033 1286 1194 1342 Unde
1240 1286 1301 1340 in
1344 1291 1539 1340 sancto
1579 1284 1883 1355 Evangelio
1913 1282 2049 1338 dicit
2077 1299 2091 1336 :
2194 1304 2308 1341 non
2338 1285 2788 1340 scandalizemus
2819 1301 2932 1352 eos,
2961 1284 3106 1338 vade
3150 1283 3219 1338 ad
3259 1299 3419 1337 mare
3447 1287 3503 1336 et
3531 1281 3691 1336 mitte
3723 1281 3840 1333 ha-

461 1407 488 1435 ‹‹
517 1384 679 1438 Beati
710 1382 869 1437 eritis
912 1398 1040 1436 cum
1069 1380 1336 1434 adversus
1367 1395 1462 1433 vos
1494 1393 1666 1433 omne
1694 1378 1907 1431 malum
1939 1377 2092 1431 dixe-
2195 1397 2377 1446 mum,
2412 1383 2470 1434 et
2495 1396 2624 1434 eum
2656 1378 2867 1450 piscem
2899 1377 2992 1448 qui
3020 1377 3176 1449 prius
3215 1375 3556 1444 ascenderit,
3586 1374 3744 1442 tolle,
3777 1378 3842 1427 et

459 1479 575 1533 rint
625 1477 908 1543 homines,
965 1473 1306 1529 mentientes
1351 1474 1590 1544 propter
1638 1487 1854 1526 nomen
1902 1486 2098 1524 meum
2195 1479 2392 1546 aperto
2443 1489 2538 1528 ore
2575 1473 2695 1543 ejus
2742 1472 2995 1526 invenies
3041 1474 3331 1540 staterem,
3367 1476 3424 1525 et
3465 1485 3716 1533 sumens,
3762 1467 3843 1522 da

465 1571 682 1640 (Matth.
713 1586 767 1636 ν,
803 1570 910 1639 Η).
945 1589 972 1616 ))
1013 1566 1119 1631 Olli
1149 1567 1210 1620 in
1251 1565 1642 1620 CODSOlaiiOIle
1679 1567 1873 1618 nostra
1905 1580 2008 1617 sua
2038 1562 2099 1617 in
2195 1568 2358 1624 illum
2384 1584 2487 1639 pro
2508 1583 2598 1621 me
2621 1572 2678 1622 et
2697 1571 2751 1621 te
2777 1567 2961 1638 (Ibid.,
2980 1565 3089 1637 26).
3120 1550 3318 1668 »/Quid
3347 1567 3431 1618 est
3455 1569 3645 1618 autem
3675 1561 3840 1633 quod

461 1665 789 1735 exemplum
809 1661 1094 1716 adducere
1114 1659 1422 1731 opprobria
1448 1658 1720 1729 dignatus
1736 1662 1838 1724 est,
1863 1657 2094 1711 dicens:
2198 1663 2267 1717 de
2311 1660 2696 1716 scandalizatis
2748 1660 2868 1714 aliis
2911 1654 3172 1713 dicitur':
3224 1677 3250 1709 «
3283 1657 3455 1713 Sinite
3498 1657 3651 1721 illos;
3697 1654 3842 1708 caeci

463 1776 494 1810 α
519 1757 574 1812 Si
617 1760 844 1828 patrem
877 1753 1122 1808 familias
1149 1751 1461 1807 Beelzebub
1486 1753 1855 1820 vocaverunt,
1886 1753 2100 1820 quanto
2119 1825 2159 1828 _
2200 1759 2332 1810 sunt
2354 1759 2410 1810 et
2433 1755 2602 1809 duces
2633 1769 2913 1808 caecorum
2949 1769 2963 1807 :
3000 1775 3027 1801 ››
3067 1757 3124 1807 et
3147 1752 3267 1806 aliis
3298 1767 3370 1806 ne
3399 1749 3840 1813 scandalizetur,

461 1825 647 1921 magis
674 1846 1014 1903 domesticos
1039 1847 1182 1917 ejus.
1207 1866 1235 1896 >)
1268 1845 1481 1916 (Matth.
1506 1861 1560 1913 Χ,
1594 1846 1705 1915 25.)
2117 1825 2178 1897 Β
2200 1867 2232 1904 a
2259 1849 2497 1904 Domino
2529 1848 2808 1902 tributum
2836 1846 3090 1914 solvitur,
3119 1846 3289 1900 etiam
3321 1845 3476 1916 quod
3517 1860 3628 1898 non
3657 1843 3838 1897 debe-

536 1944 677 1999 Sunt
702 1947 896 1996 autem
915 1940 1176 2013 plerique
1204 1939 1300 2010 qui
1329 1939 1503 1993 Vitam
1533 1937 1819 1992 bonorum
1863 1937 2101 1992 fortasse
2201 1943 2341 1998 tur?
2370 1942 2516 2006 Quid
2554 1945 2638 1994 est
2668 1941 2824 2012 quod
2862 1940 3017 1995 aliud
3052 1939 3382 1994 scandalum
3407 1954 3527 1992 esse
3555 1937 3842 2008 permise-

466 2037 708 2109 amplius
733 2051 909 2107 quam
945 2034 1172 2101 debent,
1203 2032 1462 2087 laudant.
1497 2033 1564 2086 Et
1593 2047 1666 2086 ne
1693 2047 1807 2102 qua
1837 2030 2003 2086 elatio
2031 2030 2102 2084 de

464 2131 632 2186 laude
659 2129 948 2199 subrepat,
978 2126 1258 2198 permittit
1277 2125 1637 2195 omnipotens
1661 2125 1811 2178 Deus
1844 2124 2024 2178 malos
2042 2124 2102 2177 in

467 2221 939 2279 obtrectationem
968 2223 1024 2275 et
1049 2219 1511 2290 objurgationem
1543 2234 1938 2289 prorumpere,
1971 2221 2033 2270 ut
2058 2215 2104 2270 si

469 2334 581 2388 qua
609 2317 776 2387 culpa
819 2315 892 2369 ab
923 2330 1018 2369 ore
1046 2312 1399 2368 laudantium
1438 2312 1497 2366 in
1527 2311 1694 2366 corde
1733 2310 2002 2377 nascitur,
2035 2310 2104 2364 ab

471 2427 569 2466 ore
606 2407 1048 2480 vituperantium
1076 2405 1401 2461 suﬂ‘ocetur.
1433 2405 1573 2459 Hinc
1601 2409 1684 2460 est
1716 2404 1862 2475 quod
1900 2405 2107 2459 Doctor

473 2504 729 2576 gentium
756 2518 813 2556 se
841 2501 899 2554 in
932 2499 1330 2572 praedicatione
1357 2514 1583 2553 currere
1614 2502 1873 2564 testatur,
1901 2517 1927 2548 «
1955 2497 2108 2551 inter

471 2596 768 2652 infamiam
809 2598 865 2650 et
908 2594 1118 2648 bonam
1173 2593 1384 2648 famam
1430 2594 1500 2660 (II
1536 2591 1656 2647 Cor.
1698 2608 1771 2656 vr,
1813 2593 1885 2661 8).
1925 2610 1951 2642 »
2000 2590 2108 2654 Qui

471 2692 646 2747 etiam
689 2689 845 2757 dicit,
877 2708 906 2741 «
937 2691 997 2742 ut
1039 2687 1363 2742 seductores
1405 2689 1461 2740 et
1506 2701 1731 2740 veraces
1764 2684 1961 2754 (Ibid).
1994 2706 2020 2732 »
2051 2683 2106 2739 Si

473 2785 650 2856 igitur
662 2784 915 2850 fuerunt,
935 2781 1034 2853 qui
1048 2781 1258 2836 malam
1283 2780 1496 2834 famam
1523 2780 1696 2833 Paulo
1717 2779 2106 2850 imponerent,

473 2877 570 2948 qui
613 2878 764 2931 hunc
807 2875 1171 2930 seductorem
1201 2877 1490 2941 vocarent,
1517 2871 1644 2943 quis
1674 2888 1810 2942 ergo
1837 2870 2105 2927 Christia-

473 2987 581 3026 nus
599 2970 766 3024 debet
788 2968 1091 3039 indignum
1121 2967 1331 3021 ducere
1363 2982 1464 3036 pro
1491 2965 1714 3020 Christo
1737 2964 1976 3035 injurias
2002 2981 2105 3018 au-

475 3065 634 3118 dire?
657 3064 894 3126 Quantae
935 3065 1129 3116 autem
1171 3059 1392 3113 virtutis
1431 3074 1748 3130 praecursor
1790 3057 1969 3112 nostri
1999 3059 2106 3112 Re-

2203 2038 2294 2106 rit,
2326 2036 2479 2091 aliud
2509 2052 2640 2090 vero
2669 2036 2863 2090 venire
2902 2033 3216 2106 prohibuit,
3247 2033 3353 2086 nisi
3383 2037 3448 2086 ut
3473 2048 3573 2086 nos
3600 2031 3846 2086 doceret

2203 2136 2258 2186 et
2288 2131 2388 2185 illa
2413 2130 2670 2184 scandala
2701 2145 2828 2199 quae
2857 2145 2963 2183 nos
2999 2128 3292 2199 implicant
3333 2127 3390 2181 in
3437 2130 3666 2198 peccato
3696 2141 3842 2178 con-

2203 2231 2482 2292 temnere,
2531 2228 2587 2276 et
2634 2222 2729 2276 illa
2769 2238 2897 2293 qua!
2941 2221 3164 2292 placare
3209 2220 3329 2274 sine
3367 2222 3596 2291 peccato
3643 2235 3849 2288 possu-

2204 2336 2351 2385 mus,
2381 2317 2565 2371 modis
2595 2315 2860 2371 omnibus
2880 2315 3180 2385 mitigare?
3204 2315 3397 2368 Vestra
3423 2313 3613 2384 itaque
3645 2313 3844 2366 excel-

2205 2412 2380 2467 lentia
2391 2412 2935 2482 potest,protegente
2947 2407 3513 2478 Domino,pravorum
3525 2405 3846 2460 hominum

2207 2505 2465 2561 scandala
2513 2521 2643 2559 cum
2684 2519 2892 2573 magna
2915 2501 3322 2573 tranquillitate
3349 2500 3654 2556 declinare.
3681 2499 3849 2554 Prius

2208 2601 2362 2654 enim
2396 2615 2429 2653 a
2472 2597 2630 2653 vobis
2669 2601 2885 2652 secreto
2929 2596 3169 2650 vocandi
3213 2601 3348 2650 sunt
3386 2611 3449 2648 ac
3505 2594 3640 2665 ipsis
3691 2593 3846 2647 ratio

2207 2693 2514 2762 reddenda,
2553 2697 2610 2746 et
2655 2707 2920 2762 perversa
2965 2691 3224 2761 quaedam
3267 2688 3512 2760 capitula
3553 2705 3682 2759 quae
3732 2704 3846 2742 nos

2207 2793 2400 2842 tenere
2456 2785 2800 2851 existimant,
2855 2801 3048 2838 coram
3103 2783 3236 2854 ipsis
3289 2781 3841 2837 anathematizanda.

2207 2881 2368 2945 Quod
2419 2881 2462 2933 si
2515 2879 2703 2946 etiam,
2752 2879 2895 2932 sicut
2943 2878 3167 2944 dicitur,
3201 2876 3324 2931 dari
3364 2876 3675 2930 anathema
3711 2875 3848 2930 ﬁcte

2209 2974 2593 3046 suspicantur,
2653 2977 2710 3027 et
2753 2971 3130 3043 jurejurando
3188 2969 3536 3025 ﬁrmandum
3604 2975 3688 3023 est
3744 2986 3848 3025 vos

2211 3069 2408 3124 eadem
2425 3067 2677 3138 capitula
2696 3082 2994 3137 nunquam
3015 3070 3234 3132 tenere,
3253 3080 3547 3136 nunquam
3567 3063 3844 3119 tenuisse.

476 3157 787 3228 demptoris
811 3155 985 3210 fuerit
1010 3154 1292 3220 novimus,
1316 3153 1414 3224 qui
1443 3169 1548 3224 per
1575 3169 1797 3206 sacrum
1819 3152 2109 3223 eloquium

497 3269 504 3270 ,
529 3268 586 3270 γη
634 3251 804 3270 -_I____
855 3250 1147 3270 ..ιμ..........Δ
1194 3247 1471 3270 -..,---ι...ι..
1530 3246 1620 3270 -..Δ
1672 3245 1834 3270 ait-..“
1879 3246 2109 3270 ληηηῖ..-

2214 3163 2320 3217 Nec
2346 3162 2499 3216 vobis
2535 3161 2800 3215 videatur
2842 3159 3150 3230 indignum
3195 3159 3292 3213 tali
3316 3159 3394 3214 eis
3421 3158 3594 3212 modo
3632 3158 3852 3212 satisfa-

479 3268 596 3307 non
629 3251 814 3305 solum
854 3250 1154 3321 plusquam
1194 3247 1498 3318 propheta,
1529 3246 1624 3300 sed
1668 3245 1840 3300 etiam
1877 3246 2112 3317 angelus

474 3349 711 3400 vocatur
753 3345 966 3415 (Matth.
1016 3360 1074 3409 ιι,
1118 3345 1170 3410 9,
1216 3342 1321 3410 10);
1369 3344 1426 3395 et
1469 3345 1683 3410 tamen,
1737 3340 1880 3394 sicut
1907 3340 2109 3403 eccle-

476 3439 708 3512 siastica.
743 3437 975 3492 historia
1011 3439 1270 3504 testatur,
1303 3439 1427 3505 post
1453 3437 1696 3488 mortem
1724 3451 1757 3487 a
1785 3435 2109 3504 persecuto-

478 3534 634 3588 ribus
682 3549 885 3602 corpus
927 3531 1049 3601 ejus
1093 3529 1386 3584 incensum
1433 3534 1534 3583 est.
1584 3528 1691 3583 Sed
1732 3527 1830 3598 qui
1883 3527 1988 3581 ista
2041 3527 2112 3580 de

477 3627 684 3682 sanctis
702 3625 970 3680 omnibus
1000 3625 1292 3692 Dominus,
1316 3623 1386 3678 de
1405 3623 1528 3693 ipso
1550 3624 1740 3676 sancto
1761 3625 2109 3690 sanctorum,

479 3722 533 3776 id
565 3726 649 3775 est
674 3721 743 3776 de
773 3722 902 3788 Deo,
934 3719 1030 3790 qui
1061 3735 1163 3790 pro
1192 3717 1356 3772 nobis
1401 3717 1575 3770 homo
1607 3716 1789 3770 factus
1821 3719 1905 3769 est
1935 3714 2110 3783 (Joan.

441 3814 464 3888 ί
480 3833 515 3883 ι,
546 3816 652 3886 14),
682 3815 1006 3886 loquamur,
1037 3813 1135 3883 qui
1161 3815 1294 3866 ante
1338 3810 1628 3881 injuriam,
1670 3810 1804 3880 quia
1833 3807 2116 3863 dmmonia

479 3909 716 3964 haberet
747 3909 920 3978 (Joan.
956 3923 1070 3972 vm,
1116 3905 1228 3975 48),
1260 3903 1493 3970 audivit,
1526 3908 1652 3974 post
1696 3906 1942 3958 mortem
1984 3918 2114 3956 vero

480 4020 512 4055 a
557 4001 672 4054 suis
699 3999 1153 4070 persecutoribus
1199 3997 1466 4052 seductor
1493 3996 1813 4068 appellatus
1842 4000 1947 4065 est,
1983 4012 2113 4050 cum

481 4095 733 4148 dicerent
781 4110 793 4146 :
837 4091 1111 4146 «Scimus
1150 4091 1282 4161 quia
1323 4089 1590 4144 seductor
1630 4089 1726 4144 ille
1771 4089 1913 4143 dixit
1944 4106 1956 4142 :
1984 4091 2118 4143 Post

482 4193 599 4242 tres
619 4186 738 4241 dies
761 4201 1054 4256 resurgam
1079 4185 1292 4255 (Matth.
1313 4200 1483 4249 xxvn,
1508 4184 1660 4253 63).»
1683 4185 1904 4247 Quanta
1925 4187 2116 4237 autem

481 4298 587 4336 nos
613 4283 934 4352 peccatores
957 4296 990 4332 a
1013 4279 1210 4350 lingua
1238 4279 1326 4334 vel
1354 4277 1618 4332 manibus
1661 4277 1993 4348 iniquorum
2017 4278 2118 4332 ho-

480 4376 704 4430 minum
736 4378 960 4446 portare
1005 4389 1232 4428 necesse
1272 4377 1373 4440 est,
1403 4371 1502 4443 qui
1538 4371 1597 4425 in
1629 4371 1880 4426 adventu
1918 4371 2116 4426 aeterni

475 4468 686 4540 judicis
709 4467 999 4539 judicandi
1039 4483 1251 4534 sumus,
1281 4467 1325 4520 si
1365 4469 1422 4522 et
1450 4465 1571 4537 ipse
1601 4468 1760 4520 tanta
1789 4465 1962 4520 etiam
1989 4470 2120 4536 post

2212 3272 2360 3324 cere,
2390 3272 2494 3310 nec
2521 3255 2591 3309 de
2619 3253 2899 3324 imperiali
2927 3269 3140 3324 genere
3171 3253 3242 3306 sit
3266 3255 3460 3306 contra
3488 3268 3582 3306 eos
3613 3251 3849 3322 aliquod

2211 3351 2271 3404 in
2287 3355 2469 3405 vestra
2486 3353 2676 3403 mente
2689 3348 3002 3418 fastigium.
3019 3347 3230 3402 Omnes
3247 3346 3400 3401 enim
3416 3347 3615 3400 fratres
3628 3361 3848 3415 sumus,

2213 3443 2380 3498 unius
2404 3442 2761 3514 imperatoris
2787 3444 3066 3512 potestate
3087 3440 3321 3507 conditi,
3341 3445 3396 3495 et
3429 3440 3548 3509 ejus
3569 3439 3849 3511 sanguine

2212 3539 2514 3609 redempti,
2529 3541 2586 3592 et
2606 3537 2812 3591 idcirco
2827 3536 3027 3590 fratres
3049 3540 3264 3590 nostros
3283 3533 3698 3606 quantumlibet
3713 3550 3849 3604 pau-

2213 3648 2375 3704 peres
2401 3636 2455 3686 et
2482 3630 2734 3702 abjectos
2759 3629 2818 3684 in
2853 3629 3008 3684 nullo
3039 3629 3328 3700 despicere
3359 3628 3652 3683 debemus.
3685 3630 3850 3683 Certe

2213 3726 2427 3782 etenim
2462 3728 2660 3780 Petrus
2698 3726 3034 3794 potestatem
3068 3722 3235 3792 regni
3264 3722 3499 3777 caelestis
3527 3725 3846 3793 acceperat,

2213 3823 2278 3874 ut
2309 3819 2464 3891 quod
2503 3819 2559 3872 in
2591 3824 2740 3872 terra
2783 3818 2988 3888 ligaret
3017 3816 3103 3870 vel
3143 3816 3405 3882 solveret,
3449 3821 3593 3870 esset
3619 3816 3677 3870 in
3709 3817 3847 3870 cwlo

2215 3909 2460 3979 ligatum
2503 3909 2587 3962 vel
2629 3907 2878 3962 solutum
2925 3905 3138 3975 (Matth.
3173 3921 3280 3972 ΧΠ,
3327 3906 3431 3975 19),
3477 3922 3647 3976 super
3693 3922 3849 3960 mare

2213 4002 2537 4056 ambulabat
2565 4002 2738 4071 (Joan.
2773 4017 2881 4068 xxx,
2903 3999 2978 4071 7),
3022 4003 3361 4071 aegrotantes
3388 3999 3587 4053 umbra
3617 3999 3851 4054 curabat

2216 4098 2355 4166 (Act.
2389 4113 2440 4165 ν,
2477 4097 2580 4165 15),
2610 4097 2902 4166 peccantes
2947 4111 3080 4148 vero
3131 4093 3419 4148 occidebat
3466 4093 3627 4164 (Ibid.
3657 4111 3713 4160 γ,
3745 4096 3846 4161 10),

2215 4194 2470 4244 mortuos
2502 4189 2758 4243 oratione
2789 4187 3093 4242 suscitabat
3123 4186 3266 4258 (Act.
3292 4204 3366 4253 IX,
3390 4186 3500 4256 40);
3533 4191 3589 4241 et
3616 4187 3752 4258 quia
3783 4204 3852 4242 ex

2217 4283 2606 4338 admonitione
2627 4281 2866 4353 Spiritus
2887 4281 2959 4336 ad
2987 4280 3319 4336 Cornelium
3353 4280 3626 4350 gentilem
3667 4282 3856 4335 fuerat

2216 4377 2504 4448 ingressus
2566 4377 2704 4445 (Act.
2765 4391 2817 4443 Χ,
2877 4378 2956 4442 19)
2990 4417 3002 4441 ,
3069 4379 3267 4428 contra
3321 4391 3452 4428 eum
3507 4391 3540 4428 a
3592 4374 3856 4430 fidelibus

2216 4471 2454 4542 quaestio
2498 4470 2642 4524 facta
2672 4472 2790 4524 est:
2822 4471 2932 4525 Cur
2961 4468 3031 4523 ad
3059 4468 3297 4538 gentiles
3341 4467 3527 4521 fuerat
3568 4467 3856 4538 ingressus

482 4565 730 4618 mortem
773 4562 1009 4633 pertulit
1047 4561 1143 4632 qui
1185 4560 1362 4630 judex
1405 4559 1576 4614 venit.
1621 4560 1768 4626 HERC,
1797 4559 2197 4642 dulcissimaD
2219 4568 2276 4620 et
2306 4563 2644 4619 comedisset
2672 4579 2801 4617 cum
2835 4563 2945 4630 eis;
2982 4579 3083 4616 cur
3111 4578 3208 4617 eos
3243 4561 3303 4616 in
3341 4561 3675 4632 baptismate
3701 4579 3854 4618 rece-

485 4661 543 4712 et
586 4656 1056 4712 excellentissima
1099 4654 1233 4724 ﬁlia,
1286 4653 1535 4709 breviter
1579 4653 1716 4719 dixi,
1775 4669 1846 4708 ne
1901 4653 2120 4723 quoties

483 4752 686 4807 stultos
728 4750 986 4806 homines
1033 4749 1137 4803 tibi
1182 4749 1460 4820 derogare
1511 4749 1825 4818 cognoscis,
1869 4747 2122 4818 qualibet

483 4848 570 4902 vel
598 4846 829 4917 parvula
858 4843 1066 4898 mentis
1086 4842 1312 4897 tristitia
1339 4842 1608 4912 tangaris.
1642 4841 1752 4896 Sed
1783 4840 1912 4912 quia
1939 4840 2121 4894 sedari

485 4941 594 4994 hoc
623 4940 815 5010 ipsum
843 4938 1151 4991 stultorum
1195 4935 1496 4990 hominum
1528 4951 1790 4988 murmur
1816 4934 2123 5005 tranquilla

485 5032 708 5087 ratione
729 5033 934 5102 potest,
958 5033 1255 5102 peccatum
1275 5029 1464 5095 credo,
1489 5029 1535 5082 si
1560 5029 1774 5082 bonum
1802 5027 1951 5098 quod
1977 5027 2124 5082 valet

487 5126 609 5181 fieri
645 5125 974 5196 negligitur,
1006 5127 1068 5179 ut
1112 5122 1230 5178 ﬁat.
1263 5124 1406 5178 Nam
1451 5139 1583 5177 cum
1631 5122 1858 5193 placare
1900 5121 2123 5176 insanas

489 5224 706 5275 mentes
736 5225 906 5290 atque
931 5219 998 5274 ad
1027 5219 1269 5274 salutem
1307 5217 1578 5272 reducere
1609 5233 1928 5287 possumus,
1959 5233 2120 5271 scan-

488 5312 736 5370 dalizare
755 5329 850 5368 eos
869 5313 1111 5368 minime
1139 5311 1433 5368 debemus.

557 5408 700 5463 Sunt
731 5406 888 5461 enim
918 5407 1180 5480 quaedam
1213 5405 1492 5473 scandala,
1533 5422 1660 5477 quas
1686 5405 1924 5460 omnino
1941 5405 2124 5477 despi-

485 5502 684 5559 cienda
727 5505 878 5570 sunt,
923 5500 1186 5572 quaedam
1229 5516 1379 5565 vero,
1431 5515 1561 5554 cum
1601 5499 1765 5554 vitari
1808 5499 1927 5554 sine
1959 5500 2124 5570 culpa

488 5615 603 5653 non
630 5602 886 5669 possunt,
919 5594 1280 5664 despicienda
1324 5610 1440 5648 non
1485 5597 1637 5659 sunt,
1684 5611 1754 5648 ne
1782 5610 1913 5648 cum
1957 5594 2124 5664 culpa

487 5696 800 5746 serventur.
831 5687 992 5752 Quod
1023 5703 1181 5740 sacro
1204 5687 1506 5757 Evangelio
1535 5687 1882 5757 praedicante
1911 5703 2120 5758 cogno-

489 5785 692 5851 vimus,
741 5783 896 5853 quia,
956 5797 1085 5834 cum
1145 5781 1358 5834 Veritas
1416 5780 1629 5834 diceret
1673 5798 1684 5834 :
1736 5801 1762 5830 ‹‹
1813 5781 1930 5834 Νοη
1968 5781 2123 5851 quod

490 5878 663 5930 intrat
685 5876 742 5930 in
771 5891 835 5929 os
860 5873 1195 5944 coinquinat
1221 5871 1540 5941 hominem,
1565 5873 1661 5926 sed
1691 5874 1842 5944 quod
1873 5873 2126 5944 procedit

2219 4659 2392 4730 pisset
2427 4658 2606 4728 (Ibid.,
2634 4659 2741 4727 28).
2775 4658 2841 4712 Et
2869 4659 3060 4710 tamen
3106 4656 3283 4725 idem,
3313 4657 3698 4726 apostolorum
3735 4658 3854 4728 pri-

2220 4769 2366 4819 mus,
2390 4756 2549 4806 tanta
2573 4752 2861 4806 donorum
2884 4750 3066 4821 gratia
3086 4750 3358 4820 repletus,
3381 4753 3540 4803 tanta
3565 4750 3858 4805 miraculo-

2221 4864 2348 4901 rum
2391 4849 2664 4918 potestate
2705 4845 2985 4914 suﬂ'ultus,
3035 4844 3288 4914 querelae
3330 4843 3584 4898 ﬁdelium
3631 4861 3746 4899 non
3792 4862 3854 4899 ex

2221 4943 2518 5013 potestate,
2547 4939 2644 4994 sed
2674 4956 2744 4993 ex
2771 4937 2991 4993 ratione
3029 4937 3340 5010 respondit,
3367 4954 3596 4992 causam
3629 4955 3736 5009 per
3764 4956 3853 4993 or-

2222 5035 2415 5089 dinem
2433 5033 2712 5105 exposuit,
2727 5033 3018 5104 quomodo
3034 5049 3126 5086 vas
3143 5032 3431 5104 quoddam
3447 5032 3600 5087 velut
3619 5033 3855 5088 linteum

2223 5129 2282 5182 in
2313 5145 2424 5200 quo
2463 5127 2851 5200 quadrupedia
2876 5132 3043 5181 terrm
3077 5131 3134 5180 et
3170 5126 3388 5193 bestiae,
3422 5125 3645 5196 reptilia
3688 5131 3853 5198 atque

2222 5222 2476 5278 volatilia
2502 5223 2743 5291 inerant,
2769 5221 2838 5276 de
2865 5222 3004 5275 coelo
3028 5219 3287 5276 submitti
3313 5219 3534 5286 viderit,
3549 5237 3854 5291 vocemque

2224 5316 2466 5372 audierit
2495 5318 2569 5396 ζμ(
2601 5317 2804 5387 Surge,
2831 5317 3012 5382 Petre,
3044 5314 3236 5369 occide
3257 5319 3313 5368 et
3339 5314 3642 5380 manduca,
3674 5337 3699 5361 ››
3729 5331 3856 5385 qua-

2224 5411 2356 5465 liter
2381 5413 2495 5465 tres
2514 5399 2622 5464 ’viri
2642 5409 2919 5475 venerint,
2950 5425 3082 5463 eum
3111 5408 3184 5462 ad
3210 5407 3532 5464 Cornelium
3574 5413 3852 5476 vocantes,

2227 5503 2474 5574 qualiter
2517 5503 2760 5574 Spiritus
2793 5507 3020 5557 sanctus
3052 5503 3204 5556 hunc
3230 5519 3359 5556 cum
3405 5501 3487 5557 eis
3527 5501 3608 5556 ire
3648 5518 3852 5572 przece-

2225 5602 2401 5668 perat,
2433 5597 2679 5669 qualiter
2709 5596 2863 5650 idem
2901 5597 3144 5667 Spiritus
3183 5603 3408 5650 sanctus
3437 5596 3532 5666 qui
3560 5596 3756 5649 venire
3800 5596 3855 5650 in

2224 5691 2536 5761 baptizatos
2557 5691 2616 5745 in
2642 5689 2838 5746 Judtra
2864 5695 2989 5760 post
3006 5688 3360 5760 baptismum
3387 5693 3779 5758 consueverat,
3801 5689 3855 5744 in

2227 5784 2489 5854 gentibus
2535 5787 2664 5839 ante
2715 5785 3058 5855 baptismum
3101 5784 3259 5838 venit
3312 5784 3494 5850 (lbid..
3555 5784 3753 5852 11-48).
3804 5783 3855 5838 Si

2227 5878 2407 5945 enim,
2461 5895 2589 5932 cum
2639 5896 2672 5933 a
2723 5877 2982 5933 ﬁdelibus
3036 5877 3381 5949 culparetur,
3443 5877 3852 5948 auctoritatem,
