4050 6308
229 301 364 353 1117

1420 291 1893 354 DECRETALIUM
1933 297 2314 355 COLLECTIO.

3446 302 3580 359 1118

219 422 397 478 quam
463 405 520 460 in
586 409 782 460 sancta
854 405 1098 460 Ecclesia
1172 412 1484 476 acceperat,
1552 407 1854 462 attendisse
1875 419 1934 491 Α
1954 408 2294 462 vescendum
2321 411 2583 479 petentes
2609 409 2771 479 (Dan.
2798 426 2836 478 ι,
2868 368 3144 503 l2),jcibis
3170 410 3343 481 regiis
3370 412 3454 466 uti
3483 429 3585 466 no-

221 499 574 570 respondere
624 502 865 569 poterat,
894 501 958 553 ut
1006 504 1293 570 pastorem
1339 516 1503 553 suum
1549 516 1696 569 oves,
1727 517 1854 571 quae

221 593 544 648 commissae
575 593 806 662 fuerint,
835 593 1258 664 reprehendere
1284 610 1398 648 non
1428 593 1724 664 auderent,
1758 594 1856 649 sed

223 688 270 740 si
317 687 380 740 in
437 687 672 758 querela
731 686 987 742 ﬁdelium
1052 687 1271 758 aliquid
1324 686 1393 742 de
1437 703 1536 742 sua
1580 690 1857 758 potestate

226 780 463 849 diceret,
492 780 750 851 profecto
787 781 990 835 doctor
1013 780 1466 835 mansuetudinis
1495 797 1609 834 non
1637 781 1852 847 fuisset,

224 873 438 928 Humili
453 891 590 946 ergo
607 891 702 928 eos
721 874 938 929 ratione
957 873 1204 945 placavit
1213 879 1382 946 atque
1405 874 1465 928 in
1485 891 1652 928 causa
1671 890 1859 946 repre-

224 968 523 1023 hensionis
547 985 686 1037 suae,
705 969 878 1024 etiam
894 971 1068 1022 testes
1092 967 1374 1036 adhibuit,
1390 967 1584 1022 dicens
1605 985 1618 1022 :
1637 989 1665 1018 «
1682 969 1857 1024 Vene-

224 1064 362 1117 runt
390 1067 582 1117 autem
603 1079 831 1116 mecum
857 1064 916 1117 et
940 1080 1032 1118 sex
1057 1062 1265 1117 fratres
1294 1061 1386 1116 isti
1417 1062 1559 1131 (Act.
1590 1078 1667 1132 x1,
1695 1061 1800 1133 l2).
1826 1082 1851 1114 »

226 1155 282 1212 Si
310 1155 508 1228 igitur,
540 1159 598 1210 et
632 1159 824 1227 pastor
853 1156 1134 1223 Ecclesiae,
1167 1159 1224 1210 et
1265 1156 1651 1226 apostolorum
1692 1156 1852 1227 prin-

226 1265 375 1320 ceps,
426 1250 590 1320 signa
639 1254 696 1304 et
739 1249 1013 1304 miracula
1060 1250 1424 1321 singulariter
1466 1249 1692 1316 faciens,
1740 1266 1856 1304 non

225 1344 565 1414 dedignatus
585 1347 670 1398 est
689 1343 747 1398 in
767 1359 939 1398 causa
960 1343 1422 1414 reprehensionis
1443 1360 1558 1397 sum
1577 1343 1856 1398 rationem

225 1437 520 1492 humiliter
569 1437 830 1504 reddere,
873 1439 1086 1508 quanto
1131 1436 1317 1507 magis
1363 1453 1468 1491 nos
1515 1442 1852 1508 peccatores,

225 1547 358 1586 cum
405 1532 464 1586 in
514 1548 575 1586 re
618 1531 810 1602 aliqua
854 1530 1359 1601 reprehendimur,
1411 1531 1857 1602 reprehensores

225 1628 455 1680 nostros
503 1625 723 1680 ratione
769 1624 972 1679 humili
1021 1625 1244 1695 placare
1289 1624 1607 1679 debemus?
1633 1624 1718 1678 Ad
1765 1641 1857 1678 me

225 1719 464 1786 etenim,
491 1719 636 1773 sicut
667 1719 859 1785 nostis,
888 1735 1018 1772 cum
1046 1718 1198 1789 apud
1223 1717 1461 1788 vestigia
1487 1717 1853 1773 dominorum

225 1812 286 1866 in
315 1811 478 1884 regia
501 1812 641 1867 urbe
685 1813 1038 1881 demorarer,
1069 1811 1236 1866 multi
1268 1828 1334 1866 ex
1380 1811 1460 1866 eis
1488 1811 1681 1867 venire
1721 1829 1852 1866 con-
1875 1789 1932 1860 B

224 1911 530 1962 sueverant
561 1906 660 1977 qui
692 1905 762 1961 de
801 1905 1087 1977 praedictis
1129 1905 1393 1977 capitulis
1422 1905 1852 1961 accusabantur.

225 1999 362 2066 Sed,
392 2005 534 2054 teste
582 1999 946 2066 conscientia,
977 1999 1158 2054 fateor
1206 2015 1500 2071 nunquam
1537 1998 1596 2053 in
1624 1999 1704 2054 eis
1751 2000 1853 2054 ali-

224 2093 367 2164 quid
411 2093 723 2163 pravitatis,
756 2093 968 2164 aliquid
1001 2093 1208 2148 erroris
1256 2092 1324 2147 de
1366 2093 1477 2163 his,
1505 2109 1634 2164 quae
1666 2098 1857 2148 contra

225 2203 326 2241 eos
367 2186 722 2255 dicebantur,
753 2187 963 2242 inveni.
994 2187 1154 2242 Unde
1196 2190 1252 2242 et
1287 2203 1385 2241 eos
1421 2186 1692 2258 opinione
1719 2204 1852 2241 con-

227 2285 446 2351 tempta
474 2280 825 2335 familiariter
854 2281 1140 2352 suscipere
1166 2283 1224 2335 et
1248 2279 1429 2351 magis
1453 2280 1522 2334 ab
1551 2280 1854 2351 insequen-

227 2372 381 2428 tibus
405 2373 710 2428 defendere
736 2373 1033 2440 curaham;
1064 2373 1356 2428 dicebatur
1383 2389 1633 2444 namque
1663 2377 1859 2428 contra

226 2484 324 2521 eos
353 2467 509 2539 quod
536 2467 638 2521 sub
666 2467 900 2522 obtentu
944 2467 1236 2538 religionis
1265 2467 1531 2538 conjugia
1556 2468 1854 2534 solverent,

228 2567 286 2616 et
311 2561 447 2633 quia
473 2561 726 2616 dicerent
752 2562 903 2632 quod
929 2561 1205 2632 baptisma
1232 2566 1464 2632 peccata
1488 2562 1717 2630 penitus
1743 2579 1856 2616 non

228 2656 507 2722 auferret;
536 2659 592 2709 et
621 2655 666 2709 si
712 2655 782 2708 de
815 2654 1209 2726 iniquitatibus
1252 2655 1369 2709 suis
1414 2655 1540 2726 quis
1570 2655 1856 2727 pmniten-

228 2749 367 2803 tiam
393 2750 452 2803 in
494 2748 807 2804 triennium
854 2753 1074 2819 ageret,
1104 2749 1468 2819 postmodum
1517 2749 1567 2803 ei
1595 2766 1858 2821 perverse

228 2842 414 2897 vivere
447 2843 667 2912 liceret;
694 2846 750 2897 et
771 2842 905 2914 quia
932 2844 976 2896 si
1007 2843 1284 2914 compulsi
1313 2843 1531 2913 aliquid
1557 2844 1626 2897 de
1655 2843 1860 2914 quibus

229 2937 808 3008 reprehendebantur,
843 2937 1323 2992 anathematizare
1353 2954 1412 2991 se
1441 2937 1697 2992 dicerent
1720 2953 1857 2991 ana-

232 3030 498 3085 thematis
528 3029 747 3085 vinculo
781 3030 939 3084 nullo
969 3031 1137 3084 modo
1166 3031 1368 3084 teneri.
1402 3031 1470 3084 Et
1499 3030 1544 3084 si
1579 3031 1678 3101 qui
1707 3034 1858 3097 sunt,

229 3125 330 3196 qui
359 3123 674 3179 certissime
708 3124 841 3178 talia
866 3123 1140 3191 sentiunt,
1172 3124 1258 3178 vel
1289 3127 1506 3190 tenent,
1541 3124 1673 3195 quia
1701 3123 1857 3179 Chri-

229 3218 400 3272 stiani
436 3235 550 3272 non
577 3221 728 3285 sunt,
770 3218 1007 3272 dubium
1049 3235 1166 3272 non
1194 3221 1297 3287 est,
1334 3234 1545 3289 eosque
1577 3223 1634 3271 et
1675 3235 1780 3289 ego
1807 3223 1863 3273 et

232 3329 436 3368 omnes
471 3312 732 3367 catholici
778 3312 1048 3383 episcopi,
1088 3315 1259 3383 atque
1309 3312 1574 3366 universa
1618 3312 1863 3366 Ecclesia

230 3406 798 3476 anathematizamus,
845 3406 979 3477 quia
1025 3405 1245 3461 veritati
1286 3406 1567 3460 contraria
1612 3407 1865 3460 sentiunt

231 3505 292 3555 et
333 3501 617 3556 contraria
658 3503 987 3572 loquuntur.
1033 3500 1089 3555 Si
1135 3501 1293 3554 enim
1332 3500 1530 3555 dicunt
1574 3499 1863 3571 religionis

233 3611 404 3650 causa
441 3594 706 3666 conjugia
735 3595 942 3649 debere
989 3593 1237 3664 dissolvi,
1271 3594 1563 3648 sciendum
1612 3596 1697 3647 est
1732 3593 1863 3664 quia

233 3688 336 3743 etsi
367 3689 475 3744 hoc
501 3689 587 3743 lex
615 3689 867 3744 humana
897 3689 1190 3755 concessit,
1219 3689 1313 3744 lex
1339 3687 1527 3742 divina
1551 3687 1862 3759 prohibuit.

233 3784 341 3837 Per
365 3799 426 3837 se
454 3782 609 3837 enim
637 3782 853 3837 Veritas
897 3783 1032 3837 dicit
1063 3799 1075 3837 :
1115 3805 1141 3832 «
1175 3782 1337 3846 Quod
1377 3783 1521 3836 Deus
1550 3780 1863 3851 conjunxit,

235 3877 412 3932 homo
433 3893 550 3931 non
575 3880 797 3948 separet
828 3876 1042 3946 (Matth.
1077 3893 1189 3945 xxx,
1220 3878 1294 3947 9).
1331 3897 1357 3926 ››
1395 3876 1503 3940 Qui
1537 3875 1711 3931 etiam
1742 3875 1821 3930 ait
1849 3892 1860 3928 :

238 3991 264 4022 (ι
298 3972 419 4025 Νοη
459 3971 590 4025 licet
633 3971 922 4026 dimittere
965 3987 1225 4040 uxorem,
1255 3975 1494 4042 excepta
1539 3985 1707 4024 causa
1748 3970 1863 4024 for-

233 4064 538 4119 nicationis
584 4066 786 4134 (Ibid)
834 4085 860 4113 n
904 4065 1036 4128 Quis
1081 4081 1217 4136 ergo
1256 4065 1388 4119 huic
1434 4065 1648 4119 caelesti
1695 4063 1864 4135 legis-

234 4158 404 4214 latori
477 4159 872 4213 contradicat?
928 4159 1150 4214 Scimus
1207 4159 1341 4230 quia
1395 4159 1671 4229 scriptum
1727 4162 1863 4212 est:

238 4275 264 4301 ‹‹
298 4254 478 4307 Erunt
519 4252 630 4308 duo
670 4253 730 4307 in
768 4269 938 4307 carne
980 4269 1096 4307 una
1127 4254 1274 4320 (Gen.
1309 4253 1500 4320 11,23).
1537 4272 1564 4300 »
1603 4251 1658 4306 Si
1693 4251 1870 4321 igitur

235 4347 322 4402 vir
344 4349 402 4402 et
425 4363 573 4401 uxor
613 4363 720 4401 una
771 4363 903 4402 caro
951 4349 1104 4414 sunt,
1138 4351 1194 4400 et
1234 4344 1527 4416 religionis
1571 4360 1757 4412 causa,
1783 4345 1869 4398 vir

235 4440 469 4496 dimittit
501 4456 756 4510 uxorem,
779 4442 866 4496 vel
893 4441 1100 4496 mulier
1124 4439 1310 4494 virum
1331 4439 1391 4492 in
1422 4439 1526 4492 hoc
1546 4437 1764 4492 mundo
1785 4454 1868 4493 re-

1955 501 2393 570 luerunt(1bid.,
2427 502 2499 572 5),
2531 518 2645 556 non
2682 502 2818 572 quia
2863 501 3028 573 culpa
3077 507 3244 574 esset,
3272 504 3320 558 si
3356 520 3425 558 ea
3459 521 3586 576 quae

1954 595 2103 649 Deus
2119 595 2330 649 creavit
2349 595 2604 650 ederent.
2626 595 2943 651 Noluerunt
2970 613 3108 667 ergo
3130 613 3356 652 sumere
3375 614 3439 654 ea
3459 615 3586 669 quae

1955 686 2180 742 licebat.
2212 691 2275 741 ut
2329 704 2431 758 per
2494 689 2903 744 continentiam
2964 689 3140 744 virtus
3214 695 3582 747 excresceret.

1956 780 2127 835 David
2151 797 2287 836 vero
2321 782 2421 852 qui
2448 782 2695 836 alienam
2733 783 3036 854 conjugem
3068 784 3296 853 tulerat,
3329 787 3386 838 et
3422 785 3585 840 valde

1955 890 2058 944 pro
2115 891 2215 928 sua
2269 875 2434 946 culpa
2488 875 2678 930 fuerat
2731 876 3068 946 ﬂagellatus,
3126 893 3330 949 aquam
3387 877 3582 933 bibere

1955 968 2126 1038 longe
2150 972 2276 1039 post
2303 968 2373 1022 de
2408 969 2834 1024 Bethleemitica
2872 969 3116 1025 cisterna
3148 971 3330 1026 noluit
3354 971 3427 1040 (II
3451 973 3580 1040 Reg.

1957 1077 2112 1130 xxm,
2145 1062 2248 1132 16).

2025 1155 2228 1224 Quam,
2243 1171 2376 1209 cum
2399 1155 2452 1210 ei
2469 1155 2765 1212 fortissimi
2784 1157 2997 1213 milites
3013 1157 3370 1226 detulissent,
3390 1159 3583 1215 bibere

1956 1249 2256 1314 recusavit,
2284 1265 2466 1320 eaque
2493 1250 2784 1306 fundendo
2811 1251 3048 1306 Domino
3074 1251 3270 1306 libavit
3291 1253 3494 1322 (Ibid),
3524 1253 3585 1308 li-

1956 1341 2121 1395 cebat
2144 1341 2298 1396 enim
2323 1342 2517 1398 bibere
2539 1343 2583 1397 si
2601 1343 2888 1409 voluisset,
2913 1345 3010 1398 sed
3039 1345 3137 1415 qui
3163 1343 3355 1400 illicita
3387 1362 3446 1400 se
3468 1362 3584 1400 ces-

1956 1435 2092 1490 sisse
2129 1436 2489 1504 meminerat,
2519 1435 2873 1492 laudabiliter
2901 1441 2959 1492 et
2985 1454 3019 1492 a
3055 1437 3220 1493 licitis
3247 1439 3582 1508 abstinebat,

1957 1534 2014 1583 et
2037 1529 2135 1599 qui
2163 1529 2320 1599 prius
2343 1546 2445 1600 pro
2462 1531 2631 1601 culpa
2657 1547 2758 1584 sua
2782 1531 3156 1586 morientium
3184 1531 3437 1588 militum
3459 1549 3585 1587 san-

1959 1622 2194 1692 guinem
2237 1623 2401 1677 fundi
2445 1639 2563 1678 non
2602 1624 2826 1693 metuit,
2865 1625 3252 1694 postmodum,
3281 1626 3328 1680 si
3371 1642 3582 1697 aquam

1955 1715 2198 1783 biberet,
2228 1715 2402 1770 etiam
2430 1733 2536 1788 pro
2568 1717 2736 1788 culpa
2777 1729 2877 1771 sua
2919 1718 3290 1774 morientium
3331 1719 3584 1774 militum

1957 1809 2296 1880 sanguinem
2329 1826 2388 1863 se
2415 1809 2625 1864 fudisse
2645 1810 2940 1881 judicavit,
2969 1810 3162 1866 dicens
3189 1829 3201 1866 :
3236 1833 3264 1862 ‹‹
3289 1813 3438 1866 Num
3463 1827 3586 1867 san-

1957 1903 2186 1974 guinem
2217 1902 2517 1957 hominum
2547 1903 2809 1972 istorum,
2832 1904 2931 1975 qui
2957 1905 3193 1975 profecti
3221 1910 3373 1975 sunt,
3395 1910 3450 1960 et
3472 1906 3586 1961 ani-

1955 2013 2184 2051 marum
2203 1996 2518 2068 periculum
2537 1996 2730 2052 bibam
2744 1997 2772 2051 ?
2787 2017 2816 2047 »
2841 1997 3019 2066 (1bid.,
3046 1998 3154 2068 17.)
3175 1999 3444 2067 Proinde,
3457 2015 3588 2054 cum

1956 2090 2089 2144 boni
2118 2090 2387 2161 conjuges
2415 2094 2514 2144 aut
2552 2089 2827 2144 meritum
2858 2107 3073 2161 augere
3119 2091 3459 2161 desiderant,
3488 2097 3588 2147 aut

1956 2189 2086 2238 ante
2113 2187 2254 2238 actae
2283 2184 2413 2237 vitae
2437 2184 2633 2255 culpas
2658 2183 2870 2251 delere,
2895 2189 2958 2239 ut
2983 2200 3042 2239 se
3074 2184 3148 2238 ad
3168 2186 3588 2255 continentiam

1957 2205 2086 2238 ante
2113 2205 2254 2238 acta:
2284 2205 2413 2237 γιιω
2437 2205 2633 2255 ClllpﬂS
2658 2205 2870 2251 OBJBI‘B,
2895 2205 2958 2239 ιιι
2983 2205 3042 2239 SB
3074 2205 3148 2238 EQ
3168 2205 3524 2242 ϐΟΠΗΠθΠῐιᾶ
3563 2205 3586 2241 1

1957 2273 2371 2345 constringant,
2406 2277 2464 2326 et
2496 2272 2795 2328 meliorem
2822 2273 3000 2328 vitam
3043 2279 3316 2345 appetant
3344 2276 3490 2331 licet.
3507 2205 3586 2360 gi

1958 2384 2092 2422 vero
2123 2366 2558 2435 continentiam,
2590 2383 2765 2438 quam
2791 2383 2936 2422 uxor
2963 2367 3202 2440 appetit,
3229 2369 3316 2424 vir
3345 2374 3583 2437 recusat,

1960 2461 2130 2516 dividi
2153 2461 2486 2532 conjugium
2514 2477 2628 2516 non
2651 2461 2798 2530 licet,
2823 2461 2957 2531 quia
2977 2462 3252 2533 scriptum
3280 2468 3364 2518 est
3387 2481 3398 2518 ε
3430 2486 3456 2513 ‹‹
3476 2465 3588 2519 Mu-

1958 2555 2063 2610 lier
2107 2555 2192 2609 sui
2249 2554 2497 2626 corporis
2558 2557 2898 2624 potestatem
2947 2571 3065 2610 non
3114 2556 3305 2626 habet,
3354 2558 3452 2612 sed
3505 2558 3588 2612 vir

1963 2651 2008 2716 (I
2046 2651 2164 2706 Cor.
2199 2665 2293 2716 vn,
2324 2650 2397 2714 4).
2447 2668 2473 2696 ››
2522 2647 2575 2704 Si
2627 2647 2726 2719 qui
2773 2664 2905 2702 vero
2951 2653 3084 2703 sunt
3125 2649 3224 2720 qui
3267 2651 3484 2717 dicunt,
3525 2652 3585 2706 in

1958 2743 2294 2814 baptismate
2314 2747 2545 2813 peccata
2569 2743 2867 2812 superficie
2897 2746 3060 2797 tenus
3091 2743 3320 2812 dimitti,
3341 2745 3477 2816 quid
3504 2751 3589 2800 est

1960 2838 2064 2892 hac
2078 2835 2486 2908 praedicatione
2513 2834 2817 2905 inﬁdelius,
2836 2835 2895 2890 in
2915 2851 3026 2906 qua
3043 2836 3233 2908 ipsum
3253 2837 3388 2892 ﬁdei
3409 2854 3590 2894 sacra-

1961 2934 2218 2987 mentum
2262 2930 2533 2985 festinant
2574 2930 2812 2999 solvere,
2839 2929 2899 2984 in
2941 2946 3053 3002 quo
3101 2931 3489 3003 principaliter
3519 2933 3590 2988 ad

1961 3025 2199 3081 caelestis
2216 3023 2512 3079 munditiae
2531 3023 2870 3095 mysterium
2893 3023 3085 3078 anima
3105 3024 3332 3095 ligatur,
3352 3029 3418 3081 ut
3434 3026 3590 3082 abso-

1961 3121 2078 3176 luta
2116 3119 2383 3175 radicitus
2413 3135 2446 3172 a
2472 3117 2715 3190 peccatis
2743 3117 3008 3172 omnibus
3035 3118 3139 3174 soli
3171 3118 3256 3173 illi
3294 3119 3588 3190 inhaereat,

1963 3215 2032 3269 de
2073 3231 2187 3285 quo
2215 3214 2486 3284 scriptum
2517 3217 2602 3267 est
2633 3229 2644 3266 :
2679 3232 2704 3263 (ι
2737 3211 2870 3266 Mihi
2899 3217 3091 3266 autem
3137 3211 3433 3268 adhaerere
3474 3215 3588 3268 Deo

1961 3309 2175 3362 bonum
2222 3311 2308 3361 est
2350 3306 2516 3373 (Psal.
2556 3321 2718 3370 Lxxu,
2759 3304 2870 3374 28).
2919 3325 2947 3354 ››
2988 3306 3151 3360 Certe
3196 3305 3375 3360 Rubri
3416 3306 3592 3361 maris

1963 3401 2232 3455 transitus
2273 3400 2462 3469 figura
2488 3397 2627 3452 sacri
2673 3396 3031 3468 baptismatis
3057 3397 3164 3453 fuit
3200 3400 3246 3470 (Ι
3275 3399 3395 3454 Cor.
3425 3417 3482 3467 x,
3515 3400 3590 3472 2),

1961 3496 2021 3549 in
2052 3511 2163 3565 quo
2208 3493 2396 3548 hostes
2439 3508 2473 3546 a
2501 3496 2666 3561 tergo
2708 3490 2921 3545 mortui
2963 3494 3116 3560 sunt,
3146 3492 3243 3546 sed
3270 3491 3364 3546 alii
3395 3497 3593 3548 contra

1965 3588 2166 3642 faciem
2196 3587 2256 3640 in
2283 3601 2478 3640 eremo
2509 3584 2744 3639 inventi.
2778 3583 2864 3639 Sic
2891 3584 3102 3655 quippe
3131 3585 3395 3640 omnibus
3415 3585 3512 3658 qui
3532 3587 3592 3641 in

1964 3684 2160 3736 sancto
2187 3680 2522 3751 baptismate
2544 3677 2868 3748 tinguntur,
2891 3694 3092 3732 eorum
3116 3683 3347 3749 peccata
3365 3684 3592 3751 praeter-

1966 3778 2043 3830 ita
2069 3775 2262 3830 omnia
2303 3775 2589 3841 laxantur,
2625 3771 2756 3842 quia
2796 3771 2874 3826 eis
2900 3773 3058 3826 velut
3090 3772 3337 3844 [Egyptii
3381 3774 3589 3841 hostes,

1968 3888 2001 3926 a
2031 3873 2190 3940 tergo
2219 3867 2558 3922 moriuntur.
2590 3866 2697 3922 Sed
2728 3865 2788 3920 in
2828 3881 3022 3920 eremo
3053 3865 3192 3921 alios
3217 3867 3403 3922 hostes
3432 3867 3590 3921 inve-

1968 3964 2156 4019 nimus
2184 3963 2511 4035 priusquam
2557 3961 2628 4015 ad
2674 3958 3063 4031 promissionis
3104 3961 3347 4032 patriam
3375 3961 3590 4032 pertin-

1968 4075 2190 4130 gamus.
2217 4057 2401 4112 Multae
2425 4072 2532 4110 nos
2557 4054 2898 4110 tentationes
2924 4053 3184 4126 fatigant,
3207 4058 3263 4110 et
3286 4056 3356 4110 ad
3381 4060 3596 4110 terram

1967 4152 2275 4207 viventium
2325 4149 2688 4205 tendentibus
2733 4148 2840 4203 iter
2876 4148 3257 4204 intercludere
3302 4149 3592 4206 festinant.

1967 4246 2071 4310 Qui
2098 4262 2234 4316 ergo
2269 4244 2420 4310 dicit,
2455 4245 2686 4313 peccata
2712 4241 2772 4295 in
2811 4242 3154 4311 baptismate
3200 4242 3454 4298 funditus
3481 4260 3597 4299 non

1967 4339 2196 4405 dimitti,
2219 4337 2368 4391 dicat
2394 4336 2453 4390 in
2474 4336 2618 4390 mari
2650 4335 2840 4390 Rubro
2866 4335 3159 4406 lEgyptios
3179 4335 3450 4392 veraciter
3479 4354 3597 4392 non

1968 4434 2242 4487 mortuos.
2313 4430 2366 4485 Si
2429 4433 2621 4484 autem
2680 4428 2894 4482 fatetur
2969 4429 3263 4500 Egyptios
3324 4431 3600 4486 veraciter

235 4539 584 4603 manentem,
613 4535 699 4589 vel
722 4535 869 4589 forte
905 4535 977 4589 ad
1006 4534 1204 4590 illicita
1230 4532 1598 4604 migrantem,
1626 4548 1755 4603 quae
1785 4534 1869 4586 est
1887 4528 1945 4600 ι)
1969 4532 2244 4593 mortuos,
2273 4525 2517 4579 fateatur
2541 4539 2772 4577 necesse
2805 4526 2889 4576 est
2915 4525 3146 4593 peccata
3173 4523 3232 4576 in
3257 4522 3599 4594 baptismate

191 4661 196 4668 ο
234 4629 342 4684 ista
359 4628 673 4698 conversio,
698 4628 757 4682 in
783 4645 898 4699 qua
921 4645 1035 4683 una
1056 4627 1367 4699 eademque
1393 4642 1523 4680 caro
1545 4630 1602 4680 et
1622 4641 1690 4680 ex
1711 4629 1869 4696 parte

235 4722 444 4778 transit
472 4721 540 4777 ad
568 4722 993 4792 continentiam,
1027 4726 1085 4777 et
1116 4739 1182 4776 ex
1209 4727 1372 4793 parte
1400 4724 1657 4776 remanet
1676 4719 1734 4773 in
1757 4719 1870 4790 pol-

235 4817 474 4871 lutione.
509 4816 567 4871 Si
594 4833 731 4871 vero
760 4816 1014 4888 utrisque
1046 4815 1352 4872 conveniat
1379 4814 1765 4870 continentem
1797 4812 1870 4867 vi-

237 4915 356 4966 tam
407 4910 636 4980 ducere,
694 4911 799 4965 hoc
849 4911 1057 4966 audeat
1111 4927 1398 4978 accusare,
1462 4910 1693 4981 quando
1749 4925 1868 4963 cer-

234 5011 360 5060 tum
382 5009 466 5060 est
491 5005 624 5076 quia
644 5005 1010 5076 omnipotens
1040 5005 1184 5061 Deus
1206 5006 1306 5076 qui
1327 5004 1550 5059 minora
1572 5003 1868 5070 concessit,

236 5099 461 5171 majora
487 5115 603 5153 non
649 5099 982 5171 prohibuit?
1013 5101 1078 5154 Et
1107 5100 1316 5155 multos
1357 5102 1686 5153 sanctorum
1709 5098 1868 5152 novi-

239 5209 367 5247 mus
413 5209 543 5246 cum
585 5192 699 5248 suis
761 5193 1104 5264 conjugibus
1166 5197 1224 5248 et
1271 5193 1428 5265 prius
1489 5193 1874 5247 continentem

238 5286 412 5342 vitam
455 5286 700 5354 duxisse,
736 5291 794 5341 et
836 5287 1206 5359 postmodum
1252 5289 1324 5343 ad
1355 5289 1565 5342 sanctae
1613 5287 1873 5343 Ecclesiae

239 5381 524 5454 regimina
549 5381 847 5454 migrasse.

313 5475 540 5531 Duobus
587 5476 799 5531 etenim
843 5475 1029 5531 modis
1071 5476 1248 5532 sancti
1279 5475 1382 5530 viri
1426 5475 1598 5530 etiam
1639 5493 1672 5530 a
1710 5475 1876 5530 licitis

239 5569 523 5625 abstinere
555 5571 774 5640 solent;
803 5569 1130 5641 aliquando,
1161 5575 1224 5625 ut
1270 5569 1539 5626 meritum
1585 5567 1689 5623 sibi
1725 5569 1876 5640 apud

240 5664 702 5737 omnipotentem
741 5665 917 5720 Deum
964 5669 1237 5736 augeant,
1283 5663 1588 5736 aliquando
1635 5678 1766 5717 vero
1816 5665 1879 5716 ut

244 5763 376 5817 ante
405 5760 531 5816 vita
559 5763 699 5816 acta:
725 5760 915 5832 culpas
961 5759 1278 5831 detergant.
1306 5761 1439 5816 Tres
1476 5759 1686 5816 etenim
1714 5757 1876 5829 pueri

242 5854 304 5912 in
338 5855 490 5928 regis
530 5854 852 5926 Babylonici
897 5854 1167 5926 obsequio
1211 5854 1437 5910 deducti
1487 5853 1779 5926 legumina
1809 5852 1878 5907 ad

1968 4621 2225 4676 funditus
2257 4617 2424 4688 mori,
2456 4616 2590 4688 quia
2622 4615 2898 4671 nimirum
2942 4616 3068 4687 plus
3097 4616 3240 4671 valet
3279 4616 3339 4671 in
3369 4617 3596 4673 absolu-

1969 4716 2128 4770 tione
2153 4717 2347 4768 nostra
2369 4711 2598 4778 veritas,
2626 4725 2798 4781 quam
2825 4710 3026 4764 umbra
3052 4710 3320 4766 veritatis.
3338 4713 3398 4766 In
3421 4714 3597 4768 Evan-

1971 4809 2121 4880 gelio
2165 4805 2440 4862 Dominus
2489 4804 2627 4859 dicit
2655 4821 2669 4858 :
2703 4825 2731 4854 ‹‹
2759 4804 2865 4869 Qui
2906 4805 3056 4859 lotus
3083 4807 3187 4874 est,
3220 4821 3336 4860 non
3380 4805 3602 4878 indiget

1972 4903 2080 4958 nisi
2108 4907 2171 4956 ut
2190 4901 2363 4973 pedes
2391 4900 2558 4967 lavet,
2593 4899 2688 4954 sed
2715 4903 2802 4954 est
2829 4898 3078 4954 mundus
3105 4901 3257 4954 totus
3279 4899 3455 4969 (Joan.
3476 4916 3596 4968 xm,

1975 5000 2083 5067 19).
2117 5015 2144 5046 ι)
2172 4995 2226 5050 Si
2256 4994 2434 5065 igitur
2463 4997 2697 5064 peccata
2725 4992 2783 5047 in
2820 4991 3159 5063 baptismate
3195 4992 3452 5048 funditus
3482 5010 3600 5048 non

1973 5089 2364 5156 dimittuntur,
2386 5103 2571 5158 neque
2595 5087 2641 5140 is
2657 5087 2758 5158 qui
2780 5087 2929 5141 lotus
2955 5090 3038 5140 est
3061 5086 3309 5141 mundus
3327 5093 3412 5142 est
3429 5091 3600 5142 totus.

1972 5187 2145 5240 Totus
2173 5183 2327 5239 enim
2356 5181 2609 5236 mundus
2635 5180 2746 5235 dici
2774 5196 2890 5234 non
2919 5182 3122 5250 potest,
3150 5180 3242 5234 cui
3269 5179 3338 5236 de
3374 5185 3605 5252 peccato

1973 5279 2188 5352 aliquid
2223 5275 2514 5332 remansit.
2563 5273 2674 5330 Sed
2711 5290 2885 5328 nemo
2938 5272 3148 5328 resistit
3174 5274 3298 5329 voci
3323 5274 3604 5347 Veritatis,

1976 5391 2105 5447 quae
2129 5374 2241 5429 ait:
2279 5393 2307 5422 ‹‹
2338 5369 2444 5436 Qui
2467 5370 2616 5424 lotus
2645 5374 2750 5438 est,
2778 5367 3027 5422 mundus
3052 5370 3136 5422 est
3162 5373 3316 5424 totus
3348 5368 3550 5440 (Ibid)
3574 5389 3601 5419 ››

1975 5469 2125 5525 Nihil
2173 5484 2310 5540 ergo
2352 5466 2404 5521 ei
2448 5465 2517 5520 de
2565 5462 2780 5536 peccati
2823 5461 2910 5517 sui
2953 5462 3300 5535 contagione
3343 5466 3606 5518 remanet

1976 5580 2145 5636 quem
2174 5567 2352 5618 totum
2397 5559 2606 5615 fatetur
2635 5557 2919 5613 mundum
2947 5555 3066 5628 ipse
3108 5557 3206 5627 qui
3244 5557 3507 5611 redemit.
3551 5556 3604 5612 Si

1976 5657 2074 5729 qui
2114 5660 2306 5712 autem
2351 5654 2564 5721 dicunt,
2588 5653 2656 5708 de
2702 5656 2932 5723 peccato
2972 5649 3242 5721 quolibet,
3273 5655 3329 5704 et
3359 5650 3605 5706 triennio

1975 5750 2310 5823 poenitentia
2333 5747 2557 5820 agenda
2578 5751 2681 5814 est,
2705 5749 2765 5800 et
2787 5747 2916 5817 post
2939 5742 3251 5798 triennium
3276 5743 3335 5797 in
3356 5744 3610 5816 volupta-

1981 5845 2132 5901 tibus
2196 5843 2524 5912 vivendum,
2590 5841 2681 5896 isti
2746 5840 2931 5895 adhuc
2994 5854 3096 5894 nec
3171 5837 3612 5910 pradicamenta
