4050 6342
521 29 804 40 --ι--η--ηη-
811 30 1198 40 ...ι-ι--η-Α-
1231 34 1248 36 .-

454 341 585 392 1119

1340 331 1620 388 ΑΡΡΕΝΙ).
1663 333 1748 386 AD
1787 331 1947 386 S/EC.
1994 325 2078 384 IX.
2102 358 2169 368 -——
2211 327 2455 384 lSlDORl
2495 325 2916 384 MERCATORIS

3678 327 3818 378 1120

448 463 596 500 verae
621 445 778 512 ﬁdei,
811 461 913 500 nec
940 459 1111 497 sacrse
1142 441 1445 512 Scripturae
1491 444 1772 512 prmcepta
1797 455 2074 510 cognove-
2100 453 2159 526 Α
2179 437 2315 510 petii
2342 438 2685 510 imperitiam
2712 437 2940 509 placare
2977 435 3293 490 mansuetis
3319 434 3824 490 exhortationibus

449 543 602 593 runt.
633 539 837 594 Contra
863 539 966 590 hos
997 535 1336 606 praedicator
1365 534 1632 606 egregius
1659 534 1861 588 Paulus
1898 532 2035 587 dicit
2063 549 2076 586 :

452 654 479 682 ((
514 632 620 696 Qui
649 631 890 686 seminat
918 629 975 682 in
1007 645 1176 683 carne
1221 645 1340 694 sua,
1371 628 1441 683 de
1482 644 1654 682 carne
1692 644 1790 681 sua
1820 631 1876 681 et
1905 631 2083 681 metet

452 727 870 795 corruptionem
893 723 1034 792 (Gal.
1054 739 1128 790 v1,
1151 725 1222 792 8).
1256 743 1282 773 »
1313 723 1523 776 Contra
1548 722 1652 776 1108
1674 722 1882 774 iterum
1904 720 2076 773 dicit:

454 839 481 870 «
538 819 644 882 Qui
701 818 759 871 in
809 833 982 871 carne
1033 819 1182 884 sunt,
1238 817 1352 869 Deo
1403 815 1622 885 placere
1674 831 1791 869 non
1845 815 2082 884 possunt

449 915 616 980 (Rom.
691 927 810 976 vni,
887 912 970 980 8);
1049 932 1076 958 »
1155 909 1252 963 ubi
1329 908 1616 979 discipulis
1693 907 1988 978 subjungit
2061 923 2075 960 :

451 1028 478 1054 α
527 1007 632 1059 Vos
678 1008 869 1059 autem
917 1019 1032 1058 non
1093 1003 1226 1057 estis
1273 1003 1333 1056 in
1383 1018 1572 1069 carne,
1619 1001 1718 1056 sed
1765 1001 1824 1055 in
1879 999 2079 1070 spiritu

450 1099 626 1167 (Ibid.,
657 1099 708 1168 9)
743 1115 754 1152 :
789 1120 814 1147 »
845 1098 908 1152 hi
934 1097 1146 1168 quippe
1172 1096 1230 1150 in
1260 1112 1427 1150 carne
1461 1099 1593 1150 sunt
1622 1095 1718 1166 qui
1746 1095 1802 1147 in
1835 1093 2077 1148 carnali-

447 1192 552 1247 bus
571 1191 953 1262 voluptatibus
973 1190 1187 1245 vivunt.
1207 1190 1415 1245 Contra
1439 1189 1545 1243 hos
1565 1188 1774 1243 dicitur
1795 1204 1807 1242 :
1837 1209 1864 1236 ‹‹
1886 1188 2078 1258 Neque

447 1285 736 1356 corruptio
763 1284 822 1339 in
841 1283 1224 1356 corruptelam
1257 1281 1564 1353 possidebit
1586 1281 1633 1350 (Ι
1656 1284 1774 1339 Cor.
1805 1297 1891 1350 xv,
1918 1279 2026 1350 50).
2047 1301 2074 1329 »

447 1380 506 1434 Si
564 1381 755 1433 autem
833 1377 1029 1432 dicunt
1100 1377 1267 1447 pauci
1340 1375 1615 1446 temporis
1688 1373 2078 1445 paenitentiam

446 1476 645 1528 contra
669 1476 965 1544 peccatum
1007 1471 1213 1526 debere
1257 1469 1534 1538 sufﬁcere,
1566 1473 1632 1523 ut
1666 1469 1875 1523 iterum
1919 1467 2081 1522 liceat

448 1567 522 1622 ad
547 1571 843 1638 peccatum
886 1565 1091 1633 redire,
1122 1568 1274 1619 recte
1318 1564 1422 1618 hos
1458 1562 1696 1633 pastoris
1739 1560 1907 1632 primi
1949 1577 2075 1614 sen-

449 1659 626 1714 tentia
651 1659 918 1731 percutit,
936 1658 1034 1730 qui
1056 1657 1136 1711 ait
1161 1674 1173 1711 :
1201 1656 1500 1728 «Contigit
1521 1655 1632 1709 illis
1660 1654 1797 1710 illud
1820 1654 1938 1709 veri
1959 1670 2082 1725 pro-

449 1753 628 1807 verbii
659 1770 672 1807 :
703 1752 867 1806 Canis
911 1767 1166 1806 reversus
1212 1750 1284 1804 ad
1329 1749 1626 1817 vomitum,
1660 1753 1715 1804 et
1757 1766 1851 1802 sus
1882 1749 1996 1802 lota
2020 1746 2080 1800 in

2181 549 2246 587 ac
2291 531 2758 603 responsionibus
2803 531 2992 599 debet,
3027 534 3089 584 ut
3131 546 3245 583 non
3283 530 3465 583 solum
3503 529 3572 584 de
3604 531 3818 583 semet-

2180 627 2322 697 ipsa,
2342 627 2440 681 sed
2463 626 2635 680 etiam
2665 625 2736 679 de
2765 625 2872 678 illis
2895 625 3136 695 gloriam
3168 627 3398 677 aeternae
3426 621 3824 676 retributionis

2181 720 2456 774 inveniat.
2490 721 2619 773 Hinc
2648 735 2742 773 me
2776 719 2964 773 dicere
3004 717 3158 772 vobis
3185 718 3398 772 nimius
3430 733 3592 770 amor
3620 714 3821 781 suasit,

2181 813 2317 885 quia
2342 812 2399 866 in
2427 817 2611 867 vestra
2650 811 2842 866 laetitia
2882 827 2976 865 me
3016 827 3289 878 crescere,
3317 815 3374 866 et
3401 810 3459 864 in
3495 812 3685 863 vestra
3711 809 3821 863 tri-

2179 907 2334 960 stitia
2359 922 2452 961 me
2497 905 2759 960 existimo
2787 904 3086 960 minorari.
3115 905 3485 975 Omnipotens
3509 905 3655 958 Deus
3683 919 3819 974 gra-

2180 1001 2253 1054 tia
2287 1017 2386 1055 vos
2415 999 2632 1054 cmlesti
2660 998 2956 1067 custodiat,
2992 1001 3050 1052 et
3075 999 3225 1052 salva
3263 997 3489 1053 Domini
3512 998 3732 1068 pietate
3764 1001 3825 1050 et

2180 1092 2434 1164 piissima
2457 1091 2679 1147 Domini
2712 1091 3124 1164 tranquillitate
3156 1107 3260 1162 pro
3307 1091 3674 1162 parvulorum
3710 1089 3820 1143 do-

2181 1187 2473 1242 minorum
2519 1186 2872 1241 nutrimento
2918 1186 3089 1241 vitam
3149 1190 3395 1241 vestram
3437 1185 3669 1255 longius
3717 1201 3822 1238 ex-

2179 1280 2398 1335 tendat.

2391 1375 2637 1444 Epistola
2664 1375 2910 1441 Gregorii
2925 1390 3090 1444 papa
3114 1375 3188 1428 ad
3212 1376 3594 1441 Augustinum.

2252 1467 2746 1522 Reverendissimo
2779 1473 2836 1522 et
2875 1467 3229 1522 sanctissimo
3275 1468 3438 1521 fratri
3472 1471 3819 1536 AUGUSTINO,

2180 1562 2515 1631 Gaeconms,
2549 1577 2743 1615 servus
2767 1577 3060 1616 servorum
3089 1561 3208 1615 Dei.

2249 1654 2692 1710 Desiderabilem
2719 1655 2864 1709 mihi
2889 1672 2921 1708 a
2949 1661 3004 1709 te
3035 1654 3242 1710 missus
3271 1655 3490 1709 Denual
3515 1654 3824 1725 religiosus

2180 1749 2692 1819 presbyter,attulit
2717 1749 3003 1818 nuntium,
3019 1765 3148 1802 cum
3164 1751 3220 1802 te
3243 1748 3510 1820 sospitem
3535 1748 3820 1814 narravit;

450 1845 745 1901 volutabro
775 1845 880 1899 luti
911 1845 982 1913 (II
1005 1846 1148 1899 Pet-r.
1200 1860 1256 1910 11,
1298 1844 1404 1914 22).
1436 1866 1464 1891 ν
1495 1844 1762 1914 Magnum
1806 1845 1890 1896 est
1931 1832 2158 1904 enimB
2183 1847 2239 1896 et
2265 1859 2330 1895 ex
2366 1841 2704 1911 ministerio,
2734 1859 2840 1914 pro
2874 1859 2988 1913 quo
3027 1843 3234 1897 missus
3276 1845 3380 1910 est,
3413 1843 3636 1897 favente
3676 1843 3820 1909 Deo,

449 1944 644 1995 contra
689 1943 985 2010 peccatum
1011 1937 1189 1991 virtus
1234 1935 1604 2008 paenitentia),
1635 1937 1752 2006 sed,
1787 1937 1832 1989 si
1861 1935 1988 2006 quis
2022 1933 2081 1987 in

448 2035 645 2089 eadem
679 2030 871 2104 2'78
898 2030 1230 2102 poenitentia
1263 2034 1607 2102 perseveret.
1636 2032 1774 2085 Nam
1809 2029 2084 2100 scriptum

447 2132 533 2182 est
562 2144 574 2181 :
607 2146 634 2178 «
665 2126 773 2190 Qui
803 2125 1250 2196 perseveraverit
1278 2141 1462 2195 usque
1489 2124 1547 2178 in
1579 2124 1756 2177 110001
1781 2122 1872 2176 1110
1899 2123 2084 2175 salvus

449 2221 557 2276 erit
583 2219 794 2288 (Matth.
825 2237 882 2288 x,
907 2218 1016 2288 22).
1047 2238 1070 2269 »
1096 2217 1233 2272 Hinc
1253 2217 1560 2288 scriptum:
1585 2238 1611 2265 «
1633 2216 1739 2280 Qui
1761 2215 2084 2287 baptizatur

449 2332 481 2368 a
504 2318 756 2383 mortuo,
779 2315 837 2367 et
862 2312 1071 2368 iterum
1097 2311 1284 2382 tangit
1305 2327 1457 2380 eum,
1478 2309 1617 2381 quid
1639 2309 1863 2381 proﬁcit
1880 2308 2083 2363 lavatio

450 2409 497 2479 ej
509 2426 572 2462 us
589 2407 616 2462 ?
646 2429 673 2456 »
705 2408 892 2479 (Eccli.
920 2421 1110 2472 xxxxv,
1135 2408 1246 2476 30.)
1267 2405 1546 2459 Mortuum
1573 2403 1786 2474 quippe
1811 2405 1896 2457 est
1915 2418 2082 2457 omne

448 2519 589 2573 opus
612 2517 966 2574 perversum,
999 2499 1150 2572 quod
1194 2497 1480 2571 pertrahit
1523 2497 1593 2552 ad
1640 2499 1904 2564 mortem,
1931 2495 2082 2567 quod

451 2597 621 2651 vitam
653 2594 893 2666 justitiae
922 2611 1037 2649 non
1066 2593 1217 2647 vivit.
1253 2591 1577 2664 Baptizatur
1613 2607 1751 2662 ergo
1791 2608 1824 2644 a
1852 2593 2082 2644 mortuo

448 2695 503 2744 et
519 2691 726 2744 iterum
753 2688 938 2759 tangit
954 2704 1110 2756 eum,
1133 2687 1231 2758 qui
1252 2703 1428 2757 prava
1454 2703 1648 2757 opera,
1673 2701 1802 2755 quae
1823 2701 1881 2740 se
1902 2684 2082 2755 egisse

451 2783 734 2850 meminit,
767 2783 1044 2854 deplorat,
1075 2780 1177 2836 sed
1203 2796 1262 2834 se
1290 2780 1504 2835 eisdem
1534 2779 1745 2834 iterum
1765 2782 1892 2850 post
1909 2779 2084 2849 lacry-

451 2893 576 2931 mas
603 2876 882 2946 implicat.
917 2875 1125 2929 Anima
1169 2873 1248 2927 ita
1279 2873 1548 2944 quaelibet
1586 2872 1845 2943 ejusdem
1872 2872 2084 2925 mortui

447 2970 733 3025 lavatione
753 2987 870 3024 non
893 2968 1132 3039 proﬁcit,
1151 2967 1283 3038 quia
1299 2967 1403 3020 hoc
1425 2967 1633 3020 iterum
1652 2966 1912 3024 faciendo
1932 2965 2084 3036 quod

451 3062 688 3136 planxit,
718 3079 823 3118 nec
860 3078 964 3133 per
993 3063 1245 3115 lamenta
1292 3059 1639 3130 poenitentiae
1683 3076 1747 3114 ac
1789 3057 2082 3114 rectitudi-

452 3173 585 3213 nem
608 3155 844 3226 justitiae
872 3153 1147 3225 exsurgit.
1180 3152 1573 3208 Paenitentiam
1591 3152 1744 3207 enim
1763 3169 1894 3207 vere
1915 3168 2084 3223 agere

451 3257 536 3307 est
559 3250 860 3304 commissa
899 3250 1193 3320 plangere,
1224 3249 1280 3302 et
1306 3247 1516 3301 iterum
1544 3246 1874 3317 plangenda
1906 3245 2080 3300 decli-

408 3358 413 3362 '
450 3324 701 3416 nare.(Si
723 3343 822 3416 qui
849 3359 978 3398 vero
1009 3345 1145 3396 sunt
1185 3341 1282 3413 qui
1328 3341 1545 3411 dicunt,
1573 3341 1728 3412 quia,
1757 3339 2082 3411 compulsus

450 3361 608 3400 nare.
643 3349 701 3400 Si
723 3349 822 3416 qui
849 3359 978 3398 vero
1009 3349 1145 3396 sunt
1185 3349 1282 3413 qui
1328 3349 1545 3411 dicunt,
1573 3349 1728 3412 quia,
1757 3349 2078 3411 compulsus

449 3349 734 3512 quispiam
762 3436 1115 3505 necessitate,
1143 3435 1190 3488 si
1223 3434 1800 3503 anathematizaverit,
1842 3434 2078 3489 anathe-

448 3533 620 3587 matis
648 3532 871 3586 vinculo
902 3547 1017 3584 non
1045 3532 1292 3596 tenetur,
1316 3528 1422 3600 ipsi
1450 3528 1556 3582 sibi
1584 3531 1755 3582 testes
1793 3532 1924 3582 sunt
1949 3527 2083 3598 quia

451 3625 754 3683 Christiani
771 3641 888 3680 non
915 3629 1079 3693 sunt;
1104 3623 1239 3694 quia
1254 3623 1571 3694 ligamenta
1592 3625 1800 3676 sanctae
1821 3621 2081 3675 Ecclesiaa

448 3721 604 3776 vanis
631 3738 690 3774 se
720 3719 1008 3774 aestimant
1031 3717 1322 3771 conatibus
1357 3717 1592 3783 solvere,
1628 3733 1691 3770 ac
1715 3732 1819 3787 per
1847 3715 1953 3770 hoc
1979 3731 2083 3770 nec

447 3813 799 3870 absolutione
843 3815 1052 3867 sancta:
1095 3811 1374 3875 Ecclesiae,
1406 3826 1580 3880 quam
1628 3812 1860 3879 praestat
1899 3809 2080 3863 ﬁdeli-

448 3910 576 3977 bus,
605 3924 800 3962 veram
844 3908 1070 3976 putant,
1101 3904 1144 3958 si
1193 3903 1543 3974 legationem
1588 3903 1709 3974 ejus
1745 3904 1933 3956 valere
1967 3919 2081 3956 non

448 4003 752 4057 aestimant.
777 4001 983 4054 Contra
1005 4014 1148 4068 quos
1173 3997 1386 4051 diutius
1409 3996 1816 4066 disputandum
1840 4013 1955 4049 non
1976 3999 2082 4063 est,

449 4095 583 4168 quia
601 4110 705 4164 per
725 4091 922 4147 omnia
944 4089 1292 4161 despiciendi
1320 4095 1376 4144 et
1398 4089 1914 4143 anathematizandi
1931 4094 2081 4155 sunt,

454 4194 515 4244 ut
543 4187 693 4242 unde
723 4203 784 4240 se
807 4186 1004 4239 fallere
1029 4183 1323 4238 veritatem
1341 4182 1602 4252 credunt,
1617 4182 1748 4237 inde
1767 4183 1825 4236 in
1845 4183 2084 4254 peccatis

450 4283 566 4337 suis
604 4281 879 4335 veraciter
907 4279 1175 4350 ligentur.
1216 4277 1274 4332 Si
1319 4277 1416 4348 qui
1459 4279 1591 4330 sunt
1634 4276 1810 4347 igitur
1841 4278 1939 4349 qui
1978 4277 2081 4332 sub

450 4377 683 4431 nomine
710 4373 1026 4430 Christiano
1054 4373 1195 4439 haec,
1230 4388 1357 4442 quae
1399 4371 1790 4442 praediximus,
1819 4388 2079 4426 errorum

449 4470 697 4542 capitula
737 4474 834 4524 aut
863 4467 1172 4538 prazdicare
1200 4465 1414 4520 audent
1457 4469 1556 4519 aut
1597 4465 1762 4519 tacite
1801 4466 1953 4536 apud
1994 4483 2077 4520 se-

2181 1934 2457 2006 proiicere
2476 1935 2782 1991 nuntiavit.
2813 1935 3020 1991 Detulit
3038 1936 3210 1991 etiam
3230 1953 3262 1990 a
3283 1941 3338 1990 te
3359 1936 3556 1990 missas
3573 1936 3820 2004 litteras,

2184 2029 2277 2082 ubi
2303 2029 2562 2084 indicasti
2593 2029 2745 2100 quod
2766 2047 2906 2100 ager
2934 2029 3263 2084 Dominicus
3283 2030 3382 2101 qui
3402 2029 3652 2084 incultus
3664 2030 3828 2100 jace-

2181 2121 2297 2191 bat,
2327 2125 2384 2176 et
2421 2123 2714 2192 spinarum
2745 2122 2954 2177 aculeis
2983 2140 3051 2177 ex
3081 2122 3410 2178 inﬁdelitate
3437 2123 3819 2193 1180010110-

2183 2219 2468 2270 010101010
2486 2217 2758 2270 doctrinas
2781 2220 3066 2285 exarante,
3088 2233 3284 2271 semen
3305 2217 3460 2270 verbi
3478 2217 3751 2287 suscepit,
3768 2222 3826 2270 et

2182 2309 2430 2363 fertilem
2454 2327 2693 2364 messem
2715 2310 2948 2381 protulit
2963 2310 3269 2365 ﬁdelitatis.
3294 2312 3354 2364 In
3378 2310 3590 2364 eisdem
3615 2309 3823 2364 litteris

2183 2404 2449 2474 quasdam
2495 2403 2849 2458 subnexuisti
2896 2404 3160 2475 capitula,
3193 2403 3527 2458 sciscitando
3575 2404 3825 2474 qualiter

2182 2500 2396 2563 teneat,
2426 2497 2510 2551 vel
2554 2497 2757 2551 doceat
2799 2497 2921 2552 haec
2971 2501 3165 2552 sancta
3207 2498 3514 2568 apostolica
3559 2500 3823 2553 Romana

2182 2590 2444 2644 Ecclesia.
2475 2591 2622 2645 Bene
2656 2591 2790 2644 satis
2817 2591 2949 2661 quia
2975 2591 3176 2644 beatus
3203 2592 3489 2662 apostolus
3514 2593 3734 2658 Petrus,
3767 2597 3825 2644 01

2181 2685 2545 2755 apostolatus,
2561 2688 2616 2738 et
2631 2683 2982 2755 episcopatus
3004 2683 3349 2755 principium
3369 2685 3600 2751 exstitit,
3619 2691 3677 2738 et
3691 2701 3824 2739 con-

2183 2777 2393 2832 sulenti
2419 2776 2518 2831 tibi
2549 2777 2619 2831 de
2648 2780 2798 2831 statu
2823 2777 3087 2831 Ecclesia:
3114 2794 3228 2855 no_n
3256 2794 3326 2832 ex
3354 2778 3514 2832 nobis
3555 2779 3720 2849 quasi
3751 2795 3823 2833 ex

2183 2871 2366 2940 nobis,
2397 2871 2497 2925 sed
2529 2888 2593 2926 ex
2622 2871 2802 2942 gratia
2831 2893 2858 2922 «
2886 2888 3013 2943 quae
3041 2873 3225 2942 aperit
3251 2889 3314 2926 os
3343 2876 3586 2939 mutum,
3618 2876 3679 2925 et
3711 2872 3820 2926 lin-

2185 2982 2325 3037 guas
2350 2965 2652 3020 infantium
2681 2966 2817 3020 facit
2844 2965 3077 3020 disertas
3103 2966 3253 3037 (Sap.
3284 2983 3340 3035 x,
3365 2969 3448 3034 2t)
3465 2985 3482 3035 ;
3516 2988 3541 3015 ››
3575 2967 3825 3037 qualiter

2184 3062 2380 3113 tenere
2424 3058 2628 3114 debeas
2654 3059 2945 3131 apostolici
2971 3059 3182 3131 vigoris
3223 3060 3480 3115 doctrina
3517 3060 3819 3115 edicimus.

2184 3153 2362 3224 Igitur
2386 3152 2445 3206 in
2480 3153 2683 3224 primis
2707 3154 3004 3224 legebatur
3047 3157 3217 3225 quota
3251 3155 3553 3226 progenies
3578 3153 3819 3225 propin-

2183 3263 2427 3318 quorum
2455 3247 2822 3302 matrimonio
2851 3249 3164 3318 copuletur,
3197 3248 3435 3302 dicimus
3461 3247 3613 3319 quod
3640 3264 3818 3319 opor-

2182 3344 2370 3395 tuerat
2390 3340 2618 3411 quidem
2644 3341 2902 3412 quandiu
2931 3359 2989 3395 se
3011 3346 3362 3413 cognoscunt
3381 3342 3658 3396 afﬁnitate
3679 3359 3819 3412 pro-

2180 3435 2428 3506 pinquos
2475 3435 2548 3489 ad
2579 3435 2750 3506 hujus
2777 3436 2991 3506 copulae
3022 3453 3138 3490 non
3165 3437 3428 3491 accedere
3463 3436 3818 3503 societatem,

2181 3529 2278 3584 sed
2302 3529 2438 3600 quia
2463 3530 2844 3600 temperantia
2889 3531 3094 3600 magis,
3128 3536 3185 3585 et
3231 3530 3545 3601 praesertim
3591 3530 3651 3584 in
3698 3535 3820 3585 tam

2182 3623 2428 3678 barbara
2463 3627 2633 3694 gente
2675 3623 2860 3694 placet
2883 3623 3187 3695 plusquam
3223 3624 3498 3680 districtio
3538 3641 3816 3694 censuras,

2182 3718 2607 3772 concedendum
2624 3721 2725 3784 est,
2739 3722 2805 3772 ut
2817 3721 2946 3789 post
2960 3724 3220 3789 quartam
3243 3719 3673 3788 generationem
3686 3719 3820 3789 jun-

2186 3816 2412 3882 gantur.
2444 3813 2582 3865 Nam
2611 3811 2766 3882 quod
2797 3813 3057 3882 posuisti,
3085 3813 3237 3884 quod
3266 3813 3313 3866 si
3341 3812 3545 3866 mulier
3563 3812 3816 3867 inﬁrmi-

2183 3908 2302 3959 tate
2349 3909 2608 3975 correpta
2653 3922 2765 3960 non
2799 3907 3042 3960 valuerit
3079 3906 3199 3961 viro
3244 3907 3501 3961 debitum
3549 3906 3814 3975 reddere,

2183 3998 2317 4070 quid
2345 3999 2466 4069 ejus
2496 3999 2666 4054 faciat
2685 3999 2922 4070 jugalis,
2950 4001 3166 4055 bonum
3196 4004 3360 4067 esset,
3395 4000 3441 4054 si
3469 4000 3546 4053 sic
3585 4018 3816 4072 perma-

2183 4097 2364 4160 neret,
2389 4097 2453 4147 ut
2478 4093 2831 4148 abstinentiae
2857 4099 3101 4149 vacaret.
3133 4095 3241 4149 Sed
3274 4094 3411 4165 quia
3435 4095 3544 4149 hoc
3578 4112 3814 4166 magno-

2183 4204 2310 4240 rum
2354 4192 2455 4256 est,
2495 4187 2584 4242 ille
2621 4188 2718 4260 qui
2759 4205 2816 4243 se
2861 4205 2972 4243 non
3021 4188 3229 4260 poterit
3271 4189 3588 4256 continere,
3638 4189 3820 4244 nubat

2182 4280 2385 4352 magis,
2419 4297 2536 4335 non
2586 4285 2780 4336 tamen
2820 4281 3055 4336 subsidii
3091 4298 3258 4354 opem
3300 4283 3593 4337 subtrahat
3623 4283 3694 4337 ab
3723 4283 3818 4338 illa

2182 4374 2271 4428 cui
2297 4374 2597 4430 infirmitas
2624 4376 2920 4447 prmpedit,
2945 4382 2999 4431 et
3025 4393 3138 4431 non
3171 4376 3520 4432 detestabilis
3541 4378 3706 4448 culpa
3730 4394 3817 4432 ex-

2184 4468 2377 4522 cludit.
2399 4470 2705 4542 Presbyter
2733 4487 2867 4525 vero
2895 4473 2978 4525 vel
3011 4471 3254 4543 quilibet
3279 4471 3560 4541 sacerdos,
3593 4472 3641 4526 si
3669 4490 3703 4526 a
3723 4489 3818 4543 po-

451 4562 1076 4636 metipsostenere,hos
1093 4558 1482 4631 proculdubio
1509 4559 2316 4654 anathematizamus.Dpulo
2360 4564 2534 4618 fuerit
2579 4568 2890 4634 accusatus,
2936 4571 2991 4620 et
3039 4565 3175 4620 certi
3219 4582 3333 4619 non
3387 4565 3602 4620 fuerint
3643 4571 3817 4622 testes

448 4662 524 4716 Ex
571 4658 838 4714 omnibus
879 4661 1075 4710 tamen
1121 4653 1378 4725 capitulis
1416 4653 1473 4706 in
1506 4652 1606 4721 eis,
1638 4653 1781 4706 sicut
1824 4653 2077 4724 praedixi,

446 4755 546 4826 qui
574 4753 644 4808 ad
677 4768 771 4806 me
805 4751 865 4804 in
890 4749 1050 4820 regia
1078 4748 1219 4803 urbe
1251 4747 1444 4801 venire
1490 4751 1917 4816 consueverant,
1949 4748 2077 4801 nul-

447 4849 567 4903 lum
619 4846 854 4901 omnino
894 4859 1150 4898 errorem
1197 4841 1501 4912 cujuslibet
1553 4840 1808 4912 praedicti
1851 4840 2079 4911 capituli

449 4940 673 5012 agnovi,
701 4939 799 4993 sed
840 4953 1029 5008 neque
1073 4935 1246 4990 fuisse
1293 4933 1576 5004 existimo,
1615 4950 1750 4987 nam
1795 4933 1840 4986 si
1885 4934 2082 4989 fuisset

452 5034 826 5106 agnovissem.
854 5030 999 5096 Quia
1027 5045 1162 5084 vero
1191 5030 1323 5082 sunt
1366 5027 1532 5082 multi
1566 5026 1819 5082 fidelium
1850 5029 1948 5099 qui
1972 5027 2076 5082 im-

452 5128 669 5200 peritiae
710 5127 827 5180 zelo
872 5123 1280 5192 accenduntur,
1313 5125 1370 5175 et
1410 5137 1583 5192 smpe,
1618 5120 1757 5175 dum
1803 5122 2078 5193 quosdam

450 5221 614 5294 quasi
655 5221 951 5275 haereticos
999 5217 1395 5288 insequuntur,
1429 5215 1673 5269 hazreses
1718 5215 1953 5283 faciunt,
1981 5233 2078 5272 eo-

452 5331 581 5369 rum
629 5311 916 5368 inﬁmitati
962 5310 1374 5366 consulendum
1421 5313 1527 5375 est,
1557 5313 1615 5363 et
1657 5308 1802 5362 sicut
1842 5310 2080 5380 prasdixi

450 5408 674 5464 ratione
703 5423 768 5461 ac
797 5404 1232 5460 mansuetudine
1259 5406 1392 5458 sunt
1418 5402 1700 5474 placandi.
1730 5403 1840 5457 [llis
1869 5403 2079 5476 quippe

450 5507 584 5558 sunt
608 5500 841 5570 similes,
861 5499 931 5554 de
955 5499 1162 5571 quibus
1184 5498 1457 5569 scriptum
1478 5502 1564 5552 est
1583 5515 1595 5552 :
1623 5497 2078 5552 «Testimonium

449 5597 720 5670 perhibeo
765 5595 832 5649 de
880 5593 989 5646 illis
1032 5592 1182 5662 quod
1223 5591 1652 5646 aemulationem
1700 5593 1802 5646 Dei
1845 5592 2076 5660 habent,

449 5692 547 5745 sed
585 5707 702 5744 non
739 5685 1055 5742 secundum
1103 5683 1397 5739 scientiam
1435 5686 1603 5754 (Rom.
1633 5703 1689 5755 x,
1721 5690 1795 5754 2).
1832 5708 1857 5734 ››
1893 5688 2081 5742 Vestra

451 5786 640 5853 itaque
669 5779 1022 5847 excellentia,
1051 5793 1176 5848 quae
1216 5778 1274 5830 in
1319 5778 1578 5846 lectione,
1609 5779 1667 5832 in
1700 5780 1965 5850 lacrymis
1990 5785 2076 5834 at-

455 5891 564 5948 que
593 5875 651 5928 in
678 5870 1050 5942 eleemosynis
1091 5868 1502 5924 incessabiliter
1531 5871 1684 5939 vivit,
1713 5888 1910 5927 eorum
1938 5873 2082 5929 sicut

2181 4655 2279 4727 qui
2296 4657 2550 4712 criminis
2568 4658 2711 4712 illati
2730 4659 3051 4730 approbent
3075 4659 3392 4727 veritatem,
3409 4659 3815 4730 jusjurandum

2182 4750 2290 4805 erit
2307 4751 2365 4804 in
2392 4751 2604 4821 medio,
2627 4757 2683 4808 et
2702 4753 2860 4807 illum
2887 4758 3089 4809 testem
3108 4754 3361 4825 proferat
3380 4754 3448 4808 de
3466 4753 3814 4809 innocentize

2182 4861 2294 4898 suas
2325 4845 2593 4915 puritate,
2615 4868 2641 4895 ‹‹
2670 4847 2759 4902 001
2787 4847 2941 4902 nuda
2961 4853 3016 4902 et
3035 4851 3236 4919 aperta
3263 4851 3395 4902 sunt
3415 4849 3607 4903 omnia
3630 4851 3808 4917 (Hebr.

2184 4954 2252 5006 IV,
2291 4941 2395 5006 13),
2428 4961 2454 4988 ››
2492 4939 2684 5011 sicque
2727 4946 2962 4997 maneat
2987 4941 3044 4996 in
3079 4941 3308 5012 proprio
3338 4942 3539 5013 gradu.
3569 4944 3714 4997 Nam
3743 4945 3812 4998 de

2180 5031 2414 5086 homine
2437 5034 2538 5102 qui
2556 5034 2869 5105 apontiﬁce
2897 5037 3264 5090 confirmatus
3291 5036 3482 5105 fuerit,
3508 5036 3696 5091 denuo
3719 5037 3814 5093 illa

2180 5124 2305 5179 talis
2342 5126 2630 5183 reiteratio
2674 5129 3028 5201 prohibenda
3054 5134 3155 5185 est.
3189 5132 3246 5184 10
3272 5130 3572 5184 0118801001
3619 5135 3810 5185 001001

2180 5220 2492 5291 solemniis,
2515 5222 2654 5277 illud
2677 5224 3093 5278 observandum
3115 5228 3218 5292 est,
3235 5223 3392 5296 quod
3414 5225 3688 5278 Dominus
3705 5241 3809 5278 no-

2181 5317 2295 5368 ster
2322 5316 2481 5370 Jesus
2520 5317 2776 5372 Christus
2824 5319 3030 5372 sanctis
3074 5318 3188 5372 suis
3230 5318 3430 5373 tribuit
3479 5318 3808 5389 discipulis:

2179 5408 2397 5479 accepit
2422 5426 2671 5482 namque
2701 5411 2939 5466 calicem
2964 5416 3021 5467 et
3046 5412 3144 5466 dat
3169 5411 3269 5479 eis,
3293 5413 3519 5467 dicens:
3547 5431 3574 5462 «
3603 5412 3700 5466 Hic
3729 5429 3814 5467 ca-

2179 5502 2256 5555 lix
2286 5503 2414 5556 novi
2440 5505 2768 5558 testamenti
2796 5509 2880 5560 est
2906 5507 2966 5560 in
3008 5523 3137 5561 meo
3170 5507 3473 5577 sanguine.
3504 5507 3617 5560 Hoc
3645 5508 3813 5562 facite

2179 5596 2624 5669 quotiescunque
2675 5600 2900 5654 sumitis
2953 5600 3168 5669 (Matth.
3215 5617 3367 5668 xxvr,
3412 5601 3524 5671 28).
3574 5622 3601 5648 ››
3653 5601 3813 5655 Unde

2179 5706 2494 5762 congruum
2539 5708 2655 5747 non
2683 5697 2788 5763 est,
2817 5693 2959 5749 duos
2986 5695 3069 5749 vel
3100 5700 3213 5749 tres
3263 5695 3462 5749 calices
3505 5695 3564 5749 in
3610 5695 3841 5750 altario.

2179 5801 2412 5855 ponere,
2454 5802 2583 5840 cum
2621 5787 2921 5842 missarum
2967 5788 3246 5843 solemnia
3301 5788 3685 5844 celebrantur.
3736 5789 3814 5844 De

2179 5877 2547 5933 immolativis
2586 5884 2776 5936 autem
2822 5881 2960 5937 escis
3005 5882 3352 5952 consuluisti,
3384 5883 3428 5936 si
3472 5899 3503 5936 a
3547 5881 3814 5940 ﬁdelibus
