4050 6382
169 432 287 484 1121

1390 424 1860 482 DECRETALIUM
1899 424 2288 481 COLLECTIO.

3390 425 3523 480 “‘22

160 554 283 591 cum
324 536 719 608 supradictum
764 533 954 602 fuerit,
984 532 1198 587 viviﬁce
1229 533 1410 587 crucis
1435 534 1666 604 signum
1691 532 1786 589 edi
1809 545 1869 619 Α
1889 538 1974 588 est
1999 535 2057 588 in
2084 533 2267 589 causis
2293 533 2400 604 piis
2418 549 2481 588 ac
2500 531 2782 605 religiosis
2811 531 3166 604 erogandum
3195 536 3298 602 est,
3334 533 3522 588 Domi-

156 632 370 699 liceret,
395 648 469 685 an
489 647 608 685 non
623 631 650 684 Τ
676 628 819 684 Illud
833 627 1040 682 sufﬁcit
1055 627 1404 698 respondere
1422 627 1576 699 quod
1589 628 1788 682 beatus

156 724 451 797 Apostolus
495 723 630 778 dicit
664 739 677 777 :
713 743 741 772 «
773 721 827 777 Si
857 721 984 794 quis
1015 720 1219 776 dixerit
1247 737 1261 775 :
1291 721 1402 775 Hoc
1431 707 1792 775 immolatum

158 822 277 889 est;
305 818 482 873 nolite
513 817 683 872 edere
711 818 946 888 propter
975 831 1110 870 eum
1131 815 1231 887 qui
1255 814 1546 884 indicavit,
1581 819 1638 870 et
1667 831 1791 885 pro-

159 917 284 984 pter
334 911 739 967 conscientiam
768 911 815 980 (I
843 909 960 964 Cor.
993 926 1051 978 ι,
1084 908 1202 979 28).
1233 927 1260 959 »
1291 907 1575 962 Addidisti
1607 908 1792 963 adhuc

160 1006 334 1078 quod,
363 1005 412 1060 si
434 1008 602 1076 pater
616 1005 701 1059 vel
719 1006 922 1072 mater,
953 1002 1136 1056 ﬁlium
1161 1003 1249 1056 vel
1265 1001 1444 1056 ﬁliam
1469 1001 1621 1056 intra
1638 1005 1794 1072 septa

161 1099 488 1154 monasterii
528 1098 588 1152 in
630 1097 885 1152 infantiae
919 1096 1084 1150 annis
1126 1096 1231 1150 sub
1273 1095 1518 1166 regulari
1550 1095 1796 1150 tradide—

163 1193 278 1246 rint
306 1191 624 1263 disciplina,
653 1195 848 1245 utrum
873 1189 1046 1243 liceat
1072 1189 1174 1258 eis,
1198 1191 1499 1260 postquam
1527 1189 1791 1260 puberta~

165 1287 232 1340 tis
255 1285 628 1356 impleverint
666 1300 870 1352 annos,
903 1282 1103 1353 egredi
1135 1288 1191 1337 et
1221 1281 1588 1336 matrimonio
1616 1298 1793 1352 copu-

165 1381 285 1434 lari.
317 1380 431 1434 Hoc
473 1378 709 1433 omnino
738 1376 1036 1443 evitamus,
1075 1376 1208 1447 quia
1233 1375 1388 1430 nefas
1419 1381 1522 1445 est,
1555 1381 1619 1430 ut
1647 1376 1797 1429 obla-

163 1474 231 1528 tis
257 1491 291 1528 a
324 1473 653 1544 parentibus
681 1473 796 1527 Deo
829 1471 958 1525 ﬁliis
989 1470 1296 1541 voluptatis
1318 1470 1480 1524 frena
1507 1470 1793 1524 laxentur.

163 1568 467 1624 Enimvero
502 1565 799 1638 quosdam,
822 1565 1034 1636 absque
1054 1564 1514 1634 interrogatione
1534 1563 1794 1634 symboli,

159 1663 227 1716 ab
253 1660 527 1716 adulteris
549 1663 606 1713 et
624 1659 876 1730 indignis
897 1658 1237 1729 presbyteris
1260 1659 1443 1712 fassus
1463 1673 1522 1712 es
1543 1657 1793 1728 baptiza-

166 1761 274 1810 tos.
305 1756 368 1808 lu
394 1754 483 1808 his
510 1757 610 1807 tua
638 1752 871 1806 dilectio
900 1755 1091 1807 teneat
1127 1751 1425 1822 antiquum
1447 1767 1669 1805 morem
1696 1752 1795 1804 Ec-

165 1849 370 1918 clesiae,
413 1847 569 1919 quia,
613 1845 869 1918 quisquis
915 1845 974 1899 in
1017 1845 1251 1900 nomine
1302 1845 1478 1899 Patris
1509 1849 1564 1899 et
1593 1843 1716 1898 Filii
1744 1849 1799 1898 et

1892 645 1968 684 no
1995 633 2053 683 et
2083 627 2358 699 magistro
2399 627 2661 682 omnium
2690 627 2926 682 docente
2960 642 2974 681 :
3013 645 3039 678 (ι
3072 625 3235 690 Quod
3264 631 3526 698 superest

1893 721 2025 777 date
2053 723 2500 794 eleemosynam,
2523 723 2579 776 et
2604 737 2732 777 ecce
2758 713 2952 776 omnia
2971 720 3190 775 munda
3210 723 3344 775 sunt
3363 720 3524 775 vobis

1894 816 2043 886 (Luc.
2073 833 2146 886 x1,
2179 817 2288 887 41).
2327 837 2353 863 υ

1964 912 2321 981 Interrogatio
2373 911 2685 979 Augustini.
2733 909 2876 964 Cum
2926 925 3045 964 una
3094 908 3166 963 sit
3212 902 3371 976 ﬁdes,
3423 924 3524 963 cur

1895 1009 2030 1059 sunt
2066 1003 2712 1059 Ecclesiarum'diversaa
2753 1001 3213 1070 consuetudines,
3254 1005 3313 1056 et
3360 1000 3524 1056 aliter

1896 1097 2247 1154 consuetudo
2286 1097 2595 1152 missarum
2635 1097 2694 1150 in
2734 1101 2929 1152 sancta
2963 1097 3222 1151 Romana
3259 1095 3522 1164 Ecclesia,

1895 1197 2065 1263 atque
2093 1192 2256 1247 aliter
2282 1191 2341 1246 in
2374 1191 2682 1246 Galliarum
2704 1189 2964 1246 Ecclesiis
2994 1192 3219 1245 tenetur
3236 1190 3264 1244 τ

1967 1288 2249 1357 Responsio
2269 1286 2531 1355 Gregorii.
2579 1284 2741 1339 Novit
2768 1284 3096 1340 fraternitas
3125 1289 3225 1339 tua
3252 1283 3524 1338 Romanae

1899 1379 2159 1435 Ecclesiae
2188 1378 2679 1449 consuetudinem,
2724 1378 2783 1431 in
2812 1393 2927 1449 qua
2963 1394 3022 1432 se
3049 1377 3311 1449 meminit
3337 1377 3524 1433 nutri-

1897 1478 2032 1541 tam,
2064 1489 2239 1545 quam
2269 1473 2428 1528 valde
2448 1441 2746 1526 amabilem
2773 1441 3218 1526 te-habeat.iSed
3243 1471 3387 1526 mihi
3411 1472 3527 1543 pla-

1898 1571 2003 1635 cet,
2043 1569 2110 1621 ut
2150 1567 2263 1621 sive
2298 1567 2358 1621 in
2397 1567 2672 1635 Romana,
2716 1565 2829 1620 sive
2870 1564 2930 1618 in
2972 1564 3298 1633 Galliarum,
3327 1565 3442 1620 sive
3466 1565 3525 1620 in

1897 1661 2149 1732 qualibet
2176 1660 2420 1715 Ecclesia
2444 1659 2657 1732 aliquid
2687 1658 2972 1727 invenisti,
3002 1659 3153 1729 quod
3180 1659 3310 1730 plus
3337 1659 3525 1714 omni-

1897 1754 2119 1826 potenti
2144 1755 2257 1809 Deo
2285 1753 2466 1826 possit
2495 1753 2741 1824 placere,
2771 1752 3004 1807 sollicite
3031 1751 3294 1823 eligasin
3313 1753 3526 1824 Anglo-

1898 1864 2028 1902 rum
2055 1847 2314 1917 Ecclesia,
2344 1863 2474 1918 quas
2497 1846 2683 1901 adhuc
2719 1846 2790 1900 ad
2810 1844 2984 1900 ﬁdem
3011 1861 3157 1900 nova
3183 1849 3288 1914 est,
3309 1845 3531 1901 institu-

162 1943 404 2014 Spiritus
417 1939 930 2010 sanctibaptizatus
944 1942 1048 2006 est,
1064 1938 1546 2009 rebaptizarieum
1559 1937 1796 1991 minime
1817 1931 1873 2003 Β
1896 1941 2051 1996 tione
2079 1941 2362 2011 praecipua
2390 1957 2518 2010 quae
2549 1939 2616 1994 de
2647 1939 2840 1994 multis
2864 1938 3121 1993 Ecclesiis
3141 1937 3403 2011 colligere
3423 1956 3527 2012 po-

164 2037 352 2090 liceat.
387 2036 506 2089 Non
537 2033 691 2088 enim
720 2033 778 2087 in
806 2033 1041 2088 nomine
1070 2031 1429 2103 baptizantis,
1471 2031 1571 2086 sed
1599 2032 1660 2085 in
1691 2047 1793 2086 no-

165 2129 321 2184 mine
368 2127 660 2183 Trinitatis
701 2127 872 2198 hujus
915 2125 1114 2198 gratias
1160 2126 1377 2180 donum
1426 2125 1697 2196 percepit,
1744 2129 1800 2180 et

171 2226 434 2278 teneatur
459 2222 608 2294 quod
634 2221 935 2292 Apostolus
962 2220 1098 2275 dicit
1125 2237 1137 2274 :
1165 2221 1368 2274 «Unus
1394 2221 1562 2287 Deus,
1590 2235 1706 2274 una
1733 2219 1799 2273 ti-

169 2317 293 2384 des,
324 2333 503 2370 unum
530 2315 817 2386 baptisma
839 2315 1050 2385 (Ephes.
1076 2330 1145 2381 Iv,
1173 2313 1246 2384 5),
1275 2336 1301 2363 ››
1333 2312 1646 2368 doctrinam
1667 2329 1799 2368 vero

167 2410 482 2481 spiritalem
516 2408 722 2464 talibus
764 2408 1068 2462 studiosius
1115 2411 1176 2460 ut
1214 2407 1507 2478 impertias
1562 2408 1799 2462 deman-

173 2505 394 2558 damus.

171 2623 449 2690 Incipiunt
486 2621 800 2688 qumstiones
837 2617 894 2672 S.
945 2620 1240 2686 Augustini
1273 2618 1682 2673 Cantuariensis
1719 2634 1806 2672 ar-

231 2689 311 2772 ν
354 2691 694 2759 chiepiscopi,
714 2695 764 2743 et
782 2692 1152 2760 responsiones
1178 2689 1424 2759 Gregorii
1439 2706 1617 2760 papae.

249 2785 606 2853 Interrogatio
633 2784 775 2837 beati
796 2785 1106 2852 Augustini,
1138 2785 1374 2853 episcopi
1400 2782 1806 2838 Cantuaiiensis

176 2880 443 2940 Ecclesiae,
470 2877 540 2930 de
571 2876 848 2947 episcopis
865 2876 1108 2947 qualiter
1133 2892 1264 2930 cum
1293 2876 1408 2930 suis
1439 2876 1657 2930 clericis
1677 2893 1807 2931 con-

176 2973 494 3041 versentur,
517 2970 607 3024 vel
630 2969 698 3024 de
721 2969 826 3038 his,
852 2969 947 3040 qui
979 2969 1231 3024 ﬁdelium
1266 2969 1615 3024 orationibus
1650 2986 1803 3024 acce-

178 3066 326 3120 dunt
344 3065 414 3119 ad
436 3063 722 3132 altarium,
745 3067 975 3134 quantae
998 3062 1244 3118 debeant
1269 3063 1390 3118 ﬁeri
1411 3063 1725 3134 portiones,
1755 3067 1809 3117 et

177 3159 424 3231 qualiter
453 3157 747 3228 episcopus
776 3157 833 3210 in
867 3157 1106 3211 ecclesia
1131 3173 1301 3228 agere
1334 3156 1557 3212 debeat.

249 3254 539 3324 Responsio
607 3249 870 3320 Gregorii.
934 3251 1100 3305 Sacra
1175 3250 1467 3322 Scriptura
1537 3254 1806 3321 testatur,

175 3363 352 3419 quam
396 3345 542 3400 bene
567 3349 621 3399 te
647 3361 812 3398 nosse
841 3360 956 3398 non
986 3343 1203 3415 dubito,
1237 3348 1293 3400 et
1317 3344 1631 3416 specialiter
1658 3343 1810 3398 beati

179 3441 338 3496 Pauli
391 3439 461 3494 ad
497 3438 853 3493 Timotheum
896 3437 1182 3508 Epistulae,
1226 3437 1285 3491 in
1330 3437 1538 3509 quibus
1587 3437 1810 3492 erudire

169 3533 418 3600 studuit,
463 3531 702 3604 qualiter
731 3548 861 3587 eum
890 3532 949 3585 in
980 3531 1148 3586 domo
1179 3532 1276 3586 Dei
1306 3532 1622 3586 conversari
1651 3549 1813 3603 opor-

179 3629 400 3684 tuisset.
449 3627 561 3681 Mos
605 3630 796 3680 autem
843 3626 992 3681 sedis
1036 3631 1121 3681 est
1169 3626 1487 3696 apostolica:—
1544 3625 1813 3680 ordinatis

179 3721 461 3795 episcopis
507 3723 788 3792 praecepta
837 3721 1082 3787 tradere,
1135 3727 1195 3774 ut
1239 3737 1306 3775 ex
1337 3721 1496 3774 omni
1528 3720 1813 3792 stipendio

184 3817 336 3889 quod
377 3815 612 3883 accedit,
649 3820 895 3886 quatuor
931 3814 1056 3868 fieri
1092 3814 1336 3868 debeant
1361 3813 1664 3885 portiones,
1703 3830 1816 3868 una

183 3911 445 3966 videlicet
457 3908 724 3980 episcopo
751 3912 807 3963 et
832 3907 1089 3976 familiae,
1108 3912 1344 3979 propter
1373 3908 1813 3980 hospitalitatem

187 4012 356 4077 atque
394 4003 846 4075 susceptionem;
880 4003 988 4057 alia
1019 4004 1198 4071 clero;
1234 4002 1402 4056 tertia
1434 4001 1812 4074 pauperibus;

185 4102 393 4172 quarta
419 4097 664 4152 ecclesiis
690 4097 1045 4168 reparandis.
1075 4097 1184 4151 Sed
1213 4097 1342 4168 quia
1364 4101 1462 4152 tua
1487 4096 1816 4150 fraternitas

185 4192 666 4249 monasteriorum
697 4191 906 4262 regulis
934 4190 1152 4245 erudita
1180 4206 1437 4244 seorsum
1475 4191 1660 4244 vivere
1699 4207 1815 4244 non

185 4288 372 4354 debet,
421 4304 456 4340 a
504 4285 716 4340 clericis
759 4285 872 4339 suis
903 4285 963 4338 in
1011 4283 1258 4339 Ecclesia
1295 4284 1631 4354 Anglorum,
1669 4300 1821 4354 quas,

182 4385 418 4437 auctore
449 4381 576 4450 Deo,
609 4395 794 4449 nuper
818 4379 891 4433 ad
916 4379 1088 4433 tidem
1117 4377 1397 4450 perducta
1423 4380 1526 4443 est,
1552 4377 1701 4430 hanc
1726 4377 1818 4432 de-

185 4478 280 4531 bet
304 4474 789 4530 conversationem
821 4473 1133 4539 instituere,
1164 4489 1291 4544 quae
1336 4470 1499 4525 initio
1541 4471 1818 4525 nascentis

186 4568 451 4624 Ecclesiae.
505 4567 613 4622 fuit
661 4567 918 4638 patribus
967 4566 1195 4633 nostris,
1237 4566 1293 4620 in
1338 4564 1544 4637 quibus
1573 4564 1820 4618 «nullus

1897 2034 2054 2089 tuisti
2076 2033 2367 2088 infundas.
2392 2033 2516 2088 Non
2536 2032 2688 2087 enim
2711 2049 2815 2103 pro
2837 2031 2972 2086 locis
2992 2047 3100 2099 res,
3123 2032 3220 2086 sed
3239 2049 3344 2104 pro
3365 2033 3532 2088 bonis

1899 2128 2071 2183 rebus
2094 2128 2218 2182 loca
2246 2127 2488 2182 amanda
2515 2129 2664 2180 sunt.
2696 2128 2774 2181 Ex
2796 2125 3036 2197 singulis
3056 2141 3193 2197 ergo
3213 2125 3534 2199 quibusque

1900 2221 2177 2290 Ecclesiis,
2219 2237 2346 2293 quae
2388 2221 2505 2293 pia,
2547 2236 2676 2291 quas
2714 2219 3001 2290 religiosa,
3046 2235 3173 2291 quae
3210 2223 3366 2275 recta
3404 2224 3534 2274 sunt

1902 2315 2066 2387 elige,
2089 2319 2145 2370 et
2165 2316 2306 2383 haec,
2328 2313 2488 2387 quasi
2511 2314 2570 2368 in
2591 2313 2861 2368 fasciculo
2889 2313 3124 2368 collecta
3150 2313 3299 2384 apud
3327 2314 3533 2385 Anglo-

1903 2425 2033 2464 rum
2057 2411 2300 2477 mentes,
2322 2408 2382 2463 in
2403 2406 2873 2463 consuetudinem
2905 2407 3144 2477 depone.

1974 2505 2328 2571 Interrogatio
2359 2503 2677 2573 Augustini.
2714 2500 2961 2556 Obsecro
2997 2499 3132 2572 quid
3162 2500 3281 2571 pati
3308 2500 3531 2572 debeat,

1905 2597 1950 2650 si
1982 2596 2108 2669 quis
2132 2595 2350 2667 aliquid
2376 2596 2445 2651 de
2472 2595 2707 2650 ecclesia
2731 2594 2885 2649 furto
2913 2592 3228 2648 abstulerit.

1976 2693 2264 2762 Responsio
2295 2692 2555 2760 Gregorii.
2587 2690 2702 2744 Hoc
2730 2694 2831 2743 tua
2845 2687 3168 2743 fraternitas
3196 2703 3264 2742 ex
3289 2703 3534 2759 persona

1904 2784 2044 2839 furis
2055 2799 2297 2856 pensare
2309 2787 2494 2854 potest
2505 2783 2750 2856 qualiter
2767 2782 2953 2837 valeat
2965 2781 3191 2852 corrigi.
3213 2781 3359 2836 Sunt
3375 2781 3530 2836 enim

1908 2879 2008 2950 qui
2048 2878 2324 2932 habentes
2367 2876 2637 2948 subsidia,
2679 2877 2899 2931 furtum
2936 2878 3287 2947 perpetrant,
3323 2878 3536 2929 etsunt

1906 2971 2003 3026 alii
2025 2971 2123 3043 qui
2144 2972 2202 3026 in
2219 2972 2324 3026 hac
2338 2987 2400 3025 re
2423 2987 2488 3026 ex
2509 2970 2700 3042 inopia
2723 2969 3101 3040 delinquunt;
3126 2969 3282 3024 unde
3306 2984 3533 3024 necesse

1909 3070 2012 3136 est,
2046 3069 2108 3119 ut
2136 3065 2370 3138 quidam
2396 3065 2638 3133 damnis,
2665 3063 2899 3137 quidam
2925 3079 3062 3119 vero
3095 3062 3443 3134 verberibus,
3475 3065 3532 3117 et

1909 3159 2142 3231 quidam
2182 3159 2508 3230 districtius,
2549 3158 2786 3230 quidam
2829 3157 3010 3212 levius
3049 3157 3432 3227 corrigantur.
3469 3159 3536 3212 Et

1911 3270 2040 3309 cum
2071 3254 2365 3325 paululum
2405 3251 2712 3307 districtius
2739 3251 2947 3322 agitur,
2981 3267 3047 3305 ex
3073 3249 3348 3305 charitate
3371 3266 3538 3322 agen-

1912 3348 2050 3402 dum
2069 3351 2172 3414 est,
2207 3363 2320 3401 non
2350 3362 2418 3401 ex
2444 3346 2653 3414 furore,
2685 3345 2822 3416 quia
2846 3344 2956 3416 ipsi
2982 3344 3090 3398 hoc
3113 3347 3421 3415 praestatur
3441 3344 3540 3416 qui

1912 3440 2238 3511 corrigitur,
2283 3456 2353 3494 ne
2391 3440 2673 3511 gehennae
2705 3436 2932 3509 ignibus
2958 3436 3233 3492 tradatur.
3263 3437 3353 3493 Sic
3385 3438 3538 3492 enim

1913 3551 2016 3589 nos
2041 3533 2302 3589 ﬁdelibus
2327 3535 2521 3588 tenere
2541 3531 2903 3603 disciplinam
2923 3530 3218 3599 debemus,
3239 3530 3380 3586 sicut
3401 3531 3539 3586 boni

1910 3632 2103 3699 patres
2151 3627 2468 3681 carnalibus
2505 3624 2633 3680 ﬁliis
2675 3624 2881 3679 solent.
2939 3624 3093 3688 Quos
3139 3630 3196 3680 et
3238 3641 3341 3696 pro
3362 3624 3540 3696 culpis

1911 3721 2239 3777 verberibus
2279 3720 2514 3789 feriunt,
2551 3723 2610 3773 et
2645 3723 2840 3774 tamen
2885 3719 3036 3789 ipsos
3076 3735 3216 3790 quos
3251 3719 3542 3774 doloribus

1915 3815 2200 3887 afﬂigunt,
2223 3815 2432 3870 habere
2445 3814 2704 3869 hmredes
2720 3816 3006 3884 quaerunt,
3029 3815 3087 3868 et
3106 3828 3234 3884 quae
3249 3812 3543 3885 possident

1913 3909 2049 3982 ipsis
2072 3913 2318 3978 servant,
2349 3925 2491 3981 quos
2522 3907 2653 3962 irati
2685 3906 2910 3979 insequi
2941 3905 3229 3962 videntur.
3273 3908 3400 3962 Haec
3438 3908 3544 3981 igi-

1913 4008 2008 4059 tur
2034 4004 2280 4060 charitas
2306 4007 2499 4059 mente
2523 4001 2774 4058 tenenda
2800 4006 2904 4070 est,
2928 4004 2987 4056 et
3011 4001 3134 4073 ipsa
3164 4002 3403 4057 modum
3425 4019 3544 4059 cor-

1915 4098 2180 4153 rectionis
2208 4098 2402 4166 dictet,
2436 4098 2516 4153 ita
2544 4102 2605 4152 ut
2640 4113 2804 4151 mens
2830 4101 2990 4151 extra
3019 4095 3252 4151 rationis
3283 4097 3544 4169 regulam

1919 4193 2154 4248 omnino
2181 4192 2324 4248 nihil
2353 4192 2540 4246 faciat.
2583 4190 2754 4245 Addis
2790 4190 2961 4245 etiam
3003 4190 3290 4261 quomodo
3322 4208 3386 4246 ea
3417 4208 3545 4264 quae

1918 4286 2068 4340 furto
2099 4287 2168 4341 de
2197 4285 2443 4342 ecclesiis
2469 4284 2825 4339 abstulerunt
2861 4283 3101 4338 reddere
3128 4283 3391 4338 debeant.
3435 4285 3549 4341 Sed

1917 4380 2059 4434 absit
2100 4384 2166 4434 ut
2206 4378 2450 4434 Ecclesia
2493 4394 2624 4433 cum
2668 4379 2978 4449 augmento
3005 4375 3258 4448 recipiat,
3293 4377 3450 4449 quod
3476 4379 3548 4436 de

1920 4473 2162 4527 terrenis
2200 4472 2372 4528 rebus
2413 4471 2634 4527 videtur
2678 4470 2962 4541 amittere,
3015 4475 3072 4525 et
3113 4470 3269 4526 lucra
3294 4471 3364 4526 de
3392 4473 3550 4528 vanis

1919 4570 2155 4639 quaerat.

189 4679 391 4718 eorum
438 4677 508 4715 ex
550 4660 640 4714 his
685 4676 814 4731 quae
855 4660 1194 4731 possidebat,
1235 4659 1453 4731 aliquid
1494 4675 1657 4714 suum
1699 4674 1820 4712 esse
1841 4675 1900 4749 Ι)
1991 4661 2346 4730 Interrogatio
2368 4658 2684 4728 Augustini.
2705 4659 2762 4716 Si
2783 4659 2996 4715 debent
3021 4658 3136 4714 duo
3157 4661 3425 4731 germani
3443 4661 3553 4718 fra-

188 4757 434 4824 dicebat,
455 4755 552 4810 sed
572 4759 733 4810 erant
749 4754 829 4809 eis
844 4753 1039 4808 omnia
1055 4753 1385 4809 communia
1407 4753 1552 4824 (Act.
1576 4769 1649 4819 1v,
1665 4753 1774 4823 32).
1793 4773 1820 4802 »
1923 4761 2036 4811 tres
2061 4754 2314 4826 singulas
2331 4769 2551 4809 sorores
2571 4754 2850 4825 accipere,
2867 4769 2993 4826 qua:
3015 4756 3147 4808 sunt
3167 4754 3238 4810 ab
3256 4754 3364 4810 illis
3384 4756 3554 4830 longa

192 4851 250 4906 Si
279 4850 381 4923 qui
410 4865 545 4903 vero
574 4847 760 4902 clerici
787 4852 921 4902 sunt
948 4853 1107 4903 extra
1141 4863 1329 4902 sacros
1356 4847 1587 4902 ordines
1622 4846 1825 4902 consti-

193 4945 319 5013 tuti,
366 4943 464 5016 qui
508 4959 566 4998 se
611 4942 902 4998 continere
943 4959 1055 4997 non
1099 4946 1353 5014 possunt,
1402 4942 1586 4996 sortiri
1631 4957 1827 4996 uxores

193 5040 422 5105 debent,
463 5040 520 5092 et
554 5036 837 5108 stipendia
874 5053 975 5090 sua
1018 5037 1268 5091 exterius
1294 5035 1573 5108 accipere,
1608 5036 1743 5107 quia
1773 5041 1829 5090 et

196 5135 264 5189 de
295 5133 408 5202 his,
443 5131 512 5187 de
539 5131 746 5202 quibus
768 5131 987 5202 prsefati
1009 5147 1222 5199 sumus,
1247 5130 1510 5185 novimus
1531 5130 1826 5202 scriptum,

201 5251 226 5277 α
253 5227 410 5300 quod
442 5225 792 5281 dividebatur
817 5225 1073 5297 singulis,
1106 5229 1277 5295 prout
1299 5224 1502 5295 cuique
1544 5241 1686 5295 opus
1712 5229 1832 5279 erat

197 5323 381 5394 (Ibid.,
413 5319 520 5391 35),
542 5341 568 5369 ››
591 5320 659 5374 de
692 5336 889 5374 eorum
914 5334 1142 5391 quoque
1169 5318 1444 5391 stipendio
1464 5317 1832 5389 cogitandum

199 5422 369 5488 atque
413 5413 830 5486 providendum
873 5419 976 5480 est,
1008 5417 1064 5468 et
1101 5413 1204 5467 sub
1233 5410 1612 5468 ecclesiastica
1636 5413 1834 5482 regula

201 5509 530 5575 tenendum,
575 5511 640 5562 ut
680 5507 843 5562 bonis
888 5507 1142 5562 moribus
1187 5507 1397 5574 vivant,
1454 5509 1511 5560 et
1561 5504 1835 5560 canendis

202 5603 438 5677 psalmis
468 5602 789 5672 invigilant,
821 5606 878 5657 et
905 5601 973 5655 ab
1002 5601 1269 5656 omnibus
1291 5600 1498 5656 illicitis
1526 5616 1621 5655 cor
1645 5603 1701 5654 et
1730 5598 1836 5653 lin-

205 5716 377 5771 guam
409 5702 467 5753 et
491 5713 718 5769 corpus,
742 5698 856 5751 Deo
883 5700 1116 5752 auctore
1145 5700 1500 5750 conservent.
1533 5693 1837 5750 Communi

204 5795 316 5848 vita
341 5791 658 5848 viventibus
679 5791 802 5862 jam
831 5790 900 5845 de
921 5788 1193 5844 faciendis
1221 5789 1595 5860 portionibus,
1627 5787 1713 5844 vel
1740 5803 1836 5843 ex-

206 5887 454 5943 hibenda
501 5885 910 5957 hospitalitate,
960 5889 1015 5938 et
1055 5883 1416 5954 adimplenda
1453 5881 1841 5939 misericordia

212 5983 373 6038 nobis
399 5981 537 6053 quid
566 5980 668 6035 erit
701 5978 1072 6050 loquendum,
1101 5994 1231 6032 cum
1261 5993 1433 6032 omne
1461 5978 1611 6050 quod
1641 5993 1837 6049 super-

615 6080 884 6148 PA'I‘ROI..
937 6077 1161 6142 CXXX.

1925 4849 2199 4922 progenie
2227 4852 2537 4920 generatae.

1998 4945 2284 5016 ReSponsio
2313 4943 2575 5013 Gregorii.
2609 4942 2781 4998 Medis
2813 4942 3078 4998 omnibus
3120 4945 3224 5000 hoc
3254 4943 3378 5000 ﬁeri
3402 4946 3552 5002 licet.

1929 5041 2295 5112 Nequaquam
2342 5037 2495 5092 enim
2526 5037 2582 5092 in
2602 5037 2772 5092 sacris
2801 5036 3040 5108 eloquiis
3072 5037 3377 5108 invenitur,
3408 5039 3558 5112 quod

1930 5134 2064 5189 huic
2092 5131 2338 5205 capitulo
2367 5131 2754 5187 contradicere
2780 5131 3055 5187 videatur.

2000 5227 2362 5297 Interrogatio
2387 5225 2706 5294 Augustini.
2728 5225 2915 5296 Usque
2953 5225 3025 5279 ad
3055 5231 3289 5298 quotam
3319 5244 3559 5300 genera-

1933 5321 2150 5376 tionem
2170 5319 2356 5376 ﬁdelis
2397 5319 2601 5375 debeat
2638 5335 2768 5374 cum
2795 5319 3130 5392 propinquis
3155 5321 3262 5376 sibi
3289 5323 3564 5396 copulari,

1937 5420 1994 5469 et
2017 5415 2296 5484 novercis,
2326 5419 2384 5469 et
2410 5412 2690 5486 cognatis,
2713 5413 2756 5467 si
2783 5412 2950 5468 liceat
2972 5414 3226 5485 copulari
3253 5417 3519 5489 coujugio
3537 5419 3565 5472 Ἰ

2006 5511 2297 5579 Responsio
2330 5510 2594 5578 Gregorii.
2623 5509 2692 5562 Et
2720 5505 2953 5580 quidem
2987 5512 3216 5564 terrena
3243 5509 3332 5563 lex
3357 5511 3419 5564 in
3451 5511 3562 5565 Ro-

1935 5618 2115 5657 mana
2133 5602 2425 5674 republica
2446 5601 2744 5674 permittit,
2767 5605 2833 5657 ut
2851 5601 2965 5657 sive
2980 5601 3188 5671 fratris,
3218 5603 3443 5673 sororis,
3466 5620 3566 5660 seu

1941 5695 2186 5750 duorum
2215 5697 2457 5752 fratrum
2480 5713 2912 5769 germanorum,
2941 5695 3030 5752 vel
3049 5697 3287 5752 duarum
3304 5715 3566 5755 sororum

1937 5789 2090 5843 ﬁlius
2101 5792 2158 5843 et
2169 5788 2282 5842 ﬁlia
2293 5789 2760 5858 misceantur;sed
2776 5791 3170 5862 experimento
3184 5790 3486 5847 didicimus
3498 5806 3566 5848 ex

1939 5882 2038 5937 tali
2060 5881 2326 5954 conjugio
2344 5881 2594 5937 sobolem
2618 5901 2734 5938 non
2755 5900 2918 5955 posse
2941 5901 3312 5958 succrescere,
3335 5889 3394 5942 et
3413 5905 3571 5944 sacra

1942 5978 2031 6032 lex
2052 5975 2316 6048 prohibet
2327 5975 2687 6046 cognationis
2700 5976 3112 6047 turpitudinem
3127 5983 3393 6041 revelare.
3413 5978 3572 6038 Unde

3220 6086 3295 6145 36
