4050 6320
551 374 680 427 1123

1432 370 1716 428 APPEND.
1759 370 1847 428 Al)
1887 372 2048 427 8443C.
2085 373 2169 426 1X.
2204 400 2271 410 -—
2307 369 2549 427 ISIDORI
2589 369 3012 426 MERCATORIS

3780 370 3922 424 1124

541 495 768 534 necesse
808 482 893 533 est
935 485 996 532 ut
1013 479 1134 549 jam
1165 479 1330 535 tertia
1359 481 1444 534 vel
1477 486 1679 552 quarta
1711 481 2002 552 generatio
2032 480 2167 535 fide-
2191 479 2438 565 Arebus
2503 477 2887 550 spiritualibus
2948 481 3011 532 ut
3073 477 3364 548 sapienter
3408 482 3463 531 et
3515 479 3740 532 mature
3801 477 3920 531 dis-

541 575 682 627 lium
711 572 947 627 licenter
977 571 1082 626 sibi
1101 573 1272 644 jungi
1293 573 1515 629 debeat.
1538 575 1678 629 Nam
1697 575 1965 642 secunda,
1995 591 2167 645 quam

539 666 929 738 praediximus,
963 683 996 720 a
1024 683 1081 721 se
1109 667 1344 722 omnino
1365 667 1535 724 debet
1561 668 1868 724 abstinere.
1897 671 2040 725 Cum
2067 685 2171 724 no-

539 776 701 814 verca
747 765 940 814 autem
981 760 1238 830 miscere,
1269 778 1439 833 grave
1473 767 1558 816 est
1584 762 1822 831 facinus,
1845 763 1979 834 quia
2022 766 2080 817 et
2117 762 2175 816 in

538 855 663 923 lege
685 853 962 924 scriptum
985 858 1069 909 est
1097 874 1110 908 :
1147 877 1174 904 «
1200 855 1637 927 Turpitudinem
1656 857 1832 927 patris
1855 858 1937 911 tui
1958 873 2073 911 non
2091 873 2176 910 re-

536 947 744 1001 velabis
773 949 912 1014 (Lev.
960 965 1113 1017 xvm,
1170 950 1240 1020 7).
1275 971 1298 1000 »
1329 951 1523 1021 Neque
1555 949 1706 1005 enim
1730 951 1903 1021 patris
1927 950 2173 1022 turpitu-

539 1040 735 1094 dinem
762 1040 912 1095 tilius
935 1042 1183 1097 revelare
1210 1047 1417 1113 potest,
1453 1043 1552 1099 sed
1577 1043 1711 1115 quia
1740 1044 2019 1116 scriptum
2046 1049 2130 1099 est
2157 1060 2169 1098 :

541 1156 568 1182 ‹‹
603 1135 784 1188 Erunt
811 1134 924 1190 duo
962 1136 1019 1189 in
1045 1152 1212 1191 carne
1241 1153 1357 1191 una
1384 1137 1535 1209 (Gen.
1573 1154 1628 1205 ll,
1661 1139 1772 1208 24),
1806 1160 1832 1187 »
1863 1138 1960 1209 qui
1990 1138 2170 1208 turpi-

537 1228 799 1282 tudinem
826 1246 1080 1284 novercze
1108 1247 1238 1301 quae
1265 1247 1379 1286 una
1405 1247 1534 1286 caro
1562 1248 1692 1286 cum
1724 1236 1884 1302 patre
1926 1233 2051 1300 fuit,
2084 1248 2171 1286 re-

540 1322 719 1376 velare
765 1324 1170 1393 przesumserit,
1222 1325 1478 1396 profecto
1524 1326 1700 1396 patris
1753 1327 2168 1396 turpitudinem

541 1416 833 1471 revelabit.
860 1419 1001 1473 Cum
1027 1422 1273 1488 cognata
1298 1435 1524 1490 quoque
1551 1419 1788 1475 miscere
1822 1419 2168 1490 prohibitum

537 1515 638 1576 est,
687 1511 822 1581 quia
868 1527 969 1580 per
1017 1511 1479 1582 conjunctionem
1521 1513 1776 1583 priorum
1825 1529 1953 1568 caro
1979 1513 2172 1568 fratris

539 1603 712 1656 fuerit
751 1603 919 1669 facta,
975 1621 1079 1675 pro
1110 1621 1221 1676 qua
1250 1621 1311 1658 re
1338 1607 1508 1660 etiam
1537 1607 1780 1661 Joannes
1805 1607 2051 1678 Baptista
2077 1623 2170 1662 ca-

537 1695 651 1766 pite
696 1700 989 1750 truncatus
1041 1703 1099 1752 et
1144 1703 1337 1752 sancto
1393 1701 1668 1771 martyrio
1731 1705 2031 1754 coronatus
2088 1704 2173 1754 est

541 1790 758 1859 (Matth.
803 1807 910 1858 x1v,
962 1790 1066 1860 10).
1106 1791 1206 1845 Cui
1246 1809 1362 1847 non
1405 1798 1489 1847 est
1528 1794 1762 1860 dictum,
1796 1797 1860 1848 ut
1883 1794 2171 1850 Christum

2276 578 2600 644 ponantur,
2663 573 2985 642 exemplum
3053 588 3086 625 a
3143 571 3313 625 rebus
3361 572 3536 626 etiam
3595 570 3923 625 carnalibus

2277 682 2502 721 sumere
2560 681 2882 736 possumus.
2935 667 3095 719 Certe
3141 664 3319 733 enim,
3361 665 3498 719 dum
3545 663 3817 734 conjugia
3860 663 3922 718 in

2275 760 2490 832 mundo
2541 758 2941 826 celebrantur,
3007 757 3298 828 conjugati
3351 757 3565 828 quique
3618 762 3919 823 vocantur,

2277 855 2339 906 ut
2387 853 2485 923 qui
2528 853 2586 906 in
2628 852 2716 905 via
2751 852 2873 922 jam
2919 851 3172 922 conjugii
3208 855 3648 922 praecesserunt,
3695 851 3755 905 in
3791 851 3924 904 sub-

2274 946 2565 1017 sequentis
2608 961 2832 1016 quoque
2880 945 3098 1016 copula:
3145 944 3353 1015 gaudio
3401 945 3768 999 misceantur.
3805 945 3923 999 Cur

2273 1056 2391 1094 non
2443 1055 2578 1111 ergo
2632 1039 2930 1094 nobiscum
2984 1039 3044 1093 in
3101 1039 3207 1092 hac
3261 1038 3494 1110 speciali
3547 1039 3918 1093 ordinatione

2273 1150 2388 1204 qua
2428 1150 2528 1204 per
2563 1149 2783 1187 sacrum
2824 1132 3206 1188 ministerium
3250 1133 3428 1186 homo
3460 1133 3571 1186 Deo
3603 1132 3915 1203 conjungi-

2273 1231 2385 1296 tur,
2419 1227 2561 1282 tales
2590 1227 2951 1295 conveniant,
2998 1227 3097 1297 qui
3143 1227 3202 1281 in
3230 1227 3487 1296 profectu
3514 1227 3760 1281 ordinati
3791 1227 3915 1297 epi-

2273 1321 2426 1391 scopi
2459 1321 2770 1391 gaudeant,
2804 1322 2894 1375 vel
2924 1338 3027 1392 pro
3059 1322 3181 1391 ejus
3219 1319 3473 1375 custodia
3505 1320 3766 1375 omnium
3804 1321 3915 1392 ipsi

2225 1414 2512 1574 jomino
2546 1431 2741 1486 preces
2770 1415 2979 1486 pariter
3006 1414 3319 1469 fundantur
3341 1416 3368 1468 ?

2343 1511 2699 1574 Interrogatio
2728 1511 3042 1574 Augustini.
3077 1539 3139 1547 -—
3183 1508 3368 1572 Qualit

2343 1511 2699 1578 Interrogatio
2728 1511 3042 1576 Augustini.
3077 1539 3139 1547 -—
3183 1508 3435 1572 Qualiter
3478 1509 3753 1564 debemus
3781 1527 3912 1564 cum

2273 1602 2577 1656 Galliarum
2607 1607 2777 1674 atque
2807 1602 3210 1656 Britannorum
3238 1602 3519 1673 episcopis
3544 1619 3720 1675 agere
3739 1604 3768 1658 ?

2342 1697 2628 1766 Responsio
2683 1697 2944 1764 Gregorii.
3002 1727 3070 1735 —
3126 1697 3185 1750 In
3261 1695 3568 1751 Galliarum
3625 1697 3912 1768 episcopis

2273 1789 2486 1842 nullam
2537 1789 2641 1843 tibi
2689 1789 3083 1845 auctoritatem
3136 1789 3462 1857 tribuimus,
3515 1791 3648 1862 quia
3687 1791 3758 1845 ab
3804 1808 3907 1845 an-

541 1888 794 1954 negaret,
829 1887 886 1937 et
915 1899 1018 1953 pro
1049 1885 1255 1940 Christi
1303 1887 1654 1943 confessione
1683 1888 1897 1942 occisus
1931 1893 2032 1942 est.
2063 1869 2247 1943 SedB
2270 1881 2442 1952 tiquis
2498 1882 2977 1953 praedecessorum
3040 1899 3300 1938 meorum
3369 1883 3725 1954 temporibus
3781 1886 3907 1955 pal-

537 1976 672 2046 quia
703 1977 916 2030 eisdem
948 1977 1219 2032 Dominus
1248 1983 1442 2034 noster
1465 1983 1624 2036 Iesus
1649 1981 1906 2036 Christus
1931 1981 2168 2047 dixerat,

541 2092 567 2119 «
600 2087 707 2140 ego
734 2087 859 2124 sum
879 2072 1086 2126 veritas
1107 2072 1280 2140 (Joan.
1322 2091 1428 2142 xw,
1454 2076 1506 2144 6)
1530 2096 1555 2124 »
1579 2076 1716 2146 quia
1736 2093 1839 2146 pro
1862 2074 2054 2148 279
2077 2093 2168 2131 ve-

538 2163 701 2217 ritate
731 2166 977 2219 Joannes
1004 2166 1219 2220 occisus
1249 2171 1351 2235 est,
1382 2169 1638 2223 videlicet
1660 2186 1764 2241 pro
1793 2171 2017 2225 Christo
2040 2189 2168 2225 san-

541 2257 774 2328 guinem
811 2258 978 2312 fudit.
1015 2259 1156 2322 Quia
1191 2277 1321 2315 vero
1366 2268 1497 2316 sunt
1523 2263 1581 2316 in
1625 2264 1945 2334 Anglorum
1977 2269 2167 2336 gente,

537 2350 658 2421 qui,
687 2351 821 2404 dum
849 2351 1038 2405 adhuc
1067 2352 1124 2405 in
1157 2352 1485 2409 inﬁdelitate
1511 2361 1720 2424 essent,
1756 2357 1887 2411 huic
1923 2359 2169 2414 nefando

546 2443 817 2514 conjugio
845 2444 1113 2498 dicuntur
1139 2446 1386 2512 admisti,
1423 2448 1494 2501 ad
1527 2449 1698 2504 fidem
1726 2451 2035 2517 venientes,
2069 2452 2170 2506 ad-

537 2527 814 2591 monendi
864 2541 998 2592 sunt
1033 2544 1096 2592 ut
1139 2556 1196 2594 se
1243 2540 1580 2608 abstineant,
1621 2547 1676 2596 et
1721 2560 1887 2613 grave
1917 2545 2022 2599 hoc
2049 2562 2168 2600 esse

538 2635 833 2701 peccatum
872 2638 1203 2702 agnoscant,
1241 2635 1606 2690 tremendum
1646 2637 1743 2692 Dei
1781 2637 2062 2707 judicium
2108 2641 2172 2693 ti-

538 2730 749 2792 meant,
783 2741 853 2780 ne
883 2742 984 2796 pro
1016 2728 1234 2780 carnali
1262 2727 1637 2784 delectatione
1659 2733 1946 2786 tormenta
1971 2734 2169 2787 aeterni

537 2818 816 2872 cruciatus
845 2820 1152 2874 incurrant.
1175 2822 1298 2876 Non
1333 2826 1526 2876 tamen
1560 2825 1775 2894 prohac
1797 2842 1859 2880 re
1881 2827 2022 2880 sacri
2056 2843 2172 2881 cor-

538 2911 692 2981 poris
737 2928 801 2964 ac
850 2913 1144 2983 sanguinis
1186 2914 1408 2968 Domini
1463 2918 1862 2973 communione
1912 2921 2168 2989 privandi

537 3007 690 3070 sunt,
712 3020 783 3057 ne
806 3005 863 3058 in
886 3006 966 3058 eis
986 3005 1083 3060 illa
1106 3007 1296 3060 ulcisci
1321 3007 1638 3078 videamur,
1663 3011 1719 3064 in
1745 3012 1951 3082 quibus
1981 3031 2040 3068 se
2069 3031 2170 3084 per

537 3097 926 3169 ignorantiam
974 3103 1107 3153 ante
1158 3100 1449 3155 lavacrum
1496 3102 1850 3174 baptismatis
1891 3107 2165 3162 astrinxe-

540 3195 691 3245 runt.
722 3193 780 3245 In
810 3193 912 3245 hoc
943 3192 1096 3246 enim
1125 3195 1381 3265 tempore
1410 3201 1605 3250 sancta
1632 3197 1876 3253 Ecclesia
1907 3201 2166 3270 quaedam

539 3301 638 3355 per
663 3285 942 3340 fervorem
969 3287 1225 3358 corrigit,
1255 3289 1522 3359 quaedam
1537 3305 1639 3360 per
1663 3294 2167 3349 mansuetudinem

536 3378 765 3448 tolerat,
799 3380 1062 3450 quasdam
1084 3397 1188 3452 per
1205 3382 1722 3440 considerationem
1751 3385 2072 3442 dissimulat
2091 3395 2168 3444 at-

538 3489 647 3543 que
669 3475 877 3543 portat,
894 3479 956 3528 ut
975 3491 1124 3546 saepe
1146 3476 1363 3530 malum
1382 3477 1538 3548 quod
1559 3483 1871 3547 aversatur,
1888 3483 2165 3551 portando

537 3570 595 3620 et
625 3566 1033 3623 dissimulando
1056 3574 1392 3640 compescat.
1424 3571 1637 3627 Omnes
1667 3573 1725 3627 hi
1755 3575 1850 3645 qui
1894 3576 1964 3629 ad
1997 3577 2165 3631 fidem

536 3661 788 3729 veniunt,
833 3661 1181 3718 admonendi
1219 3670 1369 3733 sunt,
1417 3682 1489 3720 ne
1530 3666 1642 3721 tale
1669 3667 1882 3738 aliquid
1918 3669 2167 3725 audeant

538 3757 889 3824 perpetrare.
921 3755 975 3810 Si
1001 3760 1496 3828 perpetraverunt,
1531 3761 1784 3831 corporis
1803 3766 1859 3816 ct
1876 3764 2168 3834 sanguinis

539 3847 759 3901 Domini
790 3849 1194 3905 communione
1225 3851 1479 3920 privandi
1505 3857 1656 3921 suut,
1687 3855 1819 3925 quia
1838 3855 1982 3911 sicut
1998 3857 2059 3912 in
2080 3857 2168 3912 his

539 3940 636 4010 qui
663 3956 762 4010 per
792 3940 1176 4010 ignorantiam
1209 3943 1486 4013 fecerunt,
1510 3947 1674 4017 culpa
1692 3949 2052 4019 aliquatenus
2082 3955 2164 4005 to-

538 4033 774 4086 leranda
807 4037 910 4101 est,
958 4034 1037 4089 ita
1066 4035 1124 4088 in
1156 4035 1245 4090 his
1271 4037 1498 4092 fortiter
1524 4039 1894 4111 insequenda,
1929 4045 2024 4114 qui
2054 4062 2167 4100 non

541 4129 807 4180 metuunt
835 4126 1058 4182 sciendo
1089 4144 1341 4199 peccare.

609 4224 966 4290 Interrogatio
1003 4223 1327 4293 Augustini.
1374 4257 1441 4265 ——
1481 4227 1539 4282 Si
1576 4229 1972 4301 longinquitas
2009 4233 2171 4290 itine-

540 4315 613 4369 ris
658 4331 872 4384 magna
916 4315 1230 4386 interjacet,
1288 4323 1351 4373 ut
1401 4321 1646 4394 episcopi
1700 4341 1815 4379 non
1863 4326 2024 4382 facile
2070 4345 2169 4383 va-

541 4411 695 4464 leant
746 4411 1072 4480 convenire,
1138 4429 1211 4466 an
1271 4413 1520 4470 debeant
1577 4417 1697 4471 sine
1754 4420 1996 4476 aliorum
2051 4424 2166 4494 epi-

541 4519 844 4575 scoporum
868 4505 1174 4575 praesentia
1205 4507 1448 4579 episc0pi
1473 4510 1727 4566 ordinari
1754 4513 1782 4566 ‘?

2270 1975 2413 2030 lium
2482 1977 2825 2031 Arelatensis
2889 1976 3185 2048 episcopus
3250 1978 3503 2049 accepit,
3571 1995 3749 2048 quem
3808 1996 3908 2032 nos

2272 2070 2492 2140 privare
2533 2071 2872 2126 auctoritate
2919 2075 3186 2142 percepta
3234 2072 3471 2126 minime
3514 2071 3810 2126 debemus.
3854 2073 3908 2128 Si

2271 2163 2448 2233 igitur
2497 2164 2810 2236 contingat,
2868 2170 2928 2220 ut
2979 2169 3075 2219 tua
3115 2165 3434 2220 fraternitas
3478 2165 3550 2219 ad
3595 2166 3909 2220 Galliarum

2277 2257 2628 2328 provinciam
2681 2262 2945 2328 transeat,
2993 2275 3122 2313 cum
3173 2259 3370 2314 eodem
3417 2259 3743 2314 Adelatensi
3787 2261 3906 2330 epi-

2271 2367 2442 2422 scopo
2493 2352 2660 2406 debet
2709 2367 2902 2422 agere,
2945 2352 3192 2424 qualiter
3234 2353 3277 2406 si
3322 2369 3449 2423 quas
3497 2358 3628 2407 sunt
3669 2353 3730 2406 in
3784 2354 3905 2424 epi-

2271 2445 2454 2516 scopis
2499 2445 2630 2499 vitia
2673 2445 3054 2516 corrigantur.
3106 2446 3209 2513 Qui
3246 2446 3290 2500 si
3330 2447 3477 2501 forte
3520 2447 3576 2500 in
3609 2446 3906 2518 disciplina

2271 2538 2468 2609 vigore
2521 2539 2745 2610 tepidus
2795 2541 3016 2609 existat,
3072 2545 3182 2594 tua:
3228 2540 3595 2594 fraternitatis
3644 2541 3764 2596 zelo
3813 2559 3902 2595 ac-

2272 2633 2600 2686 cendendus
2649 2636 2750 2688 est.
2807 2633 2908 2688 Cui
2960 2634 3134 2687 etiam
3188 2633 3454 2703 epistolas
3506 2634 3786 2704 fecimus,
3845 2640 3904 2688 ut

2271 2742 2398 2780 cum
2473 2732 2586 2781 tua}
2653 2727 2964 2781 sanctitatis
3031 2727 3393 2798 praesentiam
3458 2728 3513 2781 in
3593 2729 3785 2782 Galliis
3851 2736 3905 2783 et

2271 2819 2392 2891 ipse
2446 2823 2565 2875 tota
2620 2826 2811 2875 mente
2865 2821 3178 2890 subveniat,
3223 2826 3278 2875 et
3323 2837 3450 2891 quae
3491 2825 3623 2876 sunt
3665 2823 3903 2877 Creato-

2270 2914 2346 2968 ris
2383 2914 2558 2969 nostri
2594 2914 2837 2985 jussioni
2884 2914 3166 2969 contraria
3212 2915 3282 2968 ab
3334 2914 3736 2986 episcoporum
3780 2933 3904 2971 mo-

2271 3007 2426 3062 ribus
2468 3011 2825 3079 compescat;
2879 3009 3000 3078 ipse
3045 3013 3239 3062 autem
3287 3025 3352 3063 ex
3405 3009 3741 3064 auctoritate
3782 3028 3906 3081 pro-

2273 3101 2393 3171 pria
2451 3101 2747 3173 episcopos
2801 3101 3108 3156 Galliarum
3171 3102 3428 3170 judicare
3497 3119 3609 3157 non
3665 3106 3902 3174 poteris,

2270 3196 2370 3248 sed
2420 3196 2746 3262 suadendo,
2814 3196 3198 3262 blandiendo,
3265 3195 3530 3268 bonaque
3581 3200 3681 3252 tua
3733 3215 3905 3269 opera

2248 3246 2369 3275 ,ηπ
2421 3246 2746 3262 ------πνι
2814 3246 3198 3262 νην-νην,
3266 3246 3528 3268 --~——1—-
3587 3246 3680 3252 v——
3737 3246 3904 3269 '1"""

2188 3246 2464 3343 Ceorum
2516 3289 2820 3343 imitationi
2874 3290 3263 3357 monstrando,
3318 3307 3624 3361 pravorum
3683 3299 3904 3346 mentes

2267 3383 2339 3437 ad
2379 3383 2630 3437 studium
2675 3384 2992 3438 sanctitatis
3035 3384 3307 3451 reforma,
3349 3385 3484 3456 quia
3509 3385 3787 3456 scriptum
3824 3393 3904 3440 est

2267 3476 2324 3530 in
2355 3476 2526 3547 lege:
2570 3479 2732 3532 «Per
2778 3478 3026 3532 alienam
3071 3495 3312 3533 messem
3359 3479 3642 3534 transiens
3694 3480 3902 3535 falcem

2268 3571 2494 3625 mittere
2555 3588 2671 3626 non
2749 3571 2941 3638 debes,
3000 3573 3097 3626 sed
3150 3589 3322 3628 manu
3374 3574 3558 3645 spicas
3605 3578 3902 3630 conterere

2267 3667 2324 3719 et
2373 3664 2718 3720 manducare
2767 3665 2941 3735 (Deut.
2988 3682 3142 3735 xxm,
3213 3670 3324 3735 25).
3380 3689 3406 3716 ››
3459 3668 3677 3722 Falcem
3744 3668 3902 3724 enim

2259 3759 2458 3829 judicii
2513 3758 2740 3814 mittere
2794 3777 2908 3814 non
2963 3765 3125 3831 potes
3168 3761 3226 3814 in
3268 3777 3334 3815 ea
3383 3767 3593 3832 segete,
3641 3779 3771 3834 quae
3817 3765 3897 3817 vi—

2269 3853 2438 3907 detur
2489 3853 2653 3907 alteri
2710 3853 3047 3922 commissa,
3118 3855 3216 3909 sed
3280 3872 3383 3926 per
3446 3855 3714 3911 effectum
3767 3857 3900 3912 boni

2269 3948 2452 4017 operis
2501 3947 2789 4003 frumenta
2839 3948 3136 4003 Dominica
3191 3949 3456 4004 vitiorum
3505 3966 3740 4005 suorum
3797 3969 3894 4023 pa-

2269 4041 2372 4096 leis
2424 4042 2706 4112 exspolia,
2776 4047 2832 4096 et
2880 4043 2939 4096 in
2991 4043 3250 4098 Ecclesiae
3301 4059 3539 4115 corpore
3597 4045 3896 4101 moriendo

2271 4137 2329 4188 et
2367 4135 2758 4206 persuadendo
2797 4135 2956 4208 quasi
3010 4136 3336 4192 mandendo
3387 4141 3670 4194 converte.
3721 4140 3895 4204 Quid-

2271 4229 2405 4301 quid
2435 4245 2566 4285 vero
2596 4247 2667 4286 ex
2709 4231 3046 4286 auctoritate
3091 4232 3381 4303 agendum
3429 4238 3532 4300 est,
3572 4250 3704 4288 cum
3750 4252 3895 4306 prae-

2271 4323 2419 4378 dicto
2457 4325 2772 4380 Arelatensi
2818 4325 3081 4396 episcopo
3124 4331 3345 4397 agatur,
3392 4344 3498 4382 nec
3540 4331 3900 4398 praetermitti

2272 4417 2448 4490 possit
2467 4419 2574 4474 hoc
2604 4420 2758 4491 quod
2789 4419 3020 4492 antiqua
3049 4422 3281 4476 Patrum
3309 4422 3636 4477 constitutio
3666 4423 3899 4480 invenit.

2275 4513 2678 4568 Britannorum
2743 4531 2876 4569 vero
2943 4531 3144 4568 omnes
3200 4515 3488 4587 episcopos
3535 4519 3652 4570 tuae
3703 4518 3901 4573 frater-

613 4600 899 4667 Responsio
947 4600 1209 4668 Gregorii.
1262 4631 1325 4639 -—
1377 4603 1445 4656 Et
1485 4603 1718 4675 quidem
1760 4606 1817 4660 in
1857 4607 2439 4694 AnglorumDnitati
2471 4608 2905 4677 committimus,
2947 4614 3012 4664 ut
3048 4609 3262 4664 indocti
3307 4610 3640 4678 doceantur,
3689 4612 3904 4667 inﬁrmi

544 4689 807 4756 Ecclesia,
879 4691 938 4745 in
1000 4708 1111 4762 qua
1178 4694 1326 4748 solus
1391 4699 1450 4749 tu
1524 4697 1820 4769 episcopus
1889 4702 2172 4775 inveniris,

544 4784 810 4839 ordinare
863 4783 1188 4856 episcopum
1236 4803 1352 4842 non
1405 4789 1568 4843 aliter
1620 4792 1730 4845 nisi
1779 4793 1902 4848 sine
1960 4797 2174 4867 episco-

544 4877 628 4948 pis
675 4880 853 4947 potes.
918 4878 1056 4931 Nam
1116 4881 1344 4949 quando
1399 4883 1470 4936 de
1524 4884 1718 4939 Galliis
1770 4887 2017 4960 episcopi
2079 4908 2173 4946 ve-

542 4970 728 5038 niunt,
790 4970 887 5040 qui
949 4972 1006 5024 in
1064 4972 1423 5030 ordinatione
1478 4976 1583 5046 ipsi
1641 4983 1813 5034 testes
1869 4982 2177 5040 assistant?

543 5064 651 5119 Sed
680 5065 1096 5120 fraternitatem
1127 5070 1286 5121 tuam
1331 5068 1409 5123 ita
1443 5071 1708 5126 volumus
1747 5074 2043 5147 episcopos
2081 5097 2172 5134 or-

549 5158 765 5226 dinare,
805 5163 870 5212 ut
920 5158 1021 5228 ipsi
1069 5159 1174 5213 sibi
1223 5161 1474 5234 episcopi
1515 5164 1688 5237 longo
1729 5168 2027 5226 intervallo
2075 5175 2178 5228 mi-

553 5251 708 5304 nime
751 5251 1173 5323 disjungantur,
1219 5262 1498 5326 quatenus
1540 5261 1694 5314 nulla
1750 5262 1821 5316 sit
1875 5267 2177 5323 necessitas

551 5350 611 5398 ut
652 5343 708 5396 in
753 5344 1110 5401 ordinatione
1156 5348 1407 5421 episcopi
1439 5354 1742 5409 convenire
1775 5373 1892 5412 non
1922 5360 2173 5431 possint;

548 5443 844 5510 pastorum
885 5455 1114 5510 quoque
1152 5441 1478 5513 aliquorum
1525 5451 1849 5520 praesentia,
1891 5454 2028 5523 quia
2057 5457 2173 5509 val-

551 5531 621 5586 de
662 5534 747 5585 est
797 5531 970 5599 utilis,
1029 5532 1292 5589 facillime
1352 5537 1597 5594 debeant
1653 5546 1974 5600 convenire.
2033 5550 2174 5603 Cum

549 5626 744 5697 igitur,
797 5628 1026 5679 auctore
1072 5627 1208 5694 Deo,
1258 5630 1334 5683 ita
1373 5632 1585 5688 fuerint
1630 5637 1874 5708 episcopi
1925 5640 1982 5693 in
2042 5659 2173 5712 pro-

552 5717 781 5787 pinquis
836 5717 938 5769 sibi
989 5717 1123 5771 locis
1165 5720 1427 5789 ordinati,
1486 5743 1588 5794 per
1637 5731 1824 5784 omnia
1877 5733 2173 5805 episcopo-

551 5824 682 5863 rum
733 5809 1014 5864 ordinatio
1053 5810 1175 5864 sine
1217 5818 1539 5885 aggregatis
1584 5820 1764 5875 tribus
1811 5825 1899 5878 vel
1937 5833 2178 5896 quatuor

555 5899 832 5969 episcopis
901 5901 1019 5954 lieri
1084 5919 1196 5957 non
1263 5905 1451 5962 debet.
1514 5911 1650 5964 Nam
1715 5917 1863 5984 quod
1931 5918 1987 5971 in
2041 5921 2176 5992 ipsis

2277 4702 2636 4772 persuasione
2681 4702 3039 4772 roborentur,
3075 4704 3326 4774 perversi
3358 4705 3696 4759 auctoritate
3728 4707 3902 4760 corri-

2279 4799 2505 4866 gantur.

2349 4891 2651 4947 Obsecratio
2676 4893 2988 4960 Augustini.
3022 4921 3090 4932 —
3130 4891 3376 4948 Obsecro
3407 4898 3470 4947 ut
3499 4893 3756 4964 reliquias
3781 4912 3904 4950 san-

2279 4985 2350 5038 cti
2370 4984 2460 5039 Six
2469 4984 2507 5038 ti
2530 4985 2795 5056 martyris
2814 4987 3293 5042 transmittantur.

2352 5081 2624 5136 Concessio
2693 5081 2952 5149 Gregorii.
2999 5111 3066 5121 —-
3131 5081 3392 5136 Fecimus
3465 5083 3617 5153 quod
3692 5085 3898 5154 petisti,

2281 5176 2555 5244 quatenus
2600 5175 2860 5245 populus,
2909 5175 3008 5245 qui
3060 5176 3115 5229 in
3160 5176 3284 5229 loco
3332 5175 3622 5246 quondam
3663 5177 3717 5232 S.
3762 5179 3901 5233 Sixti

2280 5267 2545 5338 martyris
2570 5284 2772 5338 corpus
2791 5267 3057 5323 dixerunt
3082 5269 3362 5335 venerari,
3393 5270 3544 5340 quod
3573 5275 3686 5324 tute
3707 5271 3904 5327 frater-

2281 5361 2444 5415 nitati
2490 5378 2595 5416 nec
2640 5379 2835 5416 verum
2889 5379 2989 5417 nec
3037 5363 3310 5417 veraciter
3357 5369 3613 5417 sanctum
3660 5365 3898 5430 videtur,

2280 5460 2429 5510 certa
2477 5456 2813 5510 sanctissimi
2863 5462 2919 5511 et
2969 5456 3348 5527 probatissimi
3412 5458 3684 5529 martyris
3731 5459 3900 5516 bene-

2280 5550 2405 5604 ﬁcia
2462 5549 2792 5620 suscipiens,
2849 5551 3032 5604 colere
3076 5551 3288 5605 incerte
3333 5567 3449 5606 non
3499 5551 3723 5607 debeat.
3777 5554 3900 5608 Mihi

2281 5649 2467 5698 tamen
2523 5644 2776 5720 videtur,
2844 5644 2974 5715 quia
3044 5645 3089 5698 si
3140 5661 3348 5716 corpus
3404 5646 3553 5716 quod
3611 5663 3645 5700 a
3697 5649 3899 5720 populo

2277 5719 2591 5808 cujusdam.
2621 5737 2886 5808 martyris
2935 5755 3053 5792 esse
3121 5738 3374 5792 creditur
3422 5739 3594 5793 nullis
3638 5740 3751 5795 illic
3808 5744 3898 5797 mi-

2277 5830 2480 5884 raculis
2551 5837 2826 5901 coruscat,
2889 5837 2946 5886 et
3023 5848 3206 5903 neque
3259 5832 3432 5904 aliqui
3487 5833 3556 5887 de
3615 5836 3892 5908 antiquio-

2278 5924 2433 5978 ribus
2484 5924 2767 5994 existunt,
2831 5925 2928 5997 qui
2993 5943 3048 5980 se
3105 5944 3133 5980 a
3190 5927 3520 5998 parentibus
3573 5930 3890 6000 passionem
