4050 6304
189 351 328 403 1125

1412 348 1882 405 DECRETALIUM
1925 349 2309 405 COLLECTIO.

3415 353 3547 404 H26

181 457 309 526 ejus
354 453 575 509 audisse
619 453 924 521 fateantur,
979 454 1055 509 ita
1100 455 1354 526 reliquiae
1405 472 1540 527 quas
1600 457 1818 527 petistis
1840 456 2376 542 Adiscernentibus
2416 472 2547 511 cum
2593 473 2807 527 magna
2867 455 3204 511 discretione
3252 457 3552 527 providen-

184 566 448 604 seorsum
486 548 800 604 condendae
845 554 994 617 sunt,
1042 555 1101 605 ut
1143 551 1300 605 locus
1344 565 1456 622 quo
1517 551 1820 622 prmfatum

174 644 333 715 jacet
390 643 576 698 modis
628 643 892 698 omnibus
955 644 1304 714 obstruatur,
1361 661 1469 700 nec
1519 645 1816 716 permitta—

183 742 278 792 tur
326 738 570 808 populus
635 741 856 792 certum
923 738 1202 804 deserere,
1255 742 1312 792 et
1367 739 1651 794 incertum
1722 755 1818 792 ve-

183 848 374 887 nerari
385 872 397 884 .

254 975 617 1043 Interrogatio
668 973 982 1041 Augustini.
1035 1005 1101 1012 ——
1151 974 1205 1029 Si
1254 991 1558 1045 praegnans
1613 975 1821 1029 mulier

185 1066 386 1120 debeat
443 1065 734 1137 baptizari,
801 1073 898 1120 aut
971 1072 1273 1140 postquam
1353 1068 1632 1138 genuerit,
1692 1072 1822 1139 post

185 1164 461 1231 quantum
529 1160 704 1230 possit
766 1163 989 1232 tempus
1058 1161 1356 1217 ecclesiam
1426 1161 1659 1229 intrare,
1726 1169 1819 1216 aut

187 1253 360 1307 etiam
409 1254 706 1324 baptizari,
736 1271 807 1309 ne
852 1260 1035 1309 morte
1080 1259 1544 1327 prmoccupetur;
1579 1256 1729 1326 quod
1775 1256 1820 1309 si

186 1347 469 1418 genuerit,
523 1351 646 1418 post
700 1352 838 1419 quot
895 1349 1013 1404 dies
1078 1350 1223 1404 hanc
1288 1349 1458 1404 liceat
1515 1350 1661 1403 sacri
1715 1351 1817 1403 ba-

184 1442 471 1512 ptismatis
529 1448 879 1497 sacramenta
948 1443 1272 1514 percipere;
1319 1449 1417 1498 aut
1459 1447 1585 1514 post
1634 1461 1817 1514 quan-

184 1538 305 1590 tum
365 1537 641 1608 temporis
699 1537 831 1591 huic
887 1537 970 1590 vir
1026 1554 1159 1592 suus
1231 1539 1289 1592 in
1353 1538 1535 1592 carnis
1591 1538 1820 1608 copula-

185 1630 340 1685 tione
386 1629 686 1702 conjungi;
737 1635 811 1701 et,
843 1632 888 1685 si
933 1637 1225 1686 menstrua
1272 1631 1682 1687 consuetudine
1732 1637 1818 1686 tc-

186 1727 373 1791 netur,
423 1741 496 1778 an
542 1725 602 1778 in
651 1725 881 1780 ecclesia
948 1726 1159 1779 intrare
1211 1726 1263 1778 ei
1310 1725 1516 1791 liceat;
1566 1729 1665 1779 aut
1731 1743 1817 1779 sa-

184 1833 295 1871 era:
342 1819 760 1873 communionis
803 1824 1166 1873 sacramenta
1216 1820 1542 1890 percipere;
1581 1822 1678 1873 aut
1703 1819 1820 1873 viro

186 1928 287 1965 suo
317 1913 591 1983 conjungi
621 1913 992 1984 permittitur,
1021 1913 1356 1984 priusquam
1388 1915 1608 1967 lavetur
1632 1930 1815 1984 aqua;

186 2007 232 2059 si
285 2007 579 2061 ecclesiam
625 2007 797 2078 possit
853 2006 1088 2076 intrare,
1136 2007 1222 2061 vel
1268 2007 1440 2062 etiam
1497 2007 1567 2061 ad
1610 2011 1817 2079 myste-

185 2101 339 2155 rium
390 2103 594 2155 sanctze
642 2101 1060 2155 communionis
1104 2101 1393 2156 accedere.
1446 2100 1582 2164 Quaa
1628 2101 1820 2155 omnia

184 2194 312 2249 rudi
360 2195 677 2271 Anglorum
738 2195 892 2265 genti
949 2197 1178 2266 oportet
1235 2195 1445 2250 habere
1503 2198 1818 2266 comperta.

256 2338 547 2406 Responsio
575 2337 839 2406 Gregorii.
867 2368 935 2375 —
962 2337 1072 2390 Hoc
1104 2353 1221 2390 non
1251 2337 1482 2406 ambigo
1506 2336 1824 2390 fraternita-

187 2434 308 2484 tem
345 2435 506 2485 tuam
547 2446 665 2484 esse
711 2430 1064 2501 requisitam,
1097 2431 1184 2484 cui
1222 2431 1346 2499 jam
1387 2435 1443 2485 et
1490 2447 1820 2500 responsum

186 2523 503 2579 reddidisse
534 2541 626 2578 me
662 2524 926 2578 arbitror.
973 2524 1083 2580 Sed
1125 2525 1232 2578 hoc
1261 2524 1416 2595 quod
1447 2524 1566 2595 ipse
1611 2524 1819 2590 dicere,

188 2622 247 2671 et
273 2618 484 2672 sentire
519 2618 770 2689 potuisti,
803 2619 970 2672 credo
1003 2618 1141 2689 quia
1170 2635 1294 2671 mea
1322 2619 1473 2688 apud
1499 2622 1553 2672 te
1579 2618 1822 2672 volueris

187 2711 553 2782 responsione
603 2712 842 2767 ﬁrmari.
890 2712 1088 2765 Mulier
1149 2713 1301 2766 enim
1351 2728 1675 2782 praegnans,
1724 2728 1823 2765 cur

186 2822 301 2859 non
366 2806 569 2860 debeat
636 2806 932 2876 baptizari,
983 2822 1111 2860 cum
1162 2823 1277 2860 non
1338 2805 1408 2859 sit
1449 2810 1578 2860 ante
1635 2807 1819 2860 omni-

186 2900 432 2970 potentis
479 2901 574 2953 Dei
621 2901 812 2954 oculos
868 2901 1031 2970 culpa
1089 2900 1282 2970 aliqua
1335 2900 1651 2955 fecunditas
1699 2917 1819 2954 car-

185 2993 315 3047 nis?
345 2995 488 3047 Nam
529 3011 656 3048 cum
706 2995 876 3064 primi
926 2998 1192 3064 parentes
1235 2996 1413 3049 nostri
1453 2995 1509 3048 in
1560 2995 1821 3065 paradiso

191 3087 582 3158 deliquissent,
617 3088 1109 3142 immortalitatem
1156 3105 1331 3159 quam
1373 3094 1708 3161 acceperant
1731 3105 1821 3143 re-

188 3184 277 3234 cto
324 3181 419 3234 Dei
459 3181 674 3251 judicio
721 3182 1111 3252 perdiderunt,
1163 3183 1297 3252 quia
1346 3183 1503 3237 idem
1562 3184 1820 3254 omnipo-
1843 3223 1897 3296 Ο

188 3279 312 3296 L-__
367 3275 508 3296 n__-_
573 3276 885 3296 ]-___-__-___.-
968 3293 1135 3296 ____._e-
1208 3277 1351 3296 _-_1__
1426 3294 1507 3296 ___,
1571 3278 1659 3296 l‘,,__
1685 3278 1820 3296 3'1”;

188 3279 316 3329 tens
363 3275 512 3329 Deus
573 3276 892 3330 humanum
959 3293 1138 3346 genus
1199 3277 1361 3348 culpa
1420 3294 1519 3330 sua
1567 3278 1823 3332 funditus

186 3369 551 3440 exstinguere
599 3369 802 3437 noluit,
832 3375 888 3424 et
930 3370 1419 3425 immortalitatem
1467 3371 1685 3425 homini
1717 3388 1820 3442 pro

189 3466 421 3534 peccato
469 3480 568 3517 suo
614 3464 863 3532 abstulit,
912 3469 968 3520 et
1012 3470 1209 3519 tamen
1264 3481 1366 3536 per
1408 3465 1821 3535 benignitatem

186 3574 302 3611 sua:
366 3557 596 3628 pietatis
660 3558 1074 3614 fecunditatem
1123 3559 1171 3613 ei
1228 3559 1432 3614 sobolis
1493 3559 1816 3614 reservavit.

185 3651 349 3715 Quod
399 3669 537 3722 ergo
581 3655 800 3706 naturae
845 3653 1116 3708 humana:
1163 3670 1228 3707 ex
1275 3653 1680 3724 omnipotentis
1723 3653 1819 3707 Dei

187 3745 336 3800 dono
381 3750 666 3800 servatum
731 3752 831 3811 est,
882 3763 995 3816 qua
1062 3749 1282 3802 ratione
1334 3748 1543 3818 poterit
1598 3765 1631 3801 a
1675 3748 1818 3802 sacri

186 3839 539 3911 baptismatis
588 3841 766 3912 gratia
808 3841 1140 3911 prohiberi?
1195 3844 1253 3896 in
1298 3843 1391 3896 illo
1435 3841 1647 3912 quippe
1693 3858 1814 3912 my-

188 3933 375 4002 sterio,
411 3934 470 3989 in
514 3952 625 4006 quo
670 3935 854 3990 omnis
898 3936 1065 4006 culpa
1115 3936 1370 3991 funditus
1416 3935 1814 4007 exstinguitur,

187 4029 344 4083 valde
421 4030 677 4096 stultum,
743 4029 788 4082 si
865 4029 1076 4084 donum
1154 4031 1352 4101 gratia:
1429 4030 1816 4084 contradicere

186 4139 350 4194 posse
376 4123 654 4179 videatur.
684 4124 824 4178 Cum
855 4141 990 4178 vero
1038 4124 1207 4178 enixa
1250 4125 1420 4178 fuerit
1460 4124 1668 4178 mulier
1697 4129 1820 4194 post

187 4223 326 4288 quot
391 4217 589 4272 debeat
655 4217 774 4273 dies
836 4219 1131 4274 ecclesiam
1199 4219 1429 4287 intrare,
1471 4217 1816 4273 Testamenti

188 4311 401 4365 Veteris
448 4313 830 4384 praeceptione
875 4313 1138 4382 didicisti,
1177 4317 1236 4366 ut
1273 4329 1376 4383 pro
1420 4314 1667 4365 masculo
1695 4312 1816 4366 die—

189 4405 292 4459 bus
353 4404 585 4475 triginta
657 4406 837 4461 tribus
905 4409 1046 4477 (Lev.
1115 4423 1221 4476 χιι,
1289 4407 1362 4478 4),
1430 4422 1532 4477 pro
1607 4406 1817 4460 femina

1920 550 1991 604 da
2034 555 2138 620 est,
2186 551 2269 604 ita
2323 550 2410 605 his
2453 551 2660 622 quibus
2711 566 2866 604 mors
2925 549 3197 604 imminet
3255 550 3376 604 sine
3437 551 3556 605 ulla

1920 643 2189 698 dilatione
2253 643 2565 711 offerenda,
2627 659 2698 699 ne
2767 643 2906 698 dum
2959 643 3146 699 adhuc
3200 648 3427 715 tempus
3488 644 3559 698 ad

1921 737 2290 808 praebendum
2329 736 2740 808 redemptionis
2766 737 3107 809 mysterium
3149 737 3443 808 quaeritur,
3475 738 3560 792 in-

1921 830 2270 886 terveniente
2331 831 2627 901 paululum
2692 846 2873 901 mora,
2921 829 3169 885 inveniri
3216 847 3330 884 non
3375 830 3558 885 valeat

1921 924 2016 995 qui
2062 924 2397 980 redimatur.
2439 925 2518 979 Ad
2561 924 2682 995 ejus
2726 941 2858 979 vero
2901 923 3268 978 concubitum
3302 923 3386 977 vir
3421 941 3557 979 suus

1922 1019 2192 1073 accedere
2259 1035 2376 1072 non
2443 1017 2629 1087 debet,
2678 1017 2864 1089 quoad
2931 1033 3110 1088 usque
3178 1017 3384 1088 proles,
3429 1034 3556 1088 quae

1923 1111 2196 1182 gignitur,
2267 1111 2599 1166 ablactetur.
2670 1113 2840 1165 Prava
2903 1095 3092 1165 autem
3158 1109 3216 1163 in
3280 1110 3554 1182 conjuge-

1922 1209 2112 1260 torum
2143 1203 2398 1259 moribus
2428 1205 2774 1259 consuetudo
2807 1204 3069 1272 surrexit,
3100 1209 3162 1257 ut
3187 1203 3456 1258 mulieres
3484 1205 3552 1257 Ii-

1919 1299 2026 1353 lios
2054 1315 2198 1369 quos
2230 1298 2474 1369 gignunt
2509 1297 2726 1352 nutrire
2775 1301 3161 1365 contemnant,
3192 1313 3402 1368 eosque
3431 1297 3556 1352 aliis

1922 1392 2254 1447 mulieribus
2300 1392 2373 1446 ad
2407 1391 2785 1446 nutriendum
2830 1391 3078 1445 tradant.
3109 1392 3269 1455 Quod
3300 1391 3556 1446 videlicet

1922 1505 1986 1541 ex
2022 1486 2136 1540 sola
2161 1503 2333 1541 causa
2361 1484 2789 1540 incontinentiae
2820 1485 3047 1539 videtur
3081 1484 3397 1555 inventum,
3427 1486 3558 1556 quia

1924 1581 2061 1634 dum
2083 1596 2140 1634 se
2166 1581 2456 1634 continere
2483 1581 2708 1646 nolunt,
2729 1578 3052 1648 despiciunt
3073 1578 3285 1632 lactare
3315 1595 3455 1650 quos
3477 1579 3558 1649 gi-

1923 1679 2126 1746 gnunt.
2162 1676 2256 1728 Hae
2289 1673 2478 1744 itaque
2503 1689 2631 1744 quae
2674 1672 2820 1726 ﬁlios
2861 1688 2992 1726 suos
3031 1689 3098 1726 ex
3124 1689 3296 1743 prava
3321 1688 3555 1728 consue-

1923 1767 2122 1822 tudine
2151 1767 2276 1821 aliis
2297 1767 2368 1820 ad
2389 1766 2764 1821 nutriendum
2788 1764 3045 1832 tradunt,
3069 1765 3177 1818 nisi
3202 1765 3558 1836 purgationis

1841 1849 1896 1920 B
1923 1865 2151 1932 tempus
2177 1860 2525 1943 transierint,
2552 1859 2684 1914 viris
2711 1859 2827 1914 suis
2857 1875 2971 1913 non
2997 1859 3211 1914 debent
3237 1859 3557 1927 admisceri,

1921 1956 2132 2026 quippe
2163 1954 2299 2025 quia
2334 1958 2390 2009 et
2427 1953 2548 2008 sine
2588 1957 2781 2024 partus
2830 1969 2997 2006 causa
3039 1969 3170 2006 cum
3217 1953 3561 2007 inconsuetis

1921 2049 2228 2103 menstruis
2243 2047 2724 2115 detinentur,viris
2742 2046 2857 2101 suis
2875 2045 3103 2100 misceri
3122 2046 3556 2116 prohibeantur,

1923 2143 1998 2197 ita
2021 2146 2081 2196 ut
2100 2147 2283 2198 morte
2313 2143 2401 2196 lex
2427 2158 2584 2196 sacra
2608 2140 2797 2210 feriat,
2818 2141 2864 2194 si
2891 2140 3017 2210 quis
3041 2139 3125 2194 vir
3148 2139 3220 2194 ad
3252 2140 3556 2196 mulierem

1923 2242 2337 2292 menstruatam
2363 2236 2605 2291 accedat.
2633 2236 2772 2298 Quae
2797 2239 2992 2288 tamen
3014 2233 3242 2303 mulier,
3267 2234 3404 2288 dum
3425 2251 3555 2288 con-

1924 2331 2287 2386 suetudinem
2309 2329 2720 2384 menstrualem
2739 2328 2972 2399 patitur,
2992 2327 3289 2398 prohiberi
3304 2326 3376 2382 ab
3388 2328 3560 2382 eccle-

1923 2423 2007 2478 sia
2019 2441 2132 2479 non
2151 2425 2341 2493 debet,
2357 2423 2488 2495 quia
2504 2429 2710 2477 natura
2729 2422 2781 2476 ei
2800 2421 3157 2492 superﬂuens
3177 2421 3237 2475 in
3259 2421 3422 2492 culpa
3441 2438 3560 2476 non

1923 2521 2068 2575 valet
2090 2518 2360 2590 reputari,
2385 2521 2442 2571 et
2461 2533 2563 2588 per
2584 2517 2692 2570 hoc
2715 2515 2868 2586 quod
2890 2515 3066 2570 invita
3091 2515 3322 2586 patitur,
3335 2515 3554 2586 justum

1925 2632 2039 2668 non
2057 2618 2157 2679 est,
2173 2615 2236 2666 ut
2249 2613 2318 2666 ab
2336 2612 2591 2681 ingressu
2611 2610 2804 2680 templi
2827 2609 3100 2680 privetur.
3118 2608 3386 2662 Novimus
3398 2625 3560 2663 nam-

1922 2725 2032 2780 que
2063 2707 2214 2778 quod
2245 2705 2452 2760 mulier
2481 2721 2607 2776 quae
2633 2705 2853 2758 ﬂuxum
2882 2703 3208 2774 patiebatur
3233 2702 3550 2772 sanguinis,

1923 2806 2050 2872 post
2060 2806 2287 2872 tergum
2299 2797 2831 2854 Dominihumiliter
2842 2796 3424 2865 veniens,vestimenti
3437 2796 3484 2867 ej
3494 2813 3557 2849 us

1923 2896 2206 2950 timbriam
2236 2893 2445 2963 tetigit,
2480 2896 2649 2964 atque
2677 2892 2747 2946 ab
2781 2908 2849 2946 ea
2878 2891 3070 2945 statim
3114 2907 3216 2944 sua
3254 2890 3557 2944 inﬁrmitas

1924 2989 2157 3045 recessit
2185 2989 2399 3058 (Matth.
2433 3003 2506 3056 ιιι,
2527 2989 2618 3054 20,
2650 2986 2780 3057 22)?
2801 2985 2856 3040 Si
2883 3001 3020 3055 ergo
3052 2983 3110 3038 in
3138 2983 3297 3038 ﬂuxu
3324 2985 3554 3055 sangui-

1926 3085 2013 3138 nis
2045 3083 2226 3155 posita
2274 3080 2636 3136 laudabiliter
2665 3080 2853 3151 potuit
2893 3080 3297 3134 vestimentum
3333 3079 3559 3133 Domini

1925 3183 2182 3249 tangere,
2214 3192 2316 3230 cur
2341 3193 2468 3246 quia
2500 3177 2795 3228 menstrua
2823 3172 3115 3244 sanguinis
3143 3172 3353 3243 patitur
3371 3171 3423 3226 ei
3441 3189 3559 3226 non

1923 3273 2089 3328 liceat
2115 3270 2340 3325 Domini
2369 3268 2666 3323 ecclesiam
2696 3268 2930 3322 intrare.
2965 3266 3072 3321 Sed
3100 3266 3238 3320 dicis
3263 3283 3277 3320 :
3301 3267 3456 3319 Illam
3476 3265 3560 3320 in-

1922 3366 2156 3420 ﬁrmitas
2201 3362 2492 3434 compulit,
2533 3362 2635 3415 has
2681 3377 2834 3428 vero,
2883 3360 2952 3414 de
2995 3359 3198 3430 quibus
3241 3359 3554 3430 loquimur,

1922 3458 2269 3514 consuetudo
2293 3455 2650 3526 constringit.
2682 3453 2974 3524 Perpende
3005 3453 3178 3520 enim,
3214 3453 3387 3507 frater
3416 3452 3553 3507 cha-

1923 3553 2164 3620 rissime,
2195 3551 2330 3622 quia
2363 3565 2533 3604 omne
2564 3549 2718 3620 quod
2745 3547 2802 3602 in
2832 3548 2938 3602 hac
2963 3563 3130 3601 carne
3159 3546 3383 3600 mortali
3409 3546 3555 3616 pati-

1922 3665 2051 3703 mur
2097 3664 2161 3700 ex
2209 3643 2539 3700 infirmitate
2579 3647 2797 3696 naturae
2844 3645 2929 3695 est
2974 3641 3149 3712 digno
3201 3639 3297 3694 Dei
3338 3638 3554 3710 judicio

1920 3759 2024 3814 per
2056 3741 2280 3812 culpam
2308 3738 2661 3793 ordinatum.
2690 3736 2917 3790 Esurire
2946 3749 3216 3805 namque,
3245 3733 3426 3802 sitire,
3450 3750 3552 3788 aes-

1920 3843 2100 3904 tuare,
2132 3835 2344 3906 algere,
2373 3833 2673 3886 lassessere
2707 3847 2775 3884 ex
2823 3828 3156 3882 inﬁrmitate
3190 3830 3410 3882 naturae
3447 3834 3552 3882 est.

1921 3933 1990 3986 Et
2010 3929 2143 4001 quid
2175 3933 2262 3983 est
2287 3926 2444 3982 aliud
2474 3929 2672 3980 contra
2696 3924 2908 3979 famem
2937 3922 3231 3989 alimenta,
3251 3925 3449 3976 contra
3475 3922 3552 3976 si-

1918 4025 2022 4079 tim
2068 4027 2291 4096 potum,
2321 4025 2517 4076 contra
2565 4022 2768 4074 aestum
2815 4033 2998 4086 auras,
3029 4022 3086 4071 et
3129 4019 3329 4070 contra
3374 4015 3555 4087 frigus

1920 4123 2153 4185 vestem,
2188 4121 2385 4172 contra
2423 4114 2818 4170 lassitudinem
2846 4110 3110 4184 requiem
3137 4126 3416 4182 quaerere,
3446 4109 3556 4164 nisi

1921 4213 2134 4268 medica
2143 4215 2337 4266 menta
2353 4209 2618 4280 quaedam
2633 4211 2831 4261 contra
2847 4205 3214 4276 aegritudines
3227 4205 3554 4274 explorare?

1920 4308 2167 4361 Feminae
2200 4320 2449 4374 namque
2479 4308 2535 4357 et
2573 4305 2901 4356 menstruus
2930 4298 3014 4352 sui
3043 4296 3338 4368 sanguinis
3365 4297 3552 4352 ﬂuxus

1919 4399 2200 4470 mgritudo
2229 4403 2328 4452 est.
2351 4396 2409 4452 Si
2435 4396 2612 4467 igitur
2629 4394 2773 4449 bene
2801 4391 3187 4464 praesumpsit,
3213 4390 3365 4461 quod
3389 4392 3550 4444 vcsti-

188 4503 380 4554 autem
446 4500 738 4570 sexaginta
794 4518 890 4555 sex
941 4503 1122 4570 (Ibid.,
1167 4505 1215 4572 5)
1271 4500 1473 4556 debeat
1522 4500 1864 4578 abstineri./
1917 4499 2181 4549 mentum
2200 4490 2425 4546 Domini
2449 4489 2509 4543 in
2532 4489 2807 4560 languore
2835 4486 3020 4558 posita
3045 4484 3251 4555 tetigit,
3275 4484 3429 4578 quod
3450 4485 3549 4538 uni

184 4593 345 4657 Quod
389 4595 579 4648 tamen
631 4595 923 4649 sciendum
967 4599 1068 4662 est,
1121 4597 1254 4667 quia
1291 4596 1351 4650 in
1398 4595 1671 4667 mysterio
1718 4601 2175 4673 ac-Dpersonae
2206 4586 2505 4640 infirmata:
2544 4581 2895 4648 conceditur,
2932 4595 3032 4633 cur
3060 4595 3176 4633 non
3209 4577 3551 4633 concedatur

185 4687 411 4758 cipitur.
461 4689 601 4742 Nam
645 4690 692 4742 si
739 4691 882 4744 hora
945 4690 1142 4745 eadem
1209 4707 1322 4761 qua
1387 4689 1674 4760 genuerit,
1721 4706 1812 4744 ac-

185 4786 312 4835 tura
351 4781 561 4851 gratias
602 4783 778 4838 intret
821 4785 1140 4854 ecclesiam,
1189 4785 1345 4839 nullo
1401 4784 1614 4856 peccati
1671 4800 1810 4855 pon-

185 4877 319 4931 dere
379 4882 682 4947 gravatur;
729 4879 989 4950 voluptas
1049 4879 1203 4934 enim
1253 4879 1437 4933 carnis
1491 4895 1606 4933 non
1653 4879 1818 4933 dolor

185 4970 242 5024 in
273 4971 440 5042 culpa
469 4977 573 5042 est,
607 4972 664 5026 in
706 4973 888 5028 carnis
935 4975 1088 5028 enim
1128 4973 1526 5029 commistione
1559 4974 1816 5044 voluptas

185 5070 284 5118 est.
319 5066 461 5119 Nam
488 5066 545 5120 in
575 5067 750 5138 prolis
780 5069 1104 5139 prolatione
1137 5067 1401 5140 gemitus,
1435 5067 1586 5121 unde
1613 5071 1670 5122 et
1696 5067 1816 5137 ipse

185 5158 455 5214 Dominus
485 5160 703 5231 primus
743 5163 1015 5233 magister
1049 5163 1308 5217 omnium
1340 5161 1477 5216 dixit
1510 5179 1520 5216 :
1558 5183 1585 5210 «
1620 5163 1679 5215 In
1709 5162 1812 5216 do-

184 5252 395 5307 loribus
450 5254 637 5325 paries
681 5258 830 5326 (Gen.
886 5274 966 5326 ιιι,
1022 5261 1128 5327 16).
1185 5279 1212 5309 »
1276 5257 1328 5311 Si
1382 5256 1535 5310 enim
1583 5255 1813 5310 enixam

188 5347 486 5402 mulierem
549 5350 916 5420 prohibemus
977 5352 1272 5406 ecclesiam
1337 5351 1570 5417 intrare,
1630 5350 1812 5420 ipsam

187 5440 235 5495 ei
281 5443 677 5512 paenitentiam
723 5462 889 5499 suam
937 5445 994 5498 in
1041 5447 1265 5516 culpam
1311 5446 1675 5516 deputamus.
1708 5446 1812 5498 Ba-

188 5535 392 5606 ptizare
437 5541 628 5592 autem
657 5540 744 5594 vel
783 5539 1009 5594 enixam
1057 5541 1383 5607 mulierem,
1409 5540 1494 5593 vel
1534 5539 1639 5592 hoc
1666 5539 1815 5609 quod

188 5631 471 5700 genuerit,
530 5632 574 5686 si
627 5633 879 5704 periculo
931 5634 1129 5688 mortis
1184 5639 1440 5704 urgetur,
1493 5633 1580 5688 vel
1634 5634 1814 5703 ipsam

187 5723 326 5778 hora
367 5725 570 5780 eadem
619 5743 731 5798 qua
774 5727 974 5799 gignit,
1007 5729 1094 5782 vel
1141 5728 1249 5782 hoc
1293 5729 1442 5799 quod
1489 5727 1676 5799 gignit
1718 5743 1811 5780 ea-

186 5817 312 5872 dem
352 5818 498 5874 hora
541 5836 652 5891 qua
672 5822 872 5876 natum
922 5826 1026 5890 est,
1054 5822 1210 5876 nullo
1242 5823 1411 5877 modo
1452 5821 1811 5894 prohibetur,

188 5911 320 5983 quia
350 5913 494 5968 sicut
535 5915 714 5970 sancti
761 5916 1011 5986 mysterii
1064 5917 1246 5988 gratia
1283 5916 1602 5971 viventibus
1645 5919 1814 5987 atque

1916 4683 2133 4739 cunctis
2147 4679 2480 4735 mulieribus
2493 4693 2622 4749 qua:
2637 4681 2859 4730 naturae
2876 4673 3134 4728 suaevitio
3154 4673 3549 4726 inlirmantur?

1916 4779 2139 4834 Sanctae
2178 4773 2387 4830 etenim
2424 4768 2839 4826 communionis
2882 4766 3218 4838 mysterium
3243 4765 3303 4820 in
3330 4765 3548 4820 eisdem

1916 4872 2118 4928 diebus
2155 4868 2448 4941 percipere
2480 4883 2598 4921 non
2641 4863 2815 4918 debet
2857 4861 3175 4934 prohiberi.
3214 4860 3270 4916 Si
3297 4860 3452 4915 enim
3481 4877 3546 4916 ex

1916 4983 2127 5038 magna
2141 4962 2508 5019 veneratione
2529 4959 2824 5032 percipere
2841 4973 2958 5011 non
2977 4956 3296 5028 praesumit,
3321 4955 3547 5010 laudan-

1916 5063 1985 5117 da
2017 5064 2130 5128 est;
2162 5059 2262 5114 sed
2307 5058 2353 5111 si
2390 5053 2726 5128 perceperit,
2754 5068 2870 5106 non
2890 5050 3224 5121 judicanda.
3257 5050 3545 5105 Bonarum

1915 5156 2125 5229 quippe
2157 5151 2432 5209 mentium
2465 5153 2551 5204 est
2589 5147 2756 5203 etiam
2785 5145 2865 5201 ibi
2907 5144 3099 5216 aliquo
3139 5144 3310 5199 modo
3353 5144 3548 5215 culpas

1917 5269 2045 5307 suas
2073 5263 2436 5322 cognoscere,
2470 5244 2570 5300 ubi
2613 5243 2782 5314 culpa
2811 5257 2928 5295 non
2959 5244 3063 5309 est,
3090 5238 3224 5310 quia
3251 5255 3396 5309 saepe
3426 5239 3547 5294 sine

1916 5349 2085 5418 culpa
2109 5344 2302 5416 agitur
2330 5340 2477 5413 quod
2508 5337 2662 5392 venit
2687 5352 2753 5390 ex
2784 5335 2979 5404 culpa;
3011 5333 3165 5388 unde
3201 5333 3375 5388 etiam
3417 5350 3546 5388 cum

1917 5440 2217 5505 esurimus,
2249 5437 2368 5492 sine
2410 5434 2574 5504 culpa
2618 5428 2989 5494 comedimus,
3022 5427 3231 5498 quibus
3273 5444 3338 5482 ex
3383 5427 3546 5497 culpa

1917 5535 2091 5604 primi
2134 5530 2380 5587 hominis
2421 5529 2633 5584 factum
2679 5527 2763 5578 est
2802 5527 2867 5577 ut
2895 5520 3230 5576 esuriamus.
3262 5522 3545 5576 Menstrua

1918 5628 2068 5682 enim
2114 5623 2465 5680 consuetudo
2497 5617 2834 5676 mulieribus
2871 5631 2986 5670 non
3023 5613 3211 5684 aliqua
3242 5614 3410 5683 culpa
3437 5619 3540 5684 est,

1917 5720 2182 5775 videlicet
2221 5718 2354 5788 quia
2394 5714 2732 5770 naturaliter
2773 5709 3002 5777 accidit;
3031 5707 3130 5761 sed
3157 5706 3312 5777 quod
3345 5709 3548 5761 natura

1919 5820 2109 5869 tamen
2129 5813 2248 5882 ipsa
2265 5811 2462 5864 vitiata
2489 5815 2591 5876 est,
2609 5811 2674 5862 ut
2691 5807 2863 5860 etiam
2887 5803 3009 5858 sine
3036 5800 3344 5856 voluntatis
3365 5801 3550 5857 studio

1919 5909 2174 5964 videatur
2204 5920 2321 5958 esse
2359 5901 2594 5972 polluta.
2627 5916 2691 5953 ex
2719 5898 2883 5968 culpa
2907 5895 3064 5952 venit
3094 5893 3312 5962 vitium,
3346 5895 3402 5951 in
3437 5912 3552 5968 quo
