4050 6338
482 375 614 428 H27

1364 370 1649 426 APPEND.
1687 370 1775 425 AD
1813 371 1972 426 S/EC.
2014 369 2102 424 1X.
2131 399 2198 409 —
2237 366 2486 425 lSlDORl
2524 367 2951 427 MERCATORIS

3710 364 3850 420 1128

477 499 537 536 se
564 482 746 552 ipsam
773 480 955 552 qualis
995 496 1096 550 per
1118 479 1402 550 judicium
1431 480 1578 534 facta
1618 478 1691 532 sit
1721 479 1977 534 humana
2003 495 2104 532 na-
2131 491 2274 564 Aac
2316 479 2612 551 legitimai,
2645 484 2703 534 et
2729 486 2923 536 tamen
2970 479 3030 533 in
3076 492 3274 532 earum
3319 479 3447 531 actu
3486 475 3855 546 aliquatenus

477 579 609 630 tura
658 577 980 645 cognoscat,
1011 577 1066 627 et
1116 574 1288 628 homo
1336 573 1432 644 qui
1480 575 1707 645 culpam
1755 575 1954 644 sponte
1990 589 2114 643 per-

477 670 740 740 petravit,
770 671 992 722 reatum
1037 669 1219 739 culpas
1256 669 1448 738 portet
1491 667 1726 721 invitus.
1759 671 1942 737 Atque
1985 666 2113 720 ideo

481 761 730 828 feminae,
759 778 885 815 cum
924 761 1258 832 semetipsas
1304 761 1682 830 considerant,
1709 766 1764 816 et
1788 777 1916 831 quae
1946 776 2110 814 men-

478 860 631 909 strua
648 855 1057 910 consuetudine
1085 856 1153 910 ad
1181 858 1598 910 sacramentum
1622 854 1897 909 Dominici
1918 870 2111 924 corpo-

478 949 553 1003 ris
582 952 638 1002 et
663 949 954 1020 sanguinis
983 949 1252 1004 accedere
1279 965 1394 1004 non
1427 952 1796 1019 przesumunt,
1820 949 1889 1002 de
1913 965 2011 1001 sua
2031 964 2112 1002 re-

2212 575 2512 643 foedamur,
2541 575 2686 629 sicut
2715 590 2865 645 saepe
2904 572 3200 627 irascendo
3229 570 3422 642 culpas
3464 569 3853 641 insequimur,

2213 673 2269 724 et
2296 669 2773 741 tranquillitatem
2804 669 2863 722 in
2896 666 3057 721 nobis
3103 665 3280 720 animi
3320 663 3749 736 perturbamus.
3783 663 3858 717 Et

2214 780 2345 818 cum
2379 767 2602 818 rectum
2633 762 2705 818 sit
2735 761 2885 834 quod
2911 760 3121 832 agitur,
3149 776 3266 813 non
3303 761 3390 812 est
3417 761 3610 812 tamen
3638 772 3854 827 appro-

2212 857 2420 926 babile,
2442 857 2594 930 quod
2625 857 2683 910 in
2714 856 2796 910 eis
2822 855 3050 910 animus
3074 852 3457 925 perturbatur.
3482 851 3696 907 Contra
3717 849 3858 904 vitia

2215 952 2426 1024 quippe
2477 951 2936 1022 delinquentium
2980 949 3154 1003 iratus
3192 947 3395 1014 fuerat,
3425 945 3525 1016 qui
3574 944 3801 999 dicebat
3837 961 3851 997 :

477 1048 567 1096 cta
597 1043 1006 1097 consuetudine
1051 1043 1358 1097 laudandm
1404 1047 1553 1098 sunt.
1586 1042 1729 1097 Cum
1759 1058 1890 1097 vero
1927 1041 2110 1112 perci-
2191 1033 2243 1096 θα
2272 1047 2554 1101 Turbatus
2587 1050 2672 1100 est
2696 1061 2816 1116 prae
2861 1045 2942 1099 ira
2976 1044 3172 1098 oculus
3203 1059 3366 1097 meus
3396 1041 3557 1110 (Psal.
3585 1056 3658 1106 v1,
3693 1037 3788 1109 8);
3823 1059 3852 1084 ››

477 1136 670 1206 piendi
700 1153 764 1190 ex
797 1137 1076 1206 religiosze
1104 1136 1231 1192 vitae
1259 1136 1673 1191 consuetudine
1703 1135 1958 1207 ejusdem
1985 1152 2109 1207 my-

417 1249 433 1301 κ
478 1229 634 1283 sterii
661 1247 857 1284 amore
888 1230 1211 1301 rapiuntur,
1240 1229 1638 1301 reprimendae,
1670 1230 1812 1284 sicut
1837 1228 2108 1300 praidixi-

479 1340 623 1391 mus,
647 1340 762 1378 non
795 1329 946 1378 sunt.
979 1324 1131 1378 Sicut
1161 1324 1312 1379 enim
1341 1324 1398 1378 in
1427 1326 1792 1379 Testamento
1818 1323 2002 1378 Veteri
2026 1339 2113 1382 ex-

479 1417 688 1472 teriora
730 1417 1101 1472 observantur
1131 1433 1326 1489 opera,
1357 1418 1429 1471 ita
1464 1419 1522 1472 in
1565 1419 1928 1472 Testamento
1960 1417 2112 1471 Novo

479 1528 594 1566 non
612 1515 732 1565 tam
750 1511 902 1582 quod
923 1511 1173 1566 exterius
1197 1512 1406 1582 agitur,
1430 1527 1601 1582 quam
1623 1510 1682 1564 id
1702 1510 1854 1582 quod
1875 1510 2113 1564 interius

481 1605 1012 1676 cogitatursollicita
1026 1605 1341 1660 intentione
1357 1604 1691 1670 attenditur,
1705 1607 1770 1657 ut
1787 1604 1975 1658 subtili
1994 1621 2114 1658 sen-

483 1700 662 1754 tentia
685 1699 978 1770 puniatur.
1005 1701 1142 1754 Nam
1171 1716 1304 1754 cum
1334 1699 1512 1753 multa
1532 1699 1618 1753 lex
1642 1699 1794 1753 velut
1818 1698 2114 1752 immunda

483 1793 831 1848 manducare
859 1793 1182 1865 prohibeat,
1202 1794 1258 1847 in
1283 1793 1584 1863 Evangelio
1611 1796 1806 1846 tamen
1838 1791 2114 1846 Dominus

2213 1141 2347 1212 quia
2385 1140 2560 1206 enim,
2589 1138 2697 1194 nisi
2728 1138 3034 1209 tranquilla
3063 1154 3224 1192 mens
3267 1153 3383 1190 non
3415 1133 3561 1189 valet
3601 1133 3662 1187 in
3705 1148 3853 1186 con-

2213 1233 2589 1306 templatione
2609 1249 2667 1288 se
2696 1233 2767 1288 ad
2787 1233 2974 1288 lucem
3003 1231 3369 1302 suspendere,
3392 1227 3524 1284 etin
3553 1227 3638 1281 ira
3656 1227 3857 1298 ipsum

2215 1329 2441 1384 oculum
2491 1327 2782 1383 turbatum
2853 1326 3116 1394 dolebat;
3165 1325 3298 1396 quia
3347 1322 3486 1377 dum
3531 1321 3682 1376 mala
3726 1325 3857 1374 acta

2214 1423 2478 1478 deorsum
2508 1421 2851 1492 insequitur,
2883 1419 3158 1475 confundi
3183 1424 3352 1488 atque
3382 1415 3601 1470 turbari
3631 1432 3664 1469 a
3689 1431 3854 1468 sum-

2214 1532 2445 1571 morum
2480 1514 2952 1586 contemplatione
2982 1513 3310 1585 cogebatur.
3341 1512 3407 1565 Et
3433 1507 3739 1563 laudabilis
3769 1511 3860 1562 est

2215 1626 2352 1681 ergo
2379 1609 2464 1664 ira
2489 1613 2685 1664 contra
2714 1608 2935 1676 vitium,
2969 1613 3024 1662 et
3051 1604 3532 1673 tamen'molesta,
3565 1601 3700 1675 quia
3728 1603 3855 1656 tur-

2213 1703 2409 1758 batum
2437 1720 2495 1758 se
2523 1704 2770 1775 aliquem
2797 1704 3021 1757 reatum
3052 1701 3353 1754 incurrisse
3379 1696 3712 1753 aestimabat.
3744 1695 3853 1748 Le-

2215 1797 2418 1868 gitima
2454 1813 2590 1868 ergo
2633 1795 2872 1851 carnalis
2914 1796 3121 1867 copula
3163 1796 3389 1864 oportet
3420 1795 3485 1846 ut
3522 1807 3690 1844 causa
3719 1806 3856 1860 pro-

483 1885 654 1939 dicit:
685 1907 712 1934 «
731 1887 851 1940 Non
885 1886 1033 1957 quod
1062 1886 1233 1941 intrat
1253 1885 1311 1939 in
1341 1903 1402 1940 os
1430 1885 1764 1956 coinquinat
1793 1885 2109 1952 hominem,
2134 1867 2190 1939 Β
2212 1891 2280 1946 lis
2310 1892 2400 1960 sit,
2434 1908 2550 1946 non
2583 1891 2908 1963 voluptatis,
2938 1894 2994 1944 et
3023 1887 3208 1944 carnis
3239 1884 3555 1941 commistio
3583 1881 3859 1938 creando-

484 1980 582 2033 sed
611 1996 680 2033 ea
708 1996 835 2050 quin
863 1984 1070 2034 exeunt
1099 1981 1166 2034 de
1195 1995 1291 2034 ore
1316 1979 1413 2033 illa
1441 1981 1720 2049 suntquae
1742 1978 2114 2049 coinquinant

483 2073 774 2127 hominem
802 2074 1015 2140 (Matth.
1040 2091 1127 2142 xv,
1152 2075 1260 2141 Η).
1276 2092 1304 2125 ››
1322 2076 1503 2145 Atque
1524 2073 1696 2144 paulo
1718 2075 1844 2144 post
1863 2071 2110 2142 subjicit,

484 2183 798 2238 exponens:
819 2191 845 2217 ‹‹
863 2169 939 2221 Ex
959 2167 1125 2222 corde
1139 2169 1353 2222 exeunt
1363 2166 1736 2237 cogitationes
1751 2166 2110 2236 malaa(1bid.,

489 2264 593 2330 l9),
621 2284 647 2310 »
677 2261 774 2315 ubi
824 2261 1068 2316 ubertim
1109 2261 1487 2332 judicandum
1537 2264 1637 2330 est,
1679 2260 1815 2331 quia
1858 2260 1995 2314 illud
2043 2259 2113 2313 ab

485 2355 878 2425 omnipotente
902 2356 1012 2408 Deo
1039 2355 1325 2426 pollutum
1347 2372 1470 2409 esse
1494 2355 1554 2409 in
1573 2371 1745 2426 opere
1773 2353 2112 2422 ostenditur,

485 2449 638 2519 quod
667 2465 732 2502 ex
764 2449 978 2519 polluta
1004 2448 1367 2519 cogitationis
1393 2448 1578 2503 radice
1607 2451 1931 2520 generatur.
1959 2448 2114 2502 Unde

485 2543 689 2596 Paulus
731 2558 954 2613 quoque
1003 2542 1290 2613 apostolus
1337 2542 1471 2596 dicit
1514 2559 1525 2595 :
1575 2564 1600 2592 ‹‹
1648 2541 1854 2596 Omnia
1901 2540 2116 2595 munda

486 2635 733 2703 mundis,
773 2635 1151 2707 coinquinatis
1193 2642 1385 2690 autem
1429 2641 1484 2691 et
1510 2635 1830 2690 infidelibus
1861 2635 2004 2690 nihil
2033 2639 2117 2689 est

487 2730 766 2784 mundum
792 2730 920 2799 (Tit.
947 2747 985 2797 1,
1019 2731 1124 2801 l5).
1162 2749 1188 2781 »
1221 2733 1405 2801 Atque
1445 2746 1574 2784 mox
1619 2729 1878 2800 ejusdem
1919 2745 2117 2784 causas

487 2823 966 2894 coinquinationis
987 2823 1334 2878 annuntians
1351 2823 1673 2894 subjungit:
1699 2845 1724 2872 ‹‹
1742 2822 2117 2894 Coinquinata

490 2922 622 2970 sunt
649 2917 803 2971 enim
841 2933 1036 2971 eorum
1078 2920 1134 2970 et
1176 2933 1338 2970 mens
1383 2920 1440 2970 et
1482 2917 1827 2971 conscientia
1858 2917 2055 2986 (Ibid.).
2087 2939 2113 2964 ››

490 3011 544 3064 Si
563 3026 700 3080 ergo
721 3010 771 3064 ei
791 3010 949 3064 cibus
969 3010 1299 3064 immundus
1318 3027 1430 3064 non
1459 3015 1564 3078 est,
1587 3011 1677 3064 cui
1701 3027 1862 3064 mens
1882 3011 2115 3076 munda,

490 3121 591 3157 cur
617 3104 766 3175 quod
793 3106 988 3158 mente
1015 3103 1233 3158 munda
1265 3104 1470 3158 mulier
1494 3120 1562 3159 ex
1588 3109 1793 3158 natura
1813 3103 2042 3174 patitur,
2068 3105 2119 3158 ei

488 3200 550 3252 in
563 3197 982 3252 immunditiam
1000 3198 1325 3268 reputetur‘?
1337 3199 1432 3252 Vir
1445 3197 1595 3252 enim
1609 3214 1738 3252 cum
1752 3198 1980 3268 propria
1993 3214 2120 3252 con-

483 3293 624 3363 juge
650 3292 962 3362 dormiens,
985 3292 1088 3345 nisi
1111 3292 1260 3346 lotus
1278 3308 1426 3362 aqua
1455 3291 1747 3346 ecclesiam
1761 3292 1978 3363 intrare
1997 3309 2113 3346 non

489 3361 678 3453 debet,
693 3386 790 3440 sed
809 3385 1374 3457 nequelotusintrare
1387 3386 1575 3440 statim
1594 3361 1906 3474 debetiLex
1922 3390 2116 3441 autem

491 3480 670 3534 veteri
697 3481 908 3551 populo
936 3481 1213 3551 praecepit
1243 3480 1453 3547 dicens,
1488 3487 1551 3535 ut
1572 3480 1772 3535 mistus
1792 3480 1876 3534 vir
1893 3479 2120 3535 mulieri

491 3571 684 3647 280
715 3578 771 3628 et
796 3573 967 3628 lavari
1003 3590 1151 3646 aqua
1181 3573 1402 3641 debeat,
1431 3581 1488 3628 et
1511 3576 1643 3628 ante
1684 3573 1818 3628 solis
1861 3590 2118 3628 occasum

490 3668 782 3724 ecclesiam
806 3685 921 3723 non
941 3668 1184 3737 intrare;
1207 3669 1357 3740 quod
1387 3673 1581 3724 tamen
1601 3668 1840 3739 intelligi
1863 3669 2116 3739 speciali-

490 3769 576 3818 ter
599 3768 802 3835 potest,
827 3762 962 3834 quia
987 3762 1218 3817 mulieri
1239 3762 1323 3816 vir
1351 3762 1642 3831 miscetur,
1662 3763 1890 3834 quando
1912 3762 2118 3817 illicitae

493 3857 974 3928 concupiscentiae
1017 3857 1247 3911 animus
1277 3857 1336 3910 in
1367 3855 1713 3928 cogitatione
1742 3873 1848 3928 per
1874 3856 2118 3912 delecta-

495 3952 707 4006 tionem
755 3950 1141 4021 conjungitur,
1171 3951 1302 4020 quia
1333 3950 1440 4004 nisi
1469 3950 1628 4022 prius
1655 3951 1808 4020 ignis
1851 3952 2115 4022 concupi-

495 4044 723 4099 scentia!
744 4060 776 4096 a
797 4048 986 4098 mente
1009 4043 1323 4111 deferveat,
1348 4043 1587 4114 dignum
1614 4061 1670 4098 se
1692 4044 2119 4115 congregationi

491 4139 735 4193 fratrum
767 4136 1050 4192 testimare
1073 4153 1188 4192 non
1217 4137 1408 4206 debet,
1439 4137 1536 4208 qui
1567 4154 1624 4191 se
1658 4137 1879 4208 gravari
1906 4153 2007 4209 per
2027 4155 2121 4192 ne-

492 4233 731 4306 quitiam
769 4248 955 4302 pravae
984 4231 1283 4302 voluptatis
1312 4231 1480 4286 videt.
1524 4233 1784 4297 Quamvis
1825 4231 1895 4287 de
1925 4232 2032 4287 hac
2061 4249 2120 4287 re

490 4329 726 4383 diversae
756 4325 1054 4380 hominum
1093 4325 1352 4381 nationes
1386 4325 1602 4381 diversa
1645 4325 1917 4396 sentiant,
1949 4332 2119 4399 atque

492 4423 601 4477 alia
624 4421 910 4477 custodire
929 4421 1250 4489 videantur,
1271 4421 1660 4476 Romanorum
1678 4424 1876 4476 tamen
1898 4437 2122 4492 semper

493 4517 561 4572 ab
601 4516 1015 4588 antiquioribus
1059 4532 1194 4570 usus
1225 4515 1351 4582 fuit,
1384 4520 1513 4586 post
1553 4515 1952 4570 admistionem
1984 4532 2117 4587 pro-

493 4612 634 4683 prias
665 4611 946 4682 conjugis,
977 4613 1034 4664 et
1059 4609 1261 4663 lavacri
1288 4610 1741 4680 puriﬁcationem
1767 4627 2044 4681 quaerere,
2069 4614 2122 4664 et

496 4707 566 4761 ab
585 4707 844 4777 ingressu
871 4704 1118 4760 ecclesite
1145 4705 1442 4775 paululum
1462 4709 1793 4760 reverenter
1811 4704 2120 4759 abstinere.

495 4803 602 4856 Nec
619 4802 740 4855 haec
759 4800 1008 4855 dicentes
1027 4799 1252 4869 culpam
1271 4798 1612 4869 deputamus
1633 4816 1750 4854 esse
1771 4798 2120 4870 conjugium,

491 4897 588 4950 sed
614 4895 746 4966 quia
771 4894 896 4966 ipsa
926 4893 1076 4948 licita
1101 4892 1370 4948 admistio
1401 4894 1659 4965 conjugis
1685 4895 1807 4948 sine
1836 4895 2123 4966 voluptate

494 4990 676 5044 carnis
721 4989 845 5042 fieri
870 5005 985 5043 non
1013 4991 1217 5060 potest,
1249 5005 1282 5041 a
1314 4989 1456 5042 sacri
1498 4988 1604 5042 loci
1644 4989 1902 5059 ingressu
1948 4989 2120 5045 absti-

494 5085 746 5138 nendum
776 5086 881 5154 est,
899 5083 1032 5155 quia
1045 5083 1304 5154 voluptas
1325 5100 1445 5138 esse
1465 5083 1583 5138 sine
1601 5084 1764 5155 culpa
1783 5101 1896 5139 non
1917 5089 2120 5157 potest.

497 5179 619 5232 Non
660 5177 813 5232 enim
863 5177 933 5232 de
980 5177 1351 5232 fornicatione
1390 5179 1475 5232 vel
1519 5178 1588 5233 de
1633 5179 1910 5234 adulterio
1955 5183 2124 5235 natus

496 5272 678 5326 fuerat
724 5272 820 5342 qui
865 5271 1127 5327 dicebat:
1175 5294 1204 5322 ‹‹
1250 5273 1388 5328 Ecce
1433 5272 1588 5328 enim
1631 5273 1689 5327 in
1732 5273 2125 5345 iniquitatibus

494 5371 802 5436 conceptus
824 5383 968 5436 sum,
993 5371 1050 5422 et
1075 5367 1134 5422 in
1156 5369 1398 5438 peccatis
1425 5368 1651 5440 peperit
1678 5385 1767 5423 me
1791 5373 1975 5423 mater
1994 5385 2123 5424 mea

497 5461 664 5531 (Psal.
697 5477 747 5528 L,
773 5463 844 5529 '7).
877 5482 902 5508 ››
934 5461 1042 5525 Qui
1078 5461 1231 5516 enim
1262 5461 1321 5515 in
1361 5462 1752 5533 iniquitatibus
1787 5466 2122 5534 conceptum

497 5573 554 5610 se
584 5559 837 5621 noverat,
860 5572 894 5608 a
919 5554 1124 5610 delicto
1155 5571 1212 5610 se
1243 5559 1440 5610 natum
1469 5557 1754 5627 gemebat,
1779 5557 1914 5628 quia
1939 5561 2124 5626 portat

495 5651 664 5704 arbor
709 5651 766 5703 in
805 5665 965 5702 ramo
1008 5649 1309 5704 humorem
1352 5650 1491 5720 vitii,
1523 5667 1694 5721 quem
1724 5651 1898 5704 traxit
1931 5667 1998 5705 ex
2032 5668 2120 5705 ra-

461 5715 650 5826 ddice;
677 5743 735 5795 in
769 5742 975 5812 quibus
1000 5747 1196 5796 tamen
1218 5744 1401 5798 verbis
1426 5761 1540 5798 non
1575 5744 1976 5799 admistionem
1998 5761 2124 5798 con-

490 5835 700 5903 jugum
728 5835 1085 5904 iniquitatem
1112 5836 1392 5905 nominat,
1420 5837 1517 5890 sed
1543 5837 1729 5907 ipsam
1756 5837 2016 5892 videlicet
2034 5854 2127 5892 vo-

499 5928 792 5997 luptatem.
825 5929 1262 5982 Commistiones
1311 5928 1461 5982 enim
1492 5935 1622 5982 sunt
1651 5931 1842 5984 multa:
1870 5935 1925 5984 et
1956 5931 2120 5985 licitae

2141 3247 2195 3321 C

2212 2001 2339 2040 rum
2369 1985 2678 2039 liberorum
2721 1984 2793 2038 sit
2836 1984 3040 2055 gratia,
3073 1999 3186 2036 non
3228 1978 3525 2035 satisfactio
3556 1978 3852 2032 vitiorum.

2213 2079 2268 2134 Si
2294 2079 2419 2151 quis
2445 2096 2547 2134 sua
2573 2079 2840 2149 conjuge,
2867 2094 2985 2132 non
3013 2075 3280 2148 cupidine
3303 2072 3602 2144 voluptatis
3631 2077 3854 2142 raptus,

2213 2173 2312 2228 sed
2327 2173 2686 2228 solummodo
2708 2171 3088 2226 creandorum
3107 2169 3421 2224 liberorum
3444 2165 3626 2238 gratia
3645 2166 3854 2230 utitur,

2213 2268 2336 2338 ipse
2366 2267 2618 2339 profecto
2652 2267 2768 2320 sive
2809 2266 2877 2320 de
2921 2266 3182 2336 ingressu
3225 2261 3492 2330 ecclesias,
3517 2276 3616 2315 seu
3652 2260 3724 2314 de
3754 2275 3855 2313 su-

2215 2361 2424 2415 mendo
2453 2361 2700 2432 corporis
2732 2358 3009 2414 Dominici
3042 2361 3099 2412 et
3129 2356 3426 2427 sanguinis
3450 2353 3720 2426 mysterio
3748 2369 3856 2407 suo

2216 2461 2298 2510 est
2315 2455 2534 2525 judicio
2560 2453 2986 2525 relinquendus,
3010 2451 3143 2524 quia
3172 2469 3205 2506 a
3229 2449 3391 2506 nobis
3421 2447 3714 2520 prohiberi
3737 2464 3856 2502 non

2218 2549 2385 2604 debet
2416 2549 2694 2619 accipere,
2729 2547 2827 2618 qui
2853 2547 2913 2601 in
2946 2546 3079 2617 igne
3111 2545 3331 2616 positus
3358 2542 3538 2598 nescit
3563 2541 3673 2596 uri.
3709 2541 3856 2596 Cum

2216 2659 2349 2698 vero
2384 2659 2497 2696 non
2518 2658 2681 2696 amor
2700 2639 3069 2713 procreandaa
3096 2638 3327 2706 sobolis,
3352 2637 3452 2692 sed
3473 2637 3735 2706 voluptas
3758 2634 3858 2690 do-

2216 2737 2470 2792 minatur
2516 2737 2574 2790 in
2621 2752 2792 2807 opere
2839 2732 3272 2802 commistionis,
3315 2731 3531 2786 habent
3576 2730 3859 2800 conjuges

2219 2831 2392 2886 etiam
2421 2831 2490 2885 de
2510 2847 2611 2885 sua
2637 2829 3052 2895 commistione,
3077 2826 3232 2898 quod
3265 2826 3506 2880 deﬂeant
3529 2842 3542 2879 :
3562 2825 3673 2878 hoc
3695 2823 3856 2878 enim

2218 2925 2297 2980 eis
2318 2924 2579 2980 concedit
2603 2926 2800 2978 sancta
2820 2921 3164 2994 praedicatio,
3189 2925 3245 2975 et
3267 2925 3458 2975 tamen
3486 2918 3555 2972 de
3578 2917 3703 2988 ipsa
3723 2934 3857 2971 con-

2219 3019 2468 3073 cessione
2500 3023 2686 3072 metus
2727 3017 2988 3071 animum
3019 3015 3291 3070 concutit.
3322 3015 3462 3068 Nam
3487 3028 3620 3066 cum
3646 3010 3859 3066 Paulus

2220 3113 2506 3184 apostolus
2532 3111 2744 3166 diceret
2778 3128 2790 3165 :
2831 3110 2934 3175 Qui
2963 3125 3021 3164 se
3052 3109 3342 3163 continere
3370 3123 3485 3161 non
3515 3109 3721 3177 potest,
3753 3104 3853 3158 ha-

2219 3206 2343 3261 beat
2371 3223 2528 3260 suam
2556 3221 2795 3261 uxorem
2818 3204 2868 3276 (I
2898 3207 3016 3262 Cor.
3050 3219 3143 3270 vn,
3173 3205 3221 3271 2)
3244 3220 3260 3271 ;
3287 3201 3472 3256 statim
3500 3199 3854 3269 subjungere

2221 3300 2439 3354 curavit
2463 3317 2475 3354 :
2503 3320 2529 3350 «
2558 3301 2670 3353 Hoc
2696 3304 2887 3354 autem
2919 3297 3046 3352 dico
3077 3295 3389 3351 secundum
3407 3291 3854 3363 indulgentiam,

2222 3411 2334 3448 non
2364 3393 2680 3448 secundum
2709 3392 3011 3463 imperium
3043 3390 3230 3462 (Ibid.,
3264 3391 3338 3458 6).
3372 3410 3400 3436 »
3433 3387 3556 3441 Non
3585 3385 3747 3440 enim
3773 3386 3857 3440 in—

2221 3487 2494 3558 dulgetur
2519 3487 2669 3558 quod
2711 3487 2843 3540 licet
2883 3492 2938 3539 et
2960 3485 3183 3555 justum
3211 3485 3313 3537 est.
3349 3481 3510 3546 Quod
3556 3479 3737 3551 igitur
3769 3479 3853 3534 in-

2221 3581 2441 3652 dulgeri
2491 3581 2654 3645 dixit,
2687 3579 2914 3650 culpam
2961 3595 3083 3632 esse
3129 3575 3558 3632 demonstravit.
3589 3573 3855 3644 Vigilanti

2221 3693 2351 3729 vero
2399 3681 2587 3730 mente
2635 3674 2996 3745 pensandum
3043 3676 3146 3741 est,
3183 3671 3334 3742 quod
3381 3669 3437 3724 in
3482 3668 3613 3724 Sina
3659 3672 3856 3722 monte

2221 3769 2495 3824 Dominus
2536 3769 2812 3840 populum
2843 3767 3127 3822 abstinere
3153 3783 3186 3820 a
3211 3763 3547 3820 mulieribus
3587 3761 3857 3833 przecepit

2225 3863 2417 3933 (Emod.
2446 3880 2561 3931 XIX,
2593 3865 2672 3932 15)
2687 3841 2794 3948 ,ιΕι
2821 3861 2868 3916 si
2900 3861 3013 3914 illic
3046 3860 3143 3913 ubi
3187 3858 3454 3913 Dominus
3491 3873 3596 3928 per
3630 3859 3852 3912 creatu-

2222 3973 2342 4011 ram
2374 3957 2658 4012 subditam
2701 3954 3032 4010 hominibus
3080 3953 3443 4024 loquebatur,
3474 3954 3635 4005 tanta
3665 3951 3852 4021 provi-

2223 4051 2377 4106 sione
2408 4054 2489 4105 est
2519 4049 2801 4105 munditia
2843 4048 3096 4120 corporis
3141 4046 3430 4119 requisita,
3457 4049 3521 4100 ut
3555 4045 3655 4116 qui
3684 4044 3854 4098 verba

2221 4146 2317 4200 Dei
2352 4145 2679 4216 reciperent
2711 4143 3044 4198 mulieribus
3071 4142 3224 4196 misti
3254 4157 3372 4196 non
3402 4143 3606 4208 essent,
3637 4145 3853 4210 quanto

2221 4239 2403 4310 magis
2449 4239 2741 4307 mulieres,
2774 4253 2902 4309 quae
2934 4253 3141 4308 corpus
3187 4234 3408 4289 Domini
3451 4233 3854 4304 omnipotentis

2223 4333 2512 4404 accipiunt
2539 4331 2823 4387 custodire
2844 4347 2903 4385 se
2926 4331 2984 4384 in
3008 4330 3193 4384 carnis
3218 4328 3498 4384 munditia
3525 4326 3761 4395 debent,
3786 4342 3854 4380 ne

2222 4427 2345 4498 ipsa
2368 4425 2776 4480 inaestimabilis
2802 4424 3205 4496 magnitudine
3227 4421 3481 4494 mysterii
3507 4410 3853 4491 graventur?

2222 4520 2362 4574 Hinc
2388 4520 2559 4575 etiam
2596 4519 2667 4573 ad
2708 4519 2883 4574 David
2913 4519 2980 4573 de
3011 4517 3202 4589 pueris
3230 4516 3343 4571 suis
3371 4531 3475 4586 per
3499 4513 3855 4568 sacerdotem

2142 4633 2201 4704 Β
2223 4614 2447 4684 dicitur,
2467 4619 2530 4669 ut
2554 4614 2601 4668 si
2625 4631 2658 4668 a
2679 4612 3016 4668 mulieribus
3043 4610 3247 4666 mundi
3272 4613 3478 4677 essent,
3498 4624 3712 4680 panem
3733 4625 3856 4679 pro-

2223 4707 2518 4780 positionis
2546 4707 2896 4778 acciperent;
2923 4723 3064 4777 quos
3086 4704 3320 4760 omnino
3343 4721 3454 4758 non
3477 4702 3850 4773 perciperent,

2224 4801 2331 4856 nisi
2358 4801 2516 4873 prius
2544 4801 2790 4856 mundos
2817 4817 2914 4856 eos
2953 4800 3124 4855 David
3151 4816 3184 4854 a
3215 4797 3545 4853 mulieribus
3580 4796 3855 4850 fateretur

2225 4896 2274 4965 (I
2291 4899 2418 4964 Reg.
2450 4913 2558 4966 XXI,
2586 4896 2658 4966 4).
2693 4897 2845 4950 Tunc
2889 4898 3080 4949 autem
3124 4893 3207 4947 vir
3249 4892 3344 4964 qui
3387 4895 3514 4963 post
3559 4889 3849 4945 admistio-

2226 5006 2355 5044 nem
2389 4989 2646 5062 conjugis
2687 4990 2833 5045 lotus
2866 5005 3016 5060 aqua
3055 4987 3245 5055 fuerit,
3277 4985 3449 5040 etiam
3488 5000 3662 5039 sacrm
3693 4999 3847 5038 com-

2223 5084 2513 5138 munionis
2555 5083 2892 5155 mysterium
2940 5082 3091 5137 valet
3132 5080 3406 5152 accipere,
3437 5095 3567 5134 cum
3601 5078 3653 5132 ei
3690 5077 3851 5148 juxta

2223 5179 2566 5250 prmﬁnitam
2595 5179 2957 5244 sententiam,
2987 5177 3161 5232 etiam
3189 5174 3484 5230 ecclesiam
3515 5172 3736 5227 licuerit
3761 5171 3847 5224 in-

2222 5278 2394 5329 trare.

2295 5371 2650 5436 Interrogatio
2679 5369 2991 5438 Augustini.
3022 5397 3089 5405 —
3114 5365 3176 5420 Si
3200 5368 3326 5436 post
3353 5362 3701 5428 illusionem,
3728 5376 3849 5431 qua‘

2226 5479 2327 5534 per
2353 5463 2639 5517 somnium
2667 5463 2808 5516 solet
2829 5461 3104 5527 accidere,
3127 5459 3215 5513 vel
3243 5475 3448 5530 corpus
3477 5454 3696 5510 Domini
3725 5453 3846 5526 qui-

2225 5558 2360 5614 libet
2389 5558 2641 5629 accipere
2670 5556 2876 5623 valeat,
2903 5557 2987 5610 vel
3015 5555 3060 5610 si
3094 5554 3373 5620 sacerdos,
3397 5567 3555 5606 sacra
3585 5547 3850 5620 mysteria

2225 5652 2538 5707 celebrare.

2298 5748 2585 5816 Responsio
2627 5747 2887 5815 Gregoriz.
2920 5774 2987 5784 —-
3021 5746 3090 5800 Et
3114 5743 3345 5815 quidem
3387 5741 3493 5794 hoc
3530 5739 3850 5793 Testamen-

2228 5844 2353 5894 tum
2385 5839 2586 5894 veteris
2631 5839 2793 5911 legis,
2827 5840 2971 5894 sicut
3017 5839 3078 5892 in
3126 5834 3404 5909 superiori
3450 5830 3694 5904 capitulo
3735 5829 3848 5900 jam

2231 5933 2494 5998 diximus,
2517 5934 2796 6005 pollutum
2823 5934 2979 6000 dicit,
2998 5936 3054 5988 et
3080 5931 3187 5986 nisi
3217 5933 3397 5986 lotum
3417 5943 3584 5999 aqua,
3606 5924 3657 5979 ei
3677 5939 3848 5995 usque
