4050 6304
195 365 206 415 l
225 366 318 417 1‘29

1428 360 1894 416 DECRETALIL'M
1938 362 2318 416 COLLECTIO.

3425 369 3554 423 ΙΙὈ

185 471 254 524 ad
281 487 585 542 vesperum
614 472 830 526 intrare
859 471 1149 527 ecclesiam
1187 488 1304 525 non
1346 470 1626 525 concedit.
1652 435 1822 552 ῥυοά
1844 481 1903 552 Α
1923 469 1982 522 in
2010 470 2386 524 delectatione
2417 472 2623 540 trahat,
2662 488 2766 526 nec
2797 476 2990 527 tamen
3014 473 3210 530 anima
3238 473 3422 530 eidem
3455 478 3553 532 de-

185 568 375 619 tamen
389 564 713 636 specialiter
724 565 796 619 ad
808 565 969 619 illum
983 565 1255 636 pepulum
1266 563 1618 636 ,spiritaliter
1630 547 1824 618 autem

185 657 532 730 intelligens,
557 659 663 714 sub
680 659 882 715 eodem
903 659 1194 714 intellectu
1215 658 1452 729 accipiet
1466 674 1579 729 quo
1601 657 1824 729 praefati

185 768 406 819 sumus,
437 753 572 825 quia
597 752 759 825 quasi
787 769 890 824 per
915 753 1204 807 somnium
1227 751 1485 807 illuditur
1509 752 1629 823 qui,
1645 755 1825 807 tenta-

185 846 342 901 tusin
356 846 747 917 immunditia,
767 847 927 902 vanis
944 847 1290 919 imaginibus
1309 847 1367 902 in
1390 846 1824 918 cogitationibus

186 941 542 1013 inquinatur.
568 941 678 997 Sed
697 941 971 996 lavandus
989 944 1076 996 est
1103 958 1272 1014 aqua,
1302 944 1364 996 ut
1382 941 1579 1013 culpas
1607 941 1822 1014 cogita-

189 1035 354 1089 tionis
381 1035 650 1107 lacrymis
673 1036 882 1091 abluat.
916 1037 984 1091 Et
1009 1034 1118 1091 nisi
1140 1035 1298 1107 prius
1317 1035 1468 1108 ignis
1493 1035 1825 1090 temtationis

189 1129 502 1196 recesserit,
533 1146 696 1186 reum
717 1146 776 1184 se
805 1130 966 1201 quasi
994 1146 1173 1201 usque
1201 1130 1274 1185 ad
1300 1146 1599 1201 vesperam
1619 1145 1826 1202 cogno-

189 1226 319 1277 scat.
347 1223 462 1279 Sed
495 1227 578 1278 est
604 1224 665 1278 in
693 1223 892 1279 eadem
922 1223 1186 1280 illusione
1211 1223 1527 1279 necessaria
1557 1223 1722 1279 valde
1747 1223 1826 1278 di-

188 1318 412 1386 scretio,
443 1335 570 1390 quae
611 1318 896 1374 subtiliter
934 1334 1175 1390 pensare
1222 1317 1449 1387 debeat,
1500 1335 1565 1372 ex
1609 1334 1721 1390 qua
1767 1333 1826 1372 re

189 1413 410 1468 accidat
453 1413 634 1468 menti
675 1413 1034 1468 dormientis.
1065 1412 1382 1485 Aliquando
1409 1412 1565 1467 enim
1597 1429 1667 1467 ex
1697 1429 1823 1467 cra-

188 1507 339 1578 pula,
370 1505 681 1578 aliquando
713 1523 784 1561 ex
821 1510 1044 1561 naturm
1071 1506 1482 1578 superﬂuitate,
1520 1505 1826 1578 aliquando

188 1615 252 1655 ex
283 1601 636 1672 cogitatione
667 1599 927 1672 contigit,
949 1599 1258 1672 aliquando
1288 1616 1391 1672 per
1409 1599 1822 1655 inﬁrmitatem.

190 1696 254 1750 Et
280 1694 515 1766 quidem
545 1712 675 1750 cum
703 1711 771 1750 ex
798 1698 1017 1750 naturae
1039 1694 1427 1766 superﬂuitate
1473 1695 1559 1749 vel
1585 1694 1823 1748 inﬁrmi-

188 1791 302 1844 tate
326 1789 535 1858 evenit,
559 1790 794 1844 omnino
811 1789 935 1844 haec
954 1789 1138 1844 illusio
1162 1805 1280 1844 non
1308 1791 1392 1844 est
1406 1787 1827 1860 timenda,quia

189 1884 357 1951 hanc,
382 1883 579 1938 animo
624 1883 931 1952 nesciente,
965 1883 1261 1955 pertulisse
1295 1882 1482 1954 magis
1517 1882 1827 1938 dolendum

190 1981 275 2032 est
304 1993 480 2049 quam
517 1978 730 2033 fecisse.
766 1979 905 2034 Cum
949 1995 1080 2032 vero
1109 1978 1254 2033 ultra
1282 1977 1520 2032 modum
1546 1975 1827 2048 appetitus

190 2072 341 2143 gulae
374 2072 436 2126 in
472 2073 762 2127 sumendis
800 2072 1086 2128 alimentis
1129 2071 1366 2143 rapitur,
1413 2075 1583 2144 atque
1618 2070 1828 2126 idcirco

189 2167 501 2222 humorum
533 2168 889 2238 receptacula
921 2168 1248 2238 gravantur,
1277 2165 1452 2220 habet
1473 2165 1674 2220 exinde
1705 2164 1828 2219 ani-

189 2277 322 2315 mus
346 2260 595 2332 aliquem
621 2265 865 2329 reatum,
897 2277 1014 2315 non
1042 2265 1228 2315 tamen
1255 2277 1438 2333 usque
1469 2259 1542 2314 ad
1570 2258 1824 2331 prohibi-

188 2356 405 2410 tionem
448 2355 799 2426 percipiendi
847 2355 1027 2410 sancti
1068 2355 1344 2426 mysterii,
1394 2354 1479 2409 vel
1527 2353 1824 2408 missarum

191 2449 465 2505 solemnia
513 2449 855 2517 celebrandi,
890 2465 1021 2504 cum
1060 2449 1294 2503 fortasse
1345 2451 1445 2502 aut
1487 2447 1605 2502 dies
1652 2447 1828 2502 festus

190 2543 389 2615 exigit,
406 2545 505 2598 aut
516 2543 782 2598 exhibere
805 2543 1166 2614 mysterium,
1183 2559 1284 2614 pro
1307 2559 1372 2597 eo
1389 2541 1539 2614 quod
1565 2541 1829 2596 sacerdos

191 2637 333 2692 alius
361 2637 420 2692 in
462 2639 584 2692 loco
635 2637 813 2705 deest,
850 2637 970 2708 ipsa
1001 2637 1299 2692 necessitas
1344 2635 1650 2706 compellit.
1684 2636 1825 2690 Nam

192 2733 241 2786 si
270 2731 474 2786 adsunt
508 2730 602 2786 alii
631 2731 729 2802 qui
755 2731 993 2802 implere
1019 2729 1400 2785 ministerium
1426 2730 1670 2795 valeant,
1694 2728 1824 2783 illu-

193 2827 275 2880 sio
301 2842 406 2898 pro
446 2826 673 2897 crapula
718 2825 891 2892 facta,
923 2842 955 2879 a
985 2825 1357 2896 perceptione
1387 2823 1529 2878 sacri
1569 2822 1828 2894 mysterii

193 2920 496 2992 prohibere
528 2936 640 2973 non
669 2919 854 2989 debet,
890 2919 984 2974 sed
1020 2919 1088 2972 ab
1114 2919 1504 2973 immolatione
1533 2917 1677 2972 sacri
1703 2934 1825 2988 my-

191 3013 349 3070 sterii
379 3013 662 3068 abstinere
701 3013 787 3085 (ut
816 3011 1081 3083 arbitror)
1111 3012 1402 3067 humiliter
1440 3012 1626 3079 debet,
1657 3011 1700 3065 si
1742 3016 1826 3067 ta-

192 3126 327 3163 men
357 3108 613 3162 animum
642 3105 977 3162 dormientis
1003 3109 1198 3178 turpes
1222 3105 1667 3177 imaginationes
1695 3120 1826 3160 con-

1923 563 2213 618 lectationi
2241 565 2575 620 consentiat.
2607 566 2690 633 Et,
2715 581 2845 620 cum
2891 583 3023 622 caro
3071 567 3192 624 sine
3223 569 3417 625 anima
3456 571 3554 626 de-

1923 656 2119 712 lectari
2145 661 2412 728 nequeat,
2445 659 2566 730 ipse
2595 662 2784 714 tamen
2813 660 3059 730 animus,
3092 663 3277 717 carnis
3306 665 3560 736 volupta-

1925 750 2074 806 tibus
2104 751 2409 820 reluctans,
2437 752 2497 806 in
2528 753 2904 810 delectatione
2931 755 3143 810 carnali
3171 757 3360 828 aliquo
3385 760 3556 815 modo

1924 845 2139 916 ligatur
2181 845 2412 916 invitus,
2465 851 2527 902 ut
2569 847 2620 903 ei
2664 863 2733 902 ex
2780 848 3001 904 ratione
3043 851 3403 920 contradicat,
3451 871 3556 907 nec

1924 939 2251 1009 consentiat,
2283 945 2340 994 et
2368 943 2561 996 tamen
2589 940 2957 998 delectatione
2985 943 3193 1015 ligatus
3240 945 3330 1015 sit,
3362 947 3458 1001 sed
3485 948 3556 1001 li-

1927 1036 2122 1105 gatum
2163 1050 2222 1089 se
2260 1034 2632 1090 vehementer
2659 1034 3015 1106 ingemiscat.
3048 1038 3209 1093 Unde
3237 1042 3293 1093 et
3321 1040 3413 1095 ille
3440 1057 3553 1096 coe-

1925 1127 2078 1182 lestis
2120 1127 2400 1182 exercitus
2446 1128 2769 1200 praecipuus
2814 1130 2978 1185 miles
3027 1132 3289 1202 gemebat
3315 1133 3509 1189 dicens
3543 1153 3553 1188 :

1929 1241 1956 1272 «
1985 1221 2159 1276 Video
2180 1221 2352 1276 aliam
2379 1223 2568 1294 legem
2596 1223 2655 1277 in
2675 1223 2948 1279 membris
2973 1225 3115 1280 meis
3136 1229 3556 1298 repugnantem

1926 1315 2043 1386 legi
2069 1316 2276 1371 mentis
2302 1331 2467 1386 meae,
2501 1320 2558 1372 et
2583 1318 2872 1389 captivum
2896 1335 2989 1372 me
3014 1319 3315 1375 ducentem
3342 1321 3399 1376 in
3426 1324 3556 1394 lege

1927 1410 2164 1481 peccati,
2194 1427 2322 1482 quae
2355 1414 2438 1465 est
2476 1410 2535 1466 in
2564 1411 2840 1466 membris
2868 1412 3012 1467 meis
3052 1415 3217 1478 (Rom.
3252 1431 3345 1486 vn,
3382 1417 3490 1487 23).
3526 1441 3552 1465 ››

1927 1504 1981 1560 Si
2012 1506 2207 1558 autem
2234 1505 2484 1576 captivus
2505 1509 2629 1560 erat
2653 1505 2888 1561 minime
2906 1508 3218 1578 pugnabat,
3250 1509 3348 1564 sed
3377 1514 3432 1564 et
3461 1527 3558 1581 pu-

1929 1599 2157 1670 gnabat.
2181 1600 2531 1670 Quapropter
2555 1601 2612 1654 et
2638 1601 2886 1670 captivus
2917 1606 3054 1669 erat,
3082 1607 3138 1656 et
3163 1603 3414 1674 captivus
3442 1621 3558 1660 non

1930 1697 2068 1760 erat,
2097 1696 2154 1748 et
2191 1693 2505 1764 pugnabat.
2542 1693 2717 1764 Igitur
2763 1695 2878 1765 legi
2927 1695 3136 1750 mentis
3180 1697 3295 1763 lex,
3327 1715 3453 1769 quae
3494 1697 3558 1754 in

1926 1785 2198 1841 membris
2224 1790 2326 1854 est,
2356 1787 2735 1858 repugnabat.
2758 1787 2814 1842 Si
2835 1792 3029 1843 autem
3055 1791 3370 1861 pugnabat,
3394 1792 3562 1864 capti-

1849 1857 1902 1928 B
1927 1897 2028 1934 vus
2051 1896 2168 1934 non
2211 1882 2354 1935 erat.
2391 1881 2528 1935 Ecce
2558 1880 2635 1934 ita
2664 1884 2748 1936 est
2777 1881 2975 1949 homo,
3006 1885 3068 1935 ut
3097 1883 3177 1937 ita
3203 1883 3470 1954 dixerim,
3506 1887 3563 1939 et

1927 1974 2183 2046 captivus
2211 1977 2268 2028 et
2295 1973 2467 2040 liber;
2497 1973 2643 2028 liber
2671 1989 2735 2028 ex
2771 1976 2996 2045 justitia
3027 1993 3201 2047 quam
3230 1977 3433 2049 diligit,
3465 1995 3558 2033 ca-

1927 2068 2111 2140 ptivus
2139 2085 2207 2123 ex
2229 2066 2596 2122 delectatione
2626 2085 2798 2140 quam
2827 2072 3017 2140 portat
3047 2070 3271 2125 invitus.

2017 2187 2212 2256 Incipit
2233 2185 2470 2253 synodus
2495 2186 2737 2270 Romana
2765 2184 2952 2241 habita
2982 2203 3016 2241 α
3041 2186 3294 2255 Gregorio
3320 2205 3471 2260 papa

2643 2273 2841 2326 pnmo.

2003 2351 2294 2420 Regnante
2321 2349 2381 2403 in
2410 2351 2754 2422 perpetuum
2781 2351 3019 2406 Domino
3040 2356 3237 2408 nostro
3257 2355 3283 2408 J
3288 2371 3384 2408 esu
3405 2355 3562 2410 Chri-

1929 2447 2034 2510 sto,
2070 2443 2423 2515 temporibus
2451 2443 2686 2515 piissimi
2709 2461 2772 2498 ac
2799 2445 3148 2500 serenissimi
3176 2447 3394 2502 domini
3413 2450 3562 2503 Mau-

1929 2537 2071 2607 ricii,
2123 2543 2179 2591 et
2225 2537 2525 2592 Theodosii
2575 2537 2801 2605 Tiberii,
2854 2539 3259 2610 Augustorum,
3302 2541 3560 2612 ejusdem

1928 2631 2143 2687 domini
2190 2630 2440 2686 Mauricii
2485 2631 2715 2703 imperii
2765 2649 2916 2687 anno
2970 2636 3054 2701 l3,
3106 2633 3420 2690 indictione
3475 2639 3559 2704 13,

1927 2726 2124 2798 quinta
2151 2726 2244 2780 die
2269 2725 2480 2780 mensis
2516 2725 2668 2795 Julii,
2694 2727 2997 2798 Gregorius
3025 2745 3192 2800 papa,
3223 2746 3414 2785 coram
3468 2747 3560 2786 sa-

1928 2820 2243 2875 cratissimo
2273 2819 2425 2875 beati
2452 2819 2602 2875 Petri
2624 2821 2870 2893 apostoli
2897 2837 3153 2894 corpore,
3187 2839 3316 2877 cum
3344 2824 3558 2897 episco-

1926 2914 2016 2986 pis
2045 2914 2311 2969 omnibus
2356 2915 2628 2969 Romamn
2676 2915 2934 2970 Ecclesiae
2965 2919 3021 2971 et
3044 2917 3390 2988 presbyteris
3422 2919 3560 2973 resi-

1931 3007 2091 3076 dens,
2137 3008 2450 3063 astantibus
2492 3007 2846 3077 diaconibus,
2876 3015 2933 3064 et
2961 3013 3166 3065 cuncto
3194 3011 3346 3067 clero
3374 3012 3516 3067 dixit
3548 3029 3560 3067 :

1928 3104 1991 3156 ln
2023 3104 2216 3157 sancta
2241 3103 2349 3157 hac
2378 3104 2633 3158 Romana
2663 3103 2925 3174 Ecclesia,
2949 3103 3039 3158 cui
3066 3104 3256 3160 divina
3277 3105 3561 3178 dispensa-

190 3207 510 3258 cusserunt.
550 3203 688 3256 Nam
739 3206 872 3256 sunt
915 3201 1124 3272 quibus
1161 3201 1239 3254 ita
1270 3201 1607 3271 plerumque
1643 3199 1829 3254 illusio
1850 3232 1904 3306 Ο
1931 3196 2010 3251 tio
2039 3213 2282 3267 prmesse
2313 3213 2402 3252 me
2428 3198 2622 3266 voluit,
2661 3198 2876 3253 dudum
2910 3199 3259 3254 consuetudo
3291 3203 3375 3254 est
3401 3201 3563 3256 valde

189 3298 462 3365 nascitur,
493 3301 554 3350 ut
586 3313 784 3350 eorum
816 3296 1041 3349 animus
1063 3295 1230 3349 etiam
1261 3294 1318 3348 in
1351 3310 1553 3347 somno
1578 3293 1829 3364 corporis

193 3390 707 3463 positus,turpibus
739 3389 1247 3460 imaginationibus
1276 3405 1392 3442 non
1421 3387 1682 3442 foedetur.
1708 3387 1829 3451 Qua

191 3487 251 3540 in
288 3502 350 3540 re
378 3501 557 3539 unum
599 3483 676 3538 ibi
706 3482 1056 3548 ostenditur;
1092 3483 1209 3554 ipsa
1235 3498 1395 3536 mens
1431 3498 1545 3535 non
1578 3497 1693 3547 rea,
1722 3497 1827 3535 nec

189 3587 380 3635 tamen
424 3596 527 3634 suo
565 3577 778 3648 judicio
823 3577 1020 3645 libera,
1068 3592 1198 3630 cum
1247 3593 1324 3644 se,
1367 3574 1468 3630 etsi
1510 3574 1826 3629 dormiente

189 3691 448 3746 corpore,
479 3672 620 3726 nihil
647 3670 911 3726 meminit
933 3670 1156 3738 vidisse,
1181 3673 1372 3724 tamen
1402 3669 1694 3739 in_vigiliis
1710 3685 1827 3723 cor-

187 3768 346 3840 poris
389 3766 656 3822 meminit
697 3766 755 3819 in
802 3765 1114 3836 ingluviem
1159 3751 1548 3869 cecidisse.[Si
1583 3779 1714 3818 vero
1758 3779 1824 3818 ex

191 3863 343 3934 turpi
361 3860 705 3933 cogitatione
723 3858 1063 3914 dormientis
1079 3857 1827 3926 oriturillusio'dormientis,

190 3959 348 4028 patet
391 3955 581 4010 animo
609 3959 798 4009 reatus
827 3970 962 4008 suus
986 3953 1166 4021 videt;
1204 3953 1414 4008 etenim
1440 3969 1471 4006 a
1500 3969 1609 4024 qua
1637 3951 1828 4007 radice

191 4049 511 4122 inquinatio
529 4047 625 4102 illa
641 4047 1000 4120 processerit,
1018 4046 1150 4118 quia
1172 4047 1324 4118 quod
1336 4046 1606 4117 cogitavit
1625 4046 1825 4115 sciens,

190 4147 300 4200 hoc
328 4144 560 4216 pertulit
587 4141 860 4198 nesciens.
891 4141 999 4197 Sed
1027 4141 1384 4211 pensandum
1412 4142 1496 4194 est
1521 4141 1644 4210 ipsa
1671 4140 1827 4211 cogi-

191 4239 329 4294 tatio
356 4243 548 4292 utrum
592 4237 650 4292 in
693 4235 1082 4307 suggestione,
1115 4250 1188 4288 an
1217 4234 1274 4286 in
1303 4233 1696 4302 delectatione,
1730 4251 1825 4302 an,

191 4333 342 4405 quod
381 4331 564 4403 majus
609 4335 714 4400 est,
745 4331 804 4384 in
845 4327 1058 4401 peccati
1089 4343 1368 4382 consensu
1399 4327 1686 4381 ceciderit.
1715 4326 1831 4381 Tri-

194 4427 298 4481 bus
326 4427 482 4481 enim
509 4425 694 4480 modis
720 4423 989 4495 impletur
1019 4437 1189 4476 omne
1221 4423 1534 4492 peccatum,
1565 4420 1829 4475 videlicet

193 4520 578 4593 suggestione,
614 4518 1012 4585 delectatione,
1059 4531 1356 4570 consensu.
1404 4513 1707 4586 Suggestio
1743 4517 1830 4569 est

1927 3290 2394 3361 reprehensibilis
2435 3294 2649 3359 exorta,
2685 3295 2750 3346 ut
2789 3291 3019 3363 quidam
3069 3291 3143 3346 ad
3189 3291 3328 3346 sacri
3368 3293 3564 3347 altaris

1929 3383 2263 3454 mysterium
2308 3389 2562 3438 cantores
2607 3384 2913 3456 eligantur,
2944 3389 2998 3439 et
3026 3383 3084 3438 in
3115 3384 3444 3440 diaconatus
3469 3403 3561 3441 or-

1927 3477 2058 3531 dine
2086 3477 2372 3532 constituti
2400 3477 2779 3533 modulationi
2807 3478 2959 3533 vocis
2980 3479 3307 3548 inserviant,
3329 3496 3472 3550 quos
3492 3482 3562 3536 ad

1927 3571 2347 3642 praedicationis
2390 3571 2641 3626 ofﬁcium
2690 3577 2745 3627 et
2791 3572 3279 3644 eleemosynarum
3312 3575 3561 3630 studium

1928 3681 2123 3720 vacare
2172 3665 2540 3736 congruebat.
2583 3666 2740 3722 Unde
2781 3665 2845 3720 ﬁt
2889 3666 3226 3738 plerumque
3259 3673 3320 3723 ut
3356 3669 3428 3722 ad
3474 3686 3558 3724 sa-

1928 3776 2089 3814 crum
2119 3758 2502 3814 ministerium
2530 3760 2668 3815 dum
2697 3759 2909 3814 blanda
2935 3777 3036 3816 vox
3063 3761 3359 3834 quaeritur,
3383 3763 3560 3834 quaeri
3585 3787 3588 3790 ’

1929 3871 2180 3926 congrua
2199 3853 2311 3908 vita
2333 3854 2676 3926 negligatur,
2696 3857 2754 3910 et
2779 3860 2999 3922 cantor,
3027 3855 3290 3910 minister
3314 3857 3558 3924 Domini,

1929 3948 2183 4003 moribus
2209 3948 2553 4018 stimuletur,
2585 3965 2717 4004 cum
2743 3950 3019 4021 populum
3038 3950 3271 4005 vocibus
3299 3951 3560 4007 delectet.
3620 3991 3630 4004 ..

1927 4045 2045 4112 Qua
2073 4044 2144 4098 de
2175 4059 2237 4098 re
2266 4043 2533 4115 praesenti
2555 4044 2782 4099 decreto
2809 4043 3112 4115 constituo,
3134 4049 3197 4100 ut
3217 4045 3273 4099 in
3298 4046 3430 4101 sede
3457 4046 3565 4100 hac

1929 4137 2071 4192 sacri
2095 4137 2289 4192 altaris
2309 4138 2555 4194 ministri
2577 4141 2808 4192 cantare
2832 4155 2944 4194 non
2973 4138 3237 4207 debeant,
3266 4141 3564 4211 solumque

1931 4232 2280 4302 Evangelicm
2301 4231 2560 4286 lectionis
2581 4231 2832 4286 ofﬁcium
2849 4232 3003 4286 inter
3021 4233 3320 4286 missarum
3353 4234 3560 4287 solem-

1932 4325 2028 4378 nia
2074 4326 2379 4379 exsolvant.
2428 4325 2677 4380 Psalmos
2723 4341 2858 4380 vero
2906 4341 2970 4379 ac
3018 4325 3260 4397 reliquas
3297 4326 3563 4381 lectiones

1928 4434 2127 4473 censeo
2158 4434 2261 4488 per
2288 4417 2676 4487 subdiaconos,
2708 4419 2794 4473 vel
2823 4419 2868 4472 si
2904 4420 3206 4473 necessitas
3237 4419 3435 4491 exigit,
3462 4438 3564 4492 per

1928 4511 2177 4566 minores
2213 4510 2442 4565 ordines
2469 4511 2748 4566 exhiberi.
2780 4510 2837 4566 Si
2870 4511 2995 4582 quis
3019 4516 3208 4566 autem
3236 4517 3432 4568 contra
3459 4514 3564 4569 hoc

192 4615 343 4686 quod
371 4614 434 4669 ﬁt
460 4629 563 4685 per
587 4613 904 4678 diabolum;
934 4609 1234 4667 delectatio
1262 4624 1366 4680 per
1394 4623 1623 4663 carnem
1638 4625 1655 4678 ;
1690 4624 1829 4664 con-
1850 4607 1909 4680 D
1934 4605 2223 4660 decretum
2253 4621 2450 4659 meum
2480 4603 2674 4659 venire
2703 4605 3030 4672 tentaverit,
3059 4606 3362 4661 anathema
3390 4606 3477 4662 sit.
3501 4608 3564 4662 Et

193 4725 391 4765 sensus
418 4723 520 4779 per
547 4707 809 4778 spiritum
843 4723 855 4760 :
883 4705 1014 4778 quia
1037 4721 1168 4760 cum
1192 4703 1442 4777 primum
1465 4703 1688 4774 culpam
1710 4719 1824 4758 ser-

191 4820 336 4875 pens
363 4801 663 4874 suggessit,
696 4804 802 4856 Eva
836 4801 988 4854 velut
1034 4816 1166 4854 caro
1209 4799 1487 4854 delectata
1513 4801 1614 4865 est,
1649 4797 1828 4853 Adam

192 4915 325 4952 vero
372 4897 526 4951 velut
576 4895 805 4966 spiritus
859 4892 1164 4949 consensit.
1214 4894 1279 4948 Et
1325 4891 1708 4946 necessarium
1748 4896 1832 4946 est

197 5007 408 5062 magna
426 4989 760 5045 discretione
789 4988 936 5042 inter
956 4987 1405 5059 suggestionem,
1437 4989 1492 5040 et
1511 4985 1830 5041 delectatio-

193 5103 329 5140 nem
355 5089 524 5156 atque
551 5099 890 5138 consensum
904 5081 1156 5153 judicem
1175 5080 1259 5135 sui
1281 5079 1521 5152 prodere
1546 5079 1827 5135 animum.

192 5182 334 5235 Cum
364 5177 517 5231 enim
548 5176 832 5247 malignus
871 5175 1101 5247 spiritus
1138 5177 1435 5246 peccatum
1475 5173 1734 5245 suggerit
1772 5173 1830 5229 in

195 5275 411 5338 mente,
429 5272 474 5326 si
500 5272 655 5326 nulla
674 5271 884 5342 peccati
913 5269 1209 5324 delectatio
1232 5267 1507 5340 sequitur,
1536 5272 1830 5339 peccatum

194 5366 433 5422 omnino
483 5368 874 5437 perpetratum
912 5380 1028 5418 non
1067 5367 1169 5418 est.
1210 5364 1349 5418 Cum
1390 5377 1520 5416 vero
1562 5361 1832 5416 delectari

193 5478 324 5516 caro
351 5460 604 5531 coeperit,
628 5463 764 5514 tunc
794 5459 1090 5529 peccatum
1118 5456 1319 5528 incipit
1352 5455 1522 5510 nasci.
1549 5455 1608 5510 Si
1636 5460 1832 5510 autem

195 5556 366 5611 etiam
404 5555 474 5608 ad
504 5553 935 5609 consensionem
967 5567 1035 5606 ex
1068 5549 1479 5605 deliberatione
1511 5548 1829 5619 descendit,

197 5655 331 5705 tunc
370 5652 664 5720 peccatum
694 5645 1058 5719 cognoscitur
1097 5644 1312 5716 perﬁci.
1361 5645 1424 5698 In
1469 5642 1831 5714 suggestione

199 5744 370 5815 igitur
389 5742 604 5814 peccati
631 5741 860 5796 initium
887 5744 990 5808 est,
1019 5738 1076 5793 in
1104 5737 1482 5792 delectatione
1512 5736 1833 5790 nutrimen-

198 5843 341 5905 tum,
364 5837 422 5891 in
448 5853 724 5892 consensu
752 5834 1044 5907 perfectio.
1064 5834 1129 5886 Et
1149 5848 1298 5902 saepe
1319 5830 1601 5902 contingit
1622 5832 1684 5884 ut
1703 5830 1828 5895 hoc,

197 5931 346 6007 quod
373 5931 663 6002 malignus
690 5929 918 6003 spiritus
950 5926 1192 5983 seminat
1219 5925 1274 5981 in
1303 5925 1665 5999 cogitatione,
1699 5939 1829 5978 caro

1931 4698 2350 4770 responderunt
2375 4714 2612 4753 omnes:
2649 4699 2967 4754 Anathema
2998 4699 3086 4754 sit.

1999 4792 2360 4848 Verecundus
2391 4808 2517 4846 mos
2545 4796 2773 4863 torpore
2795 4791 3210 4847 indiscretionis
3235 4793 3482 4859 inolevit,
3501 4800 3565 4850 ut

1933 4887 2100 4958 hujus
2147 4886 2297 4940 sedis
2343 4885 2701 4957 pontiﬁcibus
2743 4886 2813 4940 ad
2855 4889 3067 4942 secreta
3114 4886 3282 4941 cubili
3343 4888 3565 4943 servitia

1931 4981 2053 5036 laici
2085 4980 2246 5052 puer-i
2278 4997 2343 5035 ac
2369 4981 2665 5035 saeculares
2693 4980 3097 5053 obsequantur.
3133 4983 3352 5036 Etcum
3384 4986 3564 5053 pasto-

1931 5077 2006 5131 ris
2036 5075 2148 5130 vita
2188 5091 2309 5130 esse
2339 5074 2627 5146 discipulis
2657 5091 2887 5146 semper
2929 5075 3134 5130 debeat
3173 5075 3230 5129 in
3273 5077 3562 5147 exemplo,

1931 5173 2263 5243 plerumque
2293 5168 2480 5224 clerici
2512 5168 2697 5240 qualis
2736 5167 2792 5222 in
2824 5172 3039 5224 secreto
3067 5169 3138 5224 sit
3165 5170 3275 5224 vita
3301 5170 3388 5223 sui
3420 5187 3563 5246 pon-

1931 5265 2095 5320 tiﬁcis
2126 5263 2403 5331 nesciunt,
2435 5278 2608 5334 quam
2632 5266 2845 5330 tamen,
2873 5265 2935 5317 ut
2962 5263 3176 5318 dictum
3204 5267 3306 5332 est,
3339 5267 3569 5320 saecula-

1931 5376 2019 5414 res
2045 5357 2206 5430 pueri
2234 5357 2439 5413 sciunt.
2475 5357 2553 5412 De
2581 5373 2692 5428 qua
2718 5373 2779 5411 re
2801 5356 3069 5428 praasenti
3102 5357 3330 5412 decreto
3358 5358 3564 5412 consti-

1930 5459 2028 5509 tuo
2070 5456 2136 5508 ut
2179 5452 2414 5524 quidam
2461 5467 2528 5506 ex
2575 5449 2796 5505 clericis
2839 5450 2926 5504 vel
2974 5450 3143 5505 etiam
3173 5467 3238 5506 ex
3270 5452 3566 5506 monachis

1931 5546 2089 5602 electi
2109 5545 2426 5601 ministerio
2448 5544 2693 5600 cubiculi
2714 5543 3051 5616 pontiﬁcalis
3071 5544 3478 5616 obsequantur,
3505 5550 3568 5600 ut

1932 5640 1996 5707 is,
2026 5640 2125 5712 qui
2152 5641 2210 5695 in
2245 5641 2363 5695 loco
2395 5642 2480 5695 est
2506 5639 2824 5712 regiminis,
2854 5639 3063 5693 habeat
3096 5641 3264 5692 testes
3302 5639 3443 5692 tales
3470 5639 3568 5709 qui

1932 5750 2120 5788 veram
2167 5734 2288 5804 ejus
2326 5733 2384 5788 in
2415 5737 2628 5788 secreto
2677 5732 3160 5788 conversationem
3199 5731 3442 5802 videant,
3469 5731 3567 5804 qui

1931 5844 1998 5880 ex
2026 5826 2243 5881 visione
2272 5826 2470 5881 sedula
2503 5827 2829 5899 exemplum
2860 5826 3145 5898 profectus
3175 5829 3420 5880 sumant.

2000 5917 2362 5974 Consuetudo
2394 5935 2534 5974 nova
2581 5921 2633 5974 in
2667 5920 2902 5976 ecclesia
2941 5920 3045 5976 hac
3086 5923 3144 5975 et
3187 5919 3343 5976 valde
3375 5937 3568 5995 reprc-
