4050 6322
490 369 608 420 1131

1383 363 1662 416 ΑΡΙἘΝΙ).
1704 362 1789 415 ΑΙ)
1829 362 1985 414 8.4111.
2035 360 2117 413 IX.
2148 388 2216 397 —-
2257 359 2496 413 lSIDORl
2537 358 2960 414 MERCATORIS

3720 358 3861 409 H32

483 473 776 528 hensibilis
805 473 1012 542 erupit,
1035 477 1094 525 ut
1111 488 1242 524 cum
1263 474 1513 524 rectores
1539 469 1660 539 ejus
1682 467 2007 539 patrimonii
2030 483 2118 520 ur—
2141 481 2200 552 Α
2221 482 2346 520 mus
2372 466 2445 520 ad
2471 466 2880 537 omnipotentis
2906 465 3003 520 Dei
3031 464 3321 520 servitium
3366 463 3664 529 festinare,
3694 468 3762 517 ut
3788 462 3864 517 ab

484 568 633 621 bana
659 566 747 620 vel
778 565 982 618 rustica
1027 563 1245 634 praedia
1274 563 1407 633 jure
1450 561 1559 616 illis
1597 565 1925 632 competere
1956 576 2119 631 posse

485 645 863 731 suspicantur,
901 657 1078 712 ﬁscali
1120 673 1282 710 more
1325 655 1522 710 titulos
1560 655 1910 726 imprimant,
1952 659 2120 724 atque

484 756 609 820 hoc,
640 752 791 823 quod
821 753 1141 823 competere
1172 749 1518 821 pauperibus
1550 749 1854 815 aestimant,
1883 764 2001 802 non
2026 747 2117 818 ju-

485 846 653 912 dicio,
682 846 781 900 sed
810 844 1077 900 manibus
1106 843 1431 899 defendant.

553 943 620 994 Et
645 956 775 995 cum
802 955 907 1011 per
926 938 1326 1009 praedicatores
1347 953 1479 991 suos
1509 937 1719 992 Veritas
1741 937 1890 991 dicat
1921 954 1934 990 :
1971 957 1993 986 «
2027 935 2116 988 Ni-

481 1034 565 1089 hil
609 1050 713 1105 per
743 1033 1173 1088 contentionem
1216 1030 1436 1101 (Philip.
1469 1047 1528 1097 ιι,
1556 1031 1629 1101 2),
1660 1049 1686 1081 »
1723 1030 1894 1084 etiam
1933 1029 2121 1100 ipsum

480 1123 742 1194 litigiosa:
779 1121 1162 1176 contentionis
1199 1120 1416 1174 malum
1459 1120 1898 1187 transcenditur,
1941 1124 1996 1174 et
2033 1135 2121 1174 res

481 1217 771 1289 quaslibet,
801 1232 933 1270 cum
962 1215 1277 1270 aestimatur
1303 1213 1554 1268 ecclesiae
1581 1231 1742 1285 posse
1769 1216 2118 1285 competere,

483 1312 535 1365 vi
564 1312 810 1365 tenetur.
843 1309 1091 1365 Proinde
1122 1307 1387 1379 praesenti
1419 1307 1644 1362 decreto
1665 1308 1970 1375 constituo,
1990 1309 2055 1361 ut
2075 1306 2124 1361 si

483 1405 608 1476 quis
629 1404 1142 1460 ecclesiasticorum
1172 1420 1427 1476 unquam
1459 1403 1653 1456 titulos
1683 1418 1895 1472 ponere
1926 1401 2040 1454 sive
2063 1400 2120 1454 iu

483 1499 717 1568 rustico,
745 1498 860 1552 sive
883 1498 943 1552 in
974 1499 1198 1554 urbano
1222 1498 1440 1571 praedio
1467 1514 1570 1551 sua
1601 1499 1804 1567 sponte
1836 1511 2116 1566 praesum—

483 1593 677 1664 pserit,
710 1593 1013 1647 anathema
1042 1592 1134 1647 sit.
1161 1594 1228 1647 Et
1248 1591 1664 1662 responderunt
1693 1605 1894 1644 omnes
1926 1607 1937 1642 :
1967 1591 2120 1643 Ana—

487 1687 680 1740 thema
708 1686 797 1740 sit.

555 1781 607 1834 Is
635 1783 831 1834 autem
857 1779 953 1850 qui
980 1782 1182 1850 praeest
1213 1779 1484 1848 ecclesiae,
1515 1779 1562 1832 si
1607 1779 1715 1832 hoc
1748 1779 1831 1831 vel
1859 1777 1977 1848 ipse
2003 1775 2122 1832 ﬁeri

2223 560 2478 614 humana
2510 559 2777 614 servitute
2822 558 2988 614 liberi
3015 559 3075 613 in
3105 558 3296 613 divino
3336 557 3605 629 mysterio
3631 557 3867 611 valeant

2221 654 2282 708 in
2308 653 2670 708 monasteriis
2705 653 3044 708 conversari.
3078 653 3238 717 Quod
3279 652 3324 706 si
3371 650 3578 722 passim
3617 651 3862 706 dimitti-

2223 764 2369 817 mus,
2401 747 2665 802 omnibus
2690 746 2952 818 fugiendi
2979 746 3340 802 ecclesiastici
3359 746 3508 818 juris
3538 744 3864 800 dominium

2222 841 2573 897 occasionem
2604 841 2948 912 praebemus.
2982 841 3035 896 Si
3077 820 3210 895 verc‘)
3249 841 3598 909 festinantes,
3630 838 3704 893 ad
3730 854 3862 893 om-

2221 935 2528 1007 nipotentis
2556 936 2658 990 Dei
2689 935 2982 991 servitium
3025 935 3250 990 incaute
3289 935 3627 1003 retinemus,
3658 933 3741 986 illi
3773 932 3861 985 in-

2223 1030 2484 1084 venimur
2510 1046 2723 1101 negare
2750 1029 3018 1101 quaedam
3046 1030 3145 1100 qui
3171 1028 3326 1084 dedit
3347 1028 3558 1083 omnia.
3585 1026 3745 1081 Unde
3772 1043 3866 1079 ne-

2223 1140 2375 1179 cesse
2411 1128 2495 1178 est
2541 1127 2620 1191 ut,
2658 1124 2704 1177 si
2733 1124 2859 1195 quis
2906 1140 2974 1178 ex
3000 1124 3145 1194 juris
3191 1122 3546 1178 ecclesiastici
3589 1120 3866 1175 servitute

2222 1218 2294 1271 ad
2323 1217 2422 1271 Dei
2449 1217 2742 1272 servitium
2790 1218 3039 1274 converti
3067 1217 3374 1286 desiderat,
3407 1216 3678 1286 probetur
3704 1213 3865 1285 prius

2223 1312 2282 1366 in
2329 1311 2470 1366 laico
2513 1311 2708 1366 habitu
2755 1312 3112 1380 constitutus,
3143 1315 3200 1366 et
3226 1311 3272 1364 si
3298 1326 3488 1365 mores
3515 1309 3663 1363 illius
3689 1312 3863 1378 atque

2223 1405 2578 1461 conversatio
2595 1406 2744 1460 bono
2765 1405 3048 1460 desiderio
3068 1405 3217 1458 illius
3235 1403 3629 1460 testimonium
3645 1402 3861 1467 ferunt,

2222 1499 2433 1571 absque
2469 1501 2581 1554 ulla
2608 1500 2950 1554 retractione
2982 1500 3193 1554 servire
3223 1499 3280 1553 in
3305 1496 3655 1553 monasterio
3683 1495 3866 1550 omni-

2223 1594 2442 1665 potenti
2485 1593 2727 1648 Domino
2757 1593 3137 1664 permittatur,
3171 1598 3227 1648 et
3253 1593 3323 1647 ab
3354 1593 3606 1646 humano
3634 1589 3865 1646 servitio

2222 1687 2367 1742 liber
2395 1687 2638 1756 recedat,
2671 1688 2768 1760 qui
2801 1704 2904 1759 pro
2932 1687 3122 1742 divino
3151 1686 3424 1758 obsequio
3465 1685 3863 1740 districtiorem

2225 1781 2413 1835 subire
2444 1781 2664 1852 appetit
2688 1782 3038 1836 servitutem.

484 1873 760 1944 praecipit,
783 1873 872 1927 vel
892 1872 1012 1926 sine
1040 1889 1141 1926 sua
1161 1871 1543 1944 praeceptione
1569 1871 1785 1926 factum
1812 1869 1988 1941 digna
2015 1886 2120 1940 pu-

2229 1901 2423 1968 Incipit
2471 1901 2696 1968 cpistola
2739 1900 2926 1954 Felicis
2968 1900 3169 1955 Siciliae
3213 1901 3446 1968 episcoPi
3492 1902 3678 1954 sancto
3739 1897 3863 1951 Grc-

489 1966 611 2021 nire
659 1966 1154 2020 animadversione
1204 1966 1539 2036 neglexerit,
1585 1965 1896 2020 anathema
1936 1963 2025 2017 sit.
2059 1965 2125 2018 Et

488 2060 907 2131 responderunt
932 2075 1128 2114 omnes
1166 2077 1178 2113 :
1206 2060 1524 2115 Anathema
1549 2059 1639 2114 sit.

557 2154 712 2209 Sicut
741 2153 1013 2224 indignos
1042 2170 1143 2207 nos
1186 2169 1286 2224 per
1323 2153 1469 2208 beati
1511 2153 1663 2207 Petri
1693 2153 1930 2223 apostoli
1961 2168 2120 2206 reve-

487 2248 729 2302 rentiam
761 2263 922 2301 mens
943 2246 1202 2300 ﬁdelium
1227 2250 1554 2314 veneratur,
1577 2247 1658 2300 ita
1688 2248 1940 2301 nostram
1961 2245 2122 2299 inﬁr-

487 2342 745 2395 mitatem
766 2341 930 2395 decet
950 2339 1310 2410 semetipsam
1331 2355 1555 2410 semper
1585 2355 1912 2410 agnoscere,
1942 2343 1998 2393 et
2023 2340 2122 2392 im-

487 2450 678 2505 pensze
707 2433 812 2486 sibi
844 2432 1225 2488 venerationis
1256 2449 1431 2487 onera
1459 2433 1765 2487 declinare.
1799 2401 1886 2539 Fx
1928 2448 2126 2488 amore

487 2528 697 2598 quippe
719 2526 973 2582 ﬁdelium
996 2527 1163 2597 hujus
1184 2526 1333 2581 sedis
1357 2526 1670 2580 rectoribus
1694 2526 1818 2581 mos
1842 2527 1991 2580 ultra
2011 2542 2125 2580 me-

488 2621 659 2676 ritum
691 2620 898 2692 erupit,
939 2626 1006 2675 ut
1042 2636 1172 2674 cum
1213 2636 1413 2674 eorum
1444 2637 1680 2691 corpora
1710 2620 2004 2674 humanda
2032 2620 2127 2673 de-

489 2716 774 2781 feruntur,
795 2715 917 2768 haec
936 2713 1252 2769 dalmaticis
1271 2719 1595 2784 contegant,
1620 2713 1852 2768 easdem
1869 2713 2126 2768 dalmati-

490 2825 599 2876 cas,
653 2824 756 2879 pro
805 2808 1114 2862 sanctitatis
1159 2807 1492 2876 reverentia,
1541 2808 1765 2862 sibimet
1803 2807 2126 2878 partiendas

492 2901 735 2972 populus
760 2901 996 2969 scindat,
1020 2905 1076 2956 et
1101 2917 1231 2955 cum
1263 2901 1452 2956 adsint
1472 2902 1648 2955 multa
1679 2901 1852 2955 sacris
1879 2902 2126 2971 corpori-

490 2997 592 3050 bus
618 2995 998 3065 apostolorum
1027 2999 1459 3066 martyrumque
1485 2995 1781 3062 velamina,
1801 2999 1856 3049 et
1880 3013 1912 3049 a
1937 3011 2127 3065 pecca-

492 3094 679 3142 torum
709 3104 948 3159 corpore
977 3088 1224 3142 sumitur
1269 3090 1418 3158 quod
1447 3105 1550 3160 pro
1577 3105 1782 3160 magna
1811 3089 2127 3143 reverentia

489 3188 824 3236 reservetur.
852 3183 928 3237 De
952 3198 1066 3254 qua
1096 3198 1158 3235 re
1179 3182 1443 3252 praesenti
1474 3181 1702 3237 decreto
1731 3182 2032 3249 constituo,
2062 3188 2125 3237 ut

489 3277 783 3343 feretrum,
808 3292 919 3347 quo
949 3277 1195 3330 Romani
1215 3275 1494 3347 pontiﬁcis
1524 3293 1729 3347 corpus
1760 3276 1832 3331 ad
1851 3277 2125 3348 sepelien-

489 3371 622 3423 dum
668 3369 910 3436 ducitur,
943 3369 1101 3424 nullo
1135 3370 1389 3441 tegmine
1422 3371 1653 3425 veletur.
1696 3371 1875 3435 Quam
1909 3371 2124 3425 decreti

489 3463 602 3517 mei
630 3480 824 3517 curam
849 3479 1047 3534 gerere
1079 3463 1225 3518 sedis
1251 3463 1422 3533 hujus
1452 3463 1810 3535 presbyteros
1835 3481 1899 3519 ac
1934 3464 2121 3519 diaco-

488 3575 589 3611 nos
621 3574 939 3612 censemus.
992 3557 1050 3613 Si
1099 3557 1224 3628 quis
1276 3574 1408 3612 vero
1441 3575 1505 3613 ex
1552 3575 1750 3613 eorum
1790 3558 1990 3613 ordine
2019 3559 2123 3614 hoc

487 3649 672 3724 281
711 3668 907 3706 curare
925 3652 1264 3724 neglexerit,
1288 3653 1600 3707 anathema
1620 3653 1709 3707 sit.
1734 3655 1800 3708 Et
1820 3653 2125 3725 responde-

486 3751 622 3800 runt
649 3761 846 3799 omnes
879 3763 891 3799 :
923 3746 1240 3801 Anathema
1267 3746 1356 3800 sit.

559 3840 860 3909 Antiquam
883 3840 1118 3893 Patrum
1143 3840 1403 3909 regulam
1424 3856 1692 3911 sequens,
1711 3841 1853 3894 nihil
1873 3857 2125 3911 unquam

491 3933 561 3985 de
579 3931 1036 3985 ordinationibus
1062 3932 1459 4002 accipiendum
1482 3950 1601 3988 esse
1622 3936 1921 4003 constituo,
1943 3951 2127 4006 neque

493 4041 559 4076 ex
601 4023 824 4078 datione
863 4024 1044 4094 pallii,
1092 4040 1276 4094 neque
1323 4042 1392 4078 ex
1435 4026 1734 4080 traditione
1780 4028 2124 4097 chartarum,

492 4132 682 4187 neque
722 4133 789 4171 ex
833 4133 898 4171 ea
935 4133 1107 4187 quam
1133 4134 1279 4171 nova
1313 4135 1413 4188 per
1439 4119 1814 4174 ambitionem
1842 4121 2126 4176 simulatio

493 4209 710 4264 invenit
752 4211 1131 4282 appellatione
1179 4212 1418 4281 pastelli.
1454 4212 1597 4276 Quia
1625 4214 1778 4268 enim
1810 4215 2127 4271 ordinando

494 4305 758 4376 episcopo
776 4305 1031 4375 pontifex
1047 4322 1286 4360 manum
1303 4306 1571 4378 imponit,
1592 4309 1978 4380 evangelicam
1994 4327 2126 4366 vero

491 4398 794 4454 lectionem
838 4397 1098 4454 minister
1141 4399 1296 4470 legit,
1327 4401 1774 4458 conﬁrmationis
1799 4420 1931 4458 vero
1961 4405 2129 4476 hujus

493 4493 792 4563 epistolam
822 4492 1081 4548 notarius
1115 4493 1330 4560 scribit,
1360 4495 1504 4549 sicut
1533 4496 1860 4567 pontiﬁcem
1892 4514 2128 4553 manum

2546 1974 2695 2040 gorio
2729 1987 2886 2041 papae
2923 1973 3285 2026 Romanorum
3310 1971 3534 2024 directa.

2299 2065 2533 2119 Domino
2581 2064 2906 2120 beatissimo
2955 2069 3010 2118 et
3057 2063 3382 2118 honorabili
3432 2067 3624 2118 sancto
3687 2062 3860 2126 Patri,

2227 2160 2523 2223 GREGORIO,
2556 2159 2717 2213 FELix
2743 2162 2936 2212 vestrae
2965 2157 3160 2212 salutis
3188 2162 3429 2212 amator.

2301 2253 2639 2308 Beatissimae
2654 2254 2855 2306 vestra:
2871 2251 3084 2319 salutis,
3105 2268 3168 2306 ac
3186 2251 3497 2306 sanctitatis
3524 2251 3657 2321 jura
3682 2266 3864 2322 penes

2227 2348 2408 2400 Deum
2438 2349 2568 2400 sunt
2595 2346 2914 2413 manifesta,
2958 2345 3096 2400 dum
3134 2344 3630 2416 praedicationibus
3656 2344 3866 2399 scilicet

2227 2441 2564 2512 apostolicis,
2600 2445 2656 2495 et
2685 2440 2958 2494 doctrinae
2987 2456 3136 2494 verae
3179 2439 3312 2494 fidei
3351 2440 3571 2494 cultura
3597 2438 3863 2493 universa

2225 2531 2442 2600 repleta
2473 2529 2544 2582 sit
2565 2535 2737 2596 terra,
2770 2546 2872 2600 per
2898 2528 3223 2583 divinorum
3261 2533 3453 2583 tamen
3479 2527 3862 2582 eruditionem

2226 2623 2604 2694 eloquiorum,
2621 2627 2805 2677 vestra
2815 2621 3528 2676 instruenteadmonitioue
3541 2621 3864 2676 exhortato-

2225 2717 2309 2770 ria
2336 2716 2818 2787 superaediﬁcatur
2844 2717 3159 2771 orthodoxa
3193 2715 3398 2772 Christi
3424 2716 3686 2782 Ecclesia,
3721 2732 3860 2787 apo-

2227 2810 2424 2864 stolica
2445 2810 2802 2866 institutione
2824 2811 3064 2864 fundata
3087 2815 3142 2865 et
3160 2827 3191 2864 a
3215 2810 3476 2864 ﬁdelibus
3493 2809 3758 2864 Patribus
3776 2810 3866 2864 ﬁr-

2228 2905 2480 2959 missime
2493 2904 2780 2958 roborata.
2796 2905 2879 2958 Ad
2893 2921 3067 2975 quam
3084 2921 3177 2958 om
3187 2921 3286 2958 nes
3303 2904 3613 2958 beatissimi
3627 2904 3868 2974 apostoli

2227 2999 2350 3070 pari
2370 2999 2606 3053 honoris
2637 3003 2694 3052 et
2721 2999 3011 3068 potestatis
3039 2999 3322 3053 consortio
3349 2998 3594 3069 praediti,
3625 2999 3866 3070 pOpulo-

2227 3109 2354 3147 rum
2384 3092 2620 3163 agmina
2650 3095 3061 3162 convertentes,
3094 3092 3185 3163 pie
3215 3097 3523 3163 sancteque
3553 3111 3581 3143 ‹(
3611 3092 3684 3146 de
3713 3095 3870 3146 tene-

2145 3177 2215 3298 ά
2227 3186 2343 3240 bris
2372 3186 2441 3240 ad
2467 3187 2662 3240 lumen
2695 3186 2856 3256 (Petr.
2888 3203 2947 3255 ιι,
2980 3187 3032 3256 9)
3066 3206 3092 3238 »
3126 3187 3194 3241 de
3222 3188 3380 3257 lapsu
3409 3185 3765 3241 inﬁdelitatis
3798 3187 3868 3241 ad

2224 3296 2418 3334 veram
2461 3279 2652 3346 fidem,
2697 3281 2764 3335 de
2797 3285 2976 3335 morte
3015 3281 3084 3335 ad
3122 3281 3296 3335 vitam
3330 3281 3615 3349 homines,
3657 3280 3868 3334 divinae

2223 3373 2741 3444 prazdestinationis
2791 3374 2976 3445 gratia
3017 3374 3323 3444 praescitos,
3358 3373 3698 3429 salutaribus
3727 3390 3869 3445 pra:-

2225 3467 2398 3538 ceptis
2431 3483 2494 3521 ac
2522 3467 2750 3521 monitis
2787 3467 3200 3538 perduxerunt.
3241 3469 3493 3532 Quorum
3535 3471 3866 3523 sanctorum

2225 3561 2614 3633 apostolorum
2660 3567 2841 3616 vestra
2894 3562 3215 3616 fraternitas
3257 3561 3588 3617 honoranda
3621 3579 3867 3634 sequens

2225 3655 2448 3721 merita,
2498 3659 2556 3709 et
2594 3656 2903 3726 perfectius
2943 3656 3186 3726 implens
3229 3657 3506 3727 exempla,
3552 3657 3866 3711 Ecclesiam

2227 3750 2323 3804 Dei
2370 3765 2595 3804 morum
2642 3750 2942 3820 probitate,
2973 3754 3029 3805 et
3059 3753 3286 3804 actuum
3330 3749 3626 3805 sanctitate
3652 3751 3864 3806 conde-

2227 3847 2402 3910 corat,
2433 3848 2488 3898 et
2528 3843 2639 3898 ﬁde
2686 3860 2841 3898 sacra
2884 3844 3330 3915 Christianisque
3366 3843 3621 3898 moribus
3646 3844 3863 3914 vigens,

2229 3955 2358 4009 quae
2382 3937 2502 3992 ﬁeri
2529 3940 2641 3993 Deo
2670 3938 2875 4008 placita
2903 3938 3180 4009 praecipit,
3217 3937 3417 3992 studiis
3451 3937 3866 4008 pontiﬁcalibus

2229 4032 2622 4087 indesinenter
2666 4035 2958 4103 operatur,
3009 4037 3065 4086 et
3112 4032 3348 4103 perﬁcit,
3390 4048 3619 4086 servans
3658 4031 3865 4086 divinae

2227 4127 2369 4196 legis
2394 4129 2704 4198 praecepta,
2733 4126 2864 4198 quia
2894 4149 2919 4176 ι(
2947 4142 3064 4181 non
3096 4127 3380 4181 auditores
3403 4125 3544 4196 legis
3565 4126 3708 4196 justi
3738 4131 3868 4181 sunt

2228 4220 2376 4290 apud
2411 4221 2611 4287 Deum,
2647 4243 2674 4269 »
2707 4221 2850 4274 sicut
2874 4225 3066 4275 narrat
3092 4220 3409 4291 Apostolus,
3445 4242 3470 4269 ί(
3499 4221 3593 4274 sed
3624 4221 3868 4275 factores

2228 4313 2371 4384 legis
2409 4314 2871 4384 justiﬁcabuntur
2915 4314 3082 4383 (Rom.
3122 4331 3183 4383 ιι,
3232 4316 3336 4383 13).
3381 4335 3406 4362 ››
3455 4315 3582 4367 Haec
3632 4314 3867 4384 quidem

2227 4407 2589 4474 meditantes,
2618 4408 2905 4479 perlatum
2933 4412 3035 4477 est,
3067 4408 3210 4462 sicut
3237 4425 3270 4461 a
3300 4407 3642 4478 quibusdam
3689 4408 3867 4462 Roma

2228 4501 2605 4567 venientibus,
2650 4518 2745 4554 vos
2787 4502 3122 4572 Augustino,
3179 4501 3466 4556 consodali
3508 4504 3727 4566 nostro,
3769 4518 3870 4572 per

492 4603 610 4641 non
640 4587 819 4656 decet,
854 4604 1025 4658 quam
1058 4587 1303 4659 imponit
1331 4589 1599 4658 vendere,
1635 4590 1710 4645 ita
1737 4591 2015 4658 minister,
2040 4592 2127 4646 vel
2148 4600 2206 4672 D
2229 4594 2619 4649 venerabilem
2649 4595 3009 4650 sanctitatem
3057 4599 3306 4650 vestram
3349 4595 3711 4666 postmodum
3745 4595 3867 4666 epi-

490 4680 742 4735 notarius
763 4698 881 4736 non
909 4681 1099 4751 debet,
1120 4681 1178 4736 in
1201 4681 1560 4738 ordinatione
1587 4683 1728 4754 ejus,
1754 4702 1948 4740 vocem
1967 4702 2130 4740 suam

493 4779 592 4828 aut
623 4776 908 4829 calamum
949 4776 1297 4831 venundare.
1330 4779 1435 4830 Pro
1463 4778 1819 4834 ordinatione
1855 4797 2012 4851 ergo,
2045 4781 2130 4834 vel

493 4869 679 4939 pallio,
710 4886 810 4923 seu
851 4869 1080 4938 chartis,
1113 4875 1284 4941 atque
1322 4872 1572 4941 pastello,
1604 4873 1870 4928 eumdem
1901 4875 1997 4945 qui
2034 4892 2127 4927 or-

491 4960 774 5017 dinandus
816 4969 918 5032 est,
961 4963 1049 5017 vel
1092 4963 1404 5030 ordinatus,
1451 4965 1681 5019 omnino
1733 4967 1948 5037 aliquid
1998 4967 2130 5022 dare

495 5056 787 5124 prohibeo.
822 5059 901 5112 Ex
944 5057 1230 5127 praedictis
1273 5058 1440 5113 rebus
1471 5059 1516 5113 si
1544 5059 1669 5131 quis
1713 5061 1923 5132 aliquid
1973 5078 2126 5115 com-

493 5149 646 5202 modi
694 5151 1070 5221 appellatione
1121 5152 1369 5222 exigere,
1422 5154 1506 5208 vel
1548 5158 1738 5225 petere
1791 5155 1931 5209 forte
1979 5172 2126 5226 prae-

492 5243 816 5312 sumpserit,
871 5244 929 5298 in
965 5245 1219 5301 districto
1264 5247 1679 5320 omnipotentis
1728 5249 1820 5303 Dei
1865 5250 2126 5304 examine

491 5336 673 5391 reatui
719 5338 1026 5408 subjaceat.
1071 5342 1120 5395 Is
1149 5347 1343 5395 autem
1387 5342 1484 5412 qui
1524 5341 1814 5397 ordinatus
1848 5343 2051 5413 fuerat,
2083 5344 2126 5398 si

491 5447 606 5484 non
637 5447 705 5485 ex
731 5431 955 5502 placito,
979 5451 1168 5506 neque
1196 5439 1448 5503 exactus,
1483 5441 1580 5491 aut
1615 5437 1846 5507 petitus,
1879 5442 2004 5508 post
2035 5454 2122 5492 ac-

488 5529 683 5595 ceptas
710 5526 934 5581 chartas
964 5532 1020 5582 et
1046 5528 1281 5598 pallium
1313 5529 1519 5585 offerre
1564 5530 1778 5601 aliquid
1804 5531 2033 5586 cuilibet
2062 5549 2126 5586 ex

487 5618 638 5672 clero
671 5619 869 5690 gratim
901 5623 1296 5676 tantummodo
1322 5640 1488 5678 causa
1513 5625 1777 5693 voluerit,
1810 5625 1917 5680 hoc
1950 5625 2122 5696 accipi

486 5711 642 5764 nullo
691 5714 860 5767 modo
900 5714 1288 5785 prohibemus,
1319 5717 1453 5786 quia
1498 5719 1619 5787 ejus
1663 5719 1876 5774 oblatio
1914 5720 2124 5774 nullam

485 5804 666 5871 culpa:
699 5807 976 5860 maculam
1007 5807 1235 5877 ingerit,
1271 5825 1397 5878 qum
1439 5827 1509 5863 ex
1538 5811 1866 5882 accipientis
1910 5814 2122 5868 ambitu

485 5910 600 5947 non
645 5898 931 5965 processit.
979 5901 1177 5954 Multos
1207 5916 1271 5953 ex
1303 5901 1681 5958 ecclesiastica
1722 5905 1934 5959 familia
1959 5907 2119 5960 novi-

2232 4704 2398 4759 scopo
2427 4690 2744 4759 Anglorum
2772 4688 2927 4758 genti
2957 4689 3242 4756 ordinato,
3274 4694 3330 4744 et
3366 4689 3500 4743 illuc
3525 4688 3760 4757 directo,
3793 4693 3872 4742 at-

2231 4799 2340 4853 que
2369 4782 2564 4854 Anglis
2596 4782 2907 4853 scripsisse,
2937 4799 3080 4854 quos
3109 4783 3246 4837 olim
3272 4783 3342 4838 ad
3368 4783 3540 4838 ﬁdem
3570 4799 3871 4837 conversos

2231 4893 2331 4947 per
2348 4893 2445 4931 vos
2459 4876 2852 4947 cognovimus,
2871 4879 2933 4930 ut
2945 4882 3143 4948 quarta
3154 4877 3430 4949 progenie
3446 4875 3740 4946 conjuncti
3753 4893 3868 4931 non

2231 4972 2590 5041 separentur.
2627 4970 2764 5034 Quae
2807 4971 3157 5025 consuetudo
3198 4971 3414 5026 dudum
3439 4970 3499 5024 in
3528 4970 3654 5037 illis,
3684 4971 3864 5024 autin

2232 5064 2349 5118 istis
2383 5063 2657 5134 partibus,
2688 5065 2918 5135 quando
2945 5081 3058 5119 una
3077 5065 3366 5120 vobiscum
3393 5065 3461 5119 ab
3479 5065 3724 5119 infantia
3755 5081 3865 5118 nu-

2230 5157 2395 5212 tritus
2422 5160 2589 5229 atque
2618 5159 2848 5212 edoctus
2886 5158 2987 5226 fui,
3021 5175 3137 5213 non
3177 5165 3316 5226 erat,
3342 5175 3448 5213 nec
3485 5158 3542 5212 in
3568 5158 3696 5212 ullis
3728 5175 3868 5229 pra:-

2231 5253 2591 5307 decessorum
2612 5257 2929 5307 vestrorum
2951 5253 3190 5307 decretis
3209 5258 3306 5307 aut
3326 5252 3672 5323 reliquorum
3697 5269 3868 5323 gene-

2230 5346 2440 5415 raliter,
2485 5346 2572 5400 vel
2619 5346 2938 5417 specialiter
2986 5349 3218 5401 Patrum
3268 5346 3542 5401 institutis
3582 5346 3722 5417 legi,
3771 5351 3870 5400 aut

2230 5441 2500 5494 hactenus
2527 5440 2598 5494 ab
2631 5439 2758 5493 ullis
2788 5439 3136 5512 sapientibus
3163 5456 3281 5495 esse
3307 5457 3640 5495 concessum
3672 5439 3866 5508 didici,

2228 5533 2327 5587 sed
2358 5549 2586 5605 semper
2631 5549 2812 5604 usque
2857 5534 3166 5605 septimum
3197 5534 3434 5604 originis
3464 5550 3580 5588 sua:
3619 5534 3864 5604 gradum

2228 5628 2332 5682 hoc
2360 5643 2392 5681 a
2419 5626 2627 5682 sanctis
2673 5627 3122 5683 antecessoribus
3153 5628 3370 5696 vestris,
3402 5632 3457 5683 et
3483 5628 3705 5682 caeteris
3746 5645 3868 5682 san-

2227 5720 2330 5774 ctis
2374 5719 2650 5787 Patribus,
2690 5722 2810 5774 tam
2848 5721 2911 5775 in
2955 5720 3180 5777 Nicaena
3224 5721 3438 5793 synodo
3485 5737 3662 5793 quam
3707 5727 3764 5776 et
3809 5722 3865 5774 in

2228 5815 2350 5868 aliis
2381 5813 2588 5868 sanctis
2613 5814 2864 5870 conciliis
2905 5815 3265 5888 congregatis
3295 5815 3503 5870 servari
3545 5815 3755 5871 debere
3785 5832 3867 5870 re-

2227 5909 2370 5979 peri,
2422 5912 2475 5962 et
2517 5926 2547 5963 a
2593 5913 2740 5964 recte
2785 5909 3136 5980 viventibus,
3188 5928 3250 5965 ac
3302 5912 3480 5965 Deum
3531 5910 3866 5966 timentibus
