4050 6370
234 358 362 408 1133

1473 356 1944 413 DECRETALIUM
1984 357 2372 413 COLLECTIO.

3465 367 3594 419 ΗΜ

227 462 558 516 hominibus
605 463 858 518 studiose
903 435 1217 534 praevideri'
1247 466 1505 536 cognovi.
1541 467 1686 521 Dum
1733 467 1856 521 haec
1877 476 1936 549 Α
1957 464 2167 536 ubique
2193 465 2507 536 laetiﬁcans,
2542 484 2656 538 qua
2696 467 2926 538 gloriosi
2951 474 3162 524 sanctae
3195 471 3453 526 Ecclesia:
3485 475 3588 527 Pa-

225 555 520 612 nobiscum
550 557 940 623 versabantur,
977 574 1360 629 supervenere
1408 563 1463 614 et
1490 559 1600 614 alia
1626 561 1695 614 de
1731 561 1854 631 qui-

224 652 329 704 bus
375 650 758 706 necessarium
802 651 968 706 nobis
1013 651 1241 707 videtur
1279 658 1522 708 vestram
1567 654 1860 710 consulere

223 743 640 799 auctoritatem.
691 745 1050 800 Devenerunt
1087 746 1297 818 quippe
1346 748 1415 802 ad
1462 764 1564 802 nos
1606 749 1727 802 tam
1755 749 1856 802 Be-

223 839 482 894 nedictus
526 838 882 894 Siracusanae
928 839 1192 895 Ecclesiae
1239 841 1560 913 episcopus,
1591 858 1764 914 quam
1806 847 1861 898 et

221 933 320 987 alii
346 933 552 988 fratres
580 933 763 988 nostri
795 933 1068 1004 equidem
1097 935 1486 1006 lacrymantes
1516 953 1581 990 ac
1609 936 1859 993 dicentes

225 1043 326 1098 per
349 1027 647 1082 saeculares
674 1033 732 1082 et
772 1026 943 1083 laicos
986 1028 1158 1083 nimis
1204 1045 1263 1085 se
1299 1045 1420 1084 esse
1457 1030 1738 1099 turbatos,
1771 1037 1866 1092 εἰς

224 1137 336 1192 que
367 1121 561 1176 animo
603 1121 846 1176 afﬂictos
874 1138 1044 1193 super
1074 1122 1471 1178 immoderatis
1515 1125 1732 1180 actibus
1759 1143 1852 1180 eo-

224 1230 374 1284 rum,
396 1231 503 1285 pro
526 1214 731 1286 quibus
752 1219 808 1270 et
826 1215 1015 1287 aliqua
1035 1215 1240 1270 merita
1260 1216 1340 1272 eis
1362 1217 1852 1290 impingebantur.

224 1309 366 1363 Sunt
400 1308 572 1364 etiam
623 1309 886 1380 quaedam
934 1309 1184 1364 ecclesiae
1219 1310 1280 1364 in
1328 1314 1524 1366 nostra
1569 1313 1857 1382 provincia

225 1418 397 1472 super
437 1418 684 1473 quarum
729 1403 1246 1459 consecrationibus
1298 1405 1606 1473 dubitatur,
1638 1409 1694 1462 et
1736 1410 1856 1462 tam

223 1501 455 1568 pr0pter
479 1513 676 1551 rerum
701 1497 1102 1569 antiquitatem
1127 1515 1302 1569 quam
1323 1504 1378 1555 et
1397 1504 1631 1572 propter
1657 1519 1854 1557 earum

223 1591 523 1646 custodum
571 1591 878 1659 incuriam,
925 1593 1180 1647 nescitur
1223 1598 1412 1648 utrum
1469 1595 1738 1650 dedicatae
1783 1596 1854 1651 ab

223 1685 503 1756 episcopis
536 1685 750 1740 fuerint
773 1702 988 1756 necne;
1018 1704 1187 1758 super
1214 1688 1420 1759 quibus
1455 1690 1724 1745 omnibus
1753 1707 1855 1745 nos

219 1797 251 1832 a
283 1782 467 1834 vestra
513 1780 827 1850 sanctitate,
860 1797 925 1835 ac
949 1784 1151 1836 vestrae
1197 1781 1346 1836 sedis
1392 1785 1731 1839 auctoritate
1763 1785 1851 1839 in-

219 1874 363 1926 strui
385 1889 707 1943 precamur.
729 1876 796 1930 Et
816 1878 1008 1928 utrum
1037 1891 1100 1929 ea
1119 1892 1268 1947 quae,
1295 1877 1440 1931 sicut
1460 1877 1851 1950 praediximus,
1874 1853 1931 1925 B

219 1982 318 2019 vos
345 1967 582 2037 praefato
608 1968 899 2022 consodali
926 1974 1120 2025 nostro
1147 1971 1464 2041 Augustino
1493 1971 1777 2043 episcopo,
1801 1976 1857 2027 et

220 2061 533 2132 Anglorum
563 2062 721 2132 genti
751 2063 1037 2134 scripsisse
1061 2063 1386 2119 audivimus
1417 2065 1731 2136 specialiter
1751 2066 1851 2135 eis,

219 2172 294 2208 an
320 2154 670 2224 generaliter
695 2156 960 2211 omnibus
998 2157 1209 2228 scripta
1239 2163 1371 2214 sunt
1404 2159 1625 2230 scriptis
1656 2160 1855 2214 vestris

216 2248 398 2302 imbui
429 2249 757 2320 quaerimus,
789 2255 847 2306 et
874 2251 942 2306 de
969 2251 1075 2305 hac
1107 2250 1222 2307 sive
1255 2252 1324 2306 de
1357 2253 1480 2306 aliis
1510 2254 1855 2324 praescriptis

218 2343 392 2397 rebus
417 2342 664 2414 pleniter
687 2343 986 2399 informari
1012 2345 1297 2416 cupimus.
1325 2348 1434 2401 Nos
1457 2346 1610 2402 enim
1637 2365 1701 2402 ea
1727 2365 1853 2419 qua:

217 2436 488 2507 legimus,
517 2439 574 2491 et
605 2438 896 2493 observari
939 2455 974 2494 a
1017 2439 1280 2495 ﬁdelibus
1322 2441 1697 2512 cognovimus
1736 2458 1853 2496 non

217 2530 593 2602 increpando,
619 2532 766 2602 quod
793 2532 954 2601 absit,
980 2533 1135 2587 vobis
1165 2533 1569 2604 signiﬁcamus,
1595 2535 1690 2590 sed
1715 2535 1854 2606 quid

218 2624 651 2696 rationabiliter,
682 2628 741 2680 et
776 2626 1020 2681 fideliter
1064 2643 1235 2697 super
1281 2626 1370 2681 his
1410 2627 1706 2684 observare
1749 2628 1850 2683 de-

218 2718 862 2790 beamus,requirimus.
883 2721 950 2774 Et
967 2721 1240 2792 quoniam
1263 2737 1377 2776 non
1398 2722 1688 2776 modicum
1703 2739 1854 2777 mur-

217 2829 351 2866 mur
377 2828 549 2883 super
572 2814 678 2867 hac
705 2829 765 2868 re
799 2813 1096 2868 nobiscum
1131 2818 1400 2883 versatur,
1431 2815 1568 2886 quid
1612 2832 1852 2887 respon-

217 2907 355 2961 dere
383 2906 672 2976 fratribus,
705 2913 761 2961 et
801 2907 1148 2978 coepiscopis
1199 2909 1408 2963 nostris
1455 2909 1784 2978 debeamus,
1820 2928 1853 2965 a

215 3000 377 3055 vobis
408 3001 570 3071 quasi
590 3018 623 3055 a
643 3001 829 3072 capite
858 3017 1199 3072 responsum
1228 3003 1558 3073 quaerimus,
1586 3020 1654 3058 ne
1682 3020 1854 3074 super

217 3093 306 3148 his
335 3094 609 3164 ancipites
641 3111 1062 3163 remaneamus,
1090 3098 1190 3149 aut
1229 3113 1492 3150 murmur
1522 3097 1702 3151 ullum
1732 3100 1852 3152 tam

215 3189 423 3243 nostris
449 3188 805 3259 temporibus
836 3205 1007 3260 quam
1035 3190 1270 3260 posteris
1298 3190 1450 3243 inter
1479 3208 1601 3257 nos,
1629 3195 1685 3246 et
1715 3191 1852 3246 alios

213 3287 537 3352 remaneat,
571 3299 877 3354 rumorque
925 3288 1126 3353 vester,
1156 3284 1249 3354 qui
1297 3300 1528 3354 semper
1576 3284 1758 3339 bonus
1796 3290 1851 3340 et

217 3376 471 3446 optimus
504 3375 630 3444 fuit,
665 3375 1107 3431 detractionibus
1135 3377 1436 3446 laceretur,
1461 3377 1547 3431 vel
1572 3377 1846 3433 subroda-

216 3475 328 3538 tur,
360 3474 458 3524 aut
499 3486 711 3524 nomen
751 3475 1023 3539 vestrum,
1053 3471 1206 3541 quod
1250 3471 1411 3539 absit,
1446 3473 1846 3542 supervenien-

213 3564 365 3618 tibus
413 3563 766 3634 temporibus
830 3563 1278 3634 blasphemetur.
1327 3566 1437 3619 Nos
1482 3569 1673 3620 autem
1721 3583 1849 3637 quae

216 3661 371 3713 recta
397 3661 530 3711 sunt
562 3661 790 3712 auctore
816 3657 928 3712 Deo
959 3658 1161 3712 humili
1192 3659 1361 3713 corde
1391 3662 1701 3728 servantes,
1737 3677 1850 3714 uno

213 3750 439 3805 vinculo
469 3749 762 3805 charitatis
787 3750 942 3804 vobis
987 3751 1299 3819 constricti,
1330 3755 1578 3806 vestram
1617 3752 1846 3824 religio-

216 3861 351 3900 nem
379 3843 439 3898 in
470 3843 735 3898 omnibus
763 3843 956 3898 ﬁdeles
1002 3844 1220 3898 alumni
1266 3845 1652 3914 defendentes,
1687 3863 1718 3900 a
1751 3863 1843 3900 vo-

213 3938 302 3992 bis
345 3954 474 4009 quee
517 3942 666 3992 recta
727 3943 859 3991 sunt
914 3937 1243 4009 quaerimus.
1294 3937 1514 3994 Scimus
1567 3940 1740 4008 enim,
1789 3943 1850 3995 ut

216 4048 446 4104 semper
461 4036 669 4086 sancta
684 4031 831 4086 sedis
850 4033 1140 4102 praesules,
1156 4032 1343 4103 primo
1367 4034 1626 4104 apostoli,
1645 4035 1848 4090 deinde

216 4142 562 4181 successores
612 4141 811 4180 eorum
856 4126 1116 4180 fecerunt
1152 4144 1248 4180 vos
1280 4127 1616 4182 universalis
1656 4129 1846 4184 Eccle-

207 4197 332 4287 'siaz,
381 4201 452 4314 ﬁt
501 4219 749 4274 maxime
802 4219 1194 4290 episcoporum
1268 4220 1364 4291 qui
1422 4222 1567 4276 oculi
1621 4227 1849 4293 propter

217 4312 758 4384 contemplationem
775 4316 833 4367 et
849 4312 1289 4384 speculationem
1313 4318 1604 4382 vocantur,
1620 4317 1848 4371 Domini

214 4423 412 4462 curam
439 4423 660 4477 gerere,
689 4423 754 4461 ac
784 4407 852 4462 de
879 4406 1154 4478 religione
1177 4412 1233 4461 et
1263 4408 1386 4478 lege
1415 4410 1601 4462 vestra
1621 4410 1846 4465 assidue

215 4499 465 4571 cogitare
497 4499 640 4554 sicut
666 4500 936 4571 scriptum
963 4504 1048 4554 est
1077 4518 1090 4553 :
1137 4522 1163 4548 «
1199 4500 1400 4554 Beatus
1424 4501 1512 4554 vir
1539 4502 1635 4572 qui
1659 4503 1844 4558 medi-

1873 3225 1928 3299 C

1959 559 2074 612 tres
2101 559 2335 629 propria
2376 565 2432 614 et
2477 560 2734 630 piissime
2780 561 3067 633 dogmata,
3097 563 3157 618 in
3208 569 3434 620 mternze
3466 567 3595 620 vita:

1959 650 2184 706 ﬁrmam
2211 653 2599 709 haereditatem
2647 655 2953 725 praedicare
2993 662 3328 714 noscuntur.
3359 661 3428 714 Et
3461 660 3595 714 sub-

1960 745 2189 816 scriptio
2219 763 2233 800 :
2262 748 2614 803 Incolumem
2654 766 2775 819 vos,
2810 753 2866 804 et
2910 751 3028 805 Deo
3073 751 3368 822 placitum,
3399 757 3596 809 sancte

1959 840 2128 894 Pater
2149 841 2384 894 Patrum
2405 845 2660 898 orantem
2687 859 2792 915 pro
2817 843 3003 914 nobis,
3027 845 3298 901 Dominus
3315 847 3595 903 custodiat

1960 932 2018 986 in
2051 949 2254 989 aevum.
2287 938 2488 990 Amen.

2030 1051 2365 1120 Rescriptum
2408 1055 2584 1107 sancti
2628 1053 2872 1136 Gregorii
2907 1071 3072 1125 papae
3118 1058 3282 1113 Felici
3321 1057 3519 1113 Siciliae

2641 1139 2904 1195 episcopo.

2033 1215 2210 1270 Fratri
2249 1216 2721 1272 reverendissimo
2764 1219 2942 1274 FELICI
2991 1222 3346 1292 coepiscopo,
3375 1222 3589 1277 Gnaeo-

1958 1325 2080 1365 IUL'S
2109 1326 2300 1364 servus
2328 1326 2622 1366 servorum
2648 1312 2768 1367 Dei.

2029 1404 2213 1475 Caput
2255 1409 2540 1474 nostrum,
2573 1407 2723 1476 quod
2773 1412 2858 1462 est
2901 1408 3173 1479 Christus,
3218 1411 3291 1465 ad
3336 1412 3444 1465 hoc
3490 1429 3590 1466 sua

1958 1497 2218 1552 membra
2228 1514 2330 1552 nos
2343 1515 2464 1553 esse
2475 1499 2738 1569 voluit,ut
2750 1517 2852 1572 per
2862 1502 2984 1573 ejus
2995 1503 3215 1574 largam
3230 1505 3331 1558 cha
3340 1504 3584 1574 ritatem,

1957 1597 2014 1646 et
2035 1591 2210 1645 ﬁdem
2238 1608 2417 1646 unum
2444 1609 2548 1647 nos
2567 1593 2627 1647 in
2655 1611 2714 1648 se
2744 1611 2950 1666 corpus
2973 1596 3243 1652 efficeret.
3267 1598 3365 1652 Cui
3385 1599 3464 1654 ita
3485 1616 3590 1654 nos

1956 1684 2255 1740 adhaerere
2287 1686 2569 1755 convenit,
2600 1692 2665 1742 ut
2685 1688 2818 1759 quia
2847 1689 2969 1744 sine
2998 1689 3121 1761 ipso
3149 1691 3292 1746 nihil
3324 1708 3442 1747 esse
3468 1709 3588 1764 pos-

1955 1795 2169 1846 sumus,
2196 1795 2302 1849 per
2326 1779 2516 1850 ipsum
2546 1797 2665 1836 esse
2707 1782 2987 1853 possimus
3019 1785 3172 1855 quod
3215 1785 3474 1840 dicimur.
3504 1787 3587 1841 Ab

1954 1889 2084 1927 arce
2114 1872 2312 1943 capitis
2355 1873 2514 1928 nulla
2543 1891 2634 1929 res
2663 1892 2766 1930 nos
2807 1875 3040 1944 dividat,
3071 1894 3142 1932 ne
3170 1878 3240 1932 ab
3271 1895 3339 1933 eo
3372 1879 3437 1948 (si
3469 1881 3589 1950 ejus

1955 1966 2278 2021 membrum
2318 1983 2439 2021 esse
2490 1969 2829 2040 refugimus)
2879 1970 3292 2042 relinquamur,
3335 1979 3392 2028 et
3439 1975 3593 2029 velut

1956 2059 2157 2130 dejecti
2202 2060 2271 2115 de
2315 2060 2428 2115 vite
2472 2061 2736 2132 palmites
2780 2079 3121 2120 arescamus.
3173 2067 3241 2120 Ut
3295 2083 3432 2137 ergo
3481 2069 3590 2122 Re-

1957 2153 2265 2224 demptoris
2306 2154 2481 2209 nostri
2531 2155 2917 2210 habitaculum
2968 2174 3087 2213 esse
3134 2175 3484 2228 mereamur,
3526 2162 3585 2216 in

1954 2246 2252 2302 dilectione
2284 2248 2462 2318 ipsius
2489 2251 2609 2303 toto
2636 2251 2842 2305 mentis
2870 2251 3058 2306 studio
3087 2268 3438 2324 maneamus,
3467 2255 3586 2326 ipse

1955 2356 2202 2411 namque
2228 2341 2308 2395 ait
2331 2358 2343 2395 :
2373 2363 2399 2390 «
2425 2342 2529 2405 Qui
2556 2342 2746 2412 diligit
2774 2360 2889 2413 me,
2916 2361 3237 2401 sermonem
3258 2363 3456 2402 meum
3476 2328 3640 2411 ser-/

1954 2433 2127 2503 vabit,
2161 2439 2216 2489 et
2240 2436 2408 2489 Pater
2438 2452 2602 2490 meus
2629 2436 2832 2508 diliget
2862 2453 3017 2506 eum,
3049 2443 3106 2494 et
3130 2440 3203 2495 ad
3231 2457 3366 2495 eum
3397 2443 3587 2497 venie-

1956 2543 2106 2594 mus,
2137 2530 2193 2582 et
2218 2529 2576 2583 mansionem
2605 2530 2759 2600 apud
2797 2547 2928 2585 eum
2959 2532 3236 2587 faciemus
3262 2533 3436 2606 (Joan.
3471 2553 3583 2602 xiv,

1954 2623 2063 2692 23).
2109 2641 2130 2672 ν
2174 2623 2372 2693 Exegit
2415 2639 2552 2694 ergo
2604 2623 2827 2702 dilectio
2865 2631 2984 2695 tua,
3013 2627 3192 2681 frater
3231 2627 3584 2700 charissime,

1953 2719 2018 2769 ut
2053 2731 2119 2770 ex
2169 2716 2501 2771 auctoritate
2540 2717 2689 2772 sedis
2732 2718 3054 2789 apostolicae
3096 2719 3206 2774 tuis
3249 2721 3589 2778 deberemus

1959 2809 2229 2864 consultis
2278 2810 2646 2881 respondere.
2683 2812 2846 2876 Quod
2889 2811 3022 2868 licet
3065 2830 3182 2869 non
3219 2815 3458 2886 prolixe,
3488 2818 3586 2872 sed

1955 2902 2234 2958 succincte
2267 2919 2438 2973 agere
2469 2904 2884 2975 festinaremus,
2908 2911 3142 2978 propter
3173 2909 3448 2979 quasdam
3477 2910 3584 2965 im-

1954 2997 2356 3067 portunitates,
2391 3014 2520 3069 quae
2546 2999 2756 3055 nostris
2785 3000 3235 3072 impedientibus
3265 3004 3508 3074 peccatis
3529 3004 3586 3060 in

1954 3106 2058 3145 nos
2090 3107 2488 3162 supervenere,
2517 3092 2630 3147 tuis
2665 3098 2858 3150 tamen
2890 3094 3012 3150 haec
3061 3112 3166 3167 per
3200 3096 3419 3169 reliqua
3458 3115 3587 3153 san-

1954 3178 2178 3238 ctorum
2220 3187 2451 3240 Patrum
2485 3186 2749 3241 instituta
2784 3187 2983 3243 studiis
3027 3189 3358 3260 perquirere
3398 3192 3583 3262 latius,

1954 3280 2011 3333 et
2034 3278 2377 3348 investigare
2404 3279 2832 3335 committimus.
2860 3282 2980 3336 Non
3015 3282 3169 3336 enim
3207 3288 3392 3354 potest
3422 3302 3584 3340 mens

1949 3371 2141 3425 attrita
2170 3371 2436 3426 oneribus
2463 3375 2632 3443 atque
2657 3373 3182 3444 importunitatibus
3210 3384 3581 3448 praegravata,

1949 3469 2173 3519 tantum
2197 3464 2330 3518 boni
2356 3481 2647 3536 peragere,
2672 3473 2954 3538 quantum
2975 3468 3255 3524 delectata
3279 3473 3335 3524 et
3354 3487 3584 3542 Oppres-

1950 3557 2203 3612 sionibus
2248 3559 2449 3613 soluta.
2482 3560 2603 3614 Non
2639 3576 2777 3630 ergo
2805 3561 2909 3616 ista
2939 3561 3009 3616 ob
3037 3561 3094 3616 id
3126 3563 3490 3634 pertulimus,
3523 3571 3583 3619 ut

1949 3651 2073 3705 haec
2106 3655 2162 3705 et
2189 3651 2301 3706 alia
2327 3667 2455 3722 quae
2486 3653 2800 3708 necessaria
2836 3653 2958 3710 fore
3003 3656 3444 3727 cognoverimus
3470 3660 3583 3712 tua:

1950 3744 2236 3799 sanctitati
2262 3745 2507 3800 velimus
2538 3746 2847 3818 denegare,
2877 3749 2969 3803 sed
3004 3752 3065 3803 ut
3089 3751 3240 3821 quod
3270 3751 3363 3806 hic
3394 3752 3582 3806 minus

1947 3838 2252 3906 invenitur,
2280 3839 2444 3894 latius
2471 3840 2818 3911 inquiratur.
2853 3843 2931 3896 Ex
2961 3842 3140 3898 tribus
3167 3844 3322 3898 enim
3354 3849 3578 3916 aposto-

1947 3933 2117 3987 licam
2145 3933 2356 4004 sedem,
2389 3933 2446 3987 in
2497 3950 2609 4006 qua
2654 3934 2822 3990 alitus
2848 3952 2907 3990 es
2939 3940 2995 3992 et
3039 3937 3291 4008 edoctus,
3322 3939 3580 4012 capitulis

1949 4027 2350 4081 consulendam
2372 4027 2854 4099 praedecessorum
2881 4034 3113 4086 tuorum
3133 4048 3376 4104 sequens
3396 4049 3582 4090 exem-

1948 4120 2060 4190 pla,
2093 4120 2402 4191 credidisti,
2434 4121 2489 4176 id
2535 4125 2640 4191 est,
2670 4123 2738 4178 de
2786 4125 3298 4197 consanguinitatis
3342 4129 3578 4200 conjun-

1949 4215 2153 4280 ctione,
2186 4218 2242 4267 et
2277 4214 2345 4268 de
2387 4215 2684 4270 vexatione
2730 4217 3128 4288 episcoporum
3169 4237 3200 4273 a
3237 4220 3493 4288 subditis,
3528 4229 3582 4278 et

1949 4307 2017 4362 de
2051 4307 2418 4362 ecclesiarum
2468 4308 2818 4364 dubitatione
2869 4313 3383 4369 consecrationum.
3420 4317 3578 4378 Quod

1946 4401 2123 4472 igitur
2149 4401 2344 4471 scripsi
2372 4401 2705 4472 Augustino,
2737 4404 3050 4474 Anglorum
3093 4406 3249 4476 genti
3289 4408 3570 4480 episcopo,

1949 4497 2183 4549 alumno
2216 4493 2474 4548 videlicet
2501 4498 2564 4548 ut
2586 4495 2906 4550 recordaris
2934 4503 3049 4567 tuo,
3079 4499 3148 4553 de
3178 4501 3574 4572 consanguini-

213 4594 426 4649 tabitur
456 4593 514 4648 in
550 4595 675 4664 lege
725 4593 954 4648 Domini
1001 4593 1092 4647 die
1141 4610 1204 4647 ac
1251 4598 1413 4649 nocte
1439 4593 1605 4666 (Psal.
1640 4613 1677 4664 ι,
1706 4599 1779 4667 2).
1815 4619 1841 4646 »
1869 4603 1924 4674 D
1947 4589 2074 4644 tatis
2099 4588 2517 4660 conjunctione,
2546 4588 2654 4659 ipsi
2681 4595 2737 4643 et
2764 4589 3081 4660 Anglorum
3123 4591 3278 4662 genti
3311 4610 3438 4665 quae
3472 4612 3574 4650 nu-

216 4688 351 4753 Qute
378 4687 672 4742 meditatio
700 4703 818 4742 non
843 4687 1086 4742 lectione
1122 4703 1227 4759 per
1253 4687 1496 4758 ﬁguram
1531 4688 1845 4745 litterarum

214 4785 438 4836 tantum
482 4785 803 4853 conspecta,
835 4782 933 4836 sed
979 4781 1328 4836 exuberante
1371 4782 1431 4835 in
1462 4781 1617 4836 vobis
1641 4783 1847 4838 Christi

218 4875 424 4947 gratia,
451 4875 512 4929 in
536 4879 721 4930 vestra
759 4875 1122 4947 cognoscitur
1151 4874 1497 4931 conscientia
1539 4876 1843 4931 immobili-

219 4973 303 5025 ter
341 4969 526 5023 insita.
581 4968 916 5025 Nullatenus
971 4970 1040 5024 de
1083 4971 1268 5025 vestro
1315 4968 1484 5024 corde
1546 4971 1846 5025 recedente

218 5064 345 5135 lege
393 5062 620 5132 Christi,
668 5067 724 5117 et
761 5062 985 5133 justitia
1031 5064 1256 5118 Domini
1304 5068 1674 5133 sacrosancta,
1706 5065 1849 5118 sicut

220 5158 276 5212 in
315 5156 548 5228 psalmis
595 5156 730 5211 dicit
763 5157 1046 5228 Propheta
1079 5175 1091 5212 :
1126 5177 1153 5210 «
1192 5157 1264 5212 Os
1299 5157 1440 5228 justi
1482 5157 1850 5212 meditabitur

219 5249 580 5322 sapientiam,
613 5255 670 5306 et
696 5251 895 5321 lingua
933 5251 1054 5322 ejus
1097 5251 1365 5323 loquetur
1399 5250 1702 5322 judicium.
1735 5251 1846 5305 Lex

219 5344 318 5400 Dei
346 5345 469 5415 ejus
495 5344 554 5399 in
585 5345 752 5400 corde
780 5344 959 5416 ipsius
990 5343 1153 5414 (Psal.
1195 5362 1380 5415 xxxv1,
1412 5348 1498 5412 30,
1526 5345 1638 5414 31),
1672 5367 1699 5393 »
1733 5361 1846 5399 non

221 5441 569 5507 atramento,
604 5438 703 5494 sed
751 5438 950 5509 spiritu
994 5438 1096 5492 Dei
1143 5438 1253 5493 vivi
1283 5439 1478 5496 vestris
1524 5439 1581 5492 in
1631 5439 1850 5494 arcanis

221 5532 566 5604 conscripta;
619 5549 736 5588 non
783 5532 962 5603 igitur
999 5532 1058 5586 in
1108 5532 1314 5588 tabulis
1357 5533 1613 5605 lapideis,
1655 5533 1749 5588 sed
1791 5534 1848 5587 in

220 5626 425 5681 tabulis
475 5625 682 5682 cordis.
741 5626 1165 5697 Exstinguatur,
1215 5643 1466 5695 oramus,
1508 5626 1708 5682 vestris
1760 5645 1848 5681 sa-

224 5719 589 5790 pientissimis
631 5719 936 5792 responsis,
987 5723 1042 5774 et
1086 5719 1304 5775 auxiliis
1354 5721 1540 5776 omnis
1583 5721 1849 5775 tenebra-

225 5829 349 5867 rum
397 5813 600 5885 caligo,
629 5818 695 5868 ut
742 5813 941 5868 lucifer
982 5813 1145 5868 nobis
1189 5815 1550 5884 resplendeat
1596 5831 1698 5885 per
1732 5832 1848 5882 vos,

226 5907 580 5963 sanctissime
632 5909 814 5978 Pater,
868 5913 924 5963 et
968 5906 1288 5979 dogmatica
1345 5907 1601 5963 deﬁnitio
1653 5925 1853 5964 omnes

1946 4704 2051 4758 per
2076 4688 2147 4743 ad
2175 4687 2346 4742 ﬁdem
2376 4691 2629 4756 venerat,
2658 4703 2730 4741 ne
2757 4704 2789 4741 a
2814 4687 2965 4742 bono
2997 4690 3147 4760 quod
3176 4696 3446 4762 cmperat,
3465 4709 3578 4747 me-

1946 4781 2160 4836 tuendo
2190 4781 2524 4848 austeriora,
2558 4781 2869 4847 recederet,
2901 4782 3218 4853 specialiter
3244 4787 3301 4839 et
3331 4802 3443 4839 non
3479 4803 3574 4857 ge-

1947 4874 2216 4929 neraliter
2242 4875 2463 4930 caeteris
2490 4891 2583 4930 me
2617 4875 2904 4946 scripsisse
2949 4893 3255 4948 cognoscas
3288 4896 3299 4932 :
3339 4879 3493 4934 unde
3523 4886 3579 4936 et

1946 4968 2089 5022 mihi
2125 4968 2312 5023 omnis
2339 4970 2600 5024 Romana
2639 4969 2833 5024 civitas
2878 4970 3036 5025 testis
3085 4970 3293 5025 existit.
3299 4949 3436 5068 [Nec
3481 4974 3575 5027 illa

1948 5061 2269 5117 intentione
2296 5063 2407 5117 illis
2425 5063 2632 5136 scripta
2661 5064 2942 5132 mandavi,
2969 5068 3029 5119 ut
3049 5069 3174 5136 post
3198 5061 3368 5120 ﬁrma
3389 5067 3576 5122 radice

1949 5154 2005 5208 in
2044 5155 2155 5210 ﬁde
2199 5173 2421 5213 summe
2453 5157 2692 5226 solidati,
2727 5157 2772 5211 si
2816 5157 2961 5212 infra
2998 5159 3291 5230 propriam
3335 5177 3576 5216 consan-

1950 5247 2291 5319 guinitatem
2317 5249 2534 5305 inventi
2562 5251 2774 5305 fuerint
2800 5268 2913 5306 non
2939 5256 3293 5322 separentur,
3311 5258 3411 5308 aut
3430 5256 3580 5310 infra

1947 5341 2240 5397 afﬁnitatis
2267 5343 2504 5410 lineam,
2535 5345 2590 5400 id
2621 5349 2724 5413 est,
2754 5363 2935 5418 usque
2967 5346 3040 5400 ad
3069 5347 3371 5417 septimam
3402 5365 3575 5418 gene-

1948 5435 2234 5490 rationem
2263 5436 2717 5508 conjungantur;
2749 5439 2846 5494 sed
2889 5439 3076 5494 adhuc
3106 5441 3232 5494 illos
3261 5442 3578 5513 neophytos

1951 5528 2254 5584 existentes
2295 5529 2604 5600 smpissime
2647 5531 2804 5601 prius
2852 5549 2947 5588 eos
2991 5533 3185 5588 illicita
3231 5535 3490 5602 edocere,
3521 5539 3580 5590 et

1949 5622 2134 5679 verbis
2167 5640 2230 5677 ac
2254 5622 2528 5694 exemplis
2555 5623 2856 5693 instruere,
2885 5630 2943 5681 et
2961 5643 3089 5698 quae
3118 5632 3247 5698 post
3273 5627 3343 5682 de
3372 5627 3578 5683 talibus

1952 5717 2192 5788 egerint,
2217 5715 2629 5771 rationabiliter
2650 5721 2706 5771 et
2734 5717 2983 5773 ﬁdeliter
3003 5721 3303 5776 excludere
3330 5724 3576 5791 oportet.

1952 5814 2088 5867 Nam
2126 5812 2287 5882 juxta
2328 5810 2658 5882 Apostolum
2691 5812 2786 5883 qui
2816 5812 2896 5866 ait
2925 5829 2937 5866 :
2973 5835 2998 5858 ‹‹
3045 5814 3153 5868 Lac
3195 5815 3350 5870 vobis
3377 5821 3574 5887 potum

1955 5906 2081 5964 dedi
2109 5923 2223 5962 non
2257 5921 2443 5961 escam
2481 5907 2524 5974 (Ι
2546 5907 2663 5964 Cor.
2695 5922 2774 5975 ιιι,
2805 5904 2878 5977 2),
2914 5927 2940 5954 »
2978 5905 3086 5960 ista
3123 5905 3235 5961 illis
3267 5909 3437 5965 modo
3467 5927 3578 5966 non
