4050 6368
422 337 556 391 113ἳί

1315 338 1595 392 APPEND.
1639 338 1724 390 AD
1763 335 1918 390 SAEC.
1966 336 2048 390 IX.
2078 363 2145 373 -——
2187 336 2426 390 lSlDORl
2467 335 2888 392 MERCATORIS

3651 339 3794 393 H36

414 447 671 518 posteris,
703 450 765 500 ut
795 463 965 518 supra
1003 446 1217 500 dictum
1259 450 1363 512 est,
1391 444 1744 515 temporibus
1791 443 2043 499 tenenda
2069 455 2127 528 Α
2147 443 2272 514 bus,
2303 448 2402 498 aut
2431 444 2938 515 vituperationibus
2966 443 3263 513 dilanient,
3289 445 3705 515 perpendentes
3725 447 3798 500 il-

416 539 778 606 indulsimus,
814 555 884 594 ne
911 539 1127 594 bonum
1164 537 1316 609 quod
1359 537 1590 592 inﬁrma
1631 537 1817 592 adhuc
1855 536 2046 591 radice

416 633 736 705 plantatum
762 636 900 702 erat,
935 633 1251 702 emeretur,
1284 631 1386 685 sed
1421 633 1671 702 coeptum
1699 631 2045 696 ﬁrmaretur,

416 733 474 782 et
498 743 677 798 usque
729 727 800 782 ad
827 725 1236 797 perfectionem
1273 725 1673 780 custodiretur.
1721 724 1885 794 Sane,
1915 724 1960 777 si
1989 723 2050 778 in

414 821 506 876 his
533 836 692 875 secus
722 836 898 891 quam
925 819 1225 876 debuimus
1254 818 1471 890 aliquid
1499 817 1744 890 egimus,
1775 834 1892 872 non
1922 834 2049 889 pro-

417 917 546 986 pter
585 913 769 985 ipsam
810 913 868 968 in
914 913 1173 968 futurum
1219 913 1577 981 servandam,
1607 912 1703 967 sed
1743 911 2041 966 commise—

415 1008 594 1064 rando
619 1011 809 1063 actum
835 1023 957 1062 esse
987 1023 1311 1079 cognoscas.
1343 1006 1505 1061 Unde
1531 1010 1588 1061 et
1612 1008 1819 1060 testem
1849 1005 2050 1060 invoca

419 1104 623 1169 Deum,
657 1102 756 1172 qui
800 1101 1173 1173 cogitationes
1217 1100 1479 1154 omnium
1524 1100 1681 1154 novit
1724 1098 2046 1167 hominum,

423 1197 641 1267 «-cujus
682 1195 852 1250 etiam
901 1194 1074 1249 oculis
1119 1193 1310 1249 omnia
1357 1192 1514 1248 nuda
1564 1195 1718 1261 sunt,
1747 1196 1805 1247 et
1854 1195 2053 1263 aperta

420 1291 600 1360 (Hebr.
636 1307 709 1360 IV,
746 1289 852 1360 l3).
887 1309 913 1338 »
945 1290 1085 1343 Nam
1133 1289 1181 1342 si
1223 1304 1291 1343 ea
1321 1288 1677 1343 destruerem
1724 1303 1850 1358 quae
1889 1289 2048 1341 ante-

420 1400 664 1439 cessores
727 1383 905 1442 nostri
965 1385 1306 1450 statuerunt,
1357 1397 1475 1436 non
1530 1383 1906 1449 constructor,
1955 1380 2053 1435 sed

422 1494 642 1532 eversor
693 1493 812 1532 esse
845 1477 997 1548 juste
1041 1474 1466 1546 comprobarer,
1506 1478 1747 1530 testante
1793 1474 2054 1530 Veritatis

422 1589 575 1638 voce,
604 1587 732 1642 quae
758 1571 834 1626 ait
867 1588 880 1625 :
920 1592 948 1621 ‹‹
975 1570 1158 1624 Omne
1205 1585 1450 1640 regnum
1492 1569 1551 1623 in
1579 1586 1638 1623 se
1667 1569 1906 1623 divisum
1938 1585 2054 1622 non

425 1665 594 1721 stabit
621 1664 768 1736 (Luc.
801 1681 875 1734 X1,
910 1667 1015 1735 l7),
1045 1686 1072 1713 ››
1120 1666 1178 1718 et
1216 1663 1402 1718 omnis
1446 1663 1703 1730 scientia,
1743 1665 1799 1717 et
1830 1663 1914 1716 lex
1952 1663 2052 1717 ad-

426 1775 654 1813 versum
687 1775 743 1813 se
769 1758 950 1813 divisa
977 1758 1336 1822 destruetur;
1367 1756 1612 1828 ideoque
1641 1771 1869 1811 necesse
1891 1758 1976 1810 est
1996 1760 2057 1810 ut

2148 538 2245 593 lud
2274 537 2603 609 exemplum
2643 538 2850 605 Mariae,
2879 537 3014 610 quia
3042 555 3145 609 pro
3188 554 3254 593 eo
3295 539 3446 610 quod
3476 555 3578 609 pro
3610 539 3797 611 Moysi

2146 632 2358 686 famulo
2387 631 2614 686 Domini
2640 637 2874 704 propter
2902 632 3303 703 [Ethiopissam
3332 633 3576 688 detraxit
3595 634 3790 704 (Num.

2149 743 2243 794 χιι,
2281 727 2349 797 l),
2379 725 2839 780 immundissima
2868 726 3024 796 lepra
3068 727 3311 780 multata
3352 726 3426 780 sit
3462 726 3640 795 (Ibid.,
3675 727 3792 798 10).

2150 821 2217 874 Et
2244 819 2396 874 aliud
2421 818 2732 873 Psalmistaa
2762 835 2775 873 :
2806 838 2834 870 «
2868 819 3046 874 Nolite
3074 823 3310 890 tangere
3336 819 3579 875 christos
3605 836 3794 886 meos,

2151 913 2279 967 etin
2305 912 2596 984 prophetis
2617 912 2757 967 meis
2783 913 2955 966 nolite
2977 913 3280 984 malignari
3299 912 3465 984 (Psal.
3494 930 3599 981 CIV,
3622 915 3732 984 l5).
3759 935 3790 962 η

2150 1008 2218 1062 Et
2247 1007 2306 1061 in
2349 1007 2477 1077 lege
2520 1006 2711 1060 divina
2755 1006 2968 1077 legitur
2999 1024 3011 1061 :
3048 1029 3074 1055 ‹‹
3108 1006 3224 1062 Diis
3253 1023 3371 1062 non
3413 1007 3704 1073 detrahes,
3735 1012 3801 1062 et

2151 1100 2396 1172 principi
2428 1100 2621 1171 populi
2647 1100 2730 1154 tui
2757 1116 2874 1154 non
2904 1100 3204 1155 maledices
3233 1101 3425 1170 (Emod.
3455 1118 3590 1169 χχιι,
3620 1102 3733 1170 28).
3759 1124 3791 1149 ››

2149 1193 3799 1272 ψωωωωωαωωε

2149 1287 3799 1384 mmmam

2154 1381 2388 1437 suorum
2408 1381 2586 1437 vitam
2606 1383 3028 1465 reprehendere
3052 1383 3322 1450 audeant,
3352 1400 3444 1450 ne,
3466 1383 3618 1438 unde
3639 1383 3801 1438 mala

2157 1476 2538 1548 redarguunt,
2561 1476 2694 1532 inde
2726 1493 2828 1548 per
2848 1476 3108 1531 elationis
3134 1476 3448 1548 impulsum
3474 1477 3533 1531 in
3560 1477 3801 1548 profun-

2159 1569 2322 1625 diora
2360 1575 2718 1641 mergantur.
2766 1570 3130 1626 Admonendi
3175 1574 3307 1625 sunt
3334 1571 3507 1626 etiam
3536 1587 3629 1639 ne,
3662 1587 3800 1625 cum

2159 1665 2349 1736 culpas
2406 1664 2841 1736 praepositorum
2888 1681 3120 1720 suorum
3168 1664 3546 1733 considerant,
3591 1670 3801 1720 contra

2159 1775 2254 1813 eos
2282 1759 2612 1813 audaciores
2638 1759 2795 1823 ﬁant,
2825 1759 2922 1813 sed
2963 1760 3039 1813 sic
3083 1775 3281 1814 eorum
3314 1775 3486 1830 prava
3514 1760 3668 1831 apud
3700 1776 3792 1812 se-

428 1851 786 1908 concorditer
812 1851 1007 1907 omnia
1051 1853 1261 1906 statuta
1305 1853 1634 1905 sanctorum
1679 1852 1911 1905 Patrum
1956 1866 2054 1904 no-
2079 1827 2136 1898 B
2160 1853 2432 1923 metipsos
2458 1852 2792 1924 dijudicent,
2814 1856 2879 1906 ut
2895 1852 3083 1907 divino
3102 1853 3307 1908 timore
3335 1853 3625 1907 constricti
3645 1853 3800 1908 ferre

431 1952 677 2002 strorum
703 1949 1026 2016 teneamus,
1051 1945 1193 2000 nihil
1221 1961 1322 2016 per
1347 1943 1772 1999 contentionem
1800 1947 2056 2015 agentes,

433 2041 530 2095 sed
553 2041 624 2095 ad
650 2056 820 2095 omne
843 2039 1096 2094 studium
1115 2039 1282 2094 bona).
1303 2037 1616 2094 devotionis
1640 2037 1958 2105 unanimes,
1982 2037 2062 2091 di-

431 2135 576 2190 vinis
609 2138 666 2190 et
691 2134 1016 2207 apostolicis
1061 2131 1582 2201 constitutionibus,
1615 2131 1921 2186 auxiliante
1952 2134 2058 2186 Do-

433 2228 609 2298 mino,
641 2244 962 2300 pareamus.
1011 2227 1054 2282 0
1096 2243 1268 2298 quam
1315 2226 1464 2280 bona
1509 2229 1594 2280 est
1631 2225 1895 2293 charitas,
1935 2241 2064 2296 quae

436 2322 691 2378 absentia
732 2337 834 2392 per
867 2320 1204 2392 imaginem,
1237 2319 1537 2391 praesentia
1569 2320 1798 2374 sibimet
1839 2318 2066 2374 exhibet

434 2433 539 2487 per
561 2432 837 2483 amorem,
865 2414 1041 2468 divisa
1065 2414 1212 2483 unit,
1242 2413 1475 2468 confusa
1497 2413 1739 2480 ordinat,
1764 2412 2066 2483 inaequalia

437 2510 630 2579 sociat,
648 2509 976 2581 imperfecta
991 2508 1385 2563 consummat!
1411 2507 1596 2572 Quam
1622 2511 1775 2562 recte
1797 2506 2066 2578 praedica-

439 2607 526 2658 tor
555 2603 821 2675 egregius
849 2625 876 2653 ‹‹
906 2603 1194 2657 vinculum
1239 2601 1610 2673 perfectionis
1639 2602 1767 2671 (Col.
1803 2617 1882 2668 m,
1917 2600 2002 2670 14)
2035 2622 2061 2649 ››

438 2703 617 2767 vocat,
657 2697 792 2768 quia
837 2697 1069 2752 virtutes
1113 2696 1348 2767 quidem
1393 2697 1617 2749 caetera:
1659 2694 2066 2766 perfectionem

441 2794 743 2864 generant,
772 2791 870 2846 sed
898 2795 1091 2846 tamen
1112 2807 1208 2845 eas
1239 2789 1481 2864 charitas
1508 2788 1669 2860 ligat,
1689 2793 1751 2843 ut
1777 2789 1847 2843 ab
1871 2805 2064 2842 aman-

441 2861 512 2940 tis
570 2901 768 2940 amore
813 2884 1042 2939 dissolvi
1091 2861 1558 2969 nequeantl’llis
1608 2883 1714 2938 rite
1774 2883 2070 2954 perpensis

443 2978 772 3033 charitative
791 2978 914 3050 jam
943 2977 1106 3032 dictis
1135 2977 1365 3045 indulsi,
1395 2993 1498 3032 nec
1535 2982 1883 3049 praeceptum
1915 2976 2066 3046 dedi,

445 3072 547 3126 sed
573 3071 888 3142 consilium,
922 3088 1108 3143 neque
1143 3070 1424 3142 regulam,
1454 3071 1512 3125 in
1550 3071 1636 3124 his
1676 3069 1913 3141 posteris
1943 3071 2072 3125 ullis

445 3166 754 3221 tenendam
801 3165 1032 3234 tradidi,
1081 3164 1182 3219 sed
1219 3165 1288 3219 de
1337 3164 1557 3218 duobus
1601 3164 1879 3235 periculis,
1921 3164 2073 3236 quod

446 3259 663 3314 facilius
708 3260 777 3314 sit
820 3259 1141 3328 vitandum,
1187 3258 1430 3314 ostendi.
1481 3259 1537 3313 Si
1583 3258 1758 3329 igitur
1801 3258 1860 3312 in
1910 3259 2075 3313 rebus

447 3353 803 3408 saecularibus
843 3369 1012 3408 suum
1045 3352 1246 3424 cuique
1284 3352 1380 3423 jus
1407 3354 1465 3406 et
1493 3351 1759 3424 proprius
1783 3352 1920 3406 ordo
1954 3368 2072 3406 ser-

447 3448 668 3503 vandus
707 3453 807 3517 est,
839 3450 1051 3520 quanto
1096 3447 1283 3518 magis
1315 3447 1373 3501 in
1417 3445 1800 3501 ecclesiasticis
1839 3446 2073 3516 disposi-

449 3543 718 3610 tionibus,
747 3543 900 3596 nulla
928 3541 1096 3596 debet
1124 3539 1318 3595 induci
1346 3540 1623 3608 confusio,
1654 3557 1726 3596 ne
1756 3540 1832 3595 ibi
1861 3539 2074 3594 discor-

452 3639 544 3692 dia
564 3639 748 3692 locum
770 3636 1043 3702 inveniat,
1065 3635 1216 3690 unde
1242 3635 1397 3706 pacis
1417 3635 1627 3689 debent
1645 3634 1796 3689 bona
1813 3634 2080 3706 procede-

453 3749 509 3787 re
522 3732 549 3786 ‘2
570 3731 731 3796 Quod
747 3732 850 3786 hac
867 3730 1088 3786 ratione
1109 3729 1444 3799 servabitur,
1459 3728 1506 3782 si
1526 3728 1666 3783 nihil
1682 3728 1969 3799 potestati,
1985 3728 2080 3784 sed

451 3830 633 3881 totum
654 3824 913 3896 aequitati
935 3824 1220 3879 tribuitur.
1239 3821 1432 3896 282
1459 3823 1821 3894 Quapropter
1834 3822 2081 3878 multum

453 3937 548 3976 cor
576 3921 836 3973 nostrum
879 3917 1270 3989 magnitudini
1314 3922 1512 3971 vestrae
1557 3917 1895 3987 congaudet,
1930 3917 2082 3987 quod

454 4015 531 4068 sic
557 4030 653 4067 vos
679 4013 737 4067 in
757 4011 956 4067 vestris
975 4011 1192 4066 actibus
1223 4010 1505 4065 studiosos
1535 4010 1872 4077 invenimus,
1894 4013 1960 4064 ut
1988 4026 2083 4064 vos

455 4111 512 4161 ct
535 4106 713 4162 nostri
741 4122 936 4160 curam
967 4104 1240 4174 habeatis,
1269 4107 1326 4158 et
1361 4103 1494 4158 talia
1542 4103 1864 4158 suscitando
1894 4104 2080 4174 inqui-

459 4217 581 4256 rere
623 4198 917 4266 studeatis,
950 4202 1232 4270 quatenus
1263 4201 1320 4251 et
1363 4197 1498 4252 talia
1537 4196 1714 4266 vobis,
1745 4214 1861 4253 non
1900 4197 2084 4253 solum

455 4295 605 4366 apud
634 4292 897 4349 homines
924 4291 1185 4364 gloriam,
1219 4291 1317 4346 sed
1349 4295 1406 4347 et
1433 4291 1584 4364 apud
1632 4292 2084 4364 omnipotentem

459 4391 636 4444 Deum
672 4387 909 4460 praemia
935 4386 1214 4442 mercedis
1239 4385 1552 4457 inquirant.

527 4484 806 4539 Caeterum
823 4498 992 4554 super
1006 4481 1300 4536 vexatione
1315 4481 1740 4552 episcoporum,
1763 4479 1833 4534 de
1857 4496 1968 4552 qua
1984 4497 2088 4535 nos

2159 1947 2262 2002 sub
2295 1947 2375 2002 eis
2408 1947 2618 2018 jugum
2665 1946 2998 2001 reverentiae
3045 1963 3162 2001 non
3201 1951 3486 2012 recusent,
3515 1946 3798 2018 quoniam

2159 2040 2308 2095 facta
2335 2040 2756 2112 episcoporum,
2780 2041 2868 2094 vel
2896 2040 3336 2112 prtepositorum
3363 2040 3475 2095 oris
3502 2041 3692 2112 gladio
3710 2041 3800 2095 fe-

2162 2134 2365 2188 rienda
2405 2151 2522 2189 non
2571 2137 2722 2202 sunt,
2757 2133 2927 2188 etiarn
2958 2151 3088 2188 cum
3130 2137 3281 2190 recte
3319 2134 3798 2205 reprehendenda

2162 2228 2477 2298 videantur,
2509 2229 2784 2299 quoniam
2811 2247 2844 2283 a
2878 2228 3388 2300 praedecessoribus
3431 2228 3658 2295 nostris,
3678 2233 3738 2282 et
3769 2244 3804 2281 a

2164 2321 2401 2393 reliquis
2427 2323 2619 2376 multis
2641 2323 2849 2376 sanctis
2871 2325 3144 2377 statutum
3175 2323 3294 2377 fore
3321 2323 3713 2394 cognovimus,
3740 2326 3805 2376 ut

2164 2433 2294 2471 oves
2315 2419 2570 2486 pastores
2585 2432 2717 2471 suos
2737 2416 2936 2472 leviter
2957 2433 3074 2472 non
3105 2416 3552 2488 reprehendant,
3573 2433 3679 2470 nec
3699 2432 3802 2470 eos

2166 2509 2473 2577 criminari,
2518 2511 2604 2564 vel
2655 2527 2918 2565 accusare
2970 2513 3338 2582 praesumant,
3389 2511 3522 2581 quia
3564 2526 3698 2564 cum
3742 2510 3804 2564 in

2166 2604 2486 2676 prmpositis
2515 2604 2722 2658 nostris
2748 2603 3150 2675 delinquimus,
3176 2605 3300 2674 ejus
3326 2603 3673 2658 ordinationi
3702 2604 3805 2674 qui

2168 2713 2263 2752 eos
2303 2698 2468 2753 nobis
2512 2697 2758 2769 praetulit
2799 2697 3091 2752 obviamus
3141 2698 3307 2767 (Rom.
3342 2714 3459 2766 xm,
3512 2697 3586 2766 2).
3639 2698 3804 2752 Unde

2168 2793 2378 2863 Moyses
2409 2808 2539 2846 cum
2573 2797 2773 2847 contra
2801 2807 2859 2846 se
2898 2797 2955 2846 et
2982 2793 3170 2846 Aaron
3212 2792 3487 2862 populum
3530 2790 3808 2862 conqueri

2170 2885 2544 2957 cognovisset,
2563 2887 2674 2940 ait:
2700 2905 2726 2936 «
2750 2887 2859 2940 Nos
2882 2885 3038 2940 enim
3058 2885 3194 2957 quid
3221 2886 3453 2940 sumus?
3472 2886 3581 2940 Nec
3601 2890 3807 2939 contra

2171 2997 2273 3034 nos
2319 2984 2405 3034 est
2457 2995 2720 3033 murmur
2765 2982 3039 3047 vestrum,
3084 2979 3178 3034 sed
3236 2983 3434 3034 contra
3492 2977 3807 3033 Dominum

2174 3073 2368 3143 (Emod.
2399 3089 2509 3140 1m,
2529 3073 2602 3144 8).
2635 3094 2661 3122 ››
2695 3074 3048 3144 Quapropter
3074 3072 3419 3128 admonendi
3441 3077 3574 3127 sunt
3592 3071 3808 3126 subditi

2173 3168 2469 3239 utriusque
2518 3166 2730 3222 ordinis
2764 3166 2887 3235 viri,
2927 3171 2990 3222 ut
3030 3183 3160 3222 cum
3203 3167 3611 3237 magistrorum
3662 3166 3810 3221 facta

2175 3260 2546 3332 conspiciunt,
2581 3261 2652 3315 ad
2690 3277 2788 3315 cor
2816 3277 2982 3314 suum
3017 3260 3273 3330 redeant,
3302 3263 3360 3316 et
3384 3260 3452 3315 de
3481 3276 3686 3314 eorum
3717 3259 3807 3313 in-

2177 3354 2594 3427 crepationibus
2609 3371 2726 3408 non
2743 3357 3111 3425 praesumant,
3132 3372 3159 3405 «
3179 3353 3311 3425 quia
3327 3369 3442 3408 non
3460 3356 3546 3407 est
3566 3353 3813 3424 discipu-

2177 3449 2262 3502 lus
2304 3464 2471 3519 super
2517 3448 2876 3518 magistrum,
2910 3464 3017 3502 nec
3062 3464 3254 3502 servus
3299 3461 3471 3518 super
3509 3446 3811 3500 dominum

2179 3559 2345 3597 suum
2367 3543 2582 3612 (Matth.
2607 3559 2662 3608 x,
2681 3543 2790 3611 24).
2809 3564 2834 3590 ››
2860 3543 2936 3596 De
2959 3541 3379 3597 dedicationum
3399 3557 3532 3594 vero
3552 3540 3813 3596 ecclesia-

2179 3653 2308 3690 rum
2328 3636 2678 3691 dubitatione
2698 3653 2868 3707 super
2881 3652 2990 3708 qua
3006 3652 3107 3690 nos
3125 3635 3277 3690 inter
3290 3638 3497 3690 catera
3515 3635 3813 3690 consulere

2181 3729 2451 3796 voluistis,
2484 3730 2593 3784 hoc
2619 3747 2714 3784 vos
2740 3729 2844 3784 rite
2875 3733 3067 3784 tenere
3103 3729 3317 3784 debetis
3343 3727 3499 3800 quod
3541 3728 3611 3782 ab
3654 3732 3812 3784 ante-

2182 3823 2495 3880 cessoribus
2540 3823 2747 3878 nostris
2796 3823 3070 3878 traditum
3112 3822 3451 3894 accepimus,
3499 3821 3557 3875 id
3606 3824 3713 3892 est,
3758 3826 3816 3876 ut

2183 3919 2403 3990 quoties
2428 3921 2546 3972 tam
2578 3917 2647 3972 de
2674 3917 2956 3988 baptismo
2999 3917 3345 3988 aliquorum,
3375 3915 3464 3970 vel
3511 3915 3812 3970 conﬁrma-

2185 4012 2359 4077 tione,
2388 4027 2559 4082 quam
2589 4016 2646 4065 et
2667 4011 2735 4065 de
2760 4010 3122 4065 ecclesiarum
3149 4009 3569 4065 consecratione
3599 4009 3818 4064 dedica-

2186 4107 2407 4162 tionum
2427 4106 2485 4160 in
2505 4106 2744 4160 dubium
2771 4106 3031 4175 habetur,
3057 4108 3115 4160 et
3142 4123 3248 4160 nec
3275 4104 3514 4175 scriptis,
3530 4120 3635 4159 nec
3657 4105 3813 4164 testi-

2185 4202 2290 4255 bus
2315 4204 2467 4255 certa
2497 4200 2639 4254 ratio
2667 4200 2928 4267 habetur,
2963 4205 3156 4255 utrum
3187 4198 3473 4271 baptizati,
3500 4199 3589 4252 vel
3619 4199 3819 4252 conﬁr-o

2189 4294 2346 4362 mati,
2375 4295 2489 4348 sive
2518 4294 2767 4348 ecclesia:
2805 4297 3150 4348 consecratis
3191 4293 3322 4360 sint,
3353 4297 3418 4347 ut
3457 4292 3818 4363 baptizentur

2187 4390 2346 4458 tales,
2398 4405 2462 4443 ac
2518 4389 2956 4455 confirmentur,
3009 4393 3180 4459 atque
3227 4387 3479 4441 ecclesias
3528 4387 3817 4440 canonica:

2189 4483 2540 4549 dedicentur,
2573 4499 2642 4536 ne
2689 4481 2815 4535 talis
2863 4481 3141 4536 dubitatio
3190 4480 3352 4534 ruina
3391 4479 3652 4534 fidelibus
3700 4481 3814 4547 ﬁat,

459 4577 754 4633 consulere
777 4575 1050 4645 voluistis,
1073 4575 1278 4631 scimus
1297 4575 1429 4646 quia
1454 4575 1626 4629 nullis
1652 4575 1762 4629 vita
1782 4576 2088 4645 praesulum
2111 4573 2168 4646 D
2192 4576 2462 4648 quoniam
2488 4592 2606 4630 non
2642 4578 2997 4630 monstratur
3042 4576 3306 4629 iteratum
3339 4573 3488 4644 quod
3516 4589 3629 4627 non
3662 4573 3824 4628 certis

460 4671 782 4744 perturbari
813 4670 1019 4726 debeat
1057 4670 1397 4740 excessibus,
1429 4669 1562 4740 quia
1585 4669 1747 4724 valde
1790 4667 2091 4740 indignum

459 4769 541 4822 est
567 4769 632 4820 ut
662 4765 722 4820 hi
747 4765 845 4837 qui
874 4764 1069 4819 throni
1100 4764 1196 4818 Dei
1226 4766 1520 4830 vocantur,
1551 4762 1743 4833 aliqua
1771 4762 2026 4817 motione
2059 4779 2092 4817 a

461 4859 691 4932 reliquis
735 4860 818 4914 vel
863 4858 1103 4913 subditis
1144 4857 1479 4923 turbentur;
1514 4855 1790 4926 quoniam
1831 4855 1875 4908 si
1922 4855 2090 4909 David

460 4971 662 5025 regum
699 4952 1046 5025 justissimus
1072 4952 1130 5005 in
1178 4951 1331 5017 Saul,
1366 4966 1537 5021 quem
1579 4949 1875 5004 constabat
1898 4950 2015 5019 jam
2061 4966 2093 5003 a

461 5047 699 5102 Domino
728 5046 1095 5117 reprobatum
1127 5050 1182 5098 et
1207 5044 1490 5114 abjectum
1519 5058 1659 5110 esse,
1693 5059 1928 5096 manum
1957 5044 2090 5097 mit-

464 5147 583 5194 tere
612 5157 724 5194 non
768 5139 1130 5210 praesumpsit
1157 5139 1208 5208 (Ι
1231 5141 1356 5207 Reg.
1385 5153 1533 5205 xxrv,
1568 5137 1638 5206 7),
1673 5140 1884 5208 quanto
1913 5137 2093 5208 magis

461 5233 774 5287 cavendum
799 5237 901 5301 est,
928 5249 998 5286 ne
1027 5248 1262 5285 manum
1292 5229 1675 5299 detractionis,
1698 5234 1794 5284 aut
1820 5231 2093 5302 vitupera-

462 5327 633 5396 tonis,
649 5326 761 5380 sive
787 5325 1225 5392 indiscretionis,
1247 5328 1344 5380 aut
1370 5324 1840 5380 dehonorationis
1858 5324 2092 5396 quidam

462 5421 690 5476 mittant
720 5419 776 5474 in
804 5424 1042 5474 unctum
1072 5419 1314 5487 Domini,
1347 5420 1427 5473 vel
1456 5419 1515 5473 in
1546 5418 1944 5490 praedicatores
1965 5436 2088 5474 san-

463 5519 565 5572 cta:
592 5514 872 5581 Ecclesia,
903 5513 1038 5585 quia
1068 5529 1263 5569 eorum
1294 5513 1534 5582 vexatio,
1563 5513 1677 5569 sive
1714 5513 1990 5568 detractio
2020 5515 2092 5568 ad

461 5609 751 5666 Christum
795 5607 1066 5681 pertinet,
1093 5608 1250 5679 cujus
1288 5608 1405 5663 vice
1437 5608 1495 5662 in
1541 5607 1780 5662 Ecclesia
1810 5608 2094 5678 legatione

463 5707 781 5776 funguntur
809 5704 884 5775 (II
909 5705 1028 5761 Cor.
1058 5719 1109 5769 v,
1137 5697 1460 5782 20)?(Unde
1501 5718 1864 5773 summopere
1895 5718 2091 5756 caven-

465 5798 600 5851 dum
633 5802 719 5852 est
742 5797 1006 5854 omnibus
1032 5796 1290 5851 ﬁdelibus
1332 5813 1402 5850 ne
1429 5797 1701 5863 clanculo,
1731 5800 1830 5850 aut
1874 5795 2094 5866 publice

465 5891 792 5962 episcopum
824 5909 1010 5962 suum,
1030 5892 1082 5949 id
1108 5894 1210 5960 est,
1234 5893 1464 5948 unctum
1494 5890 1716 5945 Domini
1740 5887 2094 5945 detractioni-

2192 4669 2412 4725 indiciis
2429 4669 2749 4724 ostenditur
2769 4669 2875 4724 rite
2894 4673 3206 4740 peractum.
3228 4669 3352 4722 Haec
3370 4683 3490 4733 nos,
3505 4666 3822 4722 adminicu-

2192 4765 2342 4819 lante
2371 4763 2560 4818 divina
2591 4763 2773 4835 gratia
2801 4763 2883 4817 ita
2925 4767 3120 4817 tenere
3153 4761 3436 4834 cupimus,
3467 4760 3734 4832 vobisque
3764 4765 3821 4814 ut

2194 4857 2517 4928 postulastis
2545 4861 2741 4912 tenere
2773 4860 2830 4911 et
2855 4856 3060 4911 docere
3088 4855 3452 4920 mandamus,
3475 4859 3531 4908 et
3559 4870 3624 4909 ea
3646 4870 3772 4924 qua
3795 4872 3826 4908 a

2194 4951 2396 5005 sanctis
2422 4950 2681 5005 Patribus
2708 4955 2838 5005 ante
2871 4967 2972 5004 nos
3001 4954 3134 5004 sunt
3166 4952 3396 5016 statuta,
3416 4964 3534 5002 non
3565 4952 3825 5018 proterve

2196 5045 2638 5115 interrumpere,
2659 5045 2754 5099 sed
2781 5043 3025 5098 ﬁdeliter
3040 5059 3265 5098 servare
3288 5042 3652 5097 mandamus.
3676 5041 3826 5097 Unde

2198 5139 2591 5209 Redemptoris
2621 5139 2799 5193 nostri
2835 5138 3286 5195 misericordiam
3315 5139 3716 5204 exoramus,ut
3732 5152 3824 5189 sua

2195 5232 2347 5286 vobis
2376 5232 2435 5286 in
2473 5231 2739 5287 omnibus
2787 5233 2968 5301 gratia
3017 5231 3364 5301 suffragetur
3392 5235 3450 5284 et
3491 5229 3694 5284 elfectu
3735 5246 3825 5282 vos

2194 5327 2432 5397 implere
2487 5326 2700 5380 tribuat
2749 5325 2899 5396 quod
2956 5327 3098 5380 velle
3154 5323 3444 5379 concessit.
3493 5322 3825 5393 Progeniem

2194 5437 2324 5476 vero
2351 5436 2510 5474 suam
2530 5435 3004 5490 unumquemque
3037 5420 3108 5473 de
3137 5418 3225 5473 his
3253 5417 3352 5489 qui
3382 5416 3623 5471 ﬁdeliter
3654 5416 3826 5471 edocti

2195 5518 2252 5568 et
2270 5515 2393 5585 jam
2422 5513 2586 5568 ﬁrma
2612 5513 2799 5567 radice
2827 5512 3065 5584 plantati
3095 5515 3266 5579 stant,
3289 5511 3633 5566 inconvulsas
3657 5526 3825 5580 usque

2193 5609 2259 5662 ad
2288 5605 2589 5679 septimam
2629 5606 2930 5661 observare
2975 5605 3338 5661 decernimus
3376 5603 3823 5675 generationem,

2193 5707 2247 5756 et
2271 5701 2526 5772 quandiu
2553 5717 2611 5755 se
2634 5705 2952 5770 agnoscunt
2976 5700 3246 5754 afﬁnitate
3268 5698 3621 5770 propinquos
3644 5697 3713 5751 ad
3734 5697 3824 5750 hu-

2185 5795 2280 5864 jus
2306 5795 2525 5866 copulze
2551 5812 2666 5849 non
2693 5795 2961 5850 accedere
2995 5795 3347 5858 societatem,
3372 5808 3477 5846 nec
3509 5808 3638 5846 eam
3667 5807 3825 5861 quam

2197 5888 2396 5959 aliquis
2423 5905 2484 5943 ex
2511 5889 2737 5960 propria
2765 5888 3259 5960 consanguinitate
3282 5887 3584 5957 conjugem
3609 5885 3821 5950 habuit,
