4050 6304
225 341 355 392 1137

1451 340 1916 397 DECRETALIL'M
1954 341 2339 398 COLLECTIO.

3447 357 3577 408 H38

212 451 301 504 vel
331 451 517 523 aliqua
541 450 738 505 illicita
763 451 1074 522 pollutione
1093 453 1398 507 maculavit
1423 453 1480 506 in
1501 452 1839 523 conjugium
1863 465 1922 538 Α
1941 452 2133 507 cordia
2169 453 2538 508 collaudetur.
2572 455 2745 526 Cujus
2787 457 2942 511 vobis
2987 457 3185 512 adesse
3215 462 3579 530 praesentiam

211 545 420 600 ducere
447 543 549 599 ulli
576 545 833 615 profecto
869 544 1318 600 Christianorum
1363 545 1492 601 licet
1517 545 1604 600 vel
1629 545 1837 612 licebit,

212 638 350 709 quia
395 637 642 692 incestus
670 643 757 693 est
795 639 922 693 talis
961 639 1159 708 coitus,
1191 641 1247 694 et
1276 639 1674 694 abominabilis
1700 640 1838 706 Deo,

209 735 266 787 et
289 732 510 786 cunctis
544 731 706 787 bonis
735 732 1087 789 hominibus.
1123 734 1470 788 lncestuosos
1508 749 1643 787 vero
1681 733 1839 787 nullo

211 826 467 897 conjugii
517 826 748 883 nomine
789 827 1163 898 deputandos,
1197 831 1254 881 et
1286 843 1320 882 a
1348 827 1556 881 sanctis
1585 827 1842 881 Patribus

211 921 430 976 dudum
461 924 736 976 statutum
757 937 878 976 esse
908 921 1151 992 legimus
1179 939 1211 975 a
1236 922 1350 975 Deo
1372 923 1636 976 nolumus
1661 937 1762 975 nos
1782 921 1842 975 in

212 1014 319 1069 hac
345 1031 407 1069 re
440 1031 474 1070 a
503 1014 719 1070 caeteris
745 1014 1013 1069 ﬁdelibus
1038 1014 1406 1086 reprehendi,
1437 1015 1567 1086 quia
1601 1014 1754 1085 quod
1782 1015 1839 1068 in

212 1108 302 1162 his
347 1108 431 1163 illi
459 1109 773 1180 Anglorum
815 1109 975 1180 genti
1017 1108 1379 1175 indulsimus,
1433 1125 1546 1163 non
1595 1109 1839 1163 formam

210 1202 422 1272 dando,
462 1203 558 1258 sed
589 1202 1124 1269 considerationem,
1162 1219 1235 1258 ne
1277 1202 1712 1259 Christianitatis
1747 1203 1842 1257 bo-

213 1312 354 1350 num
379 1297 532 1368 quod
569 1299 854 1367 coeperant
890 1295 1293 1368 imperfectum
1333 1295 1687 1351 dimitterent
1715 1297 1838 1368 egi-

213 1407 361 1444 IDUS.

282 1484 427 1549 Quia
451 1500 589 1556 ergo
620 1485 727 1539 hac
751 1484 810 1538 in
841 1499 900 1540 re
928 1487 1086 1539 tanto
1121 1485 1422 1540 commoda
1449 1483 1841 1540 retributionis

208 1583 556 1645 accrescunt,
588 1580 805 1649 quanto
834 1581 892 1632 et
920 1579 1176 1633 studium
1203 1578 1414 1633 laboris
1442 1580 1704 1649 augetur,
1736 1595 1838 1649 pa-

213 1677 378 1727 terna
400 1689 501 1728 vos
525 1672 828 1727 dulcedine
858 1672 1180 1740 salutantes,
1204 1673 1506 1727 hortamur
1531 1675 1594 1726 ut
1612 1688 1837 1744 praepo-

208 1765 316 1821 sita
372 1766 817 1837 opportunitatis
873 1766 1191 1837 occasione,
1244 1765 1304 1820 in
1355 1769 1542 1820 vestra
1591 1765 1841 1820 efﬁcacia

1943 547 1988 600 si
2016 547 2138 601 haec
2171 547 2560 615 observabitis,
2584 549 2800 617 scitote,
2821 550 2952 620 quia
2971 549 3244 621 scriptum
3276 557 3397 609 est:
3426 557 3581 612 «Ubi

1943 640 2154 695 fuerint
2184 641 2295 696 duo
2324 642 2407 696 vel
2444 644 2560 696 tres
2588 643 2925 714 congregati
2967 643 3027 697 in
3059 644 3291 702 nomine
3320 663 3470 716 meo,
3498 650 3580 705 ibi

1941 748 2038 788 ero
2063 733 2123 788 in
2152 735 2343 790 medio
2371 751 2569 790 eorum
2600 736 2812 804 (Matth.
2848 753 2999 806 xvm,
3032 739 3142 809 20).
3175 760 3201 788 »
3235 739 3291 796 Si
3317 757 3454 812 ergo
3484 742 3580 797 ad-

1944 843 2064 882 esse
2098 827 2388 898 dignatur,
2420 829 2515 884 ubi
2542 829 2655 884 duo
2683 831 2769 884 vel
2799 834 2913 886 tres
2945 835 3097 902 sunt,
3145 835 3363 906 quanto
3392 837 3577 908 magis

1945 937 2056 976 non
2085 921 2269 977 deerit
2290 922 2383 976 ubi
2407 923 2596 993 plures
2618 923 2964 979 conveniunt
2984 926 3347 983 sacerdotes?
3361 930 3430 985 Et
3449 930 3574 1001 qui-

1944 1015 2077 1068 dem
2094 1015 2225 1086 quia
2236 1015 2735 1071 adhibendum‘bis
2754 1017 2814 1072 in
2833 1035 2985 1074 anno
3009 1020 3316 1077 concilium
3337 1024 3572 1079 Patrum

1943 1108 2014 1162 sit
2044 1109 2258 1180 regulis
2286 1109 2612 1165 institutum
2637 1128 2751 1166 non
2778 1113 2932 1182 latet,
2965 1114 3066 1168 sed
3099 1130 3171 1169 ne
3199 1115 3346 1171 forte
3387 1116 3576 1189 aliqua

1941 1202 2229 1257 excusatio
2258 1203 2347 1270 sit,
2377 1204 2555 1258 semel
2585 1205 2947 1261 decernimus
2984 1209 3344 1280 congregari,
3372 1213 3438 1264 ut
3469 1227 3568 1266 ex-

1941 1296 2289 1366 spectatione
2318 1295 2542 1351 cencilii
2563 1297 2708 1352 nihil
2735 1315 2996 1369 pravum,
3017 1301 3160 1355 nihil
3191 1308 3574 1372 praesumatur

1941 1381 2226 1444 illicitum.
2251 1391 2394 1444 Nam
2415 1391 2778 1463 plerumque,
2820 1392 2923 1448 etsi
2950 1410 3066 1449 non
3097 1411 3288 1451 amore
3308 1396 3566 1468 justitiaa,

1939 1486 2095 1538 metu
2136 1488 2332 1538 tamen
2370 1484 2803 1541 examinationis
2828 1487 3144 1544 abstinetur
3172 1489 3241 1544 ab
3269 1490 3375 1545 hoc
3407 1492 3563 1562 quod

1940 1577 2200 1632 omnium
2229 1580 2426 1632 notum
2475 1581 2562 1632 est
2589 1595 2752 1650 posse
2785 1580 3086 1652 displicere
3117 1582 3350 1653 judicio.
3397 1586 3569 1654 Hanc,

1939 1670 2114 1726 frater
2125 1671 2460 1726 charissime
2469 1672 2908 1749 ,observantiam
2922 1675 3127 1730 nostris
3139 1677 3570 1749 relinquendam

1941 1764 2180 1835 posteris
2223 1764 2566 1842 teneamus]
2584 1769 2818 1824 Certum
2872 1769 3083 1840 quippe
3128 1773 3231 1839 est,
3275 1771 3410 1842 quia
3437 1771 3482 1825 si
3515 1772 3571 1826 in

210 1859 431 1915 enixius
455 1859 744 1916 elaborare
771 1860 1059 1928 studeatis,
1079 1860 1322 1931 atquein
1346 1859 1532 1914 modis
1551 1859 1836 1928 omnibus,
1861 1837 1914 1908 Β
1938 1861 2059 1912 toto
2112 1859 2281 1913 corde
2328 1837 2630 1930 praeceptis
2674 1877 2778 1915 nos
2822 1861 3164 1918 salutaribus
3208 1879 3572 1935 occupamus,

207 1957 274 2008 ut
298 1953 564 2024 possibile
591 1952 765 2009 fuerit
789 1953 1049 2007 omnium
1071 1953 1256 2008 studio
1277 1969 1448 2024 agere
1465 1952 1835 2018 contendatis,

207 2049 489 2118 quatenus
533 2046 894 2118 praedicabile
935 2047 1291 2101 desiderium
1332 2049 1584 2101 vestrum
1630 2045 1836 2101 auxilio

209 2141 472 2195 omnium
521 2141 828 2212 adjuvante
873 2141 1112 2195 Domino
1161 2139 1514 2212 compleatis.
1565 2140 1675 2195 Nec
1734 2140 1839 2193 hoc

208 2250 439 2305 quoque
465 2233 525 2289 in
546 2234 652 2288 hac
675 2233 1067 2289 sollicitudinis
1087 2237 1246 2304 parte
1269 2233 1663 2304 relinquimus,
1686 2233 1840 2304 quod

205 2344 406 2383 omnes
444 2327 749 2383 incestuosi
789 2345 823 2382 a
865 2327 1162 2382 liminibus
1194 2331 1406 2382 sanctae
1439 2325 1697 2382 Ecclesiae
1727 2326 1841 2380 sint

208 2421 533 2493 separandi,
561 2437 740 2493 usque
769 2421 906 2476 dum
953 2437 1053 2492 per
1083 2420 1530 2474 satisfactionem
1577 2419 1838 2490 precibus

209 2515 569 2570 sacerdotum
625 2515 815 2570 eidem
869 2516 1076 2568 sanctae
1128 2512 1384 2568 Ecclesia:
1433 2512 1701 2567 canonice
1758 2529 1839 2567 re-

209 2609 602 2664 concilientur.
636 2611 780 2664 Sunt
800 2607 953 2662 enim
985 2607 1118 2662 mali
1147 2607 1488 2679 segregandi
1513 2624 1546 2660 a
1574 2607 1759 2673 bonis,
1785 2611 1840 2661 et

207 2702 387 2775 iniqui
430 2719 464 2757 a
492 2702 681 2773 justis,
730 2705 792 2756 ut
837 2701 1037 2757 saltem
1081 2701 1288 2755 rubore
1327 2717 1428 2755 suo
1467 2700 1840 2755 conscientias

207 2813 334 2852 suas
371 2800 801 2867 recognoscant,
855 2799 913 2850 et
950 2799 1354 2851 convertantur
1394 2812 1427 2849 a
1473 2794 1840 2866 pravitatibus

206 2890 340 2946 suis.
367 2895 442 2946 Ac
474 2889 519 2944 si
549 2889 967 2961 incorrigibiles
995 2889 1367 2961 apparuerint
1402 2893 1780 2960 segregentur
1807 2905 1840 2941 a

207 2985 470 3039 fidelibus
497 3001 677 3055 usque
705 2984 774 3039 ad
803 2984 1266 3053 satisfactionem,
1289 2983 1456 3054 juxta
1477 2982 1702 3037 Domini
1728 2983 1836 3036 sal-

205 3079 415 3134 vatoris
443 3079 803 3145 sententiam,
833 3079 930 3149 qui
957 3077 1106 3133 inter
1131 3081 1338 3132 caetera
1369 3078 1436 3132 de
1463 3079 1738 3148 peccante
1778 3076 1838 3130 in

205 3190 262 3229 se
281 3173 455 3228 fratre
471 3172 548 3228 ait
571 3190 583 3228 :
607 3193 634 3222 ‹‹
656 3172 713 3228 Si
734 3172 1054 3244 peccaverit
1075 3172 1131 3226 in
1155 3175 1209 3226 te
1232 3171 1413 3225 frater
1435 3173 1586 3238 tuus,
1611 3171 1834 3242 corripe

203 3284 336 3322 eum
364 3266 510 3321 inter
539 3271 593 3321 te
623 3271 680 3322 et
704 3266 891 3337 ipsum
915 3266 1115 3320 solum.
1152 3265 1212 3320 Si
1248 3269 1303 3318 te
1327 3264 1570 3319 audierit
1590 3265 1838 3319 lucratus

203 3361 313 3416 eris
345 3361 583 3416 fratrem
609 3365 793 3416 tuum.
823 3360 878 3415 Si
899 3364 954 3415 te
977 3377 1089 3415 non
1114 3357 1375 3425 audierit,
1414 3358 1620 3412 adhibe
1648 3363 1838 3412 tecum

207 3471 390 3510 unum
411 3455 495 3509 vel
520 3455 682 3522 duos,
716 3460 778 3510 ut
803 3454 864 3508 in
893 3471 990 3508 ore
1019 3455 1265 3508 duorum
1292 3452 1379 3507 vel
1404 3452 1577 3505 trium
1601 3450 1839 3506 testium

208 3552 318 3604 stet
371 3564 543 3603 omne
594 3548 847 3603 verbum.
894 3547 1054 3612 Quod
1092 3547 1137 3601 si
1176 3563 1291 3601 non
1331 3545 1571 3600 audierit
1602 3561 1718 3614 eos,
1749 3544 1838 3598 dic

207 3643 482 3698 Ecclesia.
533 3643 587 3697 Si
639 3645 831 3697 autem
876 3641 1180 3696 Ecclesiam
1211 3657 1329 3695 non
1354 3639 1614 3706 audierit,
1649 3638 1719 3694 sit
1737 3637 1837 3693 tibi

206 3737 348 3792 sicut
379 3736 638 3790 ethnicus
663 3738 720 3791 et
748 3735 1082 3808 publicanus
1128 3735 1340 3803 (Matth.
1379 3750 1532 3798 xvm,
1577 3733 1771 3802 15-17).
1809 3705 1892 3826 1/

209 3831 301 3885 llis
324 3846 463 3902 ergo
487 3833 544 3886 et
563 3830 754 3885 multis
775 3830 900 3884 aliis
930 3833 1260 3884 sanctorum
1281 3830 1515 3883 Patrum
1537 3826 1840 3881 auctorita-

207 3924 356 3979 tibus
386 3929 519 3978 sunt
541 3924 676 3978 mali
709 3941 738 3978 a
773 3924 936 3978 bonis
966 3921 1285 3993 separandi,
1317 3938 1388 3976 ne
1430 3925 1666 3992 pereant
1698 3921 1839 3992 justi

209 4036 310 4090 pro
326 4017 570 4088 injustis,
596 4017 742 4071 sicut
757 4017 1027 4088 scriptum
1051 4019 1138 4072 est
1162 4033 1174 4071 :
1202 4038 1227 4066 «
1243 4014 1416 4070 Periit
1425 4016 1611 4087 justus
1631 4031 1734 4086 pro
1757 4014 1839 4068 in-

197 4113 354 4183 justo
381 4111 431 4182 (I
452 4114 592 4167 Petr.
627 4129 707 4179 1n,
739 4112 844 4181 l8).
880 4131 906 4159 »
939 4110 1113 4164 Debet
1140 4110 1294 4164 enim
1322 4126 1547 4181 semper
1579 4108 1839 4162 discretio

205 4205 329 4260 fieri
368 4205 516 4260 inter
562 4205 744 4260 bonos
775 4209 832 4258 et
859 4204 1057 4273 malos,
1093 4203 1236 4258 sicut
1261 4208 1346 4257 est
1375 4203 1523 4256 inter
1552 4201 1748 4256 haedos
1784 4205 1840 4256 et

205 4316 351 4354 oves.
405 4299 698 4354 Manifesta
746 4315 975 4370 quoque
1020 4300 1248 4368 peccata
1295 4313 1409 4351 non
1447 4299 1578 4349 sunt
1622 4295 1838 4349 occulta

204 4393 562 4464 correptione
589 4392 908 4464 purganda,
938 4390 1038 4445 sed
1065 4390 1260 4462 palam
1279 4393 1410 4443 sunt
1439 4387 1719 4459 arguendi
1739 4388 1838 4458 qui

205 4489 390 4560 palam
417 4491 640 4557 nocent,
676 4489 738 4540 ut
767 4487 905 4541 dum
947 4489 1144 4554 aperta
1168 4483 1507 4554 purgatione
1537 4483 1834 4548 sanantur,

1858 3213 1912 3282 C

1939 1968 2169 2006 omnem
2186 1951 2447 2006 vitiorum
2461 1953 2645 2008 labem
2662 1954 3024 2025 effugiemus.
3040 1957 3398 2028 Quapropter
3411 1975 3575 2029 opor-

1938 2048 2038 2112 tet,
2069 2051 2130 2099 ut
2160 2045 2383 2100 enixius
2413 2046 2472 2100 in
2500 2047 2720 2102 cunctis
2746 2048 3029 2104 studiosos
3073 2067 3166 2104 vos
3195 2049 3346 2105 circa
3375 2051 3576 2106 fratres

1939 2143 2108 2209 atque
2135 2139 2412 2210 subjectos
2440 2141 2776 2208 ostendatis,
2803 2145 2869 2196 ut
2895 2159 3090 2197 omnes
3119 2148 3193 2212 te,
3225 2144 3358 2215 quia
3379 2145 3573 2200 nobis-

1939 2249 2069 2287 cum
2095 2232 2262 2286 alitus
2294 2251 2354 2287 es
2384 2238 2554 2305 atque
2578 2237 2786 2290 sanctae
2830 2236 3098 2292 Romanae
3134 2237 3396 2294 Ecclesiae
3423 2255 3573 2310 prae-

1939 2326 2260 2397 ceptoribus
2291 2343 2492 2398 parere
2535 2328 2859 2398 apostolicae
2893 2329 3039 2385 sedis
3063 2335 3350 2402 praecepta
3379 2332 3575 2388 multi-

1938 2420 2148 2490 plicare
2180 2420 2651 2493 apertissimeque
2676 2424 2811 2477 nota
2833 2423 3017 2478 facere
3046 2429 3411 2496 cognoscant,
3441 2426 3575 2498 quia

1939 2513 2094 2584 quod
2143 2513 2466 2584 specialiter
2505 2514 2626 2583 tibi,
2657 2519 2713 2570 et
2739 2515 2980 2570 fratrum
3025 2522 3256 2573 tuorum
3283 2519 3568 2587 charitati,

1937 2612 2002 2661 ut
2032 2611 2141 2662 tuae
2161 2608 2364 2662 litterae
2388 2607 2784 2677 innotuerunt,
2803 2612 3054 2666 consulta
3073 2613 3389 2681 scribimus,
3403 2630 3578 2685 gene-

1938 2700 2130 2755 raliter
2160 2700 2425 2756 omnibus
2461 2705 2657 2758 tenere
2692 2704 3055 2760 mandamus.
3094 2706 3252 2762 Circa
3288 2707 3571 2778 subjecto-

1939 2811 2067 2849 rum
2094 2799 2286 2850 autem
2313 2799 2469 2850 actus
2495 2796 2820 2852 fraternitas
2846 2801 3030 2853 vestra
3062 2799 3135 2854 sit
3164 2799 3406 2872 vigilans
3429 2818 3442 2866 ;
3484 2817 3573 2856 ve-

1937 2893 2119 2944 strum
2146 2888 2256 2943 illis
2273 2890 2598 2961 exemplum
2619 2889 2937 2960 instructio,
2969 2896 3027 2947 et
3054 2893 3165 2948 vita
3185 2893 3458 2965 magistra
3479 2894 3569 2963 sit,

1937 2983 2148 3053 linguae
2168 2986 2370 3038 vestrae
2387 2984 2780 3040 exhortatione
2801 2985 3021 3041 discant
3036 2987 3194 3058 quod
3213 2991 3491 3058 metuant,
3517 2992 3574 3044 et

1939 3077 2249 3131 doceantur
2271 3077 2421 3148 quod
2448 3077 2709 3149 diligant,
2737 3084 2797 3134 ut
2816 3079 2952 3135 dum
2967 3080 3178 3136 talendi
3201 3081 3399 3136 crediti
3419 3083 3574 3140 lucra

1939 3170 2414 3240 multiplicantur,
2441 3172 2501 3226 in
2532 3172 2623 3227 die
2651 3173 3062 3243 retributionis,
3085 3179 3371 3230 annuente
3387 3176 3577 3230 divina

1940 3263 2124 3334 gratia
2149 3265 2345 3319 audire
2372 3265 2706 3320 mereamini
2733 3284 2745 3320 :
2768 3288 2795 3317 «
2813 3269 2989 3339 Euge,
3012 3284 3168 3324 serve
3191 3269 3338 3324 bone
3361 3272 3417 3324 et
3433 3268 3572 3325 fide-

1938 3357 2042 3412 lis:
2070 3357 2221 3411 intra
2243 3357 2301 3411 in
2331 3358 2602 3429 gaudium
2629 3360 2856 3414 Domini
2877 3361 2958 3415 tui
2985 3362 3202 3432 (Matth.
3234 3380 3365 3430 xxv,
3396 3363 3506 3434 2t).
3542 3385 3569 3412 ››

1937 3451 2142 3506 Curam
2171 3456 2448 3523 praeterea
2477 3453 2548 3507 de
2575 3453 2841 3508 omnibus
2863 3471 2991 3526 qum
3008 3455 3163 3510 vobis
3191 3457 3431 3528 aliisque
3455 3457 3570 3512 fra-

1939 3544 2117 3599 tribus
2153 3545 2376 3612 nostris,
2411 3551 2465 3601 et
2490 3546 2839 3617 generaliter
2867 3549 3085 3603 cunctis
3112 3566 3216 3620 pro
3241 3549 3568 3605 illicitarum

1939 3654 2130 3693 rerum
2145 3639 2527 3709 prohibitione
2548 3640 2878 3712 scripsimus
2899 3642 3113 3698 habere
3137 3660 3235 3698 vos
3255 3661 3356 3715 per
3377 3645 3569 3700 omnia

1938 3749 2346 3803 cognoscamus
2400 3750 2527 3804 quae
2579 3735 2738 3788 omni
2793 3735 2982 3790 studio
3037 3736 3310 3808 omnique
3365 3739 3568 3792 annisu

1938 3841 2163 3881 necesse
2211 3829 2314 3895 est,
2365 3829 2429 3881 ut
2458 3827 2830 3882 fraternitatis
2860 3835 3058 3884 vestrae
3101 3830 3393 3902 vigilantia
3418 3848 3572 3886 com-

1939 3920 2226 3991 pleantur,
2250 3924 2420 3992 atque
2445 3921 2637 3976 omnia
2654 3921 2768 3976 illic
2790 3939 2917 3994 quae
2936 3940 3040 3995 pro
3057 3923 3380 3980 animarum
3394 3927 3572 3982 salute

1940 4013 2268 4085 scripsimus
2287 4014 2528 4070 fideliter
2555 4022 2979 4086 recenseantur,
3005 4021 3285 4090 quatenus
3313 4036 3414 4092 per
3439 4021 3568 4087 hoc,

1939 4112 1996 4162 et
2024 4125 2120 4162 vos
2151 4109 2334 4163 zelum
2365 4113 2639 4179 vestrum,
2673 4113 2731 4164 ct
2769 4111 3014 4181 qualiter
3049 4112 3208 4166 vobis
3237 4113 3434 4168 illicita
3466 4113 3572 4168 dis-

1937 4202 2178 4271 pliceant
2205 4203 2529 4270 ostendatis,
2561 4208 2616 4258 et
2643 4220 2748 4258 nos
2772 4204 2988 4258 utiliter
3016 4205 3326 4275 providisse
3356 4207 3455 4277 qui
3480 4223 3571 4261 ve-

1937 4299 2110 4348 stram
2139 4296 2208 4349 ad
2230 4296 2338 4350 hoc
2359 4312 2477 4366 pra:
2499 4295 2713 4350 caeteris
2735 4313 3036 4368 personam
3059 4298 3358 4369 elegimus,
3382 4300 3569 4356 videa-

1938 4403 2087 4441 mur.
2134 4387 2510 4458 Omnipotens
2544 4392 2739 4443 autem
2781 4390 2922 4444 Deus
2969 4407 3069 4446 sua
3092 4408 3189 4446 vos
3214 4393 3569 4464 protectione

1939 4479 2240 4550 custodiat,
2271 4481 2666 4553 honoremque
2693 4487 3045 4554 praeceptum
3065 4501 3159 4540 vos
3178 4485 3434 4541 moribus
3452 4501 3565 4542 ser-

202 4583 259 4636 hi
287 4581 387 4653 qui
414 4597 506 4636 eos
539 4580 819 4636 imitando
855 4579 1232 4650 deliquerant,
1272 4576 1652 4646 corrigantur.
1693 4576 1839 4629 Dum
1861 4583 1919 4656 D
1944 4590 2071 4629 vare
2104 4573 2391 4630 concedat.
2416 4577 2615 4630 Amen.

203 4675 358 4730 enim
376 4691 524 4729 unus
545 4673 867 4745 corripitur,
886 4670 1118 4743 plurimi
1137 4669 1537 4725 emendantur.
1556 4669 1622 4722 Et
1640 4668 1842 4723 melius

205 4771 289 4823 est
318 4772 380 4824 ut
415 4785 519 4839 pro
547 4768 858 4822 multorum
890 4765 1192 4820 salvatione
1223 4780 1371 4818 unus
1403 4762 1839 4828 condamnetur,

204 4878 379 4932 quam
421 4877 524 4932 per
560 4860 725 4915 unius
769 4860 1058 4915 licentiam
1090 4858 1253 4913 multi
1284 4855 1696 4928 periclitentur.
1727 4855 1836 4909 Nec

203 4955 413 5010 mirum
460 4954 503 5008 si
542 4954 690 5009 inter
726 4953 986 5007 homines
1013 4953 1134 5007 haec
1163 4951 1310 5006 ratio
1343 4948 1679 5015 custoditur,
1708 4963 1838 5002 cum

98 5085 99 5088 η
202 5049 350 5103 inter
389 5047 658 5117 jumenta
684 5047 805 5101 haec
833 5045 956 5099 fieri
999 5061 1254 5117 persaepe
1292 5041 1711 5114 cognoscimus.
1747 5042 1837 5095 Et-

205 5142 361 5196 enim
389 5158 518 5212 qum
545 5140 813 5207 scabiem,
847 5143 946 5194 aut
969 5139 1371 5210 impetiginem
1406 5136 1614 5191 habere
1643 5135 1836 5189 viden-

207 5241 318 5302 tur,
369 5237 708 5306 separantur
750 5251 783 5288 a
824 5233 994 5300 sanis,
1037 5249 1107 5288 ne
1138 5233 1365 5287 illorum
1410 5230 1608 5284 morbo
1636 5230 1840 5283 caetera

205 5329 571 5397 damnentur,
602 5327 690 5381 vel
715 5329 978 5399 pereant.
1012 5326 1195 5381 Satius
1223 5342 1361 5397 ergo
1394 5326 1456 5378 ut
1481 5322 1613 5377 mali
1644 5326 1840 5392 aperte

204 5421 588 5492 corrigantur,
620 5437 793 5492 quam
822 5435 926 5491 pro
957 5419 1070 5473 illis
1099 5419 1236 5473 boni
1263 5421 1516 5490 pereant.
1550 5415 1713 5471 Unde
1741 5432 1837 5468 vo-

202 5515 412 5569 luimus
437 5531 532 5569 vos
561 5531 760 5569 omnes
789 5514 847 5567 in
874 5529 1055 5566 unum
1084 5512 1389 5566 convenire
1421 5511 1736 5582 episcopos,
1781 5513 1840 5564 ut

206 5609 276 5663 de
303 5608 689 5664 incidentibus
715 5607 893 5662 causis
923 5606 1019 5661 fiat
1045 5605 1396 5676 disceptatio,
1425 5609 1482 5660 et
1510 5603 1750 5658 salubris
1770 5603 1839 5658 de

206 5702 585 5766 ecclesiastica
638 5700 1033 5758 observatione
1093 5698 1337 5768 collatio,
1377 5703 1662 5770 quatenus
1701 5697 1837 5751 dum

209 5813 310 5865 per
335 5796 443 5850 hoc
469 5801 524 5850 et
566 5796 845 5867 praeterita
873 5794 1248 5865 corrigantur,
1277 5796 1334 5848 et
1360 5792 1617 5863 regulam
1645 5791 1839 5844 futura

208 5890 543 5961 suscipiunt,
559 5891 924 5962 omnipotens
939 5887 1144 5959 ubique
1163 5886 1433 5941 Dominus
1451 5885 1693 5939 fratrum
1708 5899 1838 5939 cou-

2014 5021 2301 5103 Quantum
2345 5023 2768 5104 conjiciendum
2818 5033 2903 5082 est
2931 5029 3368 5104 ex__praefat_ione
3394 5048 3572 5104 quam

1939 5092 2264 5167 huic‘operi
2295 5092 2605 5165 praeposuit
2635 5097 2898 5167 Isidorus,
2927 5092 3190 5156 collectio
3213 5092 3574 5160 decretorum

1939 5163 2338 5232 conciliorum,
2394 5163 2458 5246 ac
2485 5163 3281 5246 auctionum-pontificum,
3338 5192 3467 5246 qua:
3511 5177 3572 5233 in

1938 5237 2525 5362 gangliaflqlriqlplortavit
2544 5238 2835 5310 presbyter
2855 5237 3159 5314 efcollegit
3176 5237 3330 5301 idem
3352 5237 3570 5317 auctor,

2010 5377 2265 5459 Reliquae
2284 5393 2419 5459 vero
2440 5379 2878 5459 constitutiones
2898 5391 3388 5459 quassaquuntur,
3419 5389 3569 5446 vide-

1939 5450 2086 5529 licet.
2116 5450 2376 5529 Gregorii
2415 5450 2678 5529 minoris,
2713 5450 2996 5525 Vitaliahi,
3037 5450 3280 5529 Martini,
3311 5450 3572 5529 Gregorii

1937 5520 2202 5600 tertii-ac
2232 5520 2530 5600 zachariae
2556 5523 2954 5600 Romanorum
2983 5520 3356 5600 pontificum,
3399 5520 3472 5586 ob
3514 5533 3574 5587 id

1937 5592 2188 5670 praefatae
2214 5591 2534 5670 collectioni
2561 5594 2832 5670 appositae
2859 5591 3150 5670 sunt-quia
3169 5591 3386 5656 veteres
3412 5603 3571 5657 codi-

1938 5662 2028 5720 ces
2049 5664 2132 5745 ita
2151 5662 2376 5745 habent.
2401 5662 2674 5745 Auctofes
2692 5665 2831 5745 item
2857 5662 3105 5745 illarum,
3129 5687 3304 5745 quam
3323 5673 3573 5745 plurima

1939 5735 2175 5818 egregia
2201 5736 2373 5806 atque
2387 5735 2676 5818 praeclara
2706 5738 2967 5794 Ecclesiae
2994 5735 3378 5814 contulerunt,
3407 5748 3471 5799 ut
3490 5744 3572 5800 in-

1939 5809 2180 5873 dignum
2201 5805 2464 5861 duxerim
2483 5809 2604 5861 tam
2634 5809 2944 5873 insignium
2962 5813 3272 5873 praesulum
3292 5821 3414 5872 acta
3434 5817 3570 5873 obli-

1939 5825 2180 5879 uignum
2201 5825 2464 5861 duxerim
2483 5825 2604 5861 tam
2634 5825 2944 5880 1n51gmum
2962 5825 3272 5883 praestitum
3292 5825 3414 5872 acta
3434 5825 3570 5874 obli-

1938 5879 2134 5949 terari,
2163 5879 2334 5954 atque
2358 5877 2639 5954 praeteriri
2665 5879 2897 5938 intacta.
