4050 6308
464 349 592 401 1139

573 509 911 564 INCIPIUNT
950 510 1257 566 DECRETA
1292 510 1615 566 GREGORII
1655 510 1955 567 MINORIS.

529 648 576 697 1.
624 645 693 698 Ut
737 643 926 698 nullus
969 643 1178 698 audeat
1214 644 1606 716 presbyteram
1640 645 1699 701 in
1745 645 2079 716 conjugium

457 737 679 791 ducere.

525 834 574 884 2.
606 831 764 896 Item,
790 830 859 884 de
891 830 1150 885 diacona.

520 928 573 979 3.
618 924 782 992 Item,
825 923 894 979 de
929 926 1209 981 monacha
1245 942 1417 998 quam
1467 927 1562 982 Dei
1606 927 1865 982 ancillam
1894 928 2081 999 appel-

450 1019 586 1072 lant.

520 1115 572 1167 4.
604 1113 763 1178 Item,
798 1111 868 1167 de
895 1118 1202 1168 commatre
1231 1113 1530 1185 spirituali.

521 1211 572 1260 5.
606 1207 766 1276 Item,
791 1206 860 1261 de
888 1207 1075 1262 fratris
1101 1223 1294 1262 uxore.

521 1303 571 1354 6.
603 1301 762 1366 Item,
790 1301 860 1355 de
882 1306 1071 1372 nepte.

518 1398 570 1448 7.
600 1394 763 1462 Item,
793 1395 864 1449 de
887 1411 1151 1462 noverca,
1181 1401 1280 1450 aut
1308 1411 1481 1450 nuru.

520 1489 573 1540 8.
605 1487 768 1556 Item,
803 1488 874 1542 de
902 1488 1258 1544 consobrina.

523 1583 573 1634 9.
607 1582 769 1648 Item,
803 1582 871 1637 de
901 1582 1132 1654 propria
1157 1583 1522 1655 cognatione,
1561 1585 1646 1637 vel
1678 1599 1850 1655 quam
1876 1600 2080 1655 cogna-

449 1677 538 1726 tus
560 1674 775 1730 habuit.

529 1771 610 1822 lO.
641 1769 711 1822 Ut
740 1769 967 1824 viduam
997 1786 1166 1825 nemo
1193 1771 1493 1826 fureturin
1523 1788 1773 1826 uxorem.

526 1865 610 1916 11.
640 1863 799 1932 Item,
833 1866 896 1916 ut
912 1862 1190 1935 virginem
1213 1881 1382 1920 nemo
1402 1865 1625 1920 furatur
1646 1865 1701 1919 in
1721 1881 1971 1920 uxorem.

529 1957 609 2010 l2.
639 1957 715 2012 De
742 1957 1094 2029 aruspicibus
1118 1960 1204 2013 vel
1238 1959 1707 2029 incantatoribus,
1751 1975 1850 2013 seu
1892 1959 2075 2031 phila-

451 2049 653 2104 cteriis.

523 2145 603 2197 13.
633 2144 711 2199 De
737 2146 1034 2216 praeceptis
1059 2146 1315 2200 Ecclesiae
1343 2146 1731 2201 observandis.

527 2236 609 2290 14.
645 2238 718 2292 De
746 2239 997 2293 Adriano
1029 2239 1144 2294 ﬁlio
1174 2239 1496 2294 Exhilarati.

530 2333 613 2384 15.
645 2331 718 2385 De
751 2331 1062 2403 Epiphania
1093 2333 1350 2388 diacona.

525 2426 605 2478 16.
639 2426 710 2480 Ut
727 2426 916 2481 nullus
946 2427 1152 2481 audeat
1181 2443 1474 2482 assensum
1505 2427 1775 2481 tribuere.

525 2522 608 2573 17.
641 2520 718 2574 De
750 2535 909 2574 coma
941 2520 1129 2575 clerici
1157 2537 1270 2575 non
1303 2521 1624 2575 relaxanda.

523 2614 583 2666 In
638 2615 869 2669 nomine
922 2615 1153 2668 Domini
1206 2615 1521 2684 salvatoris,
1579 2615 1680 2669 Dei
1723 2614 1897 2668 nostri
1950 2615 2079 2669 Jesu

448 2707 672 2773 Christi,
707 2707 1026 2780 imperante
1055 2709 1295 2763 Domino
1323 2709 1577 2780 piissimo
1596 2713 1849 2780 Augusto
1871 2709 2075 2776 Leone,

453 2819 486 2855 a
506 2803 622 2855 Deo
643 2805 910 2856 coronato
932 2819 1143 2873 magno
1166 2807 1221 2858 et
1235 2803 1469 2874 paciﬁco
1489 2804 1834 2875 imperatore
1852 2818 2005 2856 anno
2024 2806 2075 2867 6,

457 2899 578 2965 post
607 2896 963 2950 consulatum
993 2913 1126 2952 vero
1159 2898 1281 2967 ejus
1305 2914 1453 2951 anno
1486 2903 1566 2964 17,
1597 2897 1692 2952 sed
1721 2901 1777 2950 et
1798 2897 2076 2952 Constan-

449 2989 570 3042 tino
599 2989 944 3059 imperatore
980 2991 1102 3060 ejus
1132 2990 1250 3044 tilio
1287 3007 1434 3044 anno
1463 2995 1516 3060 2,
1546 3007 1741 3045 mense
1768 2989 1963 3060 Aprili,
1997 2989 2078 3043 in-

451 3081 694 3136 dictione
720 3084 772 3149 4,
807 3084 1140 3153 ρι’ωεὶᾱθιιιθ
1171 3084 1520 3138 sanctissimo
1551 3083 1825 3154 Gregorio
1849 3088 2075 3154 aposto-

447 3175 556 3230 lico
581 3193 731 3247 papa
759 3176 819 3230 in
848 3176 1075 3231 basilica
1106 3177 1254 3232 beati
1285 3177 1431 3232 Petri
1450 3177 1849 3248 Apostolorum
1874 3176 2079 3248 princi-

447 3270 532 3340 pis
558 3273 692 3324 ante
721 3271 1154 3338 confessionem,
1184 3270 1603 3326 considentibus
1633 3270 1811 3326 etiam
1841 3270 2074 3325 sanctis-

445 3363 604 3417 simis
621 3363 902 3436 episcopis
915 3364 1156 3435 Agnello
1172 3364 1537 3432 Ferentinati,
1562 3364 1802 3436 Agnello
1825 3364 2072 3430 Sutrino,

445 3459 660 3512 Joanne
692 3457 1099 3527 Belliternensi,
1147 3458 1464 3513 Triburatio
1499 3458 1717 3526 Filaris,
1751 3458 1927 3512 Vitale
1952 3458 2076 3512 Ala-

445 3551 617 3622 trino,
648 3552 938 3607 Anastasio
965 3552 1280 3622 Tiburtino,
1315 3554 1648 3624 Opportuno
1677 3551 2072 3618 Mauriancnsi,

448 3647 666 3700 Joanne
694 3646 951 3715 Blerano,
976 3646 1318 3701 Mauriciano
1347 3646 1525 3714 Sabis,
1552 3645 1789 3700 Wiliarit
1809 3647 2079 3700 Narmcn-

443 3739 509 3808 si,
563 3740 806 3810 Georgio
851 3740 1170 3807 Portuensi,
1211 3740 1409 3812 Sergio
1455 3742 1806 3808 Prenestiuo,
1851 3739 2073 3794 Tiberio

444 3833 610 3888 Silvae
664 3833 947 3901 Candidze,
998 3835 1158 3888 Petro
1195 3835 1518 3900 Camerino,
1563 3833 1841 3904 Gregorio

443 3927 754 3996 Anagnias,
777 3927 1084 3981 Sinderedo
1111 3927 1535 3998 archiepiscopo
1563 3928 1806 3998 Spamaz,
1831 3927 2073 3999 Georgio

447 4021 633 4090 Nepae,
668 4019 875 4074 Sedulo
913 4020 1180 4090 episcopo
1214 4020 1540 4088 Britanniae,
1575 4022 1788 4076 Joanne
1829 4020 2070 4092 Signias,

448 4113 719 4184 Fergusto
787 4112 1048 4185 episcopo
1091 4113 1312 4181 Scotiaa,
1363 4114 1590 4170 Andrea
1635 4113 1964 4181 Albaneusi,
2019 4118 2076 4168 et

443 4206 696 4262 Maurino
727 4207 990 4275 Palmari,
1025 4224 1124 4262 seu
1152 4208 1570 4263 venerabilibus
1595 4208 1958 4280 presbyteris,
1986 4208 2068 4264 Si-

445 4301 629 4355 sinnio
649 4303 888 4369 Joanne,
912 4301 1051 4356 item
1065 4302 1299 4369 Joanne,
1318 4303 1616 4369 Eustratio,
1636 4303 1896 4373 Georgio,
1923 4303 2072 4357 Tala-

440 4395 543 4461 sio,
569 4395 802 4463 Marino,
825 4397 1223 4467 Constantino,
1244 4396 1540 4467 Gregorio,
1570 4398 1802 4464 Joanne,
1827 4396 2067 4468 Epipha-

443 4489 555 4558 nio,
588 4489 822 4559 Marino,
861 4491 1098 4557 Joanne,
1130 4495 1186 4545 et
1217 4491 1456 4559 Joanne,
1502 4491 1815 4546 astantibus
1846 4507 2070 4562 quoque

1355 350 1635 404 APPEND.
1678 351 1764 403 AD
1800 350 1959 404 SAiC.
1999 350 2083 402 IX.
2118 379 2182 386 —-
2223 349 2460 404 ISIDORI
2493 349 2915 404 MERCATORIS

2100 455 2308 540 Atior,
2343 460 2514 528 atque
2551 457 2725 510 nimis
2767 456 3015 523 tabesco,
3061 471 3132 508 ne
3161 454 3483 524 serpentina
3509 453 3818 508 calliditate

3681 345 3817 399 1140

2182 550 2354 621 (quod
2400 550 2559 621 absit)
2611 544 2852 605 leviores
2898 564 3156 620 quosque
3201 547 3468 619 decipiat,
3513 548 3624 602 Deo
3675 564 3816 602 vero

2180 646 2403 699 favente
2448 644 2824 699 sollicitudine
2866 643 3050 697 nimia
3077 642 3228 712 freti,
3278 641 3533 696 animam
3563 641 3817 713 aequiore

2181 743 2372 793 mente
2400 738 2591 792 divino
2613 738 2910 808 juvamine
2940 753 3044 808 pro
3073 737 3252 792 salute
3283 735 3546 790 omnium
3578 735 3817 790 studere

2181 833 2471 900 debemus,
2488 836 2550 886 ut
2565 831 2858 887 inconfuso
2873 831 3031 886 vultu
3050 847 3166 885 non
3180 831 3248 885 de
3261 830 3459 885 fraude
3472 829 3817 900 cujusquam

2178 927 2422 998 perculsi
2441 927 2702 981 assistere
2729 929 2942 980 teterno
2957 925 3138 996 judici
3164 941 3513 990 mereamur,
3528 927 3587 978 et
3613 939 3820 989 vocem

2179 1020 2375 1076 audire
2388 1020 2739 1092 inquientem
2759 1037 2771 1074 :
2795 1039 2822 1072 «
2837 1022 3014 1091 Euge,
3029 1036 3189 1074 serve
3201 1019 3368 1085 bone,
3384 1021 3441 1073 et
3451 1017 3655 1085 ﬁdelis,
3675 1016 3820 1089 quia

2179 1131 2353 1186 super
2366 1131 2542 1185 pauca
2558 1113 2714 1168 fuisti
2735 1113 2943 1180 ﬁdelis,
2967 1130 3138 1185 supra
3155 1114 3335 1167 multa
3353 1115 3410 1167 te
3430 1112 3781 1167 constituam
3801 1128 3813 1165 :

2181 1209 2326 1262 intra
2351 1208 2411 1262 in
2440 1207 2715 1278 gaudium
2745 1206 2964 1263 Domini
2994 1207 3081 1262 tui
3105 1207 3320 1276 (Matth.
3348 1223 3471 1275 xxv,
3501 1206 3644 1275 21).»
3672 1205 3818 1259 Hinc

2181 1318 2430 1372 namque
2478 1305 2565 1356 est
2607 1301 2759 1373 quod
2803 1300 3182 1372 ingemiscens
3225 1299 3350 1355 dico
3384 1318 3397 1353 :
3428 1299 3570 1364 Quia
3610 1298 3815 1370 populi

2180 1395 2482 1451 Christiani
2530 1396 2752 1466 aliquos
2793 1411 2898 1468 per
2942 1395 3296 1466 provinciam
3337 1393 3510 1450 Italiae
3557 1409 3814 1448 commo-

2179 1492 2390 1557 rantes,
2429 1489 2599 1544 audio
2649 1494 2864 1544 temere
2909 1493 3110 1544 contra
3155 1487 3491 1543 catholicam
3529 1486 3724 1552 ﬁdem,
3759 1489 3819 1540 et

2181 1585 2409 1638 Patrum
2437 1587 2644 1638 statuta
2678 1587 2928 1654 patrare,
2962 1583 3039 1637 ita
3063 1585 3129 1636 ut
3158 1584 3269 1637 Deo
3298 1585 3542 1637 sacratas
3568 1580 3819 1636 feminas

2181 1678 2385 1732 ducere
2411 1681 2764 1748 praesumant
2781 1676 3070 1746 mulieres,
3095 1682 3154 1731 et
3171 1675 3520 1748 propinquas
3537 1673 3817 1745 conjugio

2181 1771 2414 1827 socient.
2469 1771 2629 1835 Quod
2673 1777 3060 1843 opportunum
3103 1773 3188 1824 est
3233 1769 3471 1841 spiritali
3515 1771 3820 1839 amputare

2101 1839 2156 1910 B
2181 1881 2471 1933 mucrone,
2501 1870 2670 1937 atque
2698 1865 2742 1918 si
2769 1869 2969 1921 vestrae
2985 1865 3166 1936 placet
3187 1862 3468 1918 sanctitati
3497 1879 3511 1916 :
3540 1861 3819 1916 radicitus

2170 1958 2358 2024 evelli,
2389 1975 2459 2013 ne
2487 1975 2650 2029 seges
2674 1958 2811 2012 boni
2829 1957 3092 2029 agricolae
3121 1956 3463 2012 zizaniorum
3493 1956 3660 2010 mista
3676 1955 3815 2008 hor-

2178 2053 2437 2106 rentibus
2459 2051 2682 2107 frutetis
2707 2052 3018 2107 sordescat.
3045 2050 3395 2107 Sanctissimi
3418 2049 3686 2120 episcopi,
3708 2066 3816 2102 seu

2178 2145 2530 2200 venerabiles
2552 2145 2976 2217 responderunt
3008 2162 3020 2199 :
3053 2146 3193 2199 Vere
3215 2143 3608 2214 cognoscimus
3632 2143 3819 2213 gratia

2179 2239 2355 2294 sancti
2377 2239 2616 2310 Spiritus
2653 2255 2748 2294 cor
2785 2239 3130 2310 apostolatus
3167 2238 3338 2293 vestri
3365 2253 3719 2303 succensum,
3760 2242 3822 2291 et

2155 2321 2241 2405 [ut
2266 2333 2535 2388 radicitus
2560 2336 2728 2388 tanta;
2747 2333 2991 2388 miseriae
3012 2334 3304 2404 squalores
3323 2349 3356 2386 a
3375 2330 3628 2387 ﬁdelium
3652 2347 3818 2385 men-

2179 2427 2330 2482 tibus
2371 2427 2764 2499 detergantur,
2801 2432 2858 2482 et
2899 2427 3035 2498 quia
3076 2427 3279 2481 vulnus
3315 2425 3538 2496 corpori
3568 2425 3816 2479 inﬁxum

2178 2521 2333 2576 aditu
2357 2521 2486 2575 talis
2512 2520 2756 2575 miseriae
2792 2520 3048 2575 obserato
3089 2519 3322 2574 salutari
3362 2519 3615 2574 antidoto
3655 2534 3817 2573 cure-

2180 2619 2293 2684 tur,
2327 2614 2470 2669 sicut
2508 2615 2656 2669 bene
2688 2613 2990 2685 praevisum
3021 2617 3104 2669 est
3137 2612 3535 2668 interdictione
3568 2613 3811 2668 anathe—

2180 2708 2368 2777 matis,
2397 2724 2470 2762 ne
2497 2708 2686 2763 denuo
2717 2709 2822 2762 hoc
2848 2707 3126 2779 quispiam
3147 2708 3454 2776 Romanus,
3485 2706 3816 2776 Longobar-

2179 2803 2303 2870 dus,
2333 2801 2422 2856 vel
2443 2802 2831 2874 cujuscunque
2853 2802 2923 2856 sit
2944 2802 3148 2872 gentis,
3174 2801 3433 2872 sacrique
3455 2799 3817 2871 baptismatis

2181 2896 2333 2951 unda
2348 2896 2498 2951 lotus
2517 2899 2775 2964 attentet,
2801 2899 2864 2950 ut
2882 2912 3001 2951 non
3022 2895 3160 2950 tanti
3180 2894 3390 2966 piaculi
3413 2895 3561 2949 mole
3581 2911 3818 2965 oppres-

2179 3007 2272 3044 sus
2298 2989 2802 3061 praacipitationem
2831 2990 3066 3056 incidat,
3088 2993 3188 3043 aut
3211 2988 3484 3060 voragine
3511 2993 3818 3059 mergatur

2177 3083 2512 3154 iniquitatis,
2559 3083 2719 3139 vitari
2780 3084 3002 3150 debeat,
3053 3087 3221 3154 atque
3269 3082 3540 3137 radicitus
3586 3083 3812 3136 evellat.

2177 3179 2307 3231 Post
2330 3177 2478 3232 hanc
2504 3178 2762 3232 omnium
2799 3193 3104 3232 consonam
3134 3176 3565 3248 responsionem
3599 3176 3817 3247 Grego-

2178 3271 2293 3324 rius
2321 3271 2660 3342 apostolicus
2680 3288 2830 3342 papa
2851 3275 2982 3325 ante
3005 3287 3206 3342 corpus
3229 3276 3611 3325 memoratum
3635 3287 3814 3324 vene-

2177 3363 2366 3418 rabilis
2410 3364 2712 3420 Christiani
2757 3364 3149 3436 apostolorum
3189 3363 3462 3435 principis
3510 3363 3815 3419 inferendo

2179 3458 2522 3513 sententiam
2547 3457 2686 3513 dixit
2710 3475 2723 3513 :

2248 3613 2287 3666 I.
2339 3611 2393 3666 Si
2442 3611 2567 3683 quis
2610 3611 3001 3683 presbyteram
3056 3611 3281 3665 duxerit
3327 3610 3387 3664 in
3444 3610 3811 3680 conjugium,

2177 3705 2488 3760 anathema
2514 3705 2604 3760 sit.
2646 3707 2714 3760 Et
2759 3705 3178 3776 responderunt
3211 3719 3408 3759 omnes
3443 3720 3456 3758 :
3489 3705 3816 3759 Anathema

2177 3799 2264 3852 sit.

2247 3917 2312 3970 II.
2354 3915 2411 3969 Si
2447 3916 2574 3986 quis
2603 3915 2902 3970 diaconam
2927 3916 2987 3970 in
3018 3915 3352 3986 conjugium
3383 3914 3633 3982 duxerit,
3665 3931 3808 3968 ana-

2173 4010 2370 4064 thema
2390 4008 2480 4063 sit.
2507 4010 2573 4063 Et
2592 4010 3014 4080 responderunt
3034 4026 3234 4064 omnes
3261 4008 3427 4064 tertio
3454 4026 3466 4064 :
3489 4009 3813 4064 Anathema

2176 4103 2264 4157 sit.

2248 4214 2330 4269 lIl.
2361 4213 2420 4269 Si
2445 4214 2570 4286 quis
2596 4215 2940 4269 monacham
2964 4232 3137 4286 quam
3161 4215 3258 4269 Dei
3279 4214 3540 4270 ancillam
3564 4215 3813 4286 appella-

2174 4324 2321 4376 mus,
2343 4307 2402 4362 in
2419 4307 2752 4380 conjugium
2775 4308 3014 4376 duxerit,
3038 4308 3340 4362 anathema
3363 4307 3452 4363 sit.
3482 4309 3550 4363 Et
3574 4323 3811 4378 respon-

2173 4401 2382 4457 derunt
2400 4418 2599 4456 omnes
2626 4401 2794 4456 tertio
2825 4418 2836 4456 :
2870 4401 3185 4456 Anathema
3217 4402 3304 4455 sit.

2245 4515 2330 4567 IV.
2365 4515 2418 4570 Si
2452 4514 2579 4586 quis
2601 4517 2977 4568 commatrem
3005 4512 3311 4584 spiritalem
3344 4511 3568 4566 duxerit
3592 4512 3654 4565 in
3682 4529 3812 4568 con-

443 4582 790 4652 (liaconibus,
837 4585 1001 4638 Petro
1044 4583 1468 4651 archidiacono,
1517 4584 1760 4656 Georgio
1797 4584 2097 4659 0rascho,j

2191 4606 2412 4677 ugium,
2433 4582 2744 4661 anathema
2766 4606 2853 4660 sit.
2872 4606 2937 4661 Et
2950 4582 3366 4676 responderunt
3381 4620 3580 4659 omnes
3604 4605 3807 4660 tertio:

443 4693 540 4730 seu
567 4676 890 4745 Benedicto,
927 4677 1012 4731 vel
1044 4682 1246 4733 cuncto
1269 4680 1440 4747 clero,
1466 4678 1778 4750 Gregorius
1798 4677 2074 4732 sanctissi-

445 4786 588 4838 mus,
634 4785 698 4824 ac
745 4769 1107 4825 beatissimus
1142 4787 1310 4842 papa,
1355 4775 1486 4826 ante
1528 4788 1730 4842 corpus
1762 4770 2072 4825 beatissimi

443 4862 588 4918 Petri
617 4863 674 4918 in
701 4864 916 4934 synodo
943 4865 1196 4920 residens
1217 4865 1360 4920 dixit
1394 4884 1404 4919 :

511 4958 652 5011 Cum
681 4957 858 5012 simus
885 4957 1193 5013 Dominicaa
1219 4959 1399 5029 plebis
1429 4974 1676 5028 superna
1706 4957 2075 5012 miseratione

444 5055 704 5119 rectores,
733 5051 1033 5106 studiosius
1060 5069 1162 5106 nos
1193 5053 1458 5107 convenit
1487 5051 1582 5105 Dei
1611 5049 1936 5122 praesidium
1971 5067 2074 5120 pro

442 5161 637 5199 eorum
675 5161 826 5216 saepe
860 5145 1108 5218 rogitare
1156 5147 1353 5213 salute,
1385 5162 1455 5199 ne
1486 5145 1556 5198 de
1589 5143 1819 5198 creditis
1837 5143 2072 5197 frustra-

445 5238 627 5309 tisque
661 5237 832 5309 (quod
874 5239 1033 5309 absit)
1063 5239 1363 5294 animabus
1393 5237 1613 5291 insidiis
1652 5236 1877 5307 antiqui
1904 5237 2076 5292 hostis

445 5337 577 5386 ante
608 5337 894 5403 pastorem
936 5333 1217 5400 omnium,
1245 5331 1352 5384 nisi
1383 5330 1650 5385 succedat
1676 5331 2076 5402 praeveniendo

444 5426 514 5481 de
565 5425 792 5481 offensis
846 5427 1142 5494 correctio,
1195 5425 1504 5479 districtam
1543 5441 1820 5496 cogamur
1859 5425 2075 5480 solvere

449 5519 748 5589 rationem,
771 5521 1023 5590 dumque
1058 5518 1347 5589 perpendo
1383 5519 1465 5572 vel
1486 5519 1552 5574 ad
1581 5518 1838 5573 animum
1867 5519 2076 5573 reduco

444 5619 658 5686 quanta
705 5611 1206 5683 circumspectione
1263 5629 1368 5666 nos
1413 5615 1675 5684 oporteat
1726 5613 2076 5684 invigilando

400 5704 422 5778 ι
447 5711 646 5761 contra
676 5709 760 5762 sui
786 5707 1058 5777 cujusque
1085 5705 1310 5760 sceleris
1336 5706 1653 5777 nequitiam
1678 5706 1926 5775 obviare,
1958 5710 2016 5760 et
2035 5708 2077 5761 si

2172 4701 2497 4754 Anathema
2517 4699 2606 4754 sit.

2246 4812 2308 4865 V.
2359 4811 2415 4866 Si
2464 4812 2592 4882 quis
2633 4811 2819 4866 fratris
2849 4826 3084 4865 uxorem
3115 4810 3336 4865 duxerit
3370 4809 3427 4864 in
3452 4811 3810 4882 conjugium,

2174 4905 2482 4958 anathema
2511 4904 2597 4960 sit.
2634 4907 2700 4959 Et
2735 4904 3152 4976 responderunt
3189 4920 3390 4958 omnes
3430 4921 3442 4958 :
3491 4904 3816 4960 Anathema

2175 4999 2264 5051 sit.

2249 5110 2332 5163 VI.
2363 5110 2417 5164 Si
2444 5109 2570 5180 quis
2594 5112 2827 5180 neptem
2859 5109 3085 5163 duxerit
3111 5110 3168 5163 in
3196 5108 3549 5178 conjugium,
3582 5110 3816 5165 anathe-

2177 5220 2269 5257 ma
2314 5204 2404 5258 sit.
2451 5205 2517 5259 Et
2563 5203 2982 5275 responderunt
3027 5217 3224 5257 omnes
3251 5203 3460 5258 tertio:
3497 5203 3814 5258 Anathema

2178 5296 2268 5351 sit.

2253 5409 2354 5462 VII.
2379 5409 2433 5464 Si
2464 5409 2590 5480 quis
2615 5423 2943 5476 novercam,
2973 5411 3072 5462 aut
3095 5423 3308 5462 nurum
3336 5407 3565 5464 duxerit
3593 5407 3657 5463 in
3688 5425 3816 5464 con-

2170 5502 2400 5574 jugium
2422 5502 2732 5558 anathema
2752 5502 2842 5558 sit.
2865 5503 2932 5557 Et
2955 5502 3376 5574 responderunt
3393 5517 3591 5558 omnes
3612 5503 3812 5559 tertio:

2179 5597 2500 5650 Anathema
2527 5597 2616 5651 sit.

2251 5711 2387 5764 VIII.
2432 5709 2489 5766 Si
2520 5710 2645 5781 quis
2670 5710 3074 5765 consobrinam
3101 5709 3326 5764 duxerit
3356 5708 3416 5763 in
3446 5709 3813 5780 conjugium,

448 5800 682 5869 quando
727 5799 985 5854 insilierit
1018 5800 1088 5853 ad
1125 5800 1539 5869 perturbandas
1569 5799 1826 5854 ﬁdelium
1858 5803 2081 5854 mentes
2182 5803 2490 5858 anathema
2521 5803 2606 5858 sit.
2637 5805 2705 5860 Et
2732 5804 3153 5876 responderunt
3182 5819 3382 5858 omnes
3408 5804 3577 5858 tertio
3615 5821 3626 5858 :
3665 5808 3812 5860 Ana-

455 5890 736 5958 adjutorio
778 5909 1021 5961 superno
1060 5891 1195 5947 ictui
1237 5892 1358 5964 ejus
1398 5892 1658 5947 resistere
1686 5892 1847 5947 valde
1879 5908 2083 5948 concu-

2185 5897 2375 5951 thema
2397 5896 2487 5951 sit.
