4050 6304
240 354 362 407 1141

1472 359 1941 414 DECHE'I'ALIUM
1981 359 2366 416 COLLECTIO.

3465 363 3594 416 1142

304 465 384 518 IX.
421 463 480 518 Si
518 463 644 535 quis
686 464 755 518 de
794 465 1022 535 propria
1060 467 1416 536 cognatione,
1448 469 1532 522 vel
1560 484 1733 539 quam
1763 485 1856 522 co—
1882 480 1940 552 Α
1962 485 2279 540 eorumque
2308 469 2708 540 episcoporum
2730 469 3208 539 manibus.lgitur
3228 473 3354 540 post
3375 469 3593 540 aliquos

233 562 437 627 gnatus
485 557 703 626 habuit,
744 557 973 612 duxerit
1015 575 1271 630 uxorem,
1310 563 1615 616 anathema
1665 563 1754 617 sit.
1796 563 1863 616 Et

229 651 643 723 responderunt
669 668 869 708 omnes
892 652 1060 708 tertio
1091 671 1103 708 :
1138 655 1452 710 Anathema
1480 656 1572 711 sit.

300 757 363 811 X.
405 755 460 810 Si
492 756 615 827 quis
646 755 873 811 viduam
907 757 1125 812 furatus
1165 757 1334 813 fuerit
1383 759 1442 813 in
1493 775 1746 826 uxorem,
1774 762 1859 815 vel

227 849 585 906 consentiens
604 849 677 917 ei,
695 850 1001 906 anathema
1027 851 1116 906 sit.
1133 853 1201 910 Et
1227 853 1648 923 responderunt
1661 870 1860 908 omnes

229 943 401 999 tertio
433 961 445 998 :
476 945 796 1000 Anathema
820 945 910 1000 sit.

299 1047 382 1101 XI.
407 1047 462 1102 Si
487 1047 613 1119 quis
637 1047 940 1117 virginem,
971 1048 1079 1101 nisi
1112 1049 1562 1118 desponsaverit,
1585 1050 1857 1120 rapuerit,

227 1141 312 1195 vel
348 1140 568 1195 furatus
611 1140 785 1195 fuerit
835 1141 894 1195 in
941 1157 1196 1208 uxorem,
1244 1142 1333 1195 vel
1377 1143 1740 1197 consentiens
1786 1142 1856 1211 ei,

225 1234 533 1290 anathema
567 1234 656 1290 sit.
686 1237 754 1290 Et
784 1235 1204 1306 responderunt
1232 1251 1430 1290 omnes
1463 1236 1628 1290 tertio
1664 1254 1676 1290 :
1712 1240 1858 1292 Ana-

226 1327 421 1382 thema
450 1329 543 1382 sit.

297 1431 404 1486 XII.
482 1431 536 1486 Si
612 1432 739 1502 quis
814 1431 1034 1499 ariolos,
1111 1433 1416 1504 aruspices,
1479 1433 1859 1488 incantatores

225 1524 631 1592 observaverit,
663 1530 763 1580 aut
811 1525 1176 1597 phylacteriis
1215 1542 1350 1580 usus
1391 1527 1584 1592 fuerit,
1620 1528 1856 1582 anathe-

1963 562 2083 616 dies
2112 563 2183 617 ad
2229 563 2352 633 ejus
2386 577 2582 633 preces
2630 562 2897 618 facientes
2943 563 3263 617 coacervari
3303 566 3512 618 costum
3535 563 3594 617 in

1907 657 1960 746 ιν
1961 657 2068 710 hac
2095 656 2235 711 urbe
2261 657 2522 711 Romana
2553 655 2876 711 antistitum
2909 655 3170 723 fecimus,
3199 659 3264 710 ut
3300 657 3597 712 nobiscum

1963 750 2318 806 considentes
2383 755 2440 805 et
2489 749 2688 821 petitio
2737 749 2995 821 ejusdem
3045 749 3314 821 episcopi,
3367 754 3425 805 et
3473 753 3598 805 acta

1962 843 2388 900 sacerdotaliter
2435 848 2934 916 cognoscerentur.
2983 845 3128 898 Dum
3171 859 3307 914 ergo
3351 847 3496 900 esset
3535 844 3594 898 in

1961 940 2066 993 hac
2091 939 2350 994 Romana
2376 937 2516 993 urbe
2547 942 2892 1010 congregata
2930 937 3136 994 eadem
3183 937 3435 1009 synodus
3473 938 3592 1008 epi-

1961 1049 2264 1104 scoporum
2321 1049 2425 1104 pro
2489 1032 2822 1103 hujusmodi
2885 1032 3116 1103 negotio
3173 1031 3457 1087 audiendo
3510 1032 3595 1096 vel

1959 1125 2238 1193 faciendo,
2262 1126 2457 1180 statim
2486 1126 2651 1181 nobis
2669 1126 2935 1180 nuntiata
2961 1129 3093 1180 sunt
3122 1125 3376 1196 ejusdem
3405 1141 3596 1181 exem-

1960 1219 2142 1291 plaria
2181 1219 2417 1274 actionis
2441 1237 2473 1273 a
2499 1223 2596 1275 tua
2642 1219 2998 1275 fraternitate
3042 1219 3276 1288 directa,
3303 1235 3431 1290 quae
3470 1236 3590 1273 sus-

1959 1313 2230 1384 cipientes
2263 1317 2435 1384 atque
2479 1314 2840 1368 conferentes
2880 1312 3125 1367 invicem
3158 1312 3237 1367 ita
3267 1311 3594 1368 invenimus

1959 1407 2238 1462 contineri
2281 1407 2340 1461 in
2379 1407 2564 1462 verbis
2605 1410 2663 1462 et
2707 1406 2985 1476 sensibus,
3015 1407 3159 1461 sicut
3187 1422 3252 1461 ea
3277 1423 3404 1478 quae
3429 1405 3594 1460 nobis

1958 1502 2228 1572 praefatus
2257 1501 2556 1572 episcopus
2589 1501 2875 1557 obtulerat
2911 1501 3225 1572 subscripta
3264 1516 3441 1554 manu
3468 1499 3590 1570 epi-

222 1635 318 1673 ma
343 1619 436 1674 sit.
473 1621 539 1674 Et
586 1592 997 1690 responderunt
1039 1635 1237 1674 omnes
1283 1621 1452 1675 tertio
1485 1637 1496 1675 :
1534 1621 1858 1676 Anathema
1953 1612 2254 1666 scopomm
2289 1598 2348 1649 et
2377 1599 2490 1650 tua
2521 1594 2858 1690 dilectionis'
2905 1595 3292 1690 Ουδωθωθξη
3327 1592 3590 1690 admirati

224 1713 315 1768 sit.

299 1816 429 1872 XIII.
461 1816 514 1872 Si
541 1816 667 1888 quis
696 1817 754 1870 in
781 1833 1133 1888 quamquam
1167 1823 1392 1889 partem
1421 1822 1615 1872 nostra
1638 1834 1854 1890 praece-

222 1914 322 1980 pta
351 1913 483 1964 ante
520 1909 723 1964 emissa
753 1910 1080 1981 apostolicae
1126 1911 1374 1966 ecclesiae
1422 1911 1491 1966 de
1521 1911 1770 1981 Olivetis,
1800 1915 1857 1966 et

223 2004 363 2058 locis
390 2003 622 2058 diversis
652 2004 1038 2073 temeraverit,
1070 2006 1127 2058 et
1152 2021 1264 2059 non
1292 2004 1350 2059 in
1379 2005 1643 2059 omnibus
1671 2006 1856 2060 obser-

224 2098 458 2168 vaverit,
472 2099 778 2152 anathema
800 2098 890 2153 sit.
906 2100 974 2153 Et
993 2098 1415 2169 responderunt
1438 2115 1638 2154 omnes
1655 2101 1850 2154 tertio:

223 2191 538 2246 Anathema
565 2191 653 2245 sit.

294 2296 425 2349 XIV.
470 2295 749 2349 Adrianus
806 2295 956 2349 filius
1017 2295 1342 2364 Exhilarati,
1389 2295 1484 2366 qui
1531 2303 1660 2367 post
1708 2313 1854 2368 prae-

224 2387 420 2442 stitum
476 2392 896 2444 sacramentum
946 2388 1257 2461 apostolica
1309 2389 1659 2445 confessione
1706 2391 1853 2462 Epy-

225 2481 497 2552 phaniam
538 2482 833 2537 diaconam
871 2481 1064 2538 illicito
1105 2498 1246 2537 ausu
1289 2483 1348 2537 in
1385 2499 1624 2538 uxorem
1658 2484 1853 2551 habet,

227 2576 536 2630 anathema
562 2577 651 2630 sit.
681 2578 748 2630 Et
778 2575 1194 2648 responderunt
1229 2593 1426 2632 omnes
1459 2577 1626 2632 tertio
1655 2594 1667 2633 :
1700 2579 1854 2632 Ana-

231 2669 424 2724 thema
450 2669 540 2724 sit.

300 2773 407 2826 XV.
437 2772 768 2843 Epyphania
797 2773 1059 2842 diacona,
1094 2788 1221 2844 quae
1246 2777 1376 2844 post
1402 2773 1740 2844 praedictum
1768 2791 1854 2829 sa-

228 2873 583 2920 cramentum
611 2883 740 2920 cum
768 2866 1022 2921 Adriano
1058 2867 1362 2922 Exhilarati
1393 2868 1508 2922 filio
1536 2869 1675 2938 fuga
1700 2869 1859 2940 lapsa

226 2962 312 3012 est
330 2958 389 3012 in
406 2975 662 3027 uxorem,
682 2960 988 3014 anathema
1006 2960 1098 3014 sit.
1131 2961 1196 3014 Et
1218 2961 1639 3031 responderunt
1657 2978 1857 3016 omnes

230 3052 394 3106 tertio
430 3069 443 3106 :
473 3054 792 3107 Anathema
819 3053 908 3108 sit.

298 3157 429 3210 XVI.
471 3155 527 3211 Si
562 3157 687 3227 quis
729 3157 778 3210 ei
820 3157 880 3210 in
917 3161 1032 3211 tam
1082 3157 1298 3212 crudeli
1345 3161 1476 3212 actu
1520 3174 1856 3214 consensum

226 3249 488 3318 praebuit,
517 3251 824 3306 anathema
852 3251 941 3305 sit.
972 3253 1037 3307 Et
1063 3252 1480 3322 responderunt
1507 3269 1705 3308 omnes
1740 3257 1854 3309 ter-
1878 3237 1933 3312 C

232 3344 305 3397 tio
335 3361 348 3398 :
377 3345 695 3398 Anathema
729 3345 816 3398 sit.

301 3447 447 3502 XVII.
479 3446 538 3502 Si
567 3447 692 3518 quis
719 3463 784 3501 ex
809 3447 1024 3502 clericis
1070 3448 1409 3504 relaxaverit
1439 3465 1684 3518 comam,
1718 3466 1856 3505 ana-

229 3541 420 3596 thema
447 3541 536 3596 sit.
559 3542 625 3596 Et
645 3541 1061 3613 responderunt
1089 3558 1286 3598 omnes
1311 3542 1475 3598 tertio
1501 3560 1513 3599 :
1539 3543 1860 3600 Anathema

227 3635 314 3690 sit.

296 3755 364 3807 Et
374 3753 725 3823 subscriptio:
741 3752 1044 3824 Gregorius
1059 3753 1357 3824 episcopus
1369 3753 1656 3808 catholicis
1667 3758 1858 3827 ,atque

226 3845 543 3916 apostolicae
564 3847 833 3902 Romanae
861 3845 1145 3917 Ecclesiae,
1163 3846 1296 3901 huic
1316 3847 1622 3901 constituto
1641 3864 1674 3901 a
1692 3848 1857 3903 nobis

226 3941 588 4011 promulgato
629 3940 954 4011 subscripsi.
998 3940 1274 4011 Agnellus
1307 3939 1602 4012 episcopus
1651 3947 1857 3997 sancta:

229 4033 484 4088 Ecclesiae
510 4034 952 4089 Ferentiniensis
980 4034 1112 4090 huic
1138 4034 1440 4090 constituto
1465 4052 1494 4088 a
1522 4034 1687 4090 nobis
1722 4051 1854 4106 pro-

229 4127 482 4196 mulgato
496 4127 816 4199 subscripsi;
830 4129 1072 4182 Joannes
1085 4129 1320 4183 humilis
1338 4128 1634 4200 episcopus
1649 4133 1857 4184 sanctae

226 4221 482 4275 Ecclesiae
511 4221 930 4290 Beliternensis,
959 4221 1093 4277 huic
1137 4221 1448 4277 constituto
1475 4239 1508 4276 a
1537 4222 1698 4276 nobis
1725 4239 1854 4294 pro-

227 4315 481 4385 mulgato
503 4315 828 4387 subscripsi.
854 4317 921 4370 Et
938 4317 1129 4371 caeteri
1158 4315 1406 4387 episcopi
1432 4332 1671 4371 numero
1697 4318 1780 4384 14,
1800 4323 1856 4372 et

228 4409 451 4463 diaconi
498 4425 737 4464 numero
775 4411 828 4475 4,
857 4409 946 4464 die
987 4411 1174 4465 Nonas
1210 4408 1434 4480 Aprilis,
1463 4408 1772 4466 indictione
1798 4412 1850 4466 4,

370 4619 706 4675 INCIPIUNT
746 4620 1087 4676 EPISTOL/E
1119 4621 1455 4675 VITALIANI
1494 4622 1704 4676 PAPAE.
1787 4448 1931 4684 <0

370 4619 706 4675 INCIPIUNT
746 4620 1087 4676 EPISTOL/E
1119 4621 1455 4675 VITALIANI
1494 4622 1704 4676 PAPAE.

296 4787 623 4840 VITALIANUS
650 4786 948 4856 episcopus
975 4803 1168 4841 servus
1196 4802 1484 4843 servorum
1523 4787 1644 4857 Dei,
1672 4789 1855 4841 PAULU

221 4879 641 4950 archiepiscopo
671 4880 950 4935 Cretensi.

295 4973 524 5027 Decimo
587 4989 739 5027 nono
789 4973 878 5029 die
930 4976 1140 5030 mensis
1220 4975 1536 5030 Decembris
1603 4991 1853 5047 prasen-

221 5068 293 5122 tis
354 5067 678 5122 indictionis
743 5072 827 5137 ll,
883 5070 1129 5124 Joannes
1203 5070 1499 5142 episcopus
1564 5071 1854 5141 Lampeon

222 5161 380 5216 urbis
425 5162 578 5215 intra
621 5161 913 5217 basilicam
959 5164 1342 5220 venerabilem
1392 5164 1540 5219 beati
1583 5163 1857 5236 principis

222 5255 618 5325 apostolorum
671 5257 820 5312 Petri
883 5258 1050 5312 nobis
1097 5258 1301 5313 obtulit
1348 5258 1708 5330 petitionem,
1757 5275 1857 5330 per

221 5365 397 5420 quam
438 5366 541 5404 nos
587 5350 790 5405 obnixe
832 5351 1154 5422 postulavit,
1185 5357 1353 5424 atque
1382 5352 1721 5423 conjuravit,
1756 5369 1857 5423 per

221 5443 555 5513 terribilem,
588 5444 875 5515 inquiens,
923 5444 1230 5500 adventum
1273 5447 1472 5517 magni
1523 5446 1643 5514 Dei,
1686 5448 1856 5518 atque

221 5537 528 5592 Salvatoris
573 5538 752 5593 nostri
787 5539 917 5593 Jesu
946 5538 1174 5606 Christi,
1208 5545 1273 5595 ut
1315 5539 1628 5595 secundum
1670 5557 1851 5594 sacra-

221 5629 469 5686 tissimos
516 5647 785 5702 canones,
835 5632 1204 5702 institutaque
1251 5638 1576 5688 sanctorum
1621 5634 1854 5688 Patrum

220 5723 341 5794 ejus
386 5741 568 5780 causae
619 5725 891 5780 meritum
935 5725 1363 5797 requireremus
1410 5732 1466 5782 et
1509 5727 1853 5782 sententiam

218 5820 738 5888 promulgaremus.
787 5819 1004 5875 Obtulit
1051 5818 1198 5874 illico
1234 5825 1290 5876 et
1330 5821 1669 5876 sententiam
1700 5821 1852 5891 apud

220 5917 381 5967 tuam
412 5913 828 5969 fraternitatem
856 5915 1190 5980 confectam,
1215 5914 1708 5986 subscriptamquc
1731 5914 1852 5985 ejus

1952 1706 2166 1756 sumus,
2196 1690 2331 1761 quia
2362 1706 2466 1761 per
2492 1705 2658 1744 suum
2685 1688 2953 1744 clericum
2985 1690 3131 1743 hanc
3159 1687 3315 1742 vobis
3350 1686 3590 1742 minime

1955 1783 2245 1837 direxerit.
2294 1783 2354 1838 Si
2392 1783 2549 1838 enim
2593 1783 2828 1837 forsitan
2874 1787 3102 1853 tempus
3142 1783 3251 1836 hoc
3301 1780 3593 1853 prohibuit

1876 1865 1931 1938 B
1955 1876 2362 1946 incongruum,
2385 1893 2488 1931 cur
2507 1877 2721 1947 absque
2747 1893 2852 1932 suo
2878 1876 3086 1948 scripto
3107 1876 3256 1931 hanc
3286 1891 3464 1946 usque
3487 1891 3591 1929 nos

1956 1970 2194 2025 minime
2225 1970 2535 2025 direxerit?
2562 1971 2819 2042 Cumque
2837 1970 3116 2024 recensita
3142 1974 3288 2024 esset
3316 1968 3594 2024 sententia

1957 2080 2144 2118 coram
2203 2064 2410 2118 nostris
2481 2064 2753 2119 fratribus
2827 2064 3122 2136 episcopis,
3181 2063 3363 2117 visum
3431 2061 3595 2116 nobis

1958 2158 2149 2229 eisque
2173 2160 2278 2227 est,
2303 2157 2458 2230 quod
2488 2175 2601 2212 non
2631 2159 2946 2213 secundum
2977 2158 3243 2212 timorem
3261 2157 3380 2224 Dei,
3404 2172 3592 2228 neque

1957 2251 2272 2306 secundum
2296 2251 2556 2306 instituta
2580 2254 2811 2306 Patrum
2838 2267 3141 2322 sacrosque
3165 2266 3414 2305 canones
3441 2250 3592 2320 ejus-

1960 2345 2090 2400 dem
2112 2346 2343 2400 Joannis
2368 2345 2634 2401 antistitis
2662 2346 2954 2417 Lampeon
2983 2351 3069 2401 est
3093 2361 3260 2400 causa
3290 2343 3514 2416 cognita
3536 2348 3594 2398 et

1959 2439 2286 2507 terminata,
2333 2440 2420 2494 vel
2471 2439 2787 2510 poenalibus
2834 2439 3112 2494 submissa
3157 2439 3280 2510 ejus
3326 2453 3588 2510 persona.

1957 2535 2260 2605 Propterea
2305 2550 2423 2588 non
2465 2534 2665 2588 leviter
2709 2533 3021 2588 contristati
3071 2549 3290 2600 sumus,
3335 2531 3591 2586 maxime

1958 2628 2090 2700 quia
2124 2632 2180 2682 et
2218 2627 2321 2683 sub
2351 2627 2607 2683 custodia
2645 2629 2852 2682 missus
2897 2627 3051 2683 idem
3084 2630 3330 2683 Joannes
3357 2627 3591 2682 antistes

1958 2725 2251 2793 Lampeon
2278 2723 2494 2790 diebus,
2524 2727 2580 2778 et
2608 2722 2810 2777 exinde
2840 2721 3227 2777 adducebatur
3252 2721 3310 2775 in
3341 2725 3586 2776 secreta-

1959 2817 2106 2870 rium
2121 2819 2232 2870 tuas
2249 2816 2642 2884 fraternitatis,
2657 2821 2722 2871 ut
2739 2816 2891 2888 quod
2905 2816 3094 2882 velles,
3107 2814 3316 2887 inquit,
3332 2817 3590 2886 loquere-

1957 2915 2068 2978 tur,
2093 2927 2157 2965 ac
2181 2926 2377 2964 rursus
2397 2911 2500 2965 sub
2523 2910 2785 2965 custodia
2809 2909 3124 2964 ducebatur
3145 2910 3217 2964 ad
3243 2909 3586 2975 clausuram,

1960 3005 2123 3059 sicuti
2161 3003 2332 3059 habet
2357 3004 2634 3059 confessio
2680 3004 2997 3060 defensoris
3027 3009 3139 3059 tua:
3183 3002 3503 3058 dilectionis
3530 3002 3589 3056 in

1959 3099 2240 3153 sententia
2268 3099 2339 3153 ab
2371 3115 2438 3153 eo
2477 3099 2640 3153 facta.
2674 3101 2910 3171 Insuper
2938 3102 2995 3153 et
3036 3097 3368 3152 hortabatur
3393 3098 3590 3152 contra

1958 3209 2242 3247 canonum
2267 3193 2427 3263 jussa
2458 3198 2767 3264 contraque
2804 3193 2997 3264 legum
3030 3191 3287 3246 instituta
3316 3191 3586 3257 existens,

1961 3289 2022 3341 ut
2048 3286 2209 3341 daret
2246 3285 2659 3357 ﬁdejussorem.
2690 3287 2910 3340 Deinde
2954 3285 3256 3357 oportebat
3281 3289 3442 3340 tuam
3467 3284 3588 3338 fra-

1961 3380 2285 3436 ternitatem
2301 3380 2613 3435 secundum
2631 3396 2918 3434 canonum
2936 3379 3189 3451 vigorem
3207 3382 3459 3449 tempore
3477 3394 3588 3448 quo

1959 3492 2017 3530 se
2044 3475 2203 3546 petiit
2237 3474 2310 3529 ad
2336 3491 2441 3529 nos
2473 3474 2668 3530 venire
2700 3490 2834 3529 eum
2864 3473 3157 3528 absolvere
3203 3472 3313 3527 tuis
3347 3471 3584 3538 litteris;

1960 3586 2132 3641 quem
2148 3586 2264 3624 non
2284 3569 2470 3624 solum
2489 3568 2714 3623 noluisti
2737 3567 3014 3622 canonice
3033 3567 3324 3622 absolvere
3343 3565 3416 3620 ad
3438 3565 3588 3636 prin-

1958 3664 2098 3735 cipis
2131 3664 2520 3736 apostolorum
2564 3663 2780 3729 limina,
2811 3661 2913 3716 sed
2951 3661 3132 3732 magis
3157 3659 3505 3732 respondisti
3537 3659 3587 3713 ei

1959 3758 2307 3824 indecenter,
2330 3757 2622 3828 inquiens:
2646 3756 2783 3828 quia
2805 3771 2923 3811 non
2945 3758 3340 3827 competenter
3358 3753 3585 3826 quaeris.

1958 3853 2094 3915 Quae
2121 3868 2258 3922 ergo
2291 3851 2470 3906 sancti
2509 3855 2821 3906 sanxerunt
2852 3851 3043 3906 Patres
3067 3847 3390 3904 indecentia
3417 3849 3588 3902 sunt?

1958 3947 2042 3999 An
2072 3945 2350 4016 placentia
2377 3943 2482 3999 tibi
2508 3944 2773 4000 decentia
2799 3945 2974 3999 sunt?
2995 3945 3175 4008 Quem
3195 3943 3371 4013 igitur
3390 3941 3590 4014 praefa-

1959 4044 2081 4093 tum
2120 4041 2397 4094 Joannem
2431 4037 2744 4095 antistitem
2777 4054 2939 4109 aeque
2982 4036 3392 4109 inculpabilem
3422 4051 3584 4106 repe-

1958 4133 2185 4200 rientes,
2212 4133 2376 4203 juxta
2411 4135 2633 4188 textum
2672 4133 2972 4188 sententiae
3000 4149 3034 4186 a
3060 4136 3114 4186 te
3141 4131 3304 4185 nobis
3335 4129 3586 4196 directae,

1958 4226 2195 4280 fecimus
2241 4226 2537 4281 nobiscum
2569 4243 2700 4281 cum
2747 4225 3023 4298 episcopis
3062 4225 3133 4279 ad
3166 4224 3465 4278 missarum
3495 4239 3584 4275 so-

1958 4318 2169 4373 lemnia
2194 4319 2252 4373 in
2275 4320 2539 4375 ecclesias
2565 4320 2662 4374 Dei
2693 4318 3030 4390 przecedere.
3062 4319 3260 4389 Itaque
3288 4314 3587 4370 statuimus

1957 4416 2015 4465 et
2039 4413 2340 4467 ﬁrmamus
2365 4431 2468 4484 per
2494 4414 2664 4486 hujus
2687 4416 2891 4469 nostra:
2917 4410 3310 4484 praeceptionis
3338 4408 3586 4464 auctori-

1958 4509 2132 4560 tatem
2160 4506 2351 4561 omnia
2376 4523 2504 4578 qute
2553 4525 2586 4562 a
2618 4512 2672 4563 te
2701 4513 2909 4580 tuaque
2948 4505 3160 4578 synodo
3191 4507 3388 4559 contra
3414 4519 3580 4558 cano-

1953 4616 2092 4655 num
2121 4599 2399 4669 instituta,
2424 4604 2736 4674 contraque
2758 4603 2952 4674 legum
2985 4601 3228 4669 decreta,
3261 4602 3434 4670 gesta,
3458 4614 3587 4652 con-

1957 4693 2170 4749 fectave
2199 4699 2350 4764 sunt,
2377 4696 2464 4748 vel
2493 4695 2837 4751 sententiam
2878 4695 3296 4767 promulgatam
3323 4693 3587 4748 adversus

1958 4803 2088 4842 eum
2105 4787 2302 4841 inania
2320 4792 2377 4842 et
2390 4803 2564 4843 vacua
2584 4805 2726 4856 esse,
2741 4788 2842 4843 sed
2867 4788 3145 4860 quidquid
3165 4786 3432 4842 claruerit
3451 4801 3584 4841 eum

1957 4879 2386 4935 damniﬁcatum
2416 4881 2790 4952 ejusdemque
2823 4883 3117 4937 ecclesiam
3138 4900 3171 4937 a
3197 4897 3510 4954 quoquam,
3535 4884 3590 4935 et

1958 4981 2055 5029 tua
2081 4973 2307 5029 dilectio
2336 4974 2505 5028 faciat
2533 4975 2719 5043 reddi,
2742 4991 2846 5046 per
2875 4976 3069 5031 omnia
3090 4991 3426 5031 conservans
3452 4989 3584 5028 eum

1955 5069 2169 5139 absque
2197 5068 2443 5137 damno;
2466 5068 2898 5123 denominatum
2922 5069 3076 5124 enim
3097 5072 3372 5125 Joannem
3391 5072 3586 5140 utpote

1957 5162 2319 5217 innocentem
2347 5162 2706 5228 existentem,
2731 5178 2860 5216 cum
2897 5163 3198 5234 posuitenti
3229 5168 3420 5219 nostra
3450 5179 3589 5234 prae-

1956 5255 2216 5328 ceptione
2245 5255 2592 5310 absolvimus
2622 5255 2774 5324 hinc,
2812 5258 2871 5309 ut
2902 5256 3047 5311 sicut
3088 5259 3278 5311 caateri
3309 5259 3421 5312 tua":
3451 5251 3586 5312 dile-

1957 5350 2156 5406 ctionis
2186 5349 2455 5422 episcopi,
2485 5353 2541 5404 et
2570 5349 2618 5404 is
2647 5365 2762 5404 sum
2797 5349 3050 5403 ecclesia:
3084 5349 3420 5405 utilitatibus
3459 5367 3589 5405 cum

1957 5446 2057 5501 Dei
2075 5460 2346 5516 peragere
2366 5443 2568 5498 timore
2596 5459 2998 5514 sacrarumque
3025 5443 3351 5513 regularum
3371 5443 3590 5499 institu-

1955 5540 2110 5595 tione
2126 5538 2329 5594 debeat
2343 5555 2590 5614 morem.
2611 5536 2923 5609 Oportebat
2941 5535 3207 5607 denique,
3225 5535 3586 5592 dilectissime

1954 5633 2153 5700 frater,
2193 5631 2492 5704 oportebat
2537 5648 2642 5686 nos
2679 5630 2887 5687 similia
2933 5629 3210 5686 similibus
3249 5629 3583 5685 retribuere.

1957 5727 2066 5781 Sed
2114 5727 2234 5781 haec
2285 5726 2469 5797 magis
2513 5741 2615 5797 per
2655 5725 3037 5797 ignorantiam
3083 5723 3387 5795 opinamur
3427 5729 3587 5794 gesta

1956 5836 2074 5875 esse
2101 5837 2274 5891 quam
2306 5837 2408 5892 per
2433 5819 2820 5876 calliditatem.
2851 5821 3158 5891 Propterea
3185 5833 3312 5889 qua:
3334 5816 3586 5889 praecipi-

1957 5931 2081 5968 mus
2102 5914 2200 5968 tibi
2229 5914 2545 5970 secundum
2576 5915 2774 5981 Deum,
2797 5919 2852 5968 et
2876 5919 3111 5987 propter
3132 5912 3431 5969 Dominum
3452 5915 3589 5967 tuar-
