4050 6314
474 358 604 411 1143

468 481 577 536 que
605 481 881 538 peragere
904 467 1137 537 synodo,
1173 467 1334 520 stude
1376 466 1526 520 illico
1564 481 1859 538 peragere,
1890 483 1963 520 ne
1989 482 2084 521 co-
2111 477 2170 547 Α

466 575 676 629 gamur
698 576 813 615 non
851 559 1322 630 misericorditer,
1351 559 1450 616 sed
1479 560 1798 616 secundum
1826 560 2094 616 virtutem

466 653 973 710 sacratissimorum
1047 670 1334 709 canonum
1397 655 1735 710 conversari.
1806 655 2096 726 Scriptum

467 763 710 819 namque
743 753 858 804 est:
880 769 907 797 ‹‹
931 749 1201 804 Dominus
1219 749 1406 821 inquit
1429 766 1442 804 :
1467 752 1649 817 Petre,
1675 749 1868 821 rogavi
1891 765 1994 820 pro
2013 754 2094 819 te,

465 845 528 896 ut
584 857 702 896 non
758 841 1028 897 deﬁceret
1101 843 1242 898 ﬁdes
1316 848 1434 910 tua,
1495 849 1553 898 et
1625 848 1687 899 tu
1761 843 2093 916 aliquando,

463 951 768 991 conversus
810 936 1088 990 conﬁrma
1139 937 1346 992 fratres
1387 941 1514 992 tuos
1552 937 1700 1007 (Luc.
1740 953 1874 1006 nu,
1909 938 2030 1009 32);
2064 959 2090 1012 η

465 1034 770 1086 etrursum
800 1049 812 1087 :
841 1051 868 1084 ‹‹
893 1031 1291 1103 Quodcunque
1322 1031 1608 1103 ligaveris,
1639 1031 1900 1100 Petre,in
1921 1035 2094 1100 terra,

462 1124 571 1179 erit
589 1124 831 1196 ligatum
856 1125 914 1180 in
934 1127 1092 1193 coelo,
1112 1129 1169 1181 et
1193 1126 1574 1197 quodcunque
1595 1125 1826 1180 solveris
1843 1125 1902 1180 in
1923 1127 2094 1193 terra,

462 1217 572 1272 erit
596 1219 844 1274 solutum
873 1223 929 1275 et
956 1221 1017 1274 in
1049 1221 1187 1275 coelo
1217 1220 1430 1289 (Matth.
1460 1237 1572 1288 xvx,
1603 1219 1707 1290 19).
1739 1241 1766 1269 ››
1790 1221 2096 1290 Postquam

458 1327 590 1366 vero
621 1315 872 1368 nostram
914 1313 1360 1384 praceptionem
1407 1317 1507 1367 tua
1561 1311 1785 1368 dilectio
1823 1312 2099 1384 relegerit

459 1405 610 1460 hanc
637 1407 934 1477 poenitenti
963 1407 1225 1478 portitori
1251 1407 1488 1463 Joannis
1531 1406 1784 1478 episcopi
1819 1405 2098 1461 nimirum

463 1499 671 1555 reddat
689 1516 793 1571 pro
821 1500 908 1555 sui
925 1501 1300 1572 ejusdemque
1320 1500 1579 1556 Ecclesia
1599 1499 1935 1555 munitione.
1960 1501 2099 1556 Data

462 1593 552 1648 die
580 1610 632 1649 v1
665 1595 1056 1651 Kalendarum
1088 1595 1401 1666 Septemb.,
1433 1594 1742 1650 indictione
1769 1592 2094 1650 undecima.

945 1745 1078 1798 Item
1111 1744 1336 1813 epistola
1365 1743 1617 1813 ejusdem.

535 1877 862 1933 VITALIANUS
901 1879 1069 1934 VAANI
1119 1875 1465 1932 cubiculario
1514 1881 1572 1933 et
1623 1877 1908 1949 imperiali
1933 1879 2094 1933 char-
2119 1841 2174 1915 Β

465 1969 693 2024 tulario.

533 2064 771 2135 Semper
831 2065 1100 2120 celsitudo
1151 2069 1336 2121 vestra
1400 2065 1506 2137 piis
1565 2065 1893 2120 hominibus
1947 2082 2092 2138 pra-

463 2157 585 2213 buit
656 2175 994 2213 concursum
1020 2201 1035 2226 ,
1112 2175 1446 2231 semperque
1520 2159 2097 2231 irreprebensibiliter

452 2251 776 2306 viventibus
802 2252 1002 2308 tribuit
1025 2253 1268 2308 libenter
1287 2269 1476 2324 opem.
1503 2253 1752 2325 Ideoque
1772 2269 2096 2325 congruum

461 2345 829 2418 pravidimus
864 2363 969 2418 per
995 2347 1304 2418 prasentia
1331 2349 1526 2402 nostra
1571 2347 1780 2419 scripta
1813 2348 2094 2403 Joannem

462 2439 779 2495 antistitem
807 2439 1070 2495 Ecclesia
1096 2439 1454 2512 Lampensis,
1479 2440 1600 2495 sita
1623 2439 1682 2494 in
1701 2441 1886 2495 insula
1909 2441 2092 2509 Creta,

463 2534 516 2588 ei
559 2534 621 2588 in
652 2533 917 2589 omnibus
961 2534 1386 2602 commendare,
1420 2539 1704 2607 quatenus
1751 2534 1945 2590 divina
1989 2552 2095 2607 ope

463 2627 692 2698 pravia,
713 2627 762 2698 ej
771 2644 945 2699 usque
967 2627 1230 2683 suffultus
1258 2627 1530 2700 suffragio
1550 2629 1733 2689 .valeat
1753 2630 1824 2684 ad
1840 2631 2094 2684 sanctam

459 2721 721 2778 celeriter
750 2737 1003 2777 remeare
1023 2723 1356 2800 Ecclesiam.
1386 2725 1491 2778 Per
1515 2723 1911 2794 Septembrem
1939 2723 2092 2778 enim

461 2832 719 2871 mensem
761 2819 1106 2887 prasentem
1149 2816 1465 2873 undecima
1513 2816 1838 2872 indictionis
1887 2818 1947 2871 in
1990 2817 2095 2872 hac

463 2911 721 2964 Romana
747 2910 889 2965 urbe
915 2910 989 2964 ad
1027 2911 1421 2982 apostolorum
1462 2911 1638 2966 nostri
1669 2910 1934 2966 culminis
1959 2927 2091 2982 pro-

463 3005 745 3057 tectorum
773 3002 980 3058 limina
1008 3004 1263 3071 veniens,
1294 3005 1502 3060 obtulit
1543 3004 1707 3059 nobis
1756 3004 2095 3076 petitionem

462 3112 565 3168 per
585 3112 759 3168 quam
785 3097 1114 3168 suppliciter
1139 3103 1401 3171 precatus
1424 3101 1512 3153 est
1538 3115 1660 3168 nos,
1678 3103 1743 3154 ut
1768 3099 1891 3170 ejus
1910 3115 2096 3154 causa

1360 358 1642 412 AI'PEND.
1685 359 1772 410 Al)
1810 357 1973 410 SrEC.
2019 357 2106 410 1X.
2138 385 2204 394 —
2244 357 2484 412 lSlDORl
2522 357 2948 414 MERCATORIS

3705 364 3841 416 1111

2461 469 2593 521 Item
2617 467 2855 536 ejusdem
2884 467 2958 522 ad
2984 468 3218 523 Paulum
3245 468 3563 523 Cretensem.

2267 571 2600 625 VITALIANUS
2637 571 2818 626 PAULO
2846 569 3112 642 episc0po
3139 571 3416 627 Cretensi.

2270 665 2349 719 Ad
2365 664 2753 736 cognitionem
2768 670 2880 719 tua
2899 664 3219 720 dilectionis
3239 683 3344 722 con
3353 682 3560 739 gruum
3575 669 3843 739 pravidi-

2198 775 2324 813 mus
2340 758 2671 830 perducere,
2687 773 2753 812 eo
2769 758 2921 830 quod
2933 759 3179 814 Joannes
3196 760 3492 832 episc0pus
3507 761 3844 832 Lampensis

2198 853 2458 908 Ecclesia
2484 852 2650 907 nobis
2675 854 3042 925 suggesserit,
3062 870 3319 909 asserens
3347 856 3496 926 quod
3519 856 3641 926 ejus
3658 873 3838 928 paro-

2197 947 2340 1002 chia
2367 946 2717 1018 pertinentia
2737 947 3079 1003 monasteria
3107 965 3308 1016 unum,
3331 949 3482 1020 quod
3506 950 3840 1021 appellaba-

2197 1045 2291 1096 tur
2315 1042 2497 1109 Palea,
2532 1046 2587 1095 et
2633 1041 2902 1110 alterum,
2934 1043 3090 1112 quod
3140 1047 3372 1098 vocatur
3417 1043 3623 1111 Arsilli,
3657 1061 3691 1098 a
3741 1049 3843 1099 tua

2197 1134 2443 1190 Ecclesia
2487 1150 2607 1189 esse
2641 1134 2856 1190 invasa.
2901 1135 3149 1207 Ideoque
3193 1137 3238 1191 si
3287 1137 3362 1192 ita
3392 1140 3498 1206 est,
3530 1138 3842 1192 hortamur

2197 1232 2357 1284 tuam
2405 1228 2798 1284 charissimam
2841 1228 3281 1299 fraternitatem,
3312 1235 3374 1286 ut
3413 1231 3482 1299 ei,
3517 1232 3838 1286 secundum

2199 1322 2473 1377 terminos
2501 1327 2829 1377 sanctorum
2859 1339 3168 1394 canonum,
3203 1324 3443 1380 reddere
3483 1325 3670 1392 faciat,
3699 1325 3838 1396 quia

2199 1415 2504 1487 unicuique
2573 1417 2722 1488 quod
2779 1417 3002 1488 justum
3059 1422 3142 1472 est
3181 1419 3441 1472 volumus
3484 1419 3836 1486 conservari,

2197 1509 2442 1565 maxime
2483 1526 2518 1564 a
2565 1510 2771 1565 nostris
2815 1511 3105 1567 fratribus.
3153 1511 3537 1582 Cognovimus
3583 1513 3839 1584 denique

2196 1603 2353 1676 quod
2381 1604 2614 1675 quidam
2645 1604 2940 1674 diaconus,
2970 1605 3204 1660 nomine
3227 1607 3498 1674 Joannes,
3526 1611 3836 1677 postquam

2141 1675 2176 1812 1
2198 1700 2560 1753 consecratus
2587 1702 2671 1753 est
2697 1697 2960 1753 minister
3000 1699 3310 1771 accepisset
3352 1716 3604 1768 uxorem,
3635 1703 3694 1756 et
3716 1716 3837 1754 non

2203 1792 2376 1812 __I____
2412 1791 2514 1812 1,--
2574 1792 2662 1812 --.1
2697 1791 2747 1812 _'_
2793 1792 3284 1812 .‘I--_L___n__'lrn!!_
3327 1794 3528 1812 ,,_!1'n-l
3585 1794 3826 1812 I’I-,,,,_

2199 1792 2384 1846 solum
2412 1791 2539 1861 hoc,
2570 1792 2668 1847 sed
2696 1791 2757 1847 in
2786 1792 3005 1847 duabus
3028 1793 3287 1848 Ecclesiis
3325 1794 3556 1850 militet.
3585 1794 3838 1865 Ideoque

2198 1885 2244 1940 si
2281 1885 2362 1940 ita
2389 1889 2492 1955 est,
2523 1886 2632 1940 hoc
2661 1891 2759 1942 tua
2801 1885 3172 1942 dilectissime
3217 1887 3545 1943 fraternitas
3588 1905 3695 1961 pro
3737 1888 3838 1943 Dei

2198 1995 2395 2034 amore
2438 1979 2708 2051 corrigat,
2739 1996 2809 2035 ne
2840 1980 3029 2036 denuo
3061 1981 3389 2053 hujusmodi
3431 1981 3589 2038 nefas
3629 1998 3836 2054 prove~

2197 2073 2319 2127 niat
2358 2073 2431 2127 ad
2459 2072 2639 2127 instar
2667 2073 2818 2128 male
2854 2073 3182 2129 viventium.
3216 2075 3427 2131 Deinde
3462 2076 3840 2147 cognovimus

2195 2167 2349 2239 quod
2378 2167 2694 2238 quemdam
2721 2167 3014 2235 curialem,
3039 2169 3273 2224 nomine
3308 2169 3701 2240 Eulampium,
3729 2171 3835 2225 ha-

2195 2261 2328 2316 beat
2342 2260 2504 2332 quasi
2518 2260 3053 2316 consiliarium.Non
3073 2261 3227 2316 enim
3242 2265 3308 2316 ut
3318 2263 3480 2317 nobis
3495 2266 3839 2335 suggestum

2197 2357 2299 2421 est,
2330 2370 2463 2409 eum
2492 2358 2713 2410 constat
2741 2370 2861 2409 esse
2887 2355 3057 2410 bona
3075 2355 3224 2410 vita.
3255 2357 3350 2410 Ille
3373 2356 3525 2411 enim
3552 2357 3836 2428 quotidie,

2198 2453 2258 2502 ut
2281 2447 2481 2518 fertur,
2503 2447 2653 2504 inter
2673 2448 2877 2504 fratres
2909 2447 3128 2504 zizania
3158 2449 3424 2517 seminat,
3447 2453 3512 2505 ut
3537 2451 3607 2506 de
3633 2467 3840 2507 eorum

2196 2541 2478 2597 discordia
2499 2541 2855 2614 marsupium
2871 2542 3127 2614 impleat.
3153 2543 3556 2614 Quamobrem,
3571 2545 3617 2598 si
3630 2544 3710 2600 ita
3730 2550 3835 2614 est,

2195 2636 2499 2691 hortamur
2525 2640 2685 2692 tuam
2711 2636 3126 2691 fraternitatem
3149 2652 3282 2691 eum
3305 2654 3339 2692 a
3360 2653 3419 2693 se
3448 2638 3755 2709 projicere,
3774 2644 3842 2694 ut

2196 2731 2316 2801 ejus
2343 2730 2538 2802 opinio
2567 2747 2761 2785 coram
2794 2731 2926 2798 Deo,
2957 2733 3015 2785 et
3043 2731 3371 2787 hominibus
3407 2731 3629 2788 ﬂoreat.
3666 2734 3834 2799 Data,

2195 2827 2258 2879 ut
2285 2840 2477 2895 supra.

2680 2899 2812 2951 Item
2839 2897 3069 2967 epistola
3096 2896 3351 2966 ejusdem.

2267 3003 2590 3058 VITALIANUS
2619 3002 2864 3056 GEORGIO
2894 3002 3158 3074 episcopo
3190 3003 3554 3074 Syracusano.

2267 3097 2428 3151 Gesta
2453 3096 2566 3151 sive
2595 3096 2938 3150 sententiam
2969 3113 3003 3150 a
3047 3100 3144 3151 tua
3173 3096 3529 3152 fraternitate
3559 3097 3838 3154 directam

463 3190 734 3246 meritum
798 3195 1209 3262 cognoscentes
1284 3192 1557 3248 canonice
1631 3191 2090 3248 terminaremus.
2115 3214 2170 3289 Ο
2197 3189 2558 3244 dilectissimo
2578 3188 2693 3244 ﬁlio
2719 3192 2916 3244 nostro
2941 3189 3255 3246 Gaudentio
3277 3191 3618 3262 primicerio,
3635 3191 3744 3246 sibi
3767 3193 3836 3247 ab

464 3284 681 3340 Obtulit
710 3285 953 3357 denique
985 3285 1146 3341 nobis
1173 3289 1231 3341 et
1253 3287 1597 3343 sententiam
1627 3304 1800 3360 quam
1831 3288 2091 3360 promul-

463 3378 616 3449 gavit
645 3379 764 3450 ejus
791 3380 1261 3452 metropolitanus
1288 3397 1418 3436 cum
1446 3382 1562 3435 suis
1591 3382 1870 3453 episcopis
1901 3383 2095 3437 adver-

462 3488 556 3527 sus
579 3473 846 3528 eumdem
870 3475 1168 3544 Joannem,
1191 3475 1388 3529 volens
1416 3491 1549 3529 eum
1572 3476 1871 3531 ostendere
1897 3492 2092 3548 repre-

463 3565 818 3635 hensibilem,
853 3585 957 3639 per
985 3585 1158 3641 quam
1186 3585 1320 3624 eum
1342 3573 1539 3624 contra
1560 3585 1847 3626 canonum
1873 3570 2096 3626 decreta

463 3661 778 3732 poenalibus
821 3661 1104 3718 submisit.
1137 3664 1307 3734 Cujus
1353 3664 1646 3734 exemplar
1674 3667 1732 3718 et
1775 3663 1931 3718 idem
1974 3664 2094 3735 ejus

463 3756 929 3827 metropolitanus
987 3757 1150 3812 nobis
1193 3757 1416 3812 direxit.
1471 3758 1774 3828 Propterea
1818 3757 2095 3814 facientes

462 3849 800 3921 congregari
831 3851 1124 3922 episcopos
1147 3852 1207 3905 in
1239 3851 1342 3906 hac
1372 3851 1530 3919 urbe,
1554 3851 1677 3922 ejus
1702 3867 1871 3907 causa
1895 3855 1980 3908 est
1998 3869 2093 3908 co-

464 3943 643 4013 gnita,
684 3943 896 3998 reiecta
943 3945 1204 4000 videlicet
1245 3944 1515 4016 petitione
1560 3945 1702 4015 ejus.
1749 3947 1817 4000 Et
1862 3946 2096 4016 prafata

463 4036 747 4090 sententia
765 4036 835 4090 ab
855 4038 1058 4092 eodem
1071 4038 1512 4109 metropolitano
1536 4038 1655 4108 ejus
1677 4037 1842 4093 nobis
1862 4038 2093 4111 directa,

465 4127 647 4182 visum
694 4128 854 4183 nobis
901 4133 1004 4198 est,
1051 4148 1169 4186 non
1231 4131 1546 4187 secundum
1605 4147 1798 4186 sacros
1850 4149 2096 4188 canones

463 4222 726 4278 eamdem
741 4239 862 4279 esse
878 4226 1222 4281 sententiam
1244 4227 1684 4297 promulgatam,
1707 4226 1950 4297 ideoque
1970 4243 2094 4282 eam

463 4316 695 4372 inanem
723 4320 892 4388 atque
921 4317 1114 4392 284
1144 4336 1374 4374 vacuam
1403 4319 1706 4376 statuimus
1736 4321 1876 4390 fore,
1899 4320 2092 4376 decer-

464 4415 662 4467 nentes
711 4412 981 4467 eumdem
1026 4414 1307 4469 Joannem
1349 4414 1708 4470 innocentem
1753 4415 2014 4483 existere,
2042 4420 2098 4470 et

461 4505 672 4577 absque
699 4505 889 4577 aliqua
914 4507 1083 4580 culpa
1106 4525 1238 4562 eum
1268 4509 1340 4564 ab
1363 4509 1487 4580 ejus
1507 4509 1867 4580 metropolita
1897 4510 2096 4581 quari-

2193 3282 2444 3339 antistite
2488 3283 2770 3338 Cretensis
2814 3282 3012 3338 insula
3076 3284 3468 3339 transmissam
3515 3302 3620 3356 pro
3661 3302 3837 3341 causa

2196 3376 2786 3449 episcOpiI.ampensis
2804 3377 3058 3432 Ecclesia
3075 3378 3836 3450 suscepimus.Quamobrem

2197 3470 2465 3526 admirati
2509 3487 2729 3538 sumus,
2759 3487 2860 3525 cur
2886 3471 3028 3542 ipse,
3065 3471 3348 3527 Cretensis
3392 3472 3627 3527 antistes
3668 3473 3836 3528 nobis

2194 3568 2290 3621 aut
2317 3582 2421 3637 per
2449 3582 2616 3620 suum
2645 3565 2918 3620 clericum
2948 3565 3094 3620 hanc
3125 3565 3363 3621 minime
3407 3566 3700 3635 direxerit,
3735 3572 3836 3622 aut

2195 3676 2297 3731 per
2325 3676 2423 3714 sua
2443 3659 2654 3730 scripta
2675 3676 2789 3714 non
2811 3658 3146 3714 indicaverit
3165 3676 3292 3731 qua
3316 3664 3477 3715 erant
3496 3661 3832 3716 necessaria.

2194 3754 2466 3809 Prafatus
2495 3754 2652 3809 enim
2688 3756 2931 3809 Joannes
2961 3754 3294 3824 Lampensis
3338 3754 3600 3810 Ecclesia
3630 3755 3831 3826 hujus-

2195 3848 2351 3903 modi
2381 3847 2722 3904 sententiam
2750 3864 2924 3902 manu
2953 3847 3076 3918 ejus
3103 3848 3505 3920 metropolita,
3536 3848 3832 3920 episcopo-

2195 3959 2439 4014 rumque
2471 3942 2864 4013 subscriptam,
2895 3959 3026 3996 cum
3060 3959 3158 3996 sua
3181 3941 3346 3996 nobis
3374 3942 3581 3997 obtulit
3601 3943 3830 4013 petitio-

2195 4054 2288 4105 ne,
2320 4037 2611 4108 postulans
2637 4052 2755 4090 sua
2785 4052 2969 4091 causa
2999 4035 3273 4090 meritum
3301 4035 3573 4091 canonice
3593 4037 3829 4108 requiri.

2193 4131 2364 4201 Cujus
2391 4129 2656 4201 precibus
2683 4129 2845 4200 moti,
2873 4146 2977 4201 pro
3006 4128 3104 4185 tali
3129 4144 3190 4184 re
3209 4129 3268 4183 in
3296 4129 3403 4184 hac
3425 4129 3566 4184 urbe
3594 4130 3834 4185 fecimus

2196 4223 2536 4296 congregari
2575 4223 2878 4294 synodum,
2913 4227 2976 4279 ut
3015 4227 3455 4295 cognosceretur
3499 4223 3830 4294 liujusmodi

2195 4318 2512 4390 negotium.
2567 4319 2823 4388 Cumque
2878 4321 3028 4372 esset
3072 4319 3436 4389 congregata,
3476 4317 3689 4372 relecta
3751 4324 3834 4373 est

2197 4413 2472 4468 nimirum
2505 4411 2702 4483 petitio
2727 4411 2962 4467 Joannis
2989 4411 3264 4481 prasulis,
3284 4426 3346 4465 ac
3377 4410 3659 4466 sententia
3679 4427 3712 4465 a
3735 4416 3833 4467 tua

2196 4506 2408 4562 directa
2439 4505 2811 4561 fraternitate.
2843 4505 3056 4570 Quibus
3086 4505 3250 4559 nobis
3279 4504 3472 4576 eisque
3506 4504 3692 4560 visum
3725 4510 3829 4574 est,

468 4616 600 4655 mur
642 4600 934 4669 subivisse,
966 4618 1137 4673 quem
1181 4603 1386 4658 merito
1434 4603 1781 4659 absolvimus
1821 4604 1890 4658 ad
1933 4620 2095 4659 suam
2115 4586 2173 4660 D
2196 4617 2312 4656 non
2341 4600 2656 4655 secundum
2681 4598 3094 4654 sacratissimos
3118 4615 3380 4668 canones,
3403 4614 3592 4670 neque
3622 4616 3827 4655 secun-

462 4695 768 4750 Ecclesiam
798 4695 1043 4767 regredi,
1077 4697 1385 4752 scribentes
1417 4697 1541 4768 ejus
1567 4698 1770 4769 sapius
1799 4697 2095 4753 nominato

463 4789 858 4859 metropolita,
880 4793 944 4844 ut
966 4806 1095 4862 qua
1123 4807 1227 4861 per
1247 4790 1665 4862 simplicitatem
1691 4791 1875 4862 egerit
1891 4791 1948 4846 in
1972 4792 2094 4863 ejus

462 4897 763 4952 personam
790 4887 988 4938 contra
1015 4901 1300 4939 canonum
1341 4884 1585 4952 decreta,
1615 4887 1803 4940 essent
1831 4901 2011 4940 vacua
2038 4891 2095 4942 et

460 4974 666 5030 inania.
685 4977 958 5032 Eumdem
976 4978 1166 5050 itaque
1179 4979 1478 5047 Joannem,
1493 4982 1557 5033 ut
1574 4977 1789 5033 dictum
1810 4982 1913 5046 est,
1926 4978 2094 5034 antis-

464 5068 623 5124 titem
639 5075 840 5125 vestra
860 5071 1082 5126 eximia
1111 5071 1374 5127 charitati
1401 5088 1502 5143 per
1517 5072 1616 5126 has
1638 5075 1853 5126 nostras
1873 5071 2093 5127 litteras

460 5164 948 5232 commendantes,
973 5165 1106 5220 hinc
1127 5165 1502 5234 absolvimus;
1529 5165 1598 5220 ad
1618 5170 1801 5221 vestra
1817 5165 2092 5220 nimirum

462 5255 886 5313 ambulaturum
930 5260 1188 5332 vestigia,
1220 5264 1281 5314 ut
1319 5259 1520 5316 exinde
1563 5275 1758 5314 rursus
1801 5277 1933 5314 cum
1977 5260 2092 5316 suis

372 5400 398 5415 ν,
458 5348 682 5420 scriptis
721 5366 851 5404 eum
881 5353 1172 5409 absolvere
1201 5354 1445 5421 festinet,
1471 5371 1799 5425 quasumus
1828 5355 1898 5409 ad
1930 5371 2092 5409 suam

458 5443 784 5511 Ecclesiam,
801 5448 1265 5503 commendantes
1294 5465 1425 5503 eum
1447 5448 1654 5519 quibus
1672 5448 2094 5519 praviderit,ut

457 5538 666 5593 illasus
677 5537 878 5593 debeat
891 5554 1033 5594 esse.
1048 5542 1306 5597 Profecto
1327 5543 1481 5596 enim
1500 5559 1609 5597 una
1626 5559 1853 5598 mecum
1872 5543 2091 5598 cunctis

459 5632 659 5687 diebus
687 5633 817 5688 vita
849 5650 985 5701 sua,
1016 5637 1074 5689 et
1101 5633 1220 5705 ipse
1248 5653 1349 5706 pro
1379 5641 1578 5690 vestra
1605 5637 2093 5692 excellentissima

459 5724 746 5781 charitatis
776 5727 1151 5798 prosperitate
1180 5743 1245 5781 ac
1284 5728 1650 5799 longavitate
1697 5729 2094 5800 deprecabitur

465 5817 786 5873 Dominum.
836 5822 970 5876 Data
1019 5821 1110 5876 die
1153 5837 1203 5873 v1
1257 5820 1373 5873 Kal.
1424 5822 1586 5876 Febr.
1637 5822 1940 5876 indictione
1987 5839 2089 5876 un-

467 5906 703 5961 decima.

2197 4695 2336 4749 dum
2361 4693 2618 4749 instituta
2645 4695 2875 4749 Patrum
2903 4708 3021 4748 esse
3049 4692 3249 4748 eadem
3280 4696 3442 4764 gesta
3467 4693 3832 4765 promulgata

2194 4788 2464 4842 adversus
2489 4786 2977 4858 pranominatum
3009 4786 3296 4857 Lampeon
3322 4785 3584 4841 Ecclesia
3611 4786 3829 4858 episco-

2195 4899 2351 4953 pum.
2397 4881 2606 4936 ldcirco
2653 4880 3005 4936 decrevimus
3046 4895 3171 4934 eam
3217 4896 3320 4951 per
3358 4882 3569 4934 nostra
3617 4897 3828 4952 prace-

2194 4975 2401 5048 ptionis
2427 4975 2822 5031 auctoritatem
2851 4991 2972 5029 esse
3005 4974 3235 5030 inanem
3260 4978 3316 5029 et
3343 4990 3606 5044 vacuam,
3641 4975 3829 5029 absol-

2194 5075 2385 5125 ventes
2414 5085 2545 5124 eum
2569 5070 2642 5124 ad
2670 5085 2831 5123 suam
2861 5067 3170 5124 Ecclesiam
3194 5083 3450 5124 remeare
3475 5084 3607 5122 cum
3639 5073 3831 5123 nostra

2193 5163 2572 5237 praceptione
2617 5163 2692 5218 ad
2738 5163 3008 5218 eumdem
3041 5161 3163 5232 ejus
3200 5161 3630 5232 metropolitam
3662 5162 3826 5217 facta.

2191 5259 2430 5329 Ideoque
2467 5273 2532 5312 eo
2561 5257 2670 5311 illic
2702 5256 2772 5311 ad
2803 5259 2960 5311 tuam
2991 5254 3408 5311 fraternitatem
3450 5254 3831 5326 conjungentc

2194 5353 2245 5407 ei
2288 5352 2369 5407 ita
2411 5355 2736 5417 concurrat,
2790 5354 2850 5404 ut
2897 5366 3028 5404 cum
3088 5349 3291 5405 litteris
3354 5349 3831 5404 commendatitiis

2194 5445 2416 5500 domini
2460 5443 2920 5500 excellentissimi
2949 5442 3123 5497 Vaani
3153 5442 3252 5497 ﬁlii
3303 5442 3482 5497 nostri
3518 5441 3831 5513 imperialis

2192 5539 2518 5596 cubicularii
2531 5543 2586 5594 et
2597 5536 2925 5592 chartularii
2946 5537 3017 5592 ad
3033 5553 3199 5592 suam
3220 5535 3529 5591 Ecclesiam
3552 5553 3830 5608 prospere

2191 5636 2529 5689 revertatur.
2564 5632 2699 5686 Viva
2728 5631 2885 5686 enim
2912 5647 3046 5685 voce
3076 5647 3178 5702 pro
3218 5646 3319 5684 sua
3347 5646 3516 5685 causa
3547 5630 3833 5685 subtiliter

2192 5733 2304 5783 tua
2328 5726 2691 5794 fraternitati,
2710 5726 2846 5781 dum
2867 5725 2937 5780 ab
2960 5741 3024 5779 ea
3045 5723 3346 5796 requisitus
3362 5722 3555 5792 fuerit,
3573 5724 3830 5796 profecto

2193 5821 2488 5888 indicabit,
2523 5821 2827 5876 ostendens
2854 5820 2905 5875 ei
2936 5819 3227 5889 exemplar
3251 5817 3522 5890 pracepti
3549 5817 3734 5873 nostri
3759 5819 3826 5872 ad

2197 5915 2519 5972 Cretensem
2541 5913 2964 5987 metrOpolitam
2987 5912 3204 5968 directi.
3226 5913 3550 5984 Propterea,
3569 5911 3828 5983 Sylvinus.
