4050 6304
200 343 334 401 1145

1411 344 1883 402 DECRETALIUM
1921 346 2312 422 COLLECTIO.

3423 352 3557 405 1146

197 453 299 507 tibi
326 453 817 508 intimabitomnia
831 453 1153 525 praedicata,
1171 468 1240 508 ne
1254 453 1485 508 modum
1511 455 1832 527 transgredi
1853 467 1908 540 Α
1933 457 2172 512 missum
2201 457 2474 511 delictum
2521 455 2708 511 divina
2753 457 2935 528 gratia
2964 458 3325 528 exstinguere
3354 458 3559 513 valeat.

197 546 514 601 litterarum
544 563 930 603 cerneremur.
956 549 1088 603 Data
1115 550 1179 602 ut
1207 564 1394 619 supra.

305 696 664 751 EXEMPIAR
703 695 1054 751 EPISTOIJE
1091 696 1373 751 MARTINI
1411 696 1606 751 ΡΑΡᾹΞ
1646 698 1735 751 AD

851 790 1200 845 AMANDUM.

266 923 642 978 Dilectissimo
673 925 830 978 fratri
864 927 1097 979 AMANDO
1126 924 1422 980 MARTINUS.

267 1018 655 1072 Fraternitatis
677 1020 788 1072 tuae
808 1017 996 1072 studio
1017 1017 1236 1088 pietatis
1262 1020 1595 1088 congestam
1627 1017 1828 1087 episto-

193 1110 943 1181 lam-suscipientes,animos
955 1115 1177 1166 nostros
1190 1112 1437 1166 relevare
1450 1110 1828 1182 cognoscitur.

195 1203 416 1276 Quippe
429 1204 814 1276 quoniam,huj
825 1222 888 1259 us
901 1204 1094 1260 saeculi
1106 1204 1438 1276 ﬂuctivagas
1449 1209 1617 1276 atque
1629 1203 1833 1258 transi-

195 1298 363 1352 torias
388 1298 702 1370 despiciens
727 1299 1147 1368 oblectationes,
1176 1298 1276 1354 illa
1301 1315 1429 1370 quae
1467 1302 1742 1370 perpetua
1779 1303 1834 1352 et

192 1391 461 1446 sublimia
487 1391 641 1447 dona
666 1409 768 1463 pro
790 1392 1029 1447 Domino
1061 1393 1174 1447 Deo
1201 1397 1398 1447 nostro
1426 1391 1714 1463 obsequiis
1736 1391 1833 1444 tri-

193 1485 451 1539 buuntur
493 1489 762 1557 appetere
805 1489 1022 1541 certum
1074 1489 1174 1540 est.
1220 1488 1297 1540 Ex
1335 1485 1610 1540 relatione
1659 1484 1834 1554 igitur

184 1579 353 1649 juxta
399 1583 659 1633 tenorem
713 1583 826 1632 tuae
877 1579 1246 1634 fraternitatis
1300 1579 1584 1649 epistolae,
1641 1579 1833 1633 latoris

192 1673 582 1743 praesentium,
600 1673 860 1727 laborum
879 1675 1112 1727 tuorum
1135 1675 1420 1727 certamen
1441 1671 1829 1742 cognovimus,

191 1782 261 1820 ex
321 1766 529 1838 quibus
591 1766 828 1822 caelestis
891 1766 1092 1838 patriae
1152 1782 1382 1822 assensu
1415 1808 1428 1833 ,
1491 1765 1831 1820 humilitatis

192 1859 480 1914 mentibus
495 1866 666 1932 atque
685 1860 944 1916 contritis
962 1860 1314 1932 corporibus,
1332 1859 1490 1914 vobis
1510 1860 1831 1914 futurorum
1851 1834 1907 1906 B

193 1953 532 2024 gaudiorum
572 1955 864 2025 largienda
913 1959 1047 2008 sunt
1087 1970 1348 2008 munera.
1404 1955 1546 2007 Nam
1592 1970 1721 2007 cum
1762 1953 1833 2007 sit

190 2047 337 2101 nulli
391 2048 799 2120 comparationi
855 2049 1090 2103 omnino
1143 2047 1560 2119 cozequandum
1612 2047 1762 2118 quod
1801 2063 1834 2101 a

190 2143 455 2197 Creatore
486 2145 678 2197 nostro
720 2159 825 2214 pro
865 2142 1027 2197 bonis
1068 2142 1309 2197 servitiis
1345 2145 1828 2212 recompensatur,

193 2238 332 2294 dum
352 2239 512 2294 brevi
537 2243 708 2311 atque
737 2257 910 2312 parvo
939 2239 1215 2311 temporis
1241 2239 1423 2310 spatio
1451 2239 1732 2293 ﬁniuntur
1755 2238 1833 2292 la-

193 2334 380 2401 bores,
424 2351 564 2405 quos
591 2351 694 2405 pro
739 2334 1038 2390 dilectione
1086 2334 1266 2405 ipsius
1303 2333 1670 2401 sustinemus,
1698 2349 1828 2388 con-

193 2427 536 2483 sideratione
564 2427 845 2499 refrigerii
876 2445 981 2483 nos
1010 2432 1232 2500 oportet
1276 2427 1476 2482 libenti
1521 2427 1717 2482 animo
1742 2429 1828 2481 to-

194 2521 380 2576 lerare
411 2521 708 2592 praesentis
733 2522 864 2576 vitae
885 2521 1194 2593 angustias.
1224 2521 1334 2576 Sed
1364 2523 1642 2592 quantum
1671 2520 1832 2575 nobis

194 2615 461 2670 laborum
483 2619 796 2671 vestrorum
816 2615 1073 2687 operatio
1098 2631 1366 2686 magnam
1392 2614 1585 2686 gaudii
1606 2614 1832 2668 uberta-

195 2714 314 2764 tem
332 2709 568 2779 inducit,
595 2712 817 2765 tantum
837 2727 942 2781 pro
967 2710 1173 2764 duritia
1195 2709 1546 2764 sacerdotum
1569 2707 1752 2779 gentis
1773 2708 1832 2762 il-

195 2803 306 2856 lius
331 2803 701 2871 conterimur,
731 2803 883 2874 quod
913 2802 1239 2874 postpositis
1262 2802 1453 2857 salutis
1484 2818 1600 2858 suae
1629 2801 1828 2856 suffra-

197 2897 324 2966 giis,
352 2902 523 2968 atque
545 2897 922 2968 redemptoris
944 2897 1119 2952 nostri
1140 2896 1370 2950 servitia
1390 2895 1829 2963 contemnendo,

196 2989 462 3043 vitiorum
508 2990 798 3045 foetoribus
841 2991 1230 3060 ingravantur,
1259 2989 1466 3061 quibus
1505 2988 1574 3043 ad
1619 3005 1832 3059 praepa-

195 3083 433 3138 randam
460 3084 719 3154 salutem,
743 3083 1209 3156 quandoquidem
1234 3087 1459 3138 tantum
1479 3099 1584 3136 nos
1605 3098 1832 3138 necesse

196 3180 280 3231 est
311 3177 650 3247 importunis
684 3177 1186 3248 praedicationibus
1214 3176 1515 3232 imminere
1553 3180 1829 3248 quantum
1853 3206 1907 3281 C

197 3287 303 3326 nos
319 3272 588 3342 perfecta:
612 3271 1013 3342 negotiationis
1033 3271 1378 3326 creditorum
1399 3269 1561 3325 nobis
1586 3271 1829 3324 talento-

195 3382 327 3419 rum
359 3365 609 3436 duplicat
639 3365 967 3436 assignatio,
990 3368 1161 3436 atque
1181 3363 1490 3419 Dominicis
1509 3363 1738 3436 vocibus
1760 3363 1831 3417 ad

195 3382 327 3419 rum
359 3378 609 3436 duplicat
639 3378 967 3436 asSIgnatio,
990 3378 1161 3436 atque
1181 3378 1490 3419 uommrcrs
1509 3378 1669 3418 vocm
1714 3380 1738 3418 s
1760 3378 1831 3417 ad

195 3458 618 3530 suscipiendam
646 3459 768 3529 ejus
797 3452 1056 3531 requiem
1086 3459 1387 3529 persuadet
1414 3378 1832 3539 assertiofkug-

195 3555 420 3623 gestum
455 3555 540 3606 est
572 3569 818 3624 namque
847 3553 1014 3607 nobis
1061 3569 1128 3606 eo
1165 3553 1318 3623 quod
1369 3550 1705 3622 presbyteri,
1735 3566 1831 3605 seu

195 3646 436 3709 diaconi,
481 3646 687 3718 aliique
718 3646 1075 3702 sacerdotalis
1119 3645 1288 3700 ofﬁcii
1333 3648 1461 3716 post
1504 3661 1632 3699 suas
1675 3644 1828 3699 ordi-

197 3741 456 3796 nationes
480 3740 539 3794 in
566 3741 784 3810 lapsum
816 3739 1213 3811 inquinentur,
1246 3743 1303 3793 et
1328 3742 1632 3810 propterea
1654 3737 1832 3792 nimio

196 3851 445 3889 maerore
483 3834 904 3889 fraternitatem
949 3833 1208 3904 astringi,
1257 3833 1513 3903 velleque
1553 3832 1832 3902 pastorale

197 3927 539 3999 obsequium
585 3944 689 3999 pro
737 3943 938 3982 eorum
965 3927 1292 3982 obedientia
1321 3927 1625 3997 deponere,
1657 3928 1714 3980 et
1743 3943 1834 3981 vo-

196 4023 476 4078 cationem
505 4021 865 4093 episcopatus
914 4021 1197 4076 laboribus
1229 4021 1462 4092 eligere,
1507 4023 1565 4074 et
1610 4019 1833 4075 silentio

197 4121 372 4188 atque
397 4116 512 4172 otio
538 4115 711 4170 vitam
740 4116 971 4188 degere,
1007 4132 1182 4186 quam
1212 4115 1272 4169 in
1299 4115 1388 4169 his
1404 4131 1531 4186 quae
1560 4115 1661 4170 tibi
1682 4131 1834 4170 com-

197 4211 373 4266 missa
393 4215 525 4266 sunt
549 4226 905 4281 permanere,
928 4209 1151 4264 dicente
1177 4209 1418 4263 Domino
1443 4225 1456 4263 :
1478 4227 1504 4259 «
1521 4209 1721 4264 Beatus
1737 4208 1834 4279 qui

197 4305 641 4378 perseveraverit
673 4321 849 4376 usque
874 4303 934 4358 in
961 4303 1136 4357 ﬁnem
1164 4303 1378 4373 (Matth.
1405 4319 1458 4370 Χ,
1485 4301 1595 4372 22).
1623 4323 1648 4350 ››
1673 4301 1834 4356 Unde

197 4417 450 4470 namque
480 4399 645 4454 beata
669 4397 1110 4470 perseverantia,
1139 4396 1248 4450 nisi
1274 4396 1342 4451 de
1370 4395 1576 4450 virtute
1606 4395 1829 4465 patien-

199 4496 313 4562 tiae,
358 4495 494 4566 quia
537 4493 854 4548 secundum
915 4491 1287 4564 apostolicam
1346 4489 1831 4560 praedicationem,

1932 551 1984 606 Si
2015 551 2170 605 enim
2200 551 2340 605 tales
2381 550 2690 622 quaerimus
2733 551 2805 604 ad
2845 567 3032 605 sacros
3075 551 3302 606 ordines
3331 568 3561 624 promo-

1930 645 2160 712 vendos,
2191 645 2396 715 quibus
2440 645 2595 698 nulla
2640 661 2804 714 ruga,
2831 645 3166 716 nullumque
3205 645 3332 700 vita
3377 649 3566 700 conta—

1932 738 2092 808 gium
2131 737 2459 808 praepediat,
2510 743 2724 809 quanto
2773 737 2973 808 magis,
3007 737 3053 791 si
3097 743 3223 809 post
3267 737 3568 794 ordinatio-

1931 848 2064 886 nem
2091 848 2250 886 suam
2278 831 2558 902 quispiam
2585 831 2645 885 in
2686 831 2847 902 lapsu
2883 831 3169 901 ceciderit,
3208 836 3265 886 et
3293 834 3562 903 praevari-

1932 924 2164 979 cationis
2207 929 2435 995 peccato
2479 924 2940 996 deprehendatur
2985 924 3278 993 obnoxius,
3325 925 3562 980 omnino

1931 1018 2350 1090 prdhibendum
2401 1020 2486 1073 est
2533 1035 2661 1072 cum
2719 1018 2983 1072 manibus
3038 1019 3352 1088 lutulentis,
3394 1022 3565 1089 atque

1931 1113 2178 1183 pollutus
2205 1111 2542 1183 mysterium
2573 1116 2781 1166 nostra;
2823 1112 3018 1167 salutis
3053 1115 3330 1181 tractare;
3377 1113 3562 1183 sitque

1931 1205 2259 1277 hujusmodi
2285 1221 2510 1276 semper
2532 1206 2694 1276 juxta
2711 1222 3000 1260 sacrorum
3025 1222 3306 1260 canonum
3339 1207 3564 1260 decreta

1929 1299 1988 1354 in
2027 1299 2128 1354 hac
2166 1299 2282 1353 vita
2309 1299 2621 1370 depositus,
2667 1304 2727 1352 ut
2766 1299 2835 1353 ab
2879 1299 2976 1353 illo
3025 1299 3124 1369 qui
3161 1299 3369 1354 mentis
3416 1299 3560 1353 inte-

1930 1393 2107 1447 rioria
2119 1398 2420 1463 scrutatur,
2443 1393 2783 1464 nullumque
2807 1393 2876 1447 de
2900 1393 3098 1447 ovibus
3113 1409 3301 1447 errare
3323 1409 3567 1464 congau-

1931 1487 2042 1553 det,
2085 1486 2220 1540 dum
2255 1487 2542 1556 aspexerit
2581 1487 2857 1541 sinceram
2898 1485 3288 1558 paenitentiam
3316 1486 3457 1556 ejus,
3505 1487 3564 1540 in

1931 1579 2170 1633 terribili
2203 1580 2420 1650 judicio
2462 1580 2666 1634 habeat
2711 1579 3158 1635 reconciliatum.
3190 1579 3437 1650 Ideoque
3467 1580 3566 1634 ite-

1932 1690 2060 1726 rum
2104 1673 2399 1728 hortamur
2427 1673 2763 1727 charitatem
2805 1679 2984 1740 tuam,
3025 1673 3282 1743 exemplo
3318 1673 3440 1744 ejus
3467 1673 3565 1745 qui

1931 1783 2034 1837 pro
2062 1766 2226 1821 nobis
2255 1766 2370 1837 pati
2409 1773 2465 1822 et
2491 1767 2638 1822 mori
2667 1766 2863 1835 voluit,
2897 1769 3192 1837 promptos
3225 1783 3320 1820 vos
3345 1765 3403 1819 in
3432 1782 3564 1820 cun-

1932 1860 2034 1914 ctis
2054 1861 2174 1931 ejus
2204 1860 2447 1914 servitiis
2473 1876 2826 1931 permanere.
2852 1861 3042 1931 Neque
3085 1876 3186 1914 nos
3214 1859 3405 1931 pigeat
3426 1862 3568 1914 tem-

1932 1955 2150 2024 porales
2175 1955 2459 2008 cruciatus
2485 1971 2590 2025 pro
2629 1953 2833 2010 Christi
2862 1953 3092 2007 nomine
3125 1953 3426 2021 sustinere,
3469 1953 3567 2008 sed

1934 2048 2328 2102 emolumenta
2369 2049 2577 2102 futurae
2622 2047 3103 2117 remunerationis
3156 2047 3325 2117 hujus
3379 2047 3566 2101 saeculi

1934 2053 2328 2102 emolumenta
2369 2053 2577 2102 futurae
2622 2053 2972 2102 remunerati
3055 2053 3103 2100 is
3156 2053 3325 2117 hujus
3379 2053 3566 2101 saeculi

1931 2141 2259 2196 vexationes
2298 2143 2544 2196 tolerare
2576 2053 3288 2230 persuadeantpcriptum
3319 2156 3566 2212 namque

1932 2240 2050 2290 est:
2080 2257 2105 2284 ‹‹
2129 2233 2271 2298 Quid
2301 2233 2611 2289 retribuam
2641 2233 2879 2288 Domino
2908 2250 3012 2304 pro
3039 2234 3304 2288 omnibus
3324 2249 3453 2305 quae
3484 2250 3568 2289 re-

1932 2328 2130 2383 tribuit
2158 2327 2343 2382 mihi?
2391 2328 2632 2383 Calicem
2675 2327 2934 2382 salutaris
2960 2327 3251 2398 accipiam,
3277 2333 3332 2382 et
3355 2343 3566 2382 nomen

1932 2421 2154 2476 Domini
2195 2421 2470 2476 invocabo
2513 2422 2677 2492 (Psal.
2709 2436 2832 2489 cxv,
2866 2422 2971 2490 l2).
3006 2441 3033 2470 »
3082 2422 3328 2475 Tantum
3353 2420 3507 2475 enim
3535 2438 3568 2474 a

1931 2515 2095 2570 nobis
2117 2515 2382 2586 exigitur,
2417 2517 2699 2587 quantum
2737 2531 3033 2585 possumus
3053 2515 3366 2568 famulatus
3385 2515 3567 2568 nostri

1932 2609 2202 2681 obsequio
2247 2610 2633 2675 commodare,
2667 2625 2911 2679 cumque
2939 2613 3162 2677 cuncta,
3189 2624 3318 2679 quae
3342 2625 3375 2661 a
3399 2608 3564 2663 nobis

1933 2705 2003 2758 ad
2031 2703 2429 2759 confortaudos
2452 2702 2818 2757 fraternitatis
2845 2704 3046 2757 vestra:
3062 2701 3281 2756 animos
3306 2707 3568 2773 poterant

1933 2797 2263 2864 ministrari,
2299 2797 2577 2868 largiente
2613 2812 2876 2867 supernae
2906 2793 3218 2865 majestatis
3241 2796 3562 2866 clementia,

1931 2891 2087 2946 vobis
2115 2891 2331 2946 fuerint
2357 2889 2556 2961 procul
2585 2890 2757 2944 dubio
2785 2888 3175 2959 manifestata;
3206 2876 3379 2945 restat
3405 2891 3472 2944 ut
3496 2890 3564 2944 de

1931 2985 2072 3054 aliis,
2106 3001 2233 3056 quae
2265 3001 2366 3038 nos
2397 3001 2501 3055 per
2527 2973 2626 3038 sua
2655 2982 2865 3054 scripta
2892 2981 3198 3053 consuluit,
3229 2981 3566 3038 fraternitati

1933 3085 2129 3135 vestrae
2177 3078 2587 3149 significemus.
2625 3077 2922 3132 Credimus
2961 3076 3116 3131 enim
3142 3077 3216 3131 ad
3247 3093 3342 3132 vos
3375 3094 3566 3148 perve-

1933 3174 2102 3240 nisse,
2145 3173 2433 3245 quomodo
2471 3173 2530 3227 in
2561 3171 2994 3226 conturbatione
3023 3174 3192 3225 rectae
3221 3170 3374 3240 ﬁdei,
3402 3176 3457 3226 et
3481 3187 3566 3225 ca-

1933 3267 2153 3321 tholicae
2183 3268 2444 3322 Ecclesiae
2472 3265 2915 3334 conculcatione,
2942 3268 3073 3319 ante
3102 3265 3204 3318 hos
3230 3265 3358 3336 plus
3376 3264 3566 3319 minus

1932 3360 2256 3432 quindecim
2294 3377 2494 3426 annos,
2523 3375 2556 3412 a
2585 3358 2806 3430 Sergio,
2838 3357 2976 3412 falso
3007 3357 3270 3428 episcopo
3298 3358 3568 3412 Constan-

1930 3453 2325 3525 tinopolitano,
2374 3453 2431 3506 in
2474 3452 2682 3507 auxilio
2722 3451 2968 3506 habente
3011 3453 3148 3506 tunc
3185 3451 3566 3523 imperantem

1934 3547 2270 3615 Heraclium,
2301 3546 2650 3601 exsecranda
2679 3549 2735 3600 et
2759 3545 3140 3600 abominanda
3170 3544 3400 3600 haeresis
3433 3547 3562 3616 pul-

1933 3642 2148 3712 lulavit,
2199 3645 2257 3695 et
2295 3639 2852 3712 Apollinaristarum,
2899 3641 2956 3693 et
2996 3638 3450 3707 Severianorum,
3510 3644 3567 3695 et

1934 3735 2490 3801 Eutichianistarum,
2521 3739 2692 3805 atque
2732 3731 3172 3787 Manichaeorum
3212 3749 3434 3787 errores
3473 3748 3562 3788 re-

1933 3833 2203 3895 novante;
2234 3845 2409 3900 quam
2431 3842 2719 3882 successor
2747 3826 2869 3897 ejus
2889 3826 3138 3897 Pyrrhus
3158 3825 3425 3898 idemque
3441 3827 3563 3898 epi-

1933 3940 2156 3995 scopus,
2184 3922 2280 3995 qui
2312 3921 2639 3977 ambitionis
2683 3921 2832 3975 fastu
2878 3920 3565 3992 Constantinopolitanam

1935 4018 2127 4074 sedem
2154 4016 2416 4088 arripuit,
2440 4016 2498 4070 in
2531 4014 2779 4071 deterius
2808 4014 2981 4069 auxit.
3005 4016 3110 4069 Pro
3130 4031 3244 4087 qua
3271 4031 3330 4071 re
3363 4015 3568 4087 saepius

1935 4111 2244 4184 apostolica
2301 4111 2464 4166 sedes
2501 4109 2982 4182 persuasionibus,
3041 4109 3567 4179 contestationibus,

1933 4211 2102 4278 atque
2122 4203 2614 4275 increpationibus
2640 4203 2906 4274 plurimis
2933 4203 3232 4257 admonuit
3255 4219 3352 4257 eos
3378 4207 3570 4273 quate-

1936 4315 2042 4352 nus
2067 4298 2136 4351 ab
2161 4296 2562 4367 hujuscemodi
2587 4312 2780 4350 errore
2810 4295 3160 4367 recederent,
3185 4300 3240 4350 et
3268 4295 3342 4349 ad
3368 4295 3569 4351 lumen

1934 4391 2155 4462 pietatis
2195 4355 2261 4445 ex
2291 4407 2403 4461 quo
2435 4389 2575 4460 lapsi
2605 4392 2739 4444 sunt
2768 4355 3207 4450 remearentjitt
3242 4405 3360 4443 non
3387 4390 3567 4444 solum

1935 4485 2071 4557 quia
2112 4485 2218 4538 hoc
2264 4485 2449 4538 facere
2493 4483 2814 4537 nullatenus
2842 4482 3163 4552 voluerunt,
3206 4483 3305 4537 sed
3332 4486 3390 4537 et
3418 4501 3571 4539 nunc

202 4612 226 4639 ‹‹
259 4604 459 4643 omnes
486 4586 584 4659 qui
603 4587 885 4642 voluerint
912 4586 970 4640 in
1001 4585 1223 4641 Christo
1248 4584 1339 4655 pie
1364 4583 1549 4637 vivere
1577 4580 1912 4654 persecu-D
1936 4595 2219 4634 successor
2280 4577 2402 4649 ejus
2463 4577 2668 4631 Paulus
2718 4578 3030 4631 temerator
3081 4575 3218 4631 ﬁdei
3274 4576 3571 4648 episcopus

197 4683 378 4740 tiones
422 4681 722 4753 patiuntur
751 4682 826 4753 (II
855 4682 990 4737 Tim.
1021 4697 1100 4747 ιιι,
1141 4679 1248 4750 12).
1282 4700 1309 4727 ››
1362 4677 1629 4748 Ideoque,
1658 4677 1835 4731 frater

199 4776 548 4842 charissime,
581 4792 700 4831 non
742 4792 842 4830 vos
885 4774 1254 4830 afﬂictionum
1295 4772 1622 4827 amaritudo
1662 4788 1695 4826 a
1724 4771 1834 4842 piae

203 4871 409 4927 mentis
436 4873 631 4924 vestrae.
665 4870 959 4941 proposito
985 4873 1231 4924 coarctet
1259 4867 1540 4935 incedere,
1584 4863 1835 4920 conside-

201 4982 336 5020 rans
373 4969 585 5037 quanta
620 4981 723 5036 pro
752 4964 1122 5031 absolutione,
1168 4960 1370 5031 nostri,
1417 4965 1473 5016 et
1500 4959 1836 5016 liberatione

201 5061 436 5114 Creator
489 5059 876 5130 Dominusque
931 5062 1128 5114 noster
1179 5055 1500 5129 pertulerit,
1560 5054 1835 5126 quibusve

203 5153 568 5210 contumeliis
598 5169 654 5208 se
697 5152 1059 5208 afﬁciendum
1087 5151 1404 5218 tradiderit,
1436 5153 1498 5203 ut
1531 5166 1630 5204 nos
1659 5166 1692 5204 a
1723 5148 1838 5202 vin-

202 5249 342 5304 culis
368 5247 662 5319 potestatis
708 5247 1003 5302 diabolica:
1050 5247 1330 5301 liberaret.
1379 5245 1689 5315 Propterea
1717 5243 1839 5298 nul-

202 5345 424 5398 latenus
482 5341 542 5396 in
597 5341 927 5412 hujusmodi
975 5345 1200 5412 peccato
1251 5337 1712 5410 delinquentibus
1767 5336 1838 5391 ad

203 5435 654 5493 destructionem
687 5451 966 5490 canonum
1009 5433 1272 5488 exhibeas
1296 5430 1765 5503 compassionem.

275 5532 420 5586 Nam
443 5530 542 5602 qui
574 5529 748 5585 semel
774 5533 901 5601 post
926 5544 1090 5582 suam
1117 5526 1535 5582 ordinationem
1574 5524 1633 5579 in
1677 5524 1840 5595 lapsu

205 5625 495 5694 ceciderit,
545 5624 812 5695 deinceps
854 5622 980 5694 jam
1013 5619 1300 5691 depositus
1347 5619 1473 5689 erit,
1508 5617 1842 5688 nullumque

206 5721 451 5791 gradum
479 5717 780 5774 sacerdotii
828 5715 1039 5790 poterit
1082 5713 1336 5784 adipisci,
1370 5714 1469 5767 sed
1501 5710 1745 5766 sufﬁciat
1791 5711 1841 5765 ei

206 5813 705 5869 lamentationibus
745 5811 1088 5882 ﬂetibusque
1119 5806 1377 5876 assiduis,
1405 5821 1699 5877 quousque
1742 5804 1838 5858 ad-

208 5908 427 5977 vixerit,
479 5907 536 5962 in
581 5907 778 5962 eadem
829 5903 1161 5978 poenitentia
1211 5902 1539 5972 perdurare,
1589 5903 1651 5953 ut
1691 5914 1844 5953 com-

1934 4671 2601 4743 Constantinopolitanus
2644 4670 2800 4725 aliud
2843 4670 3088 4741 nequius
3130 4670 3474 4742 excogitavit
3508 4671 3568 4726 in

1935 4766 2265 4838 praejudicio
2309 4766 2601 4822 catholicae
2645 4765 2776 4820 ﬁdei
2821 4781 3120 4834 conamen,
3167 4765 3324 4836 quasi
3368 4781 3496 4836 qua:
3539 4781 3571 4820 a

1935 4860 2442 4932 prmdecessoribus
2483 4860 2594 4915 suis
2637 4859 2901 4916 haeretica
2928 4859 3176 4932 exposita
3217 4859 3447 4914 fuerant
3479 4860 3572 4916 de-

1936 4960 2177 5022 struens,
2207 4957 2264 5009 et
2299 4954 2658 5024 imperialem
2689 4959 2890 5026 typum
2933 4954 3205 5026 sacrilego
3235 4970 3375 5010 ausu
3399 4955 3574 5010 totius

1938 5050 2169 5121 plenum
2210 5047 2466 5119 perﬁdiae
2515 5065 2548 5102 a
2593 5048 3035 5104 clementissimo
3076 5048 3334 5121 principe
3383 5053 3574 5104 nostro

1937 5144 2060 5198 ﬁeri
2091 5141 2390 5214 persuasit,
2418 5142 2477 5196 in
2520 5159 2635 5213 quo
2679 5144 3112 5214 promulgatum
3147 5148 3250 5212 est,
3284 5149 3346 5198 ut
3373 5160 3574 5199 omnes

1938 5237 2135 5311 populi
2155 5235 2456 5294 Christiani
2478 5236 2713 5290 credere
2735 5237 3079 5308 debuissent;
3095 5237 3334 5310 ideoque
3346 5255 3573 5294 necesse

1939 5332 2261 5399 habuimus,
2289 5346 2361 5385 ne
2389 5346 2493 5400 pro
2522 5329 2772 5400 quadam
2789 5331 3145 5402 negligentia
3173 5337 3230 5387 et
3253 5333 3577 5386 animarum

1943 5427 2284 5482 detrimento
2315 5441 2442 5497 quae
2469 5423 2633 5478 nobis
2664 5423 2985 5478 commissae
3030 5430 3164 5480 sunt
3211 5426 3392 5497 culpa:
3419 5429 3576 5480 reatu

1941 5521 2346 5592 astringamur,
2375 5522 2583 5574 coetum
2621 5517 2945 5589 generalem
2985 5518 3230 5572 fratrum
3274 5525 3330 5573 et
3371 5519 3578 5589 episco-

1941 5633 2145 5686 porum
2175 5621 2502 5670 nostrorum
2548 5612 2607 5667 in
2652 5611 2760 5666 hac
2798 5612 3051 5665 Romana
3077 5611 3306 5666 civitate
3335 5628 3574 5683 congre-

1945 5726 2098 5780 gare.
2113 5711 2370 5773 Quorum
2386 5705 2689 5780 praesentia
2704 5704 3576 5762 memoratorumheereticorum

1943 5801 2215 5856 scelerosa
2233 5801 2553 5872 conscripta
2572 5799 2890 5857 examinata
2915 5802 3084 5870 atque
3111 5797 3400 5853 denudata
3421 5805 3575 5870 sunt,

1945 5898 2001 5948 et
2017 5895 2319 5965 apostolico
2342 5911 2634 5961 mucrone,
2653 5897 2997 5965 Petrumque
3018 5892 3439 5949 deﬁnitionibus
3459 5910 3576 5953 uno
