4050 6320
464 361 598 414 1147

1346 353 1628 409 ΑΡΡΕΝΙ).
1669 351 1756 407 AD
1791 353 1951 407 SIEC.
1996 349 2081 404 IX.
2114 378 2184 389 —-
2221 347 2476 404 lSlDORl
2516 345 2944 405 MERCATORIS

3701 343 3844 400 1148

462 484 583 535 ore,
614 483 840 538 unoque
861 465 1061 536 spiritu
1083 461 1610 528 condemnavimus,
1638 467 1700 515 ut
1724 463 2098 532 agnoscentes
2120 457 2416 545 A(Matth.
2463 473 2574 523 xvn,
2623 459 2746 527 19),
2809 462 2866 512 et
2907 455 3179 528 praedicto
3233 453 3442 508 vicario
3495 458 3610 523 tuo,
3665 458 3845 524 atque

458 559 711 614 universi
733 574 1003 624 errorem,
1035 557 1134 628 qui
1163 556 1221 610 in
1254 556 1333 610 eis
1365 555 1710 622 continetur,
1745 570 1942 609 eorum
1969 553 2093 624 pol-

382 715 396 724 .
459 655 672 709 lutione
691 653 1015 707 nullatenus
1036 651 1417 704 maculentur.
1435 649 1592 704 Unde
1617 647 1989 720 praevidimus
2007 663 2098 700 vo-

460 747 686 802 lumina
714 749 1012 817 gestorum
1052 743 1412 816 synodalium
1447 742 1505 798 in
1535 743 1800 814 praesenti
1828 741 1988 795 vobis
2009 740 2093 794 di-

461 841 665 912 rigere,
699 854 819 897 nna
863 856 992 894 cum
1039 837 1298 909 encyclia
1327 841 1540 905 nostra,
1571 853 1644 892 ex
1668 851 1917 908 quorum
1955 834 2098 889 serie

461 934 654 989 omnia
695 933 978 988 subtiliter
1017 931 1254 1003 potestis
1297 930 1612 998 addiscere,
1641 933 1697 984 et
1733 928 2003 984 tenebras
2031 926 2096 981 il-

459 1028 646 1082 lorum
691 1027 988 1082 nobiscum
1032 1031 1095 1080 ut
1139 1024 1240 1079 ﬁlii
1283 1024 1422 1078 lucis
1463 1023 1844 1094 exstinguere.
1885 1021 2096 1077 Idcirco

460 1122 682 1176 studeat
704 1119 1031 1175 fraternitas
1065 1124 1162 1174 tua
1190 1118 1458 1172 omnibus
1485 1117 1687 1172 eadem
1716 1116 2095 1181 innotescere,

462 1218 652 1269 uttam
665 1213 1108 1269 abominandam
1122 1211 1382 1267 haeresim
1397 1211 1692 1266 nobiscum
1715 1212 2096 1275 exsecrentur,

465 1323 750 1380 quamque
775 1324 893 1362 sua:
921 1306 1120 1362 salutis
1147 1308 1504 1360 sacramenta
1535 1304 1828 1358 addiscere
1851 1303 2098 1368 valeant,

463 1405 631 1474 atque
687 1401 945 1473 synodali
993 1400 1357 1456 contentione
1407 1399 1662 1453 omnium
1715 1398 1955 1452 fratrum
1983 1439 1996 1463 ,
2045 1401 2100 1450 et

465 1495 931 1566 coepiscoporum
972 1500 1298 1549 nostrorum
1340 1492 1591 1564 partium
1631 1491 1857 1546 illarum
1898 1489 2101 1544 effecta

465 1589 779 1643 secundum
817 1591 1074 1642 tenorem
1125 1587 1393 1658 encycliaa
1441 1604 1473 1639 a
1521 1585 1685 1640 nobis
1722 1584 1947 1639 directze
1984 1599 2101 1638 una

463 1698 594 1736 cum
614 1681 982 1752 scriptoribus
1001 1681 1200 1736 vestris
1227 1680 1434 1750 scripta
1459 1679 1749 1733 nobismet
1767 1676 2102 1732 destinanda

463 1775 889 1843 concelebrent,
929 1773 1332 1828 confirmantes
1363 1775 1532 1844 atque
1568 1771 1983 1826 consentientes
2023 1769 2102 1824 eis

2198 552 2616 606 successoribus
2658 551 2781 621 ejus
2822 567 2926 621 per
2969 551 3160 605 omnia
3204 547 3496 617 exhibere;
3541 547 3640 602 sed
3687 551 3746 600 et
3794 546 3843 600 si

2195 661 2482 717 agnovero
2509 644 2792 699 antistites
2820 649 3021 699 contra
3051 644 3311 698 instituta
3342 641 3576 713 antiqua
3604 645 3843 695 saneto-

2197 756 2324 793 rum
2370 741 2601 793 Patrum
2641 738 2984 806 conversari,
3025 754 3161 792 cum
3216 737 3296 791 eis
3353 736 3570 790 nullam
3621 735 3843 789 habere

2199 833 2666 888 communionem
2689 835 2788 886 aut
2816 831 3295 903 conjunctionem,
3325 830 3424 884 sed
3450 829 3634 900 magis
3661 829 3710 882 si
3738 845 3842 882 va-

2199 928 2378 994 luero,
2422 926 2725 998 prohibere
2755 926 3116 998 prohibeam,
3150 925 3197 978 si
3226 925 3418 978 minus
3443 923 3688 978 fideliter
3729 923 3840 976 Do-

2197 1020 2358 1075 mino
2405 1036 2534 1075 meo
2583 1019 2891 1092 apostolico
2947 1018 3310 1073 renuntiabo.
3365 1017 3525 1081 Quod
3577 1016 3620 1070 si
3665 1016 3844 1087 (quod

2200 1114 2370 1184 absit)
2428 1117 2630 1169 contra
2685 1114 2856 1184 hujus
2908 1112 3299 1186 permissionis
3356 1111 3558 1167 seriem
3621 1109 3844 1181 aliquid

2198 1209 2386 1263 facere
2414 1208 2669 1279 quolibet
2699 1208 2870 1262 modo
2914 1209 3000 1262 vel
3045 1206 3337 1262 occasione
3365 1208 3677 1270 tentavero,
3707 1219 3844 1258 reus

2199 1301 2458 1356 inveniar
2487 1301 2546 1355 in
2575 1305 2786 1356 aeterno
2806 1301 3023 1372 judicio
3048 1300 3326 1355 ultionem
3367 1298 3603 1354 Ananim
3650 1301 3708 1351 et
3738 1297 3840 1352 Sa-

2199 1395 2380 1466 phiree
2417 1395 2557 1464 (Act.
2593 1412 2646 1462 v,
2677 1396 2820 1464 5-10)
2861 1375 3170 1462 incurram,
3213 1394 3312 1465 qui
3355 1393 3510 1447 vobis
3555 1392 3727 1446 etiam
3768 1391 3842 1444 de

2199 1489 2368 1543 rebus
2411 1488 2657 1560 propriis
2701 1489 2961 1543 fraudem
3016 1488 3203 1542 facere
3255 1489 3341 1542 vel
3396 1487 3598 1540 falsum
3652 1485 3842 1540 dicere

2200 1582 2685 1654 praesumpserim.
2739 1583 2848 1637 Hoc
2903 1585 3094 1636 autem
3141 1581 3454 1636 indiculum
3493 1579 3846 1634 sacramenti

2202 1693 2309 1747 ego
2333 1676 2654 1731 Bonifacius
2677 1676 2918 1746 exiguus
2939 1677 3239 1747 episcopus
3268 1691 3442 1729 manu
3468 1673 3698 1745 propria
3715 1673 3844 1727 sub-

2201 1771 2419 1841 scripsi,
2451 1774 2620 1842 atque
2657 1771 2905 1841 positum
2944 1786 3114 1841 supra
3155 1769 3593 1824 sacratissimum
3634 1783 3843 1838 corpus

466 1885 597 1940 qua:
636 1885 740 1940 pro
785 1867 1102 1922 orthodoxa
1129 1865 1262 1934 ﬁde,
1297 1871 1354 1920 et
1387 1865 1772 1920 destructione
1799 1863 2097 1919 haeretico-
2121 1853 2176 1924 B
2199 1867 2384 1933 tuum,
2434 1868 2496 1918 ut
2533 1864 2790 1935 superius
2841 1863 3074 1936 legitur,
3133 1865 3248 1917 Deo
3307 1866 3489 1930 teste,
3537 1867 3593 1916 et
3642 1860 3842 1932 judice

464 1979 594 2017 rum
610 1963 854 2016 vesania:
871 1978 1058 2033 nuper
1074 1965 1283 2015 exortae
1300 1977 1333 2014 a
1349 1959 1515 2014 nobis
1544 1962 1757 2014 statuta
1772 1963 1930 2027 sunt;
1954 1960 2011 2012 et
2025 1957 2101 2012 Si-

465 2056 768 2128 gebertum
785 2055 1372 2127 praacellentissimum
1393 2053 1578 2108 filium
1606 2057 2100 2122 nostrum,regem

465 2149 953 2220 Francorum,pro
975 2165 1093 2204 suae
1119 2147 1552 2204 Christianitatis
1578 2146 1834 2202 remedio
1874 2145 2098 2200 consul-

463 2244 675 2299 tissime
719 2243 1026 2298 admonere
1056 2248 1226 2313 atque
1266 2241 1510 2313 precari,
1541 2240 1790 2311 dirigere
1830 2238 1993 2294 nobis
2031 2256 2100 2293 ex

465 2354 702 2409 corpore
729 2337 970 2391 fratrum
1001 2341 1333 2391 nostrorum
1362 2334 1757 2390 dilectissimos
1787 2333 2099 2404 episcopos,

467 2432 565 2503 qui
619 2431 764 2485 sedis
813 2429 1140 2502 apostolica:
1179 2429 1486 2500 legatione,
1527 2427 1720 2482 divina
1757 2426 2103 2482 concedente

465 2524 892 2597 propitiatione,
922 2524 1091 2595 fungi
1122 2523 1391 2590 debeant,
1421 2527 1478 2578 et
1501 2539 1627 2593 quae
1647 2525 1844 2576 nostro
1871 2521 2102 2576 consilio

465 2623 692 2690 peracta
735 2621 866 2672 sunt
908 2634 1040 2673 cum
1080 2616 1168 2671 his
1211 2617 1577 2688 synodalibus
1607 2615 1860 2687 apicibus
1899 2615 2104 2670 nostris

465 2713 538 2767 ad
579 2711 1086 2767 clementissimum
1114 2707 1432 2783 principem
1462 2715 1725 2766 nostrum
1766 2711 1887 2765 sine
1928 2709 2101 2764 dubio

466 2810 756 2878 asportare
787 2806 1032 2875 valeant,
1062 2809 1125 2860 ut
1154 2809 1479 2860 nostrorum
1520 2805 1780 2860 laborum
1819 2803 2105 2876 particeps

469 2901 702 2954 effectus
746 2899 1028 2955 mercedis
1067 2901 1360 2954 cumulum
1405 2898 1642 2969 adipisci
1685 2897 1894 2965 valeat,
1923 2901 1979 2952 et
2017 2898 2106 2951 sui

469 2993 633 3064 regni
656 2996 1036 3064 protectorem
1053 2992 1310 3046 invenire
1328 3009 1479 3059 eum,
1495 2992 1656 3062 cujus
1675 3008 1839 3045 causa
1859 2991 2104 3062 ﬂagitari

471 3086 841 3158 dignoscitur.
884 3088 1001 3141 Hoc
1031 3102 1281 3157 namque
1309 3091 1365 3140 et
1391 3085 1451 3139 in
1483 3086 1605 3156 ejus
1631 3085 1866 3157 epistola
1895 3085 2101 3140 exhor-

470 3181 578 3236 tari
608 3197 738 3234 eum
788 3179 1177 3251 cognovimus.
1212 3180 1495 3250 Reliquias
1523 3195 1656 3234 vero
1682 3183 2003 3234 sanctorum
2036 3178 2103 3233 de

469 3274 676 3346 quibus
715 3230 1087 3345 praesentium
1112 3274 1262 3328 lator
1284 3230 1386 3328 θεῖε
1413 3273 1712 3329 admonuit
1747 3273 1869 3327 dari
1896 3289 2101 3344 praece-
2126 3230 2180 3304 Ο

469 3369 675 3440 pimus.
722 3370 863 3423 Nam
909 3367 1134 3423 codices
1171 3368 1294 3438 jam
1347 3368 1625 3422 exinaniti
1663 3371 1797 3422 sunt
1837 3385 1870 3422 a
1911 3373 2105 3422 nostra

467 3462 830 3532 bibliotheca,
863 3466 919 3516 et
945 3462 1098 3517 unde
1139 3462 1272 3516 dare
1316 3462 1366 3516 ei
1407 3463 1735 3517 nullatenus
1777 3461 2101 3516 habuimus.

467 3556 862 3612 Transcribere
888 3561 1080 3612 autem
1105 3572 1220 3611 non
1248 3556 1452 3627 potuit,
1469 3557 1743 3629 quoniam
1770 3557 2107 3611 festinanter

469 3650 538 3705 de
567 3651 672 3705 hac
703 3650 927 3705 civitate
954 3649 1152 3721 egredi
1180 3650 1634 3722 properavit.His
1654 3650 1832 3722 igitur
1860 3650 1937 3704 ita
1967 3665 2106 3720 prte-

469 3745 655 3800 libatis
674 3761 803 3816 quae
835 3761 865 3798 a
891 3744 1060 3799 nobis
1079 3761 1181 3815 per
1205 3745 1502 3816 epistolam
1533 3745 1690 3800 vobis
1718 3745 1928 3815 scripta
1953 3749 2102 3815 sunt,

471 3839 695 3893 effectui
725 3839 1055 3909 mancipare
1077 3839 1500 3894 fraternitatem
1521 3843 1763 3893 vestram
1786 3839 2101 3894 hortamur.

471 3932 615 3986 Deus
641 3936 696 3986 te
730 3932 1075 3987 incolumem
1101 3933 1402 3988 custodiat.
1438 3933 1802 3988 dilectissime
1827 3933 2020 3987 frater.

835 4079 1143 4134 DECRETA
1183 4078 1513 4134 GREGORII
1554 4079 1746 4134 ΡΑΡᾹΞ
1787 4081 1850 4134 ΙΙΙ
1893 4082 1973 4133 ET

1095 4172 1474 4228 ZACHARUE.

540 4311 600 4366 In
660 4309 894 4366 nomine
953 4309 1183 4364 Domini
1240 4309 1380 4376 Dei,
1439 4315 1498 4366 et
1555 4311 1857 4366 Salvatoris
1925 4313 2105 4366 nostri

466 4409 594 4462 Jesu
619 4404 844 4472 Christi,
877 4404 1198 4475 imperante
1229 4403 1464 4459 domino
1499 4405 1707 4471 Leone,
1738 4422 1771 4459 a
1801 4405 1913 4460 Deo
1940 4421 2102 4461 coro-

467 4504 601 4556 nato
616 4515 828 4572 magno
846 4498 1210 4570 imperatore,
1231 4516 1384 4554 anno
1402 4502 1578 4568 sexto,
1597 4503 1725 4569 post
1745 4500 2103 4554 consulatum

2201 1957 2440 2030 praestiti
2498 1960 2951 2023 sacramentum,
3008 1958 3162 2028 quod
3210 1963 3266 2012 et
3314 1971 3651 2012 conservare
3705 1971 3841 2025 pro-

2201 2053 2386 2107 mitto.

2202 2202 2446 2272 Epistola
2478 2202 2722 2268 Gregorii
2752 2216 2912 2272 papae
2951 2201 3024 2254 ad
3071 2201 3410 2267 Bonifacium
3441 2198 3838 2268 presbyterum.

2273 2339 2584 2393 GREGORIUS
2611 2353 2802 2392 servus
2819 2353 3112 2392 servorum
3129 2336 3230 2391 Dei
3249 2338 3549 2392 Bomrxcxo
3573 2334 3844 2406 religioso

2203 2431 2552 2503 presbytero.

2275 2526 2462 2597 Exigit
2539 2526 2900 2580 manifestata
2983 2525 3148 2580 nobis
3228 2525 3478 2596 religiosi
3561 2523 3844 2596 propositi

2201 2620 2286 2674 tui
2341 2621 2434 2691 pie
2482 2621 2542 2674 in
2597 2620 2822 2676 Christo
2872 2619 3168 2692 ﬂagrantis
3231 2619 3474 2674 intentio
3527 2623 3584 2673 et
3624 2635 3841 2690 appro-

2202 2715 2340 2769 bata
2387 2713 2769 2769 sincerissima
2810 2714 2945 2769 fidei
2985 2718 3096 2768 tua).
3145 2713 3362 2785 perlata
3404 2712 3620 2780 relatio,
3665 2717 3724 2766 ut
3771 2713 3844 2766 ad

2205 2808 2687 2879 dispensationem
2732 2809 2887 2863 verbi
2933 2808 3104 2862 divini
3147 2808 3307 2878 cujus
3336 2824 3440 2878 per
3469 2806 3709 2877 gratiam
3745 2807 3844 2861 Dei

2203 2917 2399 2956 curam
2421 2902 2693 2971 gerimus,
2711 2906 2765 2956 te
2786 2900 3182 2956 comministro
3201 2904 3448 2954 utamur.
3472 2899 3845 2972 Experientes

2203 2995 2440 3066 provide
2467 3001 2519 3050 te
2549 2996 2618 3048 ab
2659 2995 2904 3050 infantia
2949 3011 3138 3049 sacras
3162 2994 3382 3049 litteras
3411 2993 3670 3048 didicisse
3699 3010 3842 3064 pro-

2205 3090 2499 3160 fectusque
2541 3089 2794 3144 indolem
2833 3089 2905 3143 ad
2951 3093 3328 3159 augmentum
3374 3087 3572 3143 crediti
3623 3087 3844 3142 caelitus

2204 3183 2401 3237 talenti
2437 3187 2744 3254 prospectu
2776 3182 2953 3237 divini
2981 3183 3191 3237 amoris
3221 3182 3546 3250 extendere,
3574 3180 3845 3236 videlicet

2207 3276 2452 3348 gratiam
2479 3276 2836 3348 cognationis
2862 3276 3105 3331 caelestis
3146 3277 3360 3331 oraculi
3386 3275 3445 3330 in
3473 3276 3725 3330 laborem
3756 3293 3843 3329 sa-

2204 3371 2446 3426 lutiferae
2488 3370 2912 3441 praedicationis
2949 3371 3018 3425 ad
3059 3371 3531 3426 innotescendum
3576 3370 3846 3442 gentibus

2203 3465 2509 3520 incredulis
2536 3464 2922 3520 ministerium
2953 3465 3089 3520 ﬁdei
3120 3465 3354 3520 instanti
3385 3469 3595 3520 conatu
3624 3481 3842 3535 expen-

2206 3559 2360 3625 dere,
2404 3559 2755 3614 collaetamur
2788 3559 2921 3614 ﬁdei
2963 3564 3096 3627 tuae,
3127 3562 3185 3614 et
3220 3559 3502 3630 adjutores
3533 3575 3653 3614 esse
3681 3560 3842 3629 cupi-

2205 3669 2333 3707 mus
2361 3653 2556 3724 gratiaa
2584 3657 2943 3725 prterogatae.
2978 3653 3188 3708 Idcirco
3227 3653 3323 3724 qui
3365 3653 3642 3724 praemissi
3666 3669 3841 3707 cona-

2205 3751 2294 3802 tus
2337 3747 2498 3818 pium
2543 3747 2811 3802 affectum
2841 3763 3020 3818 usque
3063 3747 3132 3801 ad
3180 3748 3507 3818 apostolicae
3543 3745 3691 3801 sedis
3716 3763 3840 3800 mo-

2205 3843 2361 3896 desta
2387 3842 2723 3913 prmvisione
2740 3841 3054 3912 perduxisti
3071 3843 3414 3911 consultum,
3433 3844 3496 3895 ut
3511 3840 3840 3895 membrum

2207 3953 2276 3990 ex
2299 3937 2556 3991 membro
2579 3935 2791 4007 proprii
2819 3935 3076 4006 corporis
3104 3940 3271 4006 caput
3297 3934 3594 4007 requirens
3619 3939 3841 3989 motum

2209 4030 2413 4086 mentis
2461 4031 2749 4100 probares,
2800 4030 3110 4102 capitisque
3159 4029 3395 4085 arbitrio
3439 4028 3734 4082 humiliter
3786 4046 3843 4084 se

2206 4124 2546 4178 submittens
2578 4124 2700 4194 ejus
2730 4124 3030 4179 directioni
3051 4124 3205 4194 justo
3243 4123 3472 4178 tramite
3501 4139 3837 4194 properans,

2207 4217 2475 4272 soliditati
2506 4218 2862 4289 compaginis
2892 4217 3190 4289 plenitudo
3219 4218 3442 4272 existas.
3476 4217 3604 4272 Ideo
3647 4217 3708 4270 in
3743 4234 3842 4270 no-

2207 4313 2362 4366 mine
2390 4311 2810 4366 indivisibiliter
2852 4312 3134 4367 Trinitatis
3171 4328 3275 4382 per
3309 4313 3700 4366 inconcussam
3735 4327 3838 4364 au-

2205 4405 2528 4461 ctoritatem
2574 4405 2722 4460 beati
2753 4406 2903 4460 Petri
2937 4407 3325 4477 apostolorum
3355 4404 3643 4476 principis,
3681 4404 3844 4475 cujus

2205 4500 2480 4554 doctrinm
2530 4499 2875 4570 magisteriis
2925 4499 3349 4570 dispensatione
3406 4499 3722 4570 fungimur,
3786 4501 3844 4552 et

469 4597 611 4666 ejus,
671 4594 769 4650 sed
825 4597 882 4648 et
933 4592 1302 4649 Constantino
1341 4609 1549 4664 magno
1595 4592 1942 4664 imperatore
1982 4594 2183 4688 ejusD
2208 4594 2391 4648 locum
2425 4611 2596 4649 sacres
2627 4594 2772 4650 sedis
2799 4594 3283 4663 administramus,
3318 4593 3659 4649 modestiam
3707 4598 3844 4646 tunc

467 4690 584 4744 ﬁlio
628 4705 779 4744 anno
809 4691 1012 4759 quarto
1046 4687 1371 4741 indictionis
1414 4690 1606 4741 sextae.
1647 4688 1945 4756 Promitto,
1993 4705 2102 4760 ego

472 4783 788 4838 Bonifacius
833 4781 1014 4852 gratia
1045 4781 1136 4834 Dei
1179 4780 1498 4851 episcopus,
1524 4780 1699 4849 vobis,
1742 4781 1910 4835 beato
1939 4783 2103 4836 Petro

468 4878 854 4948 apostolorum
901 4874 1164 4945 principi,
1215 4873 1540 4944 vicarioque
1582 4879 1696 4941 tuo,
1733 4875 1898 4930 beato
1938 4893 2104 4947 papa:

466 4969 775 5042 Gregorio,
835 4967 1364 5038 successoribusque
1416 4967 1539 5038 ejus
1578 4984 1678 5038 per
1722 4970 1988 5037 Patrem,
2047 4973 2105 5024 et

468 5065 689 5131 Filium,
724 5066 780 5118 et
824 5061 1097 5133 Spiritum
1130 5067 1412 5128 sanctum,
1444 5061 1780 5116 Trinitatem
1810 5063 2098 5134 insepara-

465 5157 659 5224 bilem,
676 5160 733 5211 et
751 5157 861 5211 hoc
878 5156 1312 5210 sacratissimum
1332 5172 1538 5226 corpus
1559 5159 1742 5225 tuum,
1758 5173 1850 5211 me
1871 5174 2103 5212 omnem

467 5247 660 5318 ﬁdem,
686 5253 743 5304 et
763 5250 1068 5321 puritatem
1097 5253 1309 5304 sanctae
1341 5250 1470 5304 ﬁdei
1496 5250 1785 5304 catholicae
1813 5251 2098 5320 exhibere,

465 5351 522 5401 et
547 5344 605 5398 in
633 5344 854 5399 unitate
876 5344 1128 5415 ejusdem
1152 5343 1304 5408 fidei,
1334 5345 1451 5397 Deo
1472 5349 1746 5414 operante
1779 5347 2096 5415 persistere,

462 5440 522 5494 in
564 5454 676 5510 qua
713 5437 1168 5494 Christianorum
1215 5438 1366 5492 salus
1407 5454 1526 5492 esse
1572 5439 1692 5493 sine
1731 5440 1904 5493 dubio
1940 5457 2097 5495 com-

465 5535 752 5605 probatur,
785 5533 942 5586 nullo
974 5530 1143 5586 modo
1175 5549 1263 5586 me
1291 5535 1488 5586 contra
1528 5532 1806 5587 unitatem
1838 5551 2097 5588 commu-

463 5627 550 5682 nis
577 5631 632 5680 et
654 5625 983 5680 universalis
1016 5625 1292 5690 Ecclesiae,
1327 5626 1603 5680 suadente
1633 5627 1926 5697 quopiam,
1959 5646 2096 5682 con-

463 5721 699 5784 sentire,
729 5720 826 5773 sed
845 5724 906 5772 ut
931 5717 1068 5784 dixi,
1095 5717 1269 5771 ﬁdem
1301 5724 1359 5772 et
1389 5719 1697 5788 puritatem
1725 5737 1906 5774 meam
1931 5725 2100 5792 atque

465 5828 804 5866 concursum
850 5810 971 5878 tibi,
1024 5814 1081 5863 et
1125 5809 1458 5864 utilitatibus
1488 5816 1598 5866 tute
1641 5813 1918 5881 Ecclesiae,
1950 5815 2100 5867 cuia

469 5903 711 5958 Domino
743 5904 855 5956 Deo
899 5907 1145 5972 potestas
1189 5901 1406 5974 ligandi
1449 5905 1812 5975 solvendique
1854 5906 1982 5960 data
2016 5913 2102 5963 est

2205 4689 2499 4759 religionis
2554 4689 2928 4756 instituimus,
2985 4692 3155 4760 atque
3216 4688 3599 4760 praecipimus,
3667 4689 3730 4740 ut
3784 4687 3844 4741 in

2205 4783 2376 4836 verbo
2409 4783 2604 4854 gratiae
2635 4783 2736 4837 Dei
2766 4799 2880 4854 quo
2906 4783 3040 4854 igne
3070 4782 3380 4850 salutifero,
3414 4798 3582 4852 quem
3613 4781 3843 4835 mittere

2204 4875 2475 4930 Dominus
2501 4877 2653 4932 venit
2690 4877 2749 4930 in
2792 4883 3008 4931 terram
3050 4879 3198 4946 (Luc.
3231 4893 3326 4941 x11,
3358 4876 3466 4945 49),
3501 4875 3720 4929 enitere
3744 4876 3841 4928 ,ιυ-

2203 4969 2339 5024 άωίε
2375 4971 2444 5024 ad
2491 4976 2688 5041 gentes
2721 4987 3089 5042 quascunque
3128 4969 3482 5025 inﬁdelitatis
3521 4985 3714 5023 errore
3743 4969 3842 5022 de-

2204 5067 2386 5118 tentas
2405 5081 2728 5135 properare,
2749 5066 2858 5119 Deo
2883 5065 3196 5131 annitente,
3221 5063 3491 5136 potueris,
3507 5062 3842 5133 mysterium

2204 5158 2367 5229 regni
2391 5158 2489 5212 Dei
2518 5176 2622 5230 per
2650 5158 3092 5214 insinuationem
3119 5158 3367 5213 nominis
3387 5157 3592 5212 Christi
3617 5156 3842 5210 Domini

2205 5253 2382 5307 nostri
2430 5254 2684 5308 veritatis
2725 5253 2981 5308 suasione
3030 5253 3309 5324 designes,
3354 5256 3413 5306 et
3453 5267 3552 5322 per
3581 5250 3842 5321 spiritum

2202 5347 2476 5413 veritatis,
2501 5350 2556 5402 et
2577 5348 2914 5412 dilectionis,
2944 5353 2999 5402 et
3025 5346 3350 5402 sobrietatis
3378 5344 3842 5416 przedicationem

2204 5441 2496 5512 utriusque
2546 5442 2898 5495 Testamenti
2952 5441 3240 5496 mentibus
3295 5439 3540 5494 indoctis
3589 5455 3841 5493 consona

2202 5535 2418 5589 ratione
2474 5535 2865 5590 transfundas.
2924 5535 3293 5606 Disciplinam
3347 5533 3593 5604 denique
3656 5549 3839 5586 sacra-

2200 5629 2380 5682 menti
2428 5645 2600 5700 quam
2645 5629 2712 5684 ad
2760 5629 3074 5685 mittendos
3115 5630 3226 5684 Deo
3272 5627 3481 5699 praevio
3524 5626 3844 5681 credituros

2203 5724 2392 5777 tenere
2417 5723 2644 5777 studeas
2671 5741 2734 5778 ex
2764 5723 3014 5778 formula
3045 5722 3366 5777 ofﬁciorum
3392 5723 3608 5776 sancte.
3637 5724 3842 5774 nostrm

2199 5816 2518 5884 apostolicae
2553 5817 2703 5872 sedis
2742 5817 3131 5873 instructionis
3176 5822 3286 5870 tua:
3325 5815 3509 5886 gratia
3548 5813 3843 5886 praelibata

2201 5909 2461 5964 volumus
2502 5913 2562 5964 ut
2613 5912 2891 5966 intendas.
2926 5911 3087 5975 Quod
3128 5927 3262 5966 vero
3293 5909 3531 5964 actionis
3561 5913 3840 5979 suscepta:
