  <div class='ocr_page' id='page_1' title='image "/cluster/home/n/w/nwhite01/storage/ocr_20150623/130/umn.319510024774230/658.png"; bbox 0 0 4050 6328; ppageno 0'>
   <div class='ocr_carea' id='block_1_1' title="bbox 274 365 409 419">
    <p class='ocr_par' dir='ltr' id='par_1_1' title="bbox 274 365 409 419">
     <span class='ocr_line' id='line_1_1' title="bbox 274 365 409 419; baseline 0 0"><span class='ocrx_word' id='word_1_1' title='bbox 274 365 409 419; x_wconf 66' lang='grc'><strong>1149</strong></span> 
     </span>
    </p>
   </div>
   <div class='ocr_carea' id='block_1_2' title="bbox 1498 361 2397 421">
    <p class='ocr_par' dir='ltr' id='par_1_2' title="bbox 1498 361 2397 421">
     <span class='ocr_line' id='line_1_2' title="bbox 1498 361 2397 421; baseline -0.002 -2"><span class='ocrx_word' id='word_1_2' title='bbox 1498 363 1970 421; x_wconf 82' lang='lat' dir='ltr'><strong>DECRETALIUM</strong></span> <span class='ocrx_word' id='word_1_3' title='bbox 2009 361 2397 420; x_wconf 86' lang='lat' dir='ltr'><strong>COLLECTIO.</strong></span> 
     </span>
    </p>
   </div>
   <div class='ocr_carea' id='block_1_3' title="bbox 3493 370 3628 427">
    <p class='ocr_par' dir='ltr' id='par_1_3' title="bbox 3493 370 3628 427">
     <span class='ocr_line' id='line_1_3' title="bbox 3493 370 3628 427; baseline 0.007 -1"><span class='ocrx_word' id='word_1_4' title='bbox 3493 370 3628 427; x_wconf 76' lang='grc'><strong>1150</strong></span> 
     </span>
    </p>
   </div>
   <div class='ocr_carea' id='block_1_4' title="bbox 265 471 3628 558">
    <p class='ocr_par' dir='ltr' id='par_1_4' title="bbox 265 471 3628 558">
     <span class='ocr_line' id='line_1_4' title="bbox 265 471 3628 558; baseline 0.002 -30"><span class='ocrx_word' id='word_1_5' title='bbox 265 473 370 528; x_wconf 89' lang='lat' dir='ltr'><strong>tibi</strong></span> <span class='ocrx_word' id='word_1_6' title='bbox 388 472 583 527; x_wconf 90' lang='lat' dir='ltr'><strong>deesse</strong></span> <span class='ocrx_word' id='word_1_7' title='bbox 605 471 980 543; x_wconf 84' lang='lat' dir='ltr'><strong>perspexeris,</strong></span> <span class='ocrx_word' id='word_1_8' title='bbox 999 471 1162 528; x_wconf 89' lang='lat' dir='ltr'><strong>nobis</strong></span> <span class='ocrx_word' id='word_1_9' title='bbox 1180 475 1242 528; x_wconf 90' lang='lat' dir='ltr'><strong>ut</strong></span> <span class='ocrx_word' id='word_1_10' title='bbox 1255 472 1778 529; x_wconf 88' lang='lat' dir='ltr'><strong>valuerisintimare</strong></span> <span class='ocrx_word' id='word_1_11' title='bbox 1799 491 1893 529; x_wconf 93' lang='lat' dir='ltr'><strong>cu-</strong></span> <span class='ocrx_word' id='word_1_12' title='bbox 1914 474 2122 558; x_wconf 77' lang='lat' dir='ltr'><strong>AItem</strong></span> <span class='ocrx_word' id='word_1_13' title='bbox 2163 475 2389 545; x_wconf 79' lang='lat' dir='ltr'><strong>epistola</strong></span> <span class='ocrx_word' id='word_1_14' title='bbox 2421 474 2665 558; x_wconf 57' lang='lat' dir='ltr'><strong>Gregorii</strong></span> <span class='ocrx_word' id='word_1_15' title='bbox 2688 488 2850 558; x_wconf 65' lang='lat' dir='ltr'><strong>papa:</strong></span> <span class='ocrx_word' id='word_1_16' title='bbox 2889 475 2964 557; x_wconf 66' lang='lat' dir='ltr'><strong>ad</strong></span> <span class='ocrx_word' id='word_1_17' title='bbox 3000 479 3311 558; x_wconf 67' lang='lat' dir='ltr'><strong>universum</strong></span> <span class='ocrx_word' id='word_1_18' title='bbox 3336 478 3537 534; x_wconf 81' lang='lat' dir='ltr'><strong>clerum</strong></span> <span class='ocrx_word' id='word_1_19' title='bbox 3575 485 3628 535; x_wconf 88' lang='lat' dir='ltr'><strong>et</strong></span> 
     </span>
    </p>
   </div>
   <div class='ocr_carea' id='block_1_5' title="bbox 264 566 1895 638">
    <p class='ocr_par' dir='ltr' id='par_1_5' title="bbox 264 566 1895 638">
     <span class='ocr_line' id='line_1_5' title="bbox 264 566 1895 638; baseline 0.001 -17"><span class='ocrx_word' id='word_1_20' title='bbox 264 566 438 621; x_wconf 73' lang='lat' dir='ltr'><strong>tabis.</strong></span> <span class='ocrx_word' id='word_1_21' title='bbox 473 567 624 621; x_wconf 89' lang='lat' dir='ltr'><strong>Bene</strong></span> <span class='ocrx_word' id='word_1_22' title='bbox 649 567 794 620; x_wconf 97' lang='lat' dir='ltr'><strong>vale.</strong></span> <span class='ocrx_word' id='word_1_23' title='bbox 820 566 964 621; x_wconf 91' lang='lat' dir='ltr'><strong>Data</strong></span> <span class='ocrx_word' id='word_1_24' title='bbox 993 566 1121 621; x_wconf 90' lang='lat' dir='ltr'><strong>Idus</strong></span> <span class='ocrx_word' id='word_1_25' title='bbox 1140 567 1286 636; x_wconf 87' lang='lat' dir='ltr'><strong>Maii,</strong></span> <span class='ocrx_word' id='word_1_26' title='bbox 1319 568 1639 638; x_wconf 83' lang='lat' dir='ltr'><strong>imperante</strong></span> <span class='ocrx_word' id='word_1_27' title='bbox 1663 568 1895 623; x_wconf 89' lang='lat' dir='ltr'><strong>domino</strong></span> 
     </span>
    </p>
   </div>
   <div class='ocr_carea' id='block_1_6' title="bbox 263 659 1892 733">
    <p class='ocr_par' dir='ltr' id='par_1_6' title="bbox 263 659 1892 733">
     <span class='ocr_line' id='line_1_6' title="bbox 263 659 1892 733; baseline 0.001 -19"><span class='ocrx_word' id='word_1_28' title='bbox 263 659 520 731; x_wconf 81' lang='lat' dir='ltr'><strong>piissimo</strong></span> <span class='ocrx_word' id='word_1_29' title='bbox 545 661 801 731; x_wconf 81' lang='lat' dir='ltr'><strong>Augusto</strong></span> <span class='ocrx_word' id='word_1_30' title='bbox 826 660 1035 729; x_wconf 87' lang='lat' dir='ltr'><strong>Leone,</strong></span> <span class='ocrx_word' id='word_1_31' title='bbox 1057 677 1090 714; x_wconf 94' lang='lat' dir='ltr'><strong>a</strong></span> <span class='ocrx_word' id='word_1_32' title='bbox 1114 661 1228 716; x_wconf 90' lang='lat' dir='ltr'><strong>Deo</strong></span> <span class='ocrx_word' id='word_1_33' title='bbox 1251 667 1526 717; x_wconf 88' lang='lat' dir='ltr'><strong>coronato</strong></span> <span class='ocrx_word' id='word_1_34' title='bbox 1555 678 1764 733; x_wconf 87' lang='lat' dir='ltr'><strong>magno</strong></span> <span class='ocrx_word' id='word_1_35' title='bbox 1784 662 1892 716; x_wconf 91' lang='lat' dir='ltr'><strong>im-</strong></span> 
     </span>
    </p>
   </div>
   <div class='ocr_carea' id='block_1_7' title="bbox 262 754 1644 826">
    <p class='ocr_par' dir='ltr' id='par_1_7' title="bbox 262 754 1644 826">
     <span class='ocr_line' id='line_1_7' title="bbox 262 754 1644 826; baseline 0.001 -17"><span class='ocrx_word' id='word_1_36' title='bbox 262 759 552 825; x_wconf 87' lang='lat' dir='ltr'><strong>peratore,</strong></span> <span class='ocrx_word' id='word_1_37' title='bbox 584 770 734 809; x_wconf 93' lang='lat' dir='ltr'><strong>anno</strong></span> <span class='ocrx_word' id='word_1_38' title='bbox 763 757 792 809; x_wconf 90' lang='lat'>3</span> <span class='ocrx_word' id='word_1_39' title='bbox 820 754 1048 826; x_wconf 92' lang='lat' dir='ltr'><strong>imperii</strong></span> <span class='ocrx_word' id='word_1_40' title='bbox 1077 755 1222 826; x_wconf 84' lang='lat' dir='ltr'><strong>ejus,</strong></span> <span class='ocrx_word' id='word_1_41' title='bbox 1253 755 1562 810; x_wconf 88' lang='lat' dir='ltr'><strong>indictione</strong></span> <span class='ocrx_word' id='word_1_42' title='bbox 1591 759 1644 810; x_wconf 84' lang='lat'><strong>2.</strong></span> 
     </span>
    </p>
   </div>
   <div class='ocr_carea' id='block_1_8' title="bbox 263 943 1895 1013">
    <p class='ocr_par' dir='ltr' id='par_1_8' title="bbox 263 943 1895 1013">
     <span class='ocr_line' id='line_1_8' title="bbox 263 943 1895 1013; baseline 0.001 -15"><span class='ocrx_word' id='word_1_43' title='bbox 263 944 513 1013; x_wconf 76' lang='lat' dir='ltr'><strong>Epistola</strong></span> <span class='ocrx_word' id='word_1_44' title='bbox 543 943 780 1013; x_wconf 68' lang='lat' dir='ltr'><strong>ejusdem</strong></span> <span class='ocrx_word' id='word_1_45' title='bbox 808 943 884 998; x_wconf 86' lang='lat' dir='ltr'><strong>ad</strong></span> <span class='ocrx_word' id='word_1_46' title='bbox 910 945 1201 1013; x_wconf 82' lang='lat' dir='ltr'><strong>episcopos,</strong></span> <span class='ocrx_word' id='word_1_47' title='bbox 1218 944 1577 1013; x_wconf 77' lang='lat' dir='ltr'><strong>presbyteros,</strong></span> <span class='ocrx_word' id='word_1_48' title='bbox 1599 959 1690 999; x_wconf 86' lang='lat' dir='ltr'><strong>seu</strong></span> <span class='ocrx_word' id='word_1_49' title='bbox 1719 945 1895 999; x_wconf 76' lang='lat' dir='ltr'><strong>diaco-</strong></span> 
     </span>
    </p>
   </div>
   <div class='ocr_carea' id='block_1_9' title="bbox 620 1015 1537 1076">
    <p class='ocr_par' dir='ltr' id='par_1_9' title="bbox 620 1015 1537 1076">
     <span class='ocr_line' id='line_1_9' title="bbox 620 1015 1537 1076; baseline -0.001 -7"><span class='ocrx_word' id='word_1_50' title='bbox 620 1030 734 1076; x_wconf 89' lang='lat' dir='ltr'><strong>nos,</strong></span> <span class='ocrx_word' id='word_1_51' title='bbox 764 1020 815 1070; x_wconf 87' lang='lat' dir='ltr'><strong>et</strong></span> <span class='ocrx_word' id='word_1_52' title='bbox 842 1015 917 1069; x_wconf 85' lang='lat' dir='ltr'><strong>ad</strong></span> <span class='ocrx_word' id='word_1_53' title='bbox 943 1020 1155 1070; x_wconf 83' lang='lat' dir='ltr'><strong>cunctos</strong></span> <span class='ocrx_word' id='word_1_54' title='bbox 1193 1015 1537 1072; x_wconf 77' lang='lat' dir='ltr'><strong>Christianos.</strong></span> 
     </span>
    </p>
   </div>
   <div class='ocr_carea' id='block_1_10' title="bbox 330 1179 1894 1248">
    <p class='ocr_par' dir='ltr' id='par_1_10' title="bbox 330 1179 1894 1248">
     <span class='ocr_line' id='line_1_10' title="bbox 330 1179 1894 1248; baseline -0.001 -13"><span class='ocrx_word' id='word_1_55' title='bbox 330 1180 664 1248; x_wconf 79' lang='lat' dir='ltr'><strong>GREGORIUS,</strong></span> <span class='ocrx_word' id='word_1_56' title='bbox 683 1196 875 1235; x_wconf 89' lang='lat' dir='ltr'><strong>servus</strong></span> <span class='ocrx_word' id='word_1_57' title='bbox 889 1197 1183 1234; x_wconf 87' lang='lat' dir='ltr'><strong>servorum</strong></span> <span class='ocrx_word' id='word_1_58' title='bbox 1199 1179 1317 1247; x_wconf 90' lang='lat' dir='ltr'><strong>Dei,</strong></span> <span class='ocrx_word' id='word_1_59' title='bbox 1339 1179 1613 1234; x_wconf 86' lang='lat' dir='ltr'><strong>universis</strong></span> <span class='ocrx_word' id='word_1_60' title='bbox 1633 1196 1894 1234; x_wconf 90' lang='lat' dir='ltr'><strong>reveren-</strong></span> 
     </span>
    </p>
   </div>
   <div class='ocr_carea' id='block_1_11' title="bbox 261 1273 1892 1345">
    <p class='ocr_par' dir='ltr' id='par_1_11' title="bbox 261 1273 1892 1345">
     <span class='ocr_line' id='line_1_11' title="bbox 261 1273 1892 1345; baseline 0.001 -18"><span class='ocrx_word' id='word_1_61' title='bbox 261 1273 509 1328; x_wconf 88' lang='lat' dir='ltr'><strong>dissimis</strong></span> <span class='ocrx_word' id='word_1_62' title='bbox 530 1279 587 1329; x_wconf 90' lang='lat' dir='ltr'><strong>et</strong></span> <span class='ocrx_word' id='word_1_63' title='bbox 607 1274 972 1329; x_wconf 83' lang='lat' dir='ltr'><strong>sanctissimis</strong></span> <span class='ocrx_word' id='word_1_64' title='bbox 995 1273 1265 1329; x_wconf 80' lang='lat' dir='ltr'><strong>fratribus</strong></span> <span class='ocrx_word' id='word_1_65' title='bbox 1284 1273 1646 1344; x_wconf 89' lang='lat' dir='ltr'><strong>coepiscopis,</strong></span> <span class='ocrx_word' id='word_1_66' title='bbox 1670 1274 1892 1345; x_wconf 88' lang='lat' dir='ltr'><strong>religio-</strong></span> 
     </span>
    </p>
   </div>
   <div class='ocr_carea' id='block_1_12' title="bbox 257 1367 1886 1439">
    <p class='ocr_par' dir='ltr' id='par_1_12' title="bbox 257 1367 1886 1439">
     <span class='ocr_line' id='line_1_12' title="bbox 257 1367 1886 1439; baseline 0 -18"><span class='ocrx_word' id='word_1_67' title='bbox 257 1367 353 1436; x_wconf 88' lang='lat' dir='ltr'><strong>sis,</strong></span> <span class='ocrx_word' id='word_1_68' title='bbox 397 1368 762 1439; x_wconf 79' lang='lat' dir='ltr'><strong>presbyteris,</strong></span> <span class='ocrx_word' id='word_1_69' title='bbox 804 1385 905 1422; x_wconf 89' lang='lat' dir='ltr'><strong>seu</strong></span> <span class='ocrx_word' id='word_1_70' title='bbox 949 1367 1299 1436; x_wconf 85' lang='lat' dir='ltr'><strong>diaconibus,</strong></span> <span class='ocrx_word' id='word_1_71' title='bbox 1345 1367 1602 1438; x_wconf 84' lang='lat' dir='ltr'><strong>gloriosis</strong></span> <span class='ocrx_word' id='word_1_72' title='bbox 1631 1367 1886 1434; x_wconf 89' lang='lat' dir='ltr'><strong>ducibus,</strong></span> 
     </span>
    </p>
   </div>
   <div class='ocr_carea' id='block_1_13' title="bbox 257 1461 1890 1532">
    <p class='ocr_par' dir='ltr' id='par_1_13' title="bbox 257 1461 1890 1532">
     <span class='ocr_line' id='line_1_13' title="bbox 257 1461 1890 1532; baseline 0 -17"><span class='ocrx_word' id='word_1_73' title='bbox 257 1461 582 1532; x_wconf 87' lang='lat' dir='ltr'><strong>magniﬁcis</strong></span> <span class='ocrx_word' id='word_1_74' title='bbox 631 1462 916 1529; x_wconf 88' lang='lat' dir='ltr'><strong>castaldis,</strong></span> <span class='ocrx_word' id='word_1_75' title='bbox 961 1461 1277 1530; x_wconf 77' lang='lat' dir='ltr'><strong>comitibus,</strong></span> <span class='ocrx_word' id='word_1_76' title='bbox 1327 1461 1503 1516; x_wconf 89' lang='lat' dir='ltr'><strong>etiam</strong></span> <span class='ocrx_word' id='word_1_77' title='bbox 1546 1462 1631 1514; x_wconf 93' lang='lat' dir='ltr'><strong>vel</strong></span> <span class='ocrx_word' id='word_1_78' title='bbox 1675 1461 1890 1515; x_wconf 91' lang='lat' dir='ltr'><strong>cunctis</strong></span> 
     </span>
    </p>
   </div>
   <div class='ocr_carea' id='block_1_14' title="bbox 257 1555 1183 1611">
    <p class='ocr_par' dir='ltr' id='par_1_14' title="bbox 257 1555 1183 1611">
     <span class='ocr_line' id='line_1_14' title="bbox 257 1555 1183 1611; baseline -0.003 0"><span class='ocrx_word' id='word_1_79' title='bbox 257 1555 593 1611; x_wconf 83' lang='lat' dir='ltr'><strong>Christianis</strong></span> <span class='ocrx_word' id='word_1_80' title='bbox 620 1557 800 1610; x_wconf 89' lang='lat' dir='ltr'><strong>Deum</strong></span> <span class='ocrx_word' id='word_1_81' title='bbox 832 1555 1183 1611; x_wconf 87' lang='lat' dir='ltr'><strong>timentibus.</strong></span> 
     </span>
    </p>
   </div>
   <div class='ocr_carea' id='block_1_15' title="bbox 329 1693 1886 1765">
    <p class='ocr_par' dir='ltr' id='par_1_15' title="bbox 329 1693 1886 1765">
     <span class='ocr_line' id='line_1_15' title="bbox 329 1693 1886 1765; baseline -0.001 -15"><span class='ocrx_word' id='word_1_82' title='bbox 329 1693 781 1750; x_wconf 85' lang='lat' dir='ltr'><strong>Sollicitudinem</strong></span> <span class='ocrx_word' id='word_1_83' title='bbox 808 1694 1050 1749; x_wconf 91' lang='lat' dir='ltr'><strong>nimiam</strong></span> <span class='ocrx_word' id='word_1_84' title='bbox 1075 1699 1336 1764; x_wconf 82' lang='lat' dir='ltr'><strong>gerentes</strong></span> <span class='ocrx_word' id='word_1_85' title='bbox 1363 1711 1466 1765; x_wconf 90' lang='lat' dir='ltr'><strong>pro</strong></span> <span class='ocrx_word' id='word_1_86' title='bbox 1501 1693 1886 1764; x_wconf 88' lang='lat' dir='ltr'><strong>speculatione</strong></span> 
     </span>
    </p>
   </div>
   <div class='ocr_carea' id='block_1_16' title="bbox 252 1787 1888 1859">
    <p class='ocr_par' dir='ltr' id='par_1_16' title="bbox 252 1787 1888 1859">
     <span class='ocr_line' id='line_1_16' title="bbox 252 1787 1888 1859; baseline 0 -17"><span class='ocrx_word' id='word_1_87' title='bbox 252 1788 485 1858; x_wconf 79' lang='lat' dir='ltr'><strong>credita,</strong></span> <span class='ocrx_word' id='word_1_88' title='bbox 504 1788 638 1859; x_wconf 85' lang='lat' dir='ltr'><strong>quia</strong></span> <span class='ocrx_word' id='word_1_89' title='bbox 657 1789 717 1842; x_wconf 91' lang='lat' dir='ltr'><strong>in</strong></span> <span class='ocrx_word' id='word_1_90' title='bbox 733 1788 998 1842; x_wconf 87' lang='lat' dir='ltr'><strong>umbram</strong></span> <span class='ocrx_word' id='word_1_91' title='bbox 1013 1787 1212 1842; x_wconf 89' lang='lat' dir='ltr'><strong>mortis</strong></span> <span class='ocrx_word' id='word_1_92' title='bbox 1227 1787 1444 1858; x_wconf 90' lang='lat' dir='ltr'><strong>aliquas</strong></span> <span class='ocrx_word' id='word_1_93' title='bbox 1466 1791 1669 1858; x_wconf 87' lang='lat' dir='ltr'><strong>gentes</strong></span> <span class='ocrx_word' id='word_1_94' title='bbox 1686 1787 1744 1842; x_wconf 91' lang='lat' dir='ltr'><strong>in</strong></span> <span class='ocrx_word' id='word_1_95' title='bbox 1758 1788 1888 1842; x_wconf 90' lang='lat' dir='ltr'><strong>Ger-</strong></span> 
     </span>
    </p>
   </div>
   <div class='ocr_carea' id='block_1_17' title="bbox 1847 1011 1948 1156">
    <p class='ocr_par' dir='ltr' id='par_1_17' title="bbox 1847 1011 1948 1156">
     <span class='ocr_line' id='line_1_17' title="bbox 1847 1011 1948 1156; baseline 0 0"><span class='ocrx_word' id='word_1_96' title='bbox 1847 1011 1948 1156; x_wconf 78' lang='lat'><em>&lt;</em></span> 
     </span>
    </p>
   </div>
   <div class='ocr_carea' id='block_1_18' title="bbox 2531 545 3091 614">
    <p class='ocr_par' dir='ltr' id='par_1_18' title="bbox 2531 545 3091 614">
     <span class='ocr_line' id='line_1_18' title="bbox 2531 545 3091 614; baseline 0.002 -15"><span class='ocrx_word' id='word_1_97' title='bbox 2531 545 2735 614; x_wconf 84' lang='lat' dir='ltr'><strong>plebem</strong></span> <span class='ocrx_word' id='word_1_98' title='bbox 2763 547 3091 614; x_wconf 62' lang='lat' dir='ltr'><strong>Thuringia’.</strong></span> 
     </span>
    </p>
   </div>
   <div class='ocr_carea' id='block_1_19' title="bbox 2069 660 3621 734">
    <p class='ocr_par' dir='ltr' id='par_1_19' title="bbox 2069 660 3621 734">
     <span class='ocr_line' id='line_1_19' title="bbox 2069 660 3621 734; baseline 0.004 -19"><span class='ocrx_word' id='word_1_99' title='bbox 2069 661 2384 717; x_wconf 77' lang='lat' dir='ltr'><strong>GREGORIUS</strong></span> <span class='ocrx_word' id='word_1_100' title='bbox 2415 660 2714 731; x_wconf 91' lang='lat' dir='ltr'><strong>episcopus</strong></span> <span class='ocrx_word' id='word_1_101' title='bbox 2743 677 2939 716; x_wconf 91' lang='lat' dir='ltr'><strong>servus</strong></span> <span class='ocrx_word' id='word_1_102' title='bbox 2967 678 3266 718; x_wconf 90' lang='lat' dir='ltr'><strong>servorum</strong></span> <span class='ocrx_word' id='word_1_103' title='bbox 3295 665 3418 734; x_wconf 89' lang='lat' dir='ltr'><strong>Dei,</strong></span> <span class='ocrx_word' id='word_1_104' title='bbox 3449 667 3621 732; x_wconf 92' lang='lat' dir='ltr'><strong>clero,</strong></span> 
     </span>
    </p>
   </div>
   <div class='ocr_carea' id='block_1_20' title="bbox 1998 754 3624 828">
    <p class='ocr_par' dir='ltr' id='par_1_20' title="bbox 1998 754 3624 828">
     <span class='ocr_line' id='line_1_20' title="bbox 1998 754 3624 828; baseline 0.004 -20"><span class='ocrx_word' id='word_1_105' title='bbox 1998 754 2208 823; x_wconf 88' lang='lat' dir='ltr'><strong>ordini,</strong></span> <span class='ocrx_word' id='word_1_106' title='bbox 2238 760 2294 809; x_wconf 93' lang='lat' dir='ltr'><strong>et</strong></span> <span class='ocrx_word' id='word_1_107' title='bbox 2334 754 2487 825; x_wconf 92' lang='lat' dir='ltr'><strong>plebi</strong></span> <span class='ocrx_word' id='word_1_108' title='bbox 2527 755 2859 810; x_wconf 86' lang='lat' dir='ltr'><strong>consistenti</strong></span> <span class='ocrx_word' id='word_1_109' title='bbox 2899 756 3196 828; x_wconf 89' lang='lat' dir='ltr'><strong>Thuringi,</strong></span> <span class='ocrx_word' id='word_1_110' title='bbox 3247 758 3624 815; x_wconf 78' lang='lat' dir='ltr'><strong>dilectissimis</strong></span> 
     </span>
    </p>
   </div>
   <div class='ocr_carea' id='block_1_21' title="bbox 1996 848 3624 916">
    <p class='ocr_par' dir='ltr' id='par_1_21' title="bbox 1996 848 3624 916">
     <span class='ocr_line' id='line_1_21' title="bbox 1996 848 3624 916; baseline 0.004 -15"><span class='ocrx_word' id='word_1_111' title='bbox 1996 848 2146 916; x_wconf 88' lang='lat' dir='ltr'><strong>ﬁliis,</strong></span> <span class='ocrx_word' id='word_1_112' title='bbox 2193 848 2250 902; x_wconf 91' lang='lat' dir='ltr'><strong>in</strong></span> <span class='ocrx_word' id='word_1_113' title='bbox 2294 848 2536 902; x_wconf 91' lang='lat' dir='ltr'><strong>Domino</strong></span> <span class='ocrx_word' id='word_1_114' title='bbox 2582 849 2848 903; x_wconf 85' lang='lat' dir='ltr'><strong>salutem.</strong></span> <span class='ocrx_word' id='word_1_115' title='bbox 2895 849 3288 905; x_wconf 89' lang='lat' dir='ltr'><strong>Probabilibus</strong></span> <span class='ocrx_word' id='word_1_116' title='bbox 3333 851 3624 907; x_wconf 89' lang='lat' dir='ltr'><strong>desideriis</strong></span> 
     </span>
    </p>
   </div>
   <div class='ocr_carea' id='block_1_22' title="bbox 1994 941 3624 1016">
    <p class='ocr_par' dir='ltr' id='par_1_22' title="bbox 1994 941 3624 1016">
     <span class='ocr_line' id='line_1_22' title="bbox 1994 941 3624 1016; baseline 0.004 -21"><span class='ocrx_word' id='word_1_117' title='bbox 1994 941 2138 996; x_wconf 84' lang='lat' dir='ltr'><strong>nihil</strong></span> <span class='ocrx_word' id='word_1_118' title='bbox 2167 941 2467 996; x_wconf 86' lang='lat' dir='ltr'><strong>attulimus</strong></span> <span class='ocrx_word' id='word_1_119' title='bbox 2490 942 2794 1010; x_wconf 87' lang='lat' dir='ltr'><strong>tarditatis,</strong></span> <span class='ocrx_word' id='word_1_120' title='bbox 2846 942 3085 998; x_wconf 83' lang='lat' dir='ltr'><strong>fratrem</strong></span> <span class='ocrx_word' id='word_1_121' title='bbox 3105 943 3232 1014; x_wconf 90' lang='lat' dir='ltr'><strong>jam</strong></span> <span class='ocrx_word' id='word_1_122' title='bbox 3263 949 3320 999; x_wconf 91' lang='lat' dir='ltr'><strong>et</strong></span> <span class='ocrx_word' id='word_1_123' title='bbox 3345 945 3624 1016; x_wconf 88' lang='lat' dir='ltr'><strong>coepisco-</strong></span> 
     </span>
    </p>
   </div>
   <div class='ocr_carea' id='block_1_23' title="bbox 1995 1035 3619 1106">
    <p class='ocr_par' dir='ltr' id='par_1_23' title="bbox 1995 1035 3619 1106">
     <span class='ocr_line' id='line_1_23' title="bbox 1995 1035 3619 1106; baseline 0.004 -18"><span class='ocrx_word' id='word_1_124' title='bbox 1995 1052 2131 1106; x_wconf 89' lang='lat' dir='ltr'><strong>pum</strong></span> <span class='ocrx_word' id='word_1_125' title='bbox 2163 1038 2422 1090; x_wconf 90' lang='lat' dir='ltr'><strong>nostrum</strong></span> <span class='ocrx_word' id='word_1_126' title='bbox 2458 1035 2807 1090; x_wconf 89' lang='lat' dir='ltr'><strong>Bonifacium</strong></span> <span class='ocrx_word' id='word_1_127' title='bbox 2836 1036 2991 1090; x_wconf 90' lang='lat' dir='ltr'><strong>vobis</strong></span> <span class='ocrx_word' id='word_1_128' title='bbox 3022 1036 3409 1093; x_wconf 89' lang='lat' dir='ltr'><strong>ordinavimus</strong></span> <span class='ocrx_word' id='word_1_129' title='bbox 3437 1055 3619 1096; x_wconf 89' lang='lat' dir='ltr'><strong>sacer-</strong></span> 
     </span>
    </p>
   </div>
   <div class='ocr_carea' id='block_1_24' title="bbox 1995 1129 3621 1203">
    <p class='ocr_par' dir='ltr' id='par_1_24' title="bbox 1995 1129 3621 1203">
     <span class='ocr_line' id='line_1_24' title="bbox 1995 1129 3621 1203; baseline 0.003 -20"><span class='ocrx_word' id='word_1_130' title='bbox 1995 1129 2208 1200; x_wconf 90' lang='lat' dir='ltr'><strong>dotem,</strong></span> <span class='ocrx_word' id='word_1_131' title='bbox 2238 1129 2332 1184; x_wconf 93' lang='lat' dir='ltr'><strong>cui</strong></span> <span class='ocrx_word' id='word_1_132' title='bbox 2356 1129 2614 1184; x_wconf 90' lang='lat' dir='ltr'><strong>dedimus</strong></span> <span class='ocrx_word' id='word_1_133' title='bbox 2639 1130 2700 1184; x_wconf 93' lang='lat' dir='ltr'><strong>in</strong></span> <span class='ocrx_word' id='word_1_134' title='bbox 2726 1129 3005 1185; x_wconf 87' lang='lat' dir='ltr'><strong>mandatis</strong></span> <span class='ocrx_word' id='word_1_135' title='bbox 3023 1146 3097 1186; x_wconf 93' lang='lat' dir='ltr'><strong>ne</strong></span> <span class='ocrx_word' id='word_1_136' title='bbox 3111 1147 3368 1203; x_wconf 84' lang='lat' dir='ltr'><strong>unquam</strong></span> <span class='ocrx_word' id='word_1_137' title='bbox 3397 1133 3621 1189; x_wconf 87' lang='lat' dir='ltr'><strong>ordina—</strong></span> 
     </span>
    </p>
   </div>
   <div class='ocr_carea' id='block_1_25' title="bbox 1991 1222 3622 1298">
    <p class='ocr_par' dir='ltr' id='par_1_25' title="bbox 1991 1222 3622 1298">
     <span class='ocr_line' id='line_1_25' title="bbox 1991 1222 3622 1298; baseline 0.003 -21"><span class='ocrx_word' id='word_1_138' title='bbox 1991 1222 2179 1277; x_wconf 87' lang='lat' dir='ltr'><strong>tiones</strong></span> <span class='ocrx_word' id='word_1_139' title='bbox 2194 1227 2503 1294; x_wconf 68' lang='lat' dir='ltr'><strong>praasumat</strong></span> <span class='ocrx_word' id='word_1_140' title='bbox 2517 1222 2760 1291; x_wconf 88' lang='lat' dir='ltr'><strong>illicitas,</strong></span> <span class='ocrx_word' id='word_1_141' title='bbox 2781 1240 2852 1278; x_wconf 91' lang='lat' dir='ltr'><strong>ne</strong></span> <span class='ocrx_word' id='word_1_142' title='bbox 2868 1223 3187 1295; x_wconf 89' lang='lat' dir='ltr'><strong>bigamum,</strong></span> <span class='ocrx_word' id='word_1_143' title='bbox 3211 1229 3311 1280; x_wconf 89' lang='lat' dir='ltr'><strong>aut</strong></span> <span class='ocrx_word' id='word_1_144' title='bbox 3336 1227 3433 1297; x_wconf 90' lang='lat' dir='ltr'><strong>qui</strong></span> <span class='ocrx_word' id='word_1_145' title='bbox 3453 1227 3622 1298; x_wconf 83' lang='lat' dir='ltr'><strong>virgi-</strong></span> 
     </span>
    </p>
   </div>
   <div class='ocr_carea' id='block_1_26' title="bbox 1991 1317 3615 1390">
    <p class='ocr_par' dir='ltr' id='par_1_26' title="bbox 1991 1317 3615 1390">
     <span class='ocr_line' id='line_1_26' title="bbox 1991 1317 3615 1390; baseline 0.002 -19"><span class='ocrx_word' id='word_1_146' title='bbox 1991 1333 2126 1371; x_wconf 89' lang='lat' dir='ltr'><strong>nem</strong></span> <span class='ocrx_word' id='word_1_147' title='bbox 2166 1333 2281 1370; x_wconf 91' lang='lat' dir='ltr'><strong>non</strong></span> <span class='ocrx_word' id='word_1_148' title='bbox 2326 1320 2412 1371; x_wconf 91' lang='lat' dir='ltr'><strong>est</strong></span> <span class='ocrx_word' id='word_1_149' title='bbox 2454 1317 2688 1372; x_wconf 89' lang='lat' dir='ltr'><strong>sortitus</strong></span> <span class='ocrx_word' id='word_1_150' title='bbox 2729 1333 2991 1385; x_wconf 84' lang='lat' dir='ltr'><strong>uxorem,</strong></span> <span class='ocrx_word' id='word_1_151' title='bbox 3035 1334 3222 1390; x_wconf 90' lang='lat' dir='ltr'><strong>neque</strong></span> <span class='ocrx_word' id='word_1_152' title='bbox 3262 1319 3615 1388; x_wconf 88' lang='lat' dir='ltr'><strong>illiteratum,</strong></span> 
     </span>
    </p>
   </div>
   <div class='ocr_carea' id='block_1_27' title="bbox 1991 1409 3620 1484">
    <p class='ocr_par' dir='ltr' id='par_1_27' title="bbox 1991 1409 3620 1484">
     <span class='ocr_line' id='line_1_27' title="bbox 1991 1409 3620 1484; baseline 0.004 -22"><span class='ocrx_word' id='word_1_153' title='bbox 1991 1409 2079 1463; x_wconf 84' lang='lat' dir='ltr'><strong>vel</strong></span> <span class='ocrx_word' id='word_1_154' title='bbox 2092 1410 2151 1464; x_wconf 91' lang='lat' dir='ltr'><strong>in</strong></span> <span class='ocrx_word' id='word_1_155' title='bbox 2165 1409 2415 1480; x_wconf 87' lang='lat' dir='ltr'><strong>qualibet</strong></span> <span class='ocrx_word' id='word_1_156' title='bbox 2427 1410 2679 1481; x_wconf 93' lang='lat' dir='ltr'><strong>corporis</strong></span> <span class='ocrx_word' id='word_1_157' title='bbox 2689 1413 2853 1482; x_wconf 89' lang='lat' dir='ltr'><strong>parte</strong></span> <span class='ocrx_word' id='word_1_158' title='bbox 2869 1410 3151 1480; x_wconf 90' lang='lat' dir='ltr'><strong>vitiatum,</strong></span> <span class='ocrx_word' id='word_1_159' title='bbox 3169 1412 3333 1467; x_wconf 89' lang='lat' dir='ltr'><strong>autin</strong></span> <span class='ocrx_word' id='word_1_160' title='bbox 3347 1414 3620 1484; x_wconf 88' lang='lat' dir='ltr'><strong>poeniten-</strong></span> 
     </span>
    </p>
   </div>
   <div class='ocr_carea' id='block_1_28' title="bbox 1989 1503 3616 1571">
    <p class='ocr_par' dir='ltr' id='par_1_28' title="bbox 1989 1503 3616 1571">
     <span class='ocr_line' id='line_1_28' title="bbox 1989 1503 3616 1571; baseline 0.003 -14"><span class='ocrx_word' id='word_1_161' title='bbox 1989 1508 2064 1571; x_wconf 89' lang='lat' dir='ltr'><strong>te,</strong></span> <span class='ocrx_word' id='word_1_162' title='bbox 2088 1503 2176 1558; x_wconf 90' lang='lat' dir='ltr'><strong>vel</strong></span> <span class='ocrx_word' id='word_1_163' title='bbox 2197 1503 2389 1570; x_wconf 72' lang='lat' dir='ltr'><strong>curiae,</strong></span> <span class='ocrx_word' id='word_1_164' title='bbox 2415 1508 2512 1558; x_wconf 93' lang='lat' dir='ltr'><strong>aut</strong></span> <span class='ocrx_word' id='word_1_165' title='bbox 2537 1503 2770 1558; x_wconf 88' lang='lat' dir='ltr'><strong>cuilibet</strong></span> <span class='ocrx_word' id='word_1_166' title='bbox 2788 1503 3102 1559; x_wconf 89' lang='lat' dir='ltr'><strong>conditioni</strong></span> <span class='ocrx_word' id='word_1_167' title='bbox 3125 1505 3438 1561; x_wconf 82' lang='lat' dir='ltr'><strong>obnoxium</strong></span> <span class='ocrx_word' id='word_1_168' title='bbox 3455 1512 3616 1562; x_wconf 83' lang='lat' dir='ltr'><strong>nota-</strong></span> 
     </span>
    </p>
   </div>
   <div class='ocr_carea' id='block_1_29' title="bbox 1988 1597 3617 1669">
    <p class='ocr_par' dir='ltr' id='par_1_29' title="bbox 1988 1597 3617 1669">
     <span class='ocr_line' id='line_1_29' title="bbox 1988 1597 3617 1669; baseline 0.003 -19"><span class='ocrx_word' id='word_1_169' title='bbox 1988 1601 2225 1667; x_wconf 88' lang='lat' dir='ltr'><strong>tumque</strong></span> <span class='ocrx_word' id='word_1_170' title='bbox 2255 1597 2323 1650; x_wconf 92' lang='lat' dir='ltr'><strong>ad</strong></span> <span class='ocrx_word' id='word_1_171' title='bbox 2354 1613 2538 1651; x_wconf 90' lang='lat' dir='ltr'><strong>sacros</strong></span> <span class='ocrx_word' id='word_1_172' title='bbox 2571 1597 2797 1652; x_wconf 86' lang='lat' dir='ltr'><strong>ordines</strong></span> <span class='ocrx_word' id='word_1_173' title='bbox 2822 1597 3113 1669; x_wconf 88' lang='lat' dir='ltr'><strong>permittat</strong></span> <span class='ocrx_word' id='word_1_174' title='bbox 3136 1600 3424 1669; x_wconf 88' lang='lat' dir='ltr'><strong>accedere,</strong></span> <span class='ocrx_word' id='word_1_175' title='bbox 3455 1601 3550 1655; x_wconf 92' lang='lat' dir='ltr'><strong>sed</strong></span> <span class='ocrx_word' id='word_1_176' title='bbox 3573 1602 3617 1655; x_wconf 88' lang='lat' dir='ltr'><strong>si</strong></span> 
     </span>
    </p>
   </div>
   <div class='ocr_carea' id='block_1_30' title="bbox 1990 1690 3616 1764">
    <p class='ocr_par' dir='ltr' id='par_1_30' title="bbox 1990 1690 3616 1764">
     <span class='ocr_line' id='line_1_30' title="bbox 1990 1690 3616 1764; baseline 0.004 -21"><span class='ocrx_word' id='word_1_177' title='bbox 1990 1707 2132 1760; x_wconf 91' lang='lat' dir='ltr'><strong>quos</strong></span> <span class='ocrx_word' id='word_1_178' title='bbox 2149 1691 2245 1761; x_wconf 88' lang='lat' dir='ltr'><strong>huj</strong></span> <span class='ocrx_word' id='word_1_179' title='bbox 2254 1691 2476 1745; x_wconf 89' lang='lat' dir='ltr'><strong>usmodi</strong></span> <span class='ocrx_word' id='word_1_180' title='bbox 2492 1690 2637 1745; x_wconf 92' lang='lat' dir='ltr'><strong>forte</strong></span> <span class='ocrx_word' id='word_1_181' title='bbox 2661 1691 2956 1761; x_wconf 86' lang='lat' dir='ltr'><strong>repererit,</strong></span> <span class='ocrx_word' id='word_1_182' title='bbox 2976 1707 3092 1745; x_wconf 93' lang='lat' dir='ltr'><strong>non</strong></span> <span class='ocrx_word' id='word_1_183' title='bbox 3109 1691 3616 1764; x_wconf 87' lang='lat' dir='ltr'><strong>audeatpromove-</strong></span> 
     </span>
    </p>
   </div>
   <div class='ocr_carea' id='block_1_31' title="bbox 1988 1773 3648 1858">
    <p class='ocr_par' dir='ltr' id='par_1_31' title="bbox 1988 1773 3648 1858">
     <span class='ocr_line' id='line_1_31' title="bbox 1988 1773 3648 1858; baseline 0.004 -21"><span class='ocrx_word' id='word_1_184' title='bbox 1988 1799 2070 1852; x_wconf 89' lang='lat' dir='ltr'><strong>re,</strong></span> <span class='ocrx_word' id='word_1_185' title='bbox 2092 1784 2255 1838; x_wconf 84' lang='lat' dir='ltr'><strong>Afros</strong></span> <span class='ocrx_word' id='word_1_186' title='bbox 2270 1783 2482 1854; x_wconf 91' lang='lat' dir='ltr'><strong>passim</strong></span> <span class='ocrx_word' id='word_1_187' title='bbox 2501 1783 2573 1838; x_wconf 91' lang='lat' dir='ltr'><strong>ad</strong></span> <span class='ocrx_word' id='word_1_188' title='bbox 2590 1783 2998 1839; x_wconf 89' lang='lat' dir='ltr'><strong>ecclesiasticos</strong></span> <span class='ocrx_word' id='word_1_189' title='bbox 3019 1785 3246 1839; x_wconf 89' lang='lat' dir='ltr'><strong>ordines</strong></span> <span class='ocrx_word' id='word_1_190' title='bbox 3264 1773 3648 1858; x_wconf 68' lang='lat' dir='ltr'><strong>praetenden-l</strong></span> 
     </span>
    </p>
   </div>
   <div class='ocr_carea' id='block_1_32' title="bbox 253 1868 3613 1950">
    <p class='ocr_par' dir='ltr' id='par_1_32' title="bbox 253 1868 3613 1950">
     <span class='ocr_line' id='line_1_32' title="bbox 253 1868 3613 1950; baseline 0.001 -19"><span class='ocrx_word' id='word_1_191' title='bbox 253 1877 465 1932; x_wconf 80' lang='lat' dir='ltr'><strong>manias</strong></span> <span class='ocrx_word' id='word_1_192' title='bbox 492 1878 764 1950; x_wconf 89' lang='lat' dir='ltr'><strong>partibus,</strong></span> <span class='ocrx_word' id='word_1_193' title='bbox 794 1879 879 1933; x_wconf 92' lang='lat' dir='ltr'><strong>vel</strong></span> <span class='ocrx_word' id='word_1_194' title='bbox 906 1879 1075 1948; x_wconf 82' lang='lat' dir='ltr'><strong>plaga</strong></span> <span class='ocrx_word' id='word_1_195' title='bbox 1104 1877 1368 1932; x_wconf 89' lang='lat' dir='ltr'><strong>orientali</strong></span> <span class='ocrx_word' id='word_1_196' title='bbox 1410 1876 1598 1932; x_wconf 86' lang='lat' dir='ltr'><strong>Rheni</strong></span> <span class='ocrx_word' id='word_1_197' title='bbox 1638 1876 1890 1931; x_wconf 88' lang='lat' dir='ltr'><strong>ﬂuminis</strong></span> <span class='ocrx_word' id='word_1_198' title='bbox 1910 1868 1966 1940; x_wconf 85' lang='lat' dir='ltr'><strong>B</strong></span> <span class='ocrx_word' id='word_1_199' title='bbox 1990 1880 2088 1944; x_wconf 87' lang='lat' dir='ltr'><strong>tes,</strong></span> <span class='ocrx_word' id='word_1_200' title='bbox 2117 1877 2276 1932; x_wconf 92' lang='lat' dir='ltr'><strong>nulla</strong></span> <span class='ocrx_word' id='word_1_201' title='bbox 2303 1877 2526 1932; x_wconf 90' lang='lat' dir='ltr'><strong>ratione</strong></span> <span class='ocrx_word' id='word_1_202' title='bbox 2562 1876 2849 1948; x_wconf 85' lang='lat' dir='ltr'><strong>suscipiat,</strong></span> <span class='ocrx_word' id='word_1_203' title='bbox 2871 1877 3005 1948; x_wconf 89' lang='lat' dir='ltr'><strong>quia</strong></span> <span class='ocrx_word' id='word_1_204' title='bbox 3027 1877 3205 1949; x_wconf 88' lang='lat' dir='ltr'><strong>aliqui</strong></span> <span class='ocrx_word' id='word_1_205' title='bbox 3225 1895 3420 1934; x_wconf 91' lang='lat' dir='ltr'><strong>eorum</strong></span> <span class='ocrx_word' id='word_1_206' title='bbox 3441 1881 3613 1936; x_wconf 85' lang='lat' dir='ltr'><strong>Mani-</strong></span> 
     </span>
    </p>
   </div>
   <div class='ocr_carea' id='block_1_33' title="bbox 250 1966 1884 2043">
    <p class='ocr_par' dir='ltr' id='par_1_33' title="bbox 250 1966 1884 2043">
     <span class='ocr_line' id='line_1_33' title="bbox 250 1966 1884 2043; baseline -0.001 -18"><span class='ocrx_word' id='word_1_207' title='bbox 250 1971 488 2043; x_wconf 89' lang='lat' dir='ltr'><strong>antiquo</strong></span> <span class='ocrx_word' id='word_1_208' title='bbox 515 1973 676 2026; x_wconf 88' lang='lat' dir='ltr'><strong>hoste</strong></span> <span class='ocrx_word' id='word_1_209' title='bbox 706 1971 982 2026; x_wconf 88' lang='lat' dir='ltr'><strong>suadente</strong></span> <span class='ocrx_word' id='word_1_210' title='bbox 1009 1987 1220 2040; x_wconf 88' lang='lat' dir='ltr'><strong>errare,</strong></span> <span class='ocrx_word' id='word_1_211' title='bbox 1241 1973 1298 2025; x_wconf 89' lang='lat' dir='ltr'><strong>et</strong></span> <span class='ocrx_word' id='word_1_212' title='bbox 1310 1971 1469 2042; x_wconf 90' lang='lat' dir='ltr'><strong>quasi</strong></span> <span class='ocrx_word' id='word_1_213' title='bbox 1487 1966 1589 2024; x_wconf 90' lang='lat' dir='ltr'><strong>sub</strong></span> <span class='ocrx_word' id='word_1_214' title='bbox 1606 1969 1884 2041; x_wconf 85' lang='lat' dir='ltr'><strong>religione</strong></span> 
     </span>
    </p>
   </div>
   <div class='ocr_carea' id='block_1_34' title="bbox 250 2064 1880 2135">
    <p class='ocr_par' dir='ltr' id='par_1_34' title="bbox 250 2064 1880 2135">
     <span class='ocr_line' id='line_1_34' title="bbox 250 2064 1880 2135; baseline -0.001 -16"><span class='ocrx_word' id='word_1_215' title='bbox 250 2065 570 2120; x_wconf 88' lang='lat' dir='ltr'><strong>Christiana</strong></span> <span class='ocrx_word' id='word_1_216' title='bbox 617 2065 899 2120; x_wconf 88' lang='lat' dir='ltr'><strong>idolorum</strong></span> <span class='ocrx_word' id='word_1_217' title='bbox 942 2067 1180 2120; x_wconf 81' lang='lat' dir='ltr'><strong>culturae</strong></span> <span class='ocrx_word' id='word_1_218' title='bbox 1217 2081 1312 2119; x_wconf 89' lang='lat' dir='ltr'><strong>eos</strong></span> <span class='ocrx_word' id='word_1_219' title='bbox 1355 2064 1563 2118; x_wconf 84' lang='lat' dir='ltr'><strong>servire</strong></span> <span class='ocrx_word' id='word_1_220' title='bbox 1610 2065 1880 2135; x_wconf 89' lang='lat' dir='ltr'><strong>cognovi-</strong></span> 
     </span>
    </p>
   </div>
   <div class='ocr_carea' id='block_1_35' title="bbox 250 2157 1882 2231">
    <p class='ocr_par' dir='ltr' id='par_1_35' title="bbox 250 2157 1882 2231">
     <span class='ocr_line' id='line_1_35' title="bbox 250 2157 1882 2231; baseline -0.001 -18"><span class='ocrx_word' id='word_1_221' title='bbox 250 2175 402 2228; x_wconf 90' lang='lat' dir='ltr'><strong>mus,</strong></span> <span class='ocrx_word' id='word_1_222' title='bbox 453 2160 672 2231; x_wconf 91' lang='lat' dir='ltr'><strong>aliquos</strong></span> <span class='ocrx_word' id='word_1_223' title='bbox 720 2176 874 2226; x_wconf 91' lang='lat' dir='ltr'><strong>vero,</strong></span> <span class='ocrx_word' id='word_1_224' title='bbox 933 2159 1032 2230; x_wconf 88' lang='lat' dir='ltr'><strong>qui</strong></span> <span class='ocrx_word' id='word_1_225' title='bbox 1076 2159 1325 2214; x_wconf 91' lang='lat' dir='ltr'><strong>necdum</strong></span> <span class='ocrx_word' id='word_1_226' title='bbox 1365 2157 1756 2228; x_wconf 89' lang='lat' dir='ltr'><strong>cognitionem</strong></span> <span class='ocrx_word' id='word_1_227' title='bbox 1785 2157 1882 2212; x_wconf 92' lang='lat' dir='ltr'><strong>Dei</strong></span> 
     </span>
    </p>
   </div>
   <div class='ocr_carea' id='block_1_36' title="bbox 249 2251 1884 2324">
    <p class='ocr_par' dir='ltr' id='par_1_36' title="bbox 249 2251 1884 2324">
     <span class='ocr_line' id='line_1_36' title="bbox 249 2251 1884 2324; baseline 0 -18"><span class='ocrx_word' id='word_1_228' title='bbox 249 2253 543 2321; x_wconf 90' lang='lat' dir='ltr'><strong>habentes,</strong></span> <span class='ocrx_word' id='word_1_229' title='bbox 584 2269 692 2308; x_wconf 92' lang='lat' dir='ltr'><strong>nec</strong></span> <span class='ocrx_word' id='word_1_230' title='bbox 727 2253 1082 2324; x_wconf 87' lang='lat' dir='ltr'><strong>baptismatis</strong></span> <span class='ocrx_word' id='word_1_231' title='bbox 1136 2252 1276 2306; x_wconf 89' lang='lat' dir='ltr'><strong>sacri</strong></span> <span class='ocrx_word' id='word_1_232' title='bbox 1307 2252 1458 2306; x_wconf 90' lang='lat' dir='ltr'><strong>unda</strong></span> <span class='ocrx_word' id='word_1_233' title='bbox 1482 2254 1614 2306; x_wconf 93' lang='lat' dir='ltr'><strong>sunt</strong></span> <span class='ocrx_word' id='word_1_234' title='bbox 1637 2251 1758 2321; x_wconf 91' lang='lat' dir='ltr'><strong>loti,</strong></span> <span class='ocrx_word' id='word_1_235' title='bbox 1784 2252 1884 2306; x_wconf 90' lang='lat' dir='ltr'><strong>sed</strong></span> 
     </span>
    </p>
   </div>
   <div class='ocr_carea' id='block_1_37' title="bbox 251 2345 1882 2418">
    <p class='ocr_par' dir='ltr' id='par_1_37' title="bbox 251 2345 1882 2418">
     <span class='ocr_line' id='line_1_37' title="bbox 251 2345 1882 2418; baseline -0.001 -18"><span class='ocrx_word' id='word_1_236' title='bbox 251 2347 679 2418; x_wconf 89' lang='lat' dir='ltr'><strong>comparatione</strong></span> <span class='ocrx_word' id='word_1_237' title='bbox 699 2347 1002 2402; x_wconf 88' lang='lat' dir='ltr'><strong>brutorum</strong></span> <span class='ocrx_word' id='word_1_238' title='bbox 1027 2345 1363 2400; x_wconf 89' lang='lat' dir='ltr'><strong>animalium</strong></span> <span class='ocrx_word' id='word_1_239' title='bbox 1382 2345 1590 2416; x_wconf 90' lang='lat' dir='ltr'><strong>pagani</strong></span> <span class='ocrx_word' id='word_1_240' title='bbox 1609 2345 1882 2400; x_wconf 87' lang='lat' dir='ltr'><strong>factorem</strong></span> 
     </span>
    </p>
   </div>
   <div class='ocr_carea' id='block_1_38' title="bbox 250 2438 1882 2512">
    <p class='ocr_par' dir='ltr' id='par_1_38' title="bbox 250 2438 1882 2512">
     <span class='ocr_line' id='line_1_38' title="bbox 250 2438 1882 2512; baseline -0.001 -18"><span class='ocrx_word' id='word_1_241' title='bbox 250 2456 369 2494; x_wconf 91' lang='lat' dir='ltr'><strong>non</strong></span> <span class='ocrx_word' id='word_1_242' title='bbox 381 2444 820 2512; x_wconf 89' lang='lat' dir='ltr'><strong>recognoscunt,</strong></span> <span class='ocrx_word' id='word_1_243' title='bbox 835 2440 1150 2496; x_wconf 89' lang='lat' dir='ltr'><strong>necessario</strong></span> <span class='ocrx_word' id='word_1_244' title='bbox 1163 2456 1268 2510; x_wconf 94' lang='lat' dir='ltr'><strong>pro</strong></span> <span class='ocrx_word' id='word_1_245' title='bbox 1283 2442 1660 2510; x_wconf 90' lang='lat' dir='ltr'><strong>utrorumque</strong></span> <span class='ocrx_word' id='word_1_246' title='bbox 1677 2438 1882 2494; x_wconf 90' lang='lat' dir='ltr'><strong>illumi-</strong></span> 
     </span>
    </p>
   </div>
   <div class='ocr_carea' id='block_1_39' title="bbox 256 2531 1878 2605">
    <p class='ocr_par' dir='ltr' id='par_1_39' title="bbox 256 2531 1878 2605">
     <span class='ocr_line' id='line_1_39' title="bbox 256 2531 1878 2605; baseline -0.001 -17"><span class='ocrx_word' id='word_1_247' title='bbox 256 2535 487 2588; x_wconf 89' lang='lat' dir='ltr'><strong>natione</strong></span> <span class='ocrx_word' id='word_1_248' title='bbox 514 2535 583 2589; x_wconf 91' lang='lat' dir='ltr'><strong>ad</strong></span> <span class='ocrx_word' id='word_1_249' title='bbox 615 2534 1038 2605; x_wconf 73' lang='lat' dir='ltr'><strong>praedicandam</strong></span> <span class='ocrx_word' id='word_1_250' title='bbox 1064 2536 1235 2587; x_wconf 71' lang='lat' dir='ltr'><strong>rectae</strong></span> <span class='ocrx_word' id='word_1_251' title='bbox 1255 2531 1386 2587; x_wconf 88' lang='lat' dir='ltr'><strong>ﬁdei</strong></span> <span class='ocrx_word' id='word_1_252' title='bbox 1406 2532 1645 2586; x_wconf 90' lang='lat' dir='ltr'><strong>verbum</strong></span> <span class='ocrx_word' id='word_1_253' title='bbox 1671 2533 1878 2587; x_wconf 90' lang='lat' dir='ltr'><strong>harum</strong></span> 
     </span>
    </p>
   </div>
   <div class='ocr_carea' id='block_1_40' title="bbox 259 2626 1878 2699">
    <p class='ocr_par' dir='ltr' id='par_1_40' title="bbox 259 2626 1878 2699">
     <span class='ocr_line' id='line_1_40' title="bbox 259 2626 1878 2699; baseline 0.002 -20"><span class='ocrx_word' id='word_1_254' title='bbox 259 2628 590 2699; x_wconf 84' lang='lat' dir='ltr'><strong>portitorem</strong></span> <span class='ocrx_word' id='word_1_255' title='bbox 652 2628 1002 2683; x_wconf 86' lang='lat' dir='ltr'><strong>Bonifacium</strong></span> <span class='ocrx_word' id='word_1_256' title='bbox 1064 2626 1597 2682; x_wconf 86' lang='lat' dir='ltr'><strong>reverendissimum</strong></span> <span class='ocrx_word' id='word_1_257' title='bbox 1645 2627 1878 2682; x_wconf 89' lang='lat' dir='ltr'><strong>fratrem</strong></span> 
     </span>
    </p>
   </div>
   <div class='ocr_carea' id='block_1_41' title="bbox 250 2721 1875 2793">
    <p class='ocr_par' dir='ltr' id='par_1_41' title="bbox 250 2721 1875 2793">
     <span class='ocr_line' id='line_1_41' title="bbox 250 2721 1875 2793; baseline 0 -18"><span class='ocrx_word' id='word_1_258' title='bbox 250 2725 508 2776; x_wconf 89' lang='lat' dir='ltr'><strong>nostrum</strong></span> <span class='ocrx_word' id='word_1_259' title='bbox 556 2722 884 2793; x_wconf 89' lang='lat' dir='ltr'><strong>episcopum</strong></span> <span class='ocrx_word' id='word_1_260' title='bbox 928 2721 1079 2792; x_wconf 90' lang='lat' dir='ltr'><strong>apud</strong></span> <span class='ocrx_word' id='word_1_261' title='bbox 1126 2721 1358 2775; x_wconf 91' lang='lat' dir='ltr'><strong>easdem</strong></span> <span class='ocrx_word' id='word_1_262' title='bbox 1402 2723 1590 2790; x_wconf 87' lang='lat' dir='ltr'><strong>partes</strong></span> <span class='ocrx_word' id='word_1_263' title='bbox 1629 2721 1875 2791; x_wconf 90' lang='lat' dir='ltr'><strong>dirigere</strong></span> 
     </span>
    </p>
   </div>
   <div class='ocr_carea' id='block_1_42' title="bbox 247 2815 1877 2887">
    <p class='ocr_par' dir='ltr' id='par_1_42' title="bbox 247 2815 1877 2887">
     <span class='ocr_line' id='line_1_42' title="bbox 247 2815 1877 2887; baseline 0 -18"><span class='ocrx_word' id='word_1_264' title='bbox 247 2816 595 2884; x_wconf 89' lang='lat' dir='ltr'><strong>studuimus,</strong></span> <span class='ocrx_word' id='word_1_265' title='bbox 637 2821 700 2870; x_wconf 88' lang='lat' dir='ltr'><strong>ut</strong></span> <span class='ocrx_word' id='word_1_266' title='bbox 747 2820 804 2870; x_wconf 91' lang='lat' dir='ltr'><strong>et</strong></span> <span class='ocrx_word' id='word_1_267' title='bbox 857 2816 954 2870; x_wconf 91' lang='lat' dir='ltr'><strong>illa</strong></span> <span class='ocrx_word' id='word_1_268' title='bbox 994 2815 1356 2887; x_wconf 73' lang='lat' dir='ltr'><strong>praedicando</strong></span> <span class='ocrx_word' id='word_1_269' title='bbox 1401 2815 1638 2870; x_wconf 79' lang='lat' dir='ltr'><strong>verbum</strong></span> <span class='ocrx_word' id='word_1_270' title='bbox 1679 2815 1877 2869; x_wconf 88' lang='lat' dir='ltr'><strong>salutis</strong></span> 
     </span>
    </p>
   </div>
   <div class='ocr_carea' id='block_1_43' title="bbox 245 2908 1875 2980">
    <p class='ocr_par' dir='ltr' id='par_1_43' title="bbox 245 2908 1875 2980">
     <span class='ocr_line' id='line_1_43' title="bbox 245 2908 1875 2980; baseline 0 -18"><span class='ocrx_word' id='word_1_271' title='bbox 245 2909 422 2963; x_wconf 88' lang='lat' dir='ltr'><strong>vitam</strong></span> <span class='ocrx_word' id='word_1_272' title='bbox 465 2908 783 2980; x_wconf 85' lang='lat' dir='ltr'><strong>provideat,</strong></span> <span class='ocrx_word' id='word_1_273' title='bbox 827 2909 1258 2980; x_wconf 84' lang='lat' dir='ltr'><strong>sempiternam,</strong></span> <span class='ocrx_word' id='word_1_274' title='bbox 1289 2914 1345 2963; x_wconf 92' lang='lat' dir='ltr'><strong>et</strong></span> <span class='ocrx_word' id='word_1_275' title='bbox 1375 2909 1418 2961; x_wconf 89' lang='lat' dir='ltr'><strong>si</strong></span> <span class='ocrx_word' id='word_1_276' title='bbox 1448 2925 1591 2979; x_wconf 90' lang='lat' dir='ltr'><strong>quos</strong></span> <span class='ocrx_word' id='word_1_277' title='bbox 1621 2909 1763 2962; x_wconf 86' lang='lat' dir='ltr'><strong>forte</strong></span> <span class='ocrx_word' id='word_1_278' title='bbox 1789 2909 1875 2963; x_wconf 90' lang='lat' dir='ltr'><strong>vel</strong></span> 
     </span>
    </p>
   </div>
   <div class='ocr_carea' id='block_1_44' title="bbox 251 3002 1871 3073">
    <p class='ocr_par' dir='ltr' id='par_1_44' title="bbox 251 3002 1871 3073">
     <span class='ocr_line' id='line_1_44' title="bbox 251 3002 1871 3073; baseline 0.001 -19"><span class='ocrx_word' id='word_1_279' title='bbox 251 3002 577 3072; x_wconf 87' lang='lat' dir='ltr'><strong>ubicunque</strong></span> <span class='ocrx_word' id='word_1_280' title='bbox 608 3020 640 3056; x_wconf 87' lang='lat' dir='ltr'><strong>a</strong></span> <span class='ocrx_word' id='word_1_281' title='bbox 680 3006 832 3056; x_wconf 89' lang='lat' dir='ltr'><strong>recte</strong></span> <span class='ocrx_word' id='word_1_282' title='bbox 875 3002 1004 3057; x_wconf 87' lang='lat' dir='ltr'><strong>ﬁdei</strong></span> <span class='ocrx_word' id='word_1_283' title='bbox 1033 3002 1264 3057; x_wconf 90' lang='lat' dir='ltr'><strong>tramite</strong></span> <span class='ocrx_word' id='word_1_284' title='bbox 1293 3003 1567 3057; x_wconf 88' lang='lat' dir='ltr'><strong>destitisse</strong></span> <span class='ocrx_word' id='word_1_285' title='bbox 1593 3019 1871 3073; x_wconf 87' lang='lat' dir='ltr'><strong>cognove-</strong></span> 
     </span>
    </p>
   </div>
   <div class='ocr_carea' id='block_1_45' title="bbox 245 3095 1871 3165">
    <p class='ocr_par' dir='ltr' id='par_1_45' title="bbox 245 3095 1871 3165">
     <span class='ocr_line' id='line_1_45' title="bbox 245 3095 1871 3165; baseline 0 -16"><span class='ocrx_word' id='word_1_286' title='bbox 245 3095 338 3162; x_wconf 89' lang='lat' dir='ltr'><strong>rit,</strong></span> <span class='ocrx_word' id='word_1_287' title='bbox 391 3100 491 3149; x_wconf 89' lang='lat' dir='ltr'><strong>aut</strong></span> <span class='ocrx_word' id='word_1_288' title='bbox 543 3096 750 3151; x_wconf 85' lang='lat' dir='ltr'><strong>astutia</strong></span> <span class='ocrx_word' id='word_1_289' title='bbox 803 3095 1082 3150; x_wconf 89' lang='lat' dir='ltr'><strong>diabolica</strong></span> <span class='ocrx_word' id='word_1_290' title='bbox 1128 3111 1423 3165; x_wconf 90' lang='lat' dir='ltr'><strong>persuasos</strong></span> <span class='ocrx_word' id='word_1_291' title='bbox 1463 3112 1734 3150; x_wconf 90' lang='lat' dir='ltr'><strong>erroneos</strong></span> <span class='ocrx_word' id='word_1_292' title='bbox 1781 3112 1871 3149; x_wconf 89' lang='lat' dir='ltr'><strong>re-</strong></span> 
     </span>
    </p>
   </div>
   <div class='ocr_carea' id='block_1_46' title="bbox 246 3189 1870 3261">
    <p class='ocr_par' dir='ltr' id='par_1_46' title="bbox 246 3189 1870 3261">
     <span class='ocr_line' id='line_1_46' title="bbox 246 3189 1870 3261; baseline 0.001 -19"><span class='ocrx_word' id='word_1_293' title='bbox 246 3189 477 3259; x_wconf 86' lang='lat' dir='ltr'><strong>pererit.</strong></span> <span class='ocrx_word' id='word_1_294' title='bbox 518 3191 784 3261; x_wconf 88' lang='lat' dir='ltr'><strong>corrigat,</strong></span> <span class='ocrx_word' id='word_1_295' title='bbox 827 3195 994 3261; x_wconf 85' lang='lat' dir='ltr'><strong>atque</strong></span> <span class='ocrx_word' id='word_1_296' title='bbox 1026 3189 1111 3243; x_wconf 89' lang='lat' dir='ltr'><strong>sui</strong></span> <span class='ocrx_word' id='word_1_297' title='bbox 1158 3189 1497 3244; x_wconf 90' lang='lat' dir='ltr'><strong>educatione</strong></span> <span class='ocrx_word' id='word_1_298' title='bbox 1526 3190 1597 3244; x_wconf 91' lang='lat' dir='ltr'><strong>ad</strong></span> <span class='ocrx_word' id='word_1_299' title='bbox 1637 3194 1870 3261; x_wconf 89' lang='lat' dir='ltr'><strong>portum</strong></span> 
     </span>
    </p>
   </div>
   <div class='ocr_carea' id='block_1_47' title="bbox 243 3283 1872 3355">
    <p class='ocr_par' dir='ltr' id='par_1_47' title="bbox 243 3283 1872 3355">
     <span class='ocr_line' id='line_1_47' title="bbox 243 3283 1872 3355; baseline 0.001 -17"><span class='ocrx_word' id='word_1_300' title='bbox 243 3286 498 3354; x_wconf 84' lang='lat' dir='ltr'><strong>reportet</strong></span> <span class='ocrx_word' id='word_1_301' title='bbox 539 3285 752 3353; x_wconf 89' lang='lat' dir='ltr'><strong>salutis,</strong></span> <span class='ocrx_word' id='word_1_302' title='bbox 804 3301 1015 3355; x_wconf 89' lang='lat' dir='ltr'><strong>eosque</strong></span> <span class='ocrx_word' id='word_1_303' title='bbox 1061 3301 1129 3339; x_wconf 80' lang='lat' dir='ltr'><strong>ex</strong></span> <span class='ocrx_word' id='word_1_304' title='bbox 1161 3283 1488 3355; x_wconf 69' lang='lat' dir='ltr'><strong>apostolicae</strong></span> <span class='ocrx_word' id='word_1_305' title='bbox 1528 3284 1674 3338; x_wconf 90' lang='lat' dir='ltr'><strong>sedis</strong></span> <span class='ocrx_word' id='word_1_306' title='bbox 1701 3285 1872 3355; x_wconf 88' lang='lat' dir='ltr'><strong>hujus</strong></span> 
     </span>
    </p>
   </div>
   <div class='ocr_carea' id='block_1_48' title="bbox 244 3377 1868 3450">
    <p class='ocr_par' dir='ltr' id='par_1_48' title="bbox 244 3377 1868 3450">
     <span class='ocr_line' id='line_1_48' title="bbox 244 3377 1868 3450; baseline 0.001 -19"><span class='ocrx_word' id='word_1_307' title='bbox 244 3377 502 3432; x_wconf 87' lang='lat' dir='ltr'><strong>doctrina</strong></span> <span class='ocrx_word' id='word_1_308' title='bbox 526 3379 819 3449; x_wconf 88' lang='lat' dir='ltr'><strong>informet,</strong></span> <span class='ocrx_word' id='word_1_309' title='bbox 848 3384 902 3433; x_wconf 87' lang='lat' dir='ltr'><strong>et</strong></span> <span class='ocrx_word' id='word_1_310' title='bbox 927 3378 987 3433; x_wconf 92' lang='lat' dir='ltr'><strong>in</strong></span> <span class='ocrx_word' id='word_1_311' title='bbox 1015 3378 1219 3434; x_wconf 91' lang='lat' dir='ltr'><strong>eadem</strong></span> <span class='ocrx_word' id='word_1_312' title='bbox 1251 3379 1528 3433; x_wconf 88' lang='lat' dir='ltr'><strong>catholica</strong></span> <span class='ocrx_word' id='word_1_313' title='bbox 1579 3378 1693 3432; x_wconf 89' lang='lat' dir='ltr'><strong>ﬁde</strong></span> <span class='ocrx_word' id='word_1_314' title='bbox 1738 3396 1868 3450; x_wconf 89' lang='lat' dir='ltr'><strong>per-</strong></span> 
     </span>
    </p>
   </div>
   <div class='ocr_carea' id='block_1_49' title="bbox 241 3471 1870 3528">
    <p class='ocr_par' dir='ltr' id='par_1_49' title="bbox 241 3471 1870 3528">
     <span class='ocr_line' id='line_1_49' title="bbox 241 3471 1870 3528; baseline 0.001 -3"><span class='ocrx_word' id='word_1_315' title='bbox 241 3487 474 3526; x_wconf 90' lang='lat' dir='ltr'><strong>manere</strong></span> <span class='ocrx_word' id='word_1_316' title='bbox 506 3471 783 3527; x_wconf 88' lang='lat' dir='ltr'><strong>instituat.</strong></span> <span class='ocrx_word' id='word_1_317' title='bbox 812 3474 911 3528; x_wconf 91' lang='lat' dir='ltr'><strong>Cui</strong></span> <span class='ocrx_word' id='word_1_318' title='bbox 937 3473 1234 3527; x_wconf 85' lang='lat' dir='ltr'><strong>hortamur</strong></span> <span class='ocrx_word' id='word_1_319' title='bbox 1263 3472 1333 3526; x_wconf 94' lang='lat' dir='ltr'><strong>ob</strong></span> <span class='ocrx_word' id='word_1_320' title='bbox 1359 3488 1619 3527; x_wconf 91' lang='lat' dir='ltr'><strong>amorem</strong></span> <span class='ocrx_word' id='word_1_321' title='bbox 1647 3473 1870 3528; x_wconf 91' lang='lat' dir='ltr'><strong>Domini</strong></span> 
     </span>
    </p>
   </div>
   <div class='ocr_carea' id='block_1_50' title="bbox 239 3566 1867 3637">
    <p class='ocr_par' dir='ltr' id='par_1_50' title="bbox 239 3566 1867 3637">
     <span class='ocr_line' id='line_1_50' title="bbox 239 3566 1867 3637; baseline 0.001 -17"><span class='ocrx_word' id='word_1_322' title='bbox 239 3566 420 3623; x_wconf 89' lang='lat' dir='ltr'><strong>nostri</strong></span> <span class='ocrx_word' id='word_1_323' title='bbox 457 3568 587 3621; x_wconf 84' lang='lat' dir='ltr'><strong>Jesu</strong></span> <span class='ocrx_word' id='word_1_324' title='bbox 635 3567 861 3634; x_wconf 87' lang='lat' dir='ltr'><strong>Christi,</strong></span> <span class='ocrx_word' id='word_1_325' title='bbox 909 3572 966 3621; x_wconf 91' lang='lat' dir='ltr'><strong>et</strong></span> <span class='ocrx_word' id='word_1_326' title='bbox 1011 3568 1395 3637; x_wconf 90' lang='lat' dir='ltr'><strong>apostolorum</strong></span> <span class='ocrx_word' id='word_1_327' title='bbox 1441 3567 1563 3637; x_wconf 87' lang='lat' dir='ltr'><strong>ejus</strong></span> <span class='ocrx_word' id='word_1_328' title='bbox 1600 3583 1867 3623; x_wconf 91' lang='lat' dir='ltr'><strong>reveren-</strong></span> 
     </span>
    </p>
   </div>
   <div class='ocr_carea' id='block_1_51' title="bbox 240 3659 1866 3729">
    <p class='ocr_par' dir='ltr' id='par_1_51' title="bbox 240 3659 1866 3729">
     <span class='ocr_line' id='line_1_51' title="bbox 240 3659 1866 3729; baseline 0.002 -16"><span class='ocrx_word' id='word_1_329' title='bbox 240 3659 403 3725; x_wconf 90' lang='lat' dir='ltr'><strong>tiam,</strong></span> <span class='ocrx_word' id='word_1_330' title='bbox 435 3663 497 3713; x_wconf 90' lang='lat' dir='ltr'><strong>ut</strong></span> <span class='ocrx_word' id='word_1_331' title='bbox 521 3660 581 3714; x_wconf 93' lang='lat' dir='ltr'><strong>in</strong></span> <span class='ocrx_word' id='word_1_332' title='bbox 610 3661 875 3715; x_wconf 92' lang='lat' dir='ltr'><strong>omnibus</strong></span> <span class='ocrx_word' id='word_1_333' title='bbox 901 3660 1155 3715; x_wconf 90' lang='lat' dir='ltr'><strong>solatiari</strong></span> <span class='ocrx_word' id='word_1_334' title='bbox 1183 3661 1400 3715; x_wconf 88' lang='lat' dir='ltr'><strong>nisibus</strong></span> <span class='ocrx_word' id='word_1_335' title='bbox 1439 3661 1570 3716; x_wconf 87' lang='lat' dir='ltr'><strong>totis</strong></span> <span class='ocrx_word' id='word_1_336' title='bbox 1595 3661 1866 3729; x_wconf 89' lang='lat' dir='ltr'><strong>debeatis,</strong></span> 
     </span>
    </p>
   </div>
   <div class='ocr_carea' id='block_1_52' title="bbox 238 3754 1870 3826">
    <p class='ocr_par' dir='ltr' id='par_1_52' title="bbox 238 3754 1870 3826">
     <span class='ocr_line' id='line_1_52' title="bbox 238 3754 1870 3826; baseline 0.001 -17"><span class='ocrx_word' id='word_1_337' title='bbox 238 3770 488 3825; x_wconf 85' lang='lat' dir='ltr'><strong>eumque</strong></span> <span class='ocrx_word' id='word_1_338' title='bbox 519 3754 577 3808; x_wconf 91' lang='lat' dir='ltr'><strong>in</strong></span> <span class='ocrx_word' id='word_1_339' title='bbox 607 3754 836 3809; x_wconf 90' lang='lat' dir='ltr'><strong>nomine</strong></span> <span class='ocrx_word' id='word_1_340' title='bbox 864 3755 997 3809; x_wconf 85' lang='lat' dir='ltr'><strong>Jesu</strong></span> <span class='ocrx_word' id='word_1_341' title='bbox 1028 3755 1238 3810; x_wconf 80' lang='lat' dir='ltr'><strong>Christi</strong></span> <span class='ocrx_word' id='word_1_342' title='bbox 1280 3755 1587 3826; x_wconf 91' lang='lat' dir='ltr'><strong>recipiatis,</strong></span> <span class='ocrx_word' id='word_1_343' title='bbox 1636 3761 1699 3810; x_wconf 90' lang='lat' dir='ltr'><strong>ut</strong></span> <span class='ocrx_word' id='word_1_344' title='bbox 1741 3757 1870 3810; x_wconf 90' lang='lat' dir='ltr'><strong>scri-</strong></span> 
     </span>
    </p>
   </div>
   <div class='ocr_carea' id='block_1_53' title="bbox 241 3848 1870 3920">
    <p class='ocr_par' dir='ltr' id='par_1_53' title="bbox 241 3848 1870 3920">
     <span class='ocr_line' id='line_1_53' title="bbox 241 3848 1870 3920; baseline 0.002 -19"><span class='ocrx_word' id='word_1_345' title='bbox 241 3851 403 3919; x_wconf 90' lang='lat' dir='ltr'><strong>ptum</strong></span> <span class='ocrx_word' id='word_1_346' title='bbox 431 3852 517 3903; x_wconf 89' lang='lat' dir='ltr'><strong>est</strong></span> <span class='ocrx_word' id='word_1_347' title='bbox 545 3848 616 3902; x_wconf 91' lang='lat' dir='ltr'><strong>de</strong></span> <span class='ocrx_word' id='word_1_348' title='bbox 659 3848 776 3903; x_wconf 89' lang='lat' dir='ltr'><strong>suis</strong></span> <span class='ocrx_word' id='word_1_349' title='bbox 805 3848 1090 3920; x_wconf 89' lang='lat' dir='ltr'><strong>discipulis</strong></span> <span class='ocrx_word' id='word_1_350' title='bbox 1121 3867 1132 3903; x_wconf 93' lang='lat'><strong>:</strong></span> <span class='ocrx_word' id='word_1_351' title='bbox 1170 3870 1197 3897; x_wconf 83' lang='lat'><strong>«</strong></span> <span class='ocrx_word' id='word_1_352' title='bbox 1227 3849 1334 3913; x_wconf 92' lang='lat' dir='ltr'><strong>Qui</strong></span> <span class='ocrx_word' id='word_1_353' title='bbox 1366 3866 1459 3904; x_wconf 92' lang='lat' dir='ltr'><strong>vos</strong></span> <span class='ocrx_word' id='word_1_354' title='bbox 1501 3849 1723 3920; x_wconf 87' lang='lat' dir='ltr'><strong>recipit,</strong></span> <span class='ocrx_word' id='word_1_355' title='bbox 1754 3867 1870 3905; x_wconf 88' lang='lat' dir='ltr'><strong>me-</strong></span> 
     </span>
    </p>
   </div>
   <div class='ocr_carea' id='block_1_54' title="bbox 239 3941 1866 4016">
    <p class='ocr_par' dir='ltr' id='par_1_54' title="bbox 239 3941 1866 4016">
     <span class='ocr_line' id='line_1_54' title="bbox 239 3941 1866 4016; baseline 0.001 -20"><span class='ocrx_word' id='word_1_356' title='bbox 239 3941 442 4013; x_wconf 89' lang='lat' dir='ltr'><strong>recipit</strong></span> <span class='ocrx_word' id='word_1_357' title='bbox 475 3943 684 4010; x_wconf 86' lang='lat' dir='ltr'><strong>(Matth.</strong></span> <span class='ocrx_word' id='word_1_358' title='bbox 716 3959 768 4012; x_wconf 85' lang='lat' dir='ltr'><strong>x,</strong></span> <span class='ocrx_word' id='word_1_359' title='bbox 796 3943 902 4013; x_wconf 82' lang='grc'><strong>40).</strong></span> <span class='ocrx_word' id='word_1_360' title='bbox 949 3964 975 3993; x_wconf 74' lang='grc' dir='ltr'>υ</span> <span class='ocrx_word' id='word_1_361' title='bbox 1009 3943 1382 3998; x_wconf 85' lang='lat' dir='ltr'><strong>Providentes</strong></span> <span class='ocrx_word' id='word_1_362' title='bbox 1413 3944 1641 4016; x_wconf 90' lang='lat' dir='ltr'><strong>insuper</strong></span> <span class='ocrx_word' id='word_1_363' title='bbox 1669 3961 1866 3999; x_wconf 91' lang='lat' dir='ltr'><strong>neces-</strong></span> 
     </span>
    </p>
   </div>
   <div class='ocr_carea' id='block_1_55' title="bbox 240 4035 1867 4108">
    <p class='ocr_par' dir='ltr' id='par_1_55' title="bbox 240 4035 1867 4108">
     <span class='ocr_line' id='line_1_55' title="bbox 240 4035 1867 4108; baseline 0.002 -17"><span class='ocrx_word' id='word_1_364' title='bbox 240 4036 389 4091; x_wconf 89' lang='lat' dir='ltr'><strong>saria</strong></span> <span class='ocrx_word' id='word_1_365' title='bbox 421 4035 638 4092; x_wconf 89' lang='lat' dir='ltr'><strong>itineris</strong></span> <span class='ocrx_word' id='word_1_366' title='bbox 681 4037 823 4108; x_wconf 88' lang='lat' dir='ltr'><strong>ejus,</strong></span> <span class='ocrx_word' id='word_1_367' title='bbox 857 4037 1092 4092; x_wconf 89' lang='lat' dir='ltr'><strong>comites</strong></span> <span class='ocrx_word' id='word_1_368' title='bbox 1119 4038 1440 4093; x_wconf 89' lang='lat' dir='ltr'><strong>tribuentes</strong></span> <span class='ocrx_word' id='word_1_369' title='bbox 1469 4038 1661 4093; x_wconf 92' lang='lat' dir='ltr'><strong>cibum</strong></span> <span class='ocrx_word' id='word_1_370' title='bbox 1693 4039 1867 4094; x_wconf 89' lang='lat' dir='ltr'><strong>etiam</strong></span> 
     </span>
    </p>
   </div>
   <div class='ocr_carea' id='block_1_56' title="bbox 241 4131 1865 4204">
    <p class='ocr_par' dir='ltr' id='par_1_56' title="bbox 241 4131 1865 4204">
     <span class='ocr_line' id='line_1_56' title="bbox 241 4131 1865 4204; baseline 0.002 -19"><span class='ocrx_word' id='word_1_371' title='bbox 241 4147 308 4186; x_wconf 91' lang='lat' dir='ltr'><strong>ac</strong></span> <span class='ocrx_word' id='word_1_372' title='bbox 335 4133 560 4201; x_wconf 91' lang='lat' dir='ltr'><strong>potum,</strong></span> <span class='ocrx_word' id='word_1_373' title='bbox 601 4132 687 4185; x_wconf 88' lang='lat' dir='ltr'><strong>vel</strong></span> <span class='ocrx_word' id='word_1_374' title='bbox 719 4131 765 4185; x_wconf 91' lang='lat' dir='ltr'><strong>si</strong></span> <span class='ocrx_word' id='word_1_375' title='bbox 797 4148 910 4203; x_wconf 93' lang='lat' dir='ltr'><strong>quo</strong></span> <span class='ocrx_word' id='word_1_376' title='bbox 950 4132 1173 4203; x_wconf 90' lang='lat' dir='ltr'><strong>eguerit</strong></span> <span class='ocrx_word' id='word_1_377' title='bbox 1197 4133 1522 4204; x_wconf 88' lang='lat' dir='ltr'><strong>largientes,</strong></span> <span class='ocrx_word' id='word_1_378' title='bbox 1552 4137 1614 4188; x_wconf 90' lang='lat' dir='ltr'><strong>ut</strong></span> <span class='ocrx_word' id='word_1_379' title='bbox 1639 4150 1756 4189; x_wconf 91' lang='lat' dir='ltr'><strong>uno</strong></span> <span class='ocrx_word' id='word_1_380' title='bbox 1785 4135 1865 4188; x_wconf 89' lang='lat' dir='ltr'><strong>la-</strong></span> 
     </span>
    </p>
   </div>
   <div class='ocr_carea' id='block_1_57' title="bbox 238 4225 1865 4300">
    <p class='ocr_par' dir='ltr' id='par_1_57' title="bbox 238 4225 1865 4300">
     <span class='ocr_line' id='line_1_57' title="bbox 238 4225 1865 4300; baseline 0.002 -21"><span class='ocrx_word' id='word_1_381' title='bbox 238 4225 374 4280; x_wconf 92' lang='lat' dir='ltr'><strong>bore</strong></span> <span class='ocrx_word' id='word_1_382' title='bbox 403 4227 461 4280; x_wconf 89' lang='lat' dir='ltr'><strong>et</strong></span> <span class='ocrx_word' id='word_1_383' title='bbox 493 4225 644 4281; x_wconf 88' lang='lat' dir='ltr'><strong>socia</strong></span> <span class='ocrx_word' id='word_1_384' title='bbox 672 4227 965 4282; x_wconf 81' lang='lat' dir='ltr'><strong>voluntate</strong></span> <span class='ocrx_word' id='word_1_385' title='bbox 1006 4243 1146 4298; x_wconf 92' lang='lat' dir='ltr'><strong>opus</strong></span> <span class='ocrx_word' id='word_1_386' title='bbox 1173 4227 1280 4280; x_wconf 87' lang='lat' dir='ltr'><strong>sibi</strong></span> <span class='ocrx_word' id='word_1_387' title='bbox 1307 4227 1588 4282; x_wconf 89' lang='lat' dir='ltr'><strong>creditum</strong></span> <span class='ocrx_word' id='word_1_388' title='bbox 1621 4228 1865 4300; x_wconf 90' lang='lat' dir='ltr'><strong>pietatis,</strong></span> 
     </span>
    </p>
   </div>
   <div class='ocr_carea' id='block_1_58' title="bbox 238 4320 1863 4393">
    <p class='ocr_par' dir='ltr' id='par_1_58' title="bbox 238 4320 1863 4393">
     <span class='ocr_line' id='line_1_58' title="bbox 238 4320 1863 4393; baseline 0.003 -20"><span class='ocrx_word' id='word_1_389' title='bbox 238 4323 297 4373; x_wconf 89' lang='lat' dir='ltr'><strong>et</strong></span> <span class='ocrx_word' id='word_1_390' title='bbox 344 4320 639 4391; x_wconf 86' lang='lat' dir='ltr'><strong>negotium</strong></span> <span class='ocrx_word' id='word_1_391' title='bbox 688 4321 904 4390; x_wconf 89' lang='lat' dir='ltr'><strong>salutis,</strong></span> <span class='ocrx_word' id='word_1_392' title='bbox 964 4322 1262 4375; x_wconf 88' lang='lat' dir='ltr'><strong>annitente</strong></span> <span class='ocrx_word' id='word_1_393' title='bbox 1319 4322 1457 4391; x_wconf 91' lang='lat' dir='ltr'><strong>Deo,</strong></span> <span class='ocrx_word' id='word_1_394' title='bbox 1515 4323 1863 4393; x_wconf 88' lang='lat' dir='ltr'><strong>perﬁciatur,</strong></span> 
     </span>
    </p>
   </div>
   <div class='ocr_carea' id='block_1_59' title="bbox 236 4414 1867 4488">
    <p class='ocr_par' dir='ltr' id='par_1_59' title="bbox 236 4414 1867 4488">
     <span class='ocr_line' id='line_1_59' title="bbox 236 4414 1867 4488; baseline 0.002 -21"><span class='ocrx_word' id='word_1_395' title='bbox 236 4418 409 4484; x_wconf 87' lang='lat' dir='ltr'><strong>atque</strong></span> <span class='ocrx_word' id='word_1_396' title='bbox 436 4414 674 4485; x_wconf 81' lang='lat' dir='ltr'><strong>praemia</strong></span> <span class='ocrx_word' id='word_1_397' title='bbox 701 4414 908 4469; x_wconf 88' lang='lat' dir='ltr'><strong>laboris</strong></span> <span class='ocrx_word' id='word_1_398' title='bbox 946 4414 1242 4486; x_wconf 89' lang='lat' dir='ltr'><strong>percipere</strong></span> <span class='ocrx_word' id='word_1_399' title='bbox 1273 4415 1634 4484; x_wconf 88' lang='lat' dir='ltr'><strong>mereamini,</strong></span> <span class='ocrx_word' id='word_1_400' title='bbox 1680 4417 1867 4488; x_wconf 86' lang='lat' dir='ltr'><strong>deque</strong></span> 
     </span>
    </p>
   </div>
   <div class='ocr_carea' id='block_1_60' title="bbox 234 4508 1866 4566">
    <p class='ocr_par' dir='ltr' id='par_1_60' title="bbox 234 4508 1866 4566">
     <span class='ocr_line' id='line_1_60' title="bbox 234 4508 1866 4566; baseline 0.004 -5"><span class='ocrx_word' id='word_1_401' title='bbox 234 4508 606 4563; x_wconf 89' lang='lat' dir='ltr'><strong>conversione</strong></span> <span class='ocrx_word' id='word_1_402' title='bbox 651 4509 966 4563; x_wconf 88' lang='lat' dir='ltr'><strong>errantium</strong></span> <span class='ocrx_word' id='word_1_403' title='bbox 1008 4524 1224 4564; x_wconf 90' lang='lat' dir='ltr'><strong>merces</strong></span> <span class='ocrx_word' id='word_1_404' title='bbox 1273 4508 1428 4562; x_wconf 89' lang='lat' dir='ltr'><strong>vobis</strong></span> <span class='ocrx_word' id='word_1_405' title='bbox 1469 4510 1780 4566; x_wconf 87' lang='lat' dir='ltr'><strong>ascribatur</strong></span> <span class='ocrx_word' id='word_1_406' title='bbox 1807 4512 1866 4566; x_wconf 90' lang='lat' dir='ltr'><strong>in</strong></span> 
     </span>
    </p>
   </div>
   <div class='ocr_carea' id='block_1_61' title="bbox 236 4601 1864 4675">
    <p class='ocr_par' dir='ltr' id='par_1_61' title="bbox 236 4601 1864 4675">
     <span class='ocr_line' id='line_1_61' title="bbox 236 4601 1864 4675; baseline 0.003 -20"><span class='ocrx_word' id='word_1_407' title='bbox 236 4601 411 4656; x_wconf 82' lang='lat' dir='ltr'><strong>caelis.</strong></span> <span class='ocrx_word' id='word_1_408' title='bbox 463 4602 522 4656; x_wconf 92' lang='lat' dir='ltr'><strong>Si</strong></span> <span class='ocrx_word' id='word_1_409' title='bbox 560 4603 685 4673; x_wconf 90' lang='lat' dir='ltr'><strong>quis</strong></span> <span class='ocrx_word' id='word_1_410' title='bbox 712 4602 903 4675; x_wconf 89' lang='lat' dir='ltr'><strong>itaque</strong></span> <span class='ocrx_word' id='word_1_411' title='bbox 938 4603 1071 4657; x_wconf 89' lang='lat' dir='ltr'><strong>huic</strong></span> <span class='ocrx_word' id='word_1_412' title='bbox 1097 4603 1196 4658; x_wconf 93' lang='lat' dir='ltr'><strong>Dei</strong></span> <span class='ocrx_word' id='word_1_413' title='bbox 1228 4603 1444 4657; x_wconf 89' lang='lat' dir='ltr'><strong>famulo</strong></span> <span class='ocrx_word' id='word_1_414' title='bbox 1471 4603 1540 4657; x_wconf 90' lang='lat' dir='ltr'><strong>ad</strong></span> <span class='ocrx_word' id='word_1_415' title='bbox 1570 4603 1864 4660; x_wconf 90' lang='lat' dir='ltr'><strong>illumina-</strong></span> 
     </span>
    </p>
   </div>
   <div class='ocr_carea' id='block_1_62' title="bbox 235 4695 1868 4769">
    <p class='ocr_par' dir='ltr' id='par_1_62' title="bbox 235 4695 1868 4769">
     <span class='ocr_line' id='line_1_62' title="bbox 235 4695 1868 4769; baseline 0.003 -19"><span class='ocrx_word' id='word_1_416' title='bbox 235 4695 454 4750; x_wconf 91' lang='lat' dir='ltr'><strong>tionem</strong></span> <span class='ocrx_word' id='word_1_417' title='bbox 509 4697 770 4767; x_wconf 89' lang='lat' dir='ltr'><strong>gentium</strong></span> <span class='ocrx_word' id='word_1_418' title='bbox 817 4698 886 4752; x_wconf 89' lang='lat' dir='ltr'><strong>ab</strong></span> <span class='ocrx_word' id='word_1_419' title='bbox 919 4697 1228 4769; x_wconf 89' lang='lat' dir='ltr'><strong>apostolica</strong></span> <span class='ocrx_word' id='word_1_420' title='bbox 1255 4702 1425 4768; x_wconf 86' lang='lat' dir='ltr'><strong>atque</strong></span> <span class='ocrx_word' id='word_1_421' title='bbox 1453 4697 1733 4753; x_wconf 90' lang='lat' dir='ltr'><strong>catholica</strong></span> <span class='ocrx_word' id='word_1_422' title='bbox 1768 4700 1868 4755; x_wconf 87' lang='lat' dir='ltr'><strong>Dei</strong></span> 
     </span>
    </p>
   </div>
   <div class='ocr_carea' id='block_1_63' title="bbox 236 4789 1871 4863">
    <p class='ocr_par' dir='ltr' id='par_1_63' title="bbox 236 4789 1871 4863">
     <span class='ocr_line' id='line_1_63' title="bbox 236 4789 1871 4863; baseline 0.003 -20"><span class='ocrx_word' id='word_1_423' title='bbox 236 4789 484 4844; x_wconf 87' lang='lat' dir='ltr'><strong>Ecclesia</strong></span> <span class='ocrx_word' id='word_1_424' title='bbox 509 4791 788 4846; x_wconf 87' lang='lat' dir='ltr'><strong>destinato</strong></span> <span class='ocrx_word' id='word_1_425' title='bbox 812 4808 1108 4848; x_wconf 88' lang='lat' dir='ltr'><strong>assensum</strong></span> <span class='ocrx_word' id='word_1_426' title='bbox 1135 4792 1222 4846; x_wconf 90' lang='lat' dir='ltr'><strong>vel</strong></span> <span class='ocrx_word' id='word_1_427' title='bbox 1243 4807 1581 4846; x_wconf 87' lang='lat' dir='ltr'><strong>concursum</strong></span> <span class='ocrx_word' id='word_1_428' title='bbox 1613 4793 1871 4863; x_wconf 52' lang='lat' dir='ltr'><strong>praebue-</strong></span> 
     </span>
    </p>
   </div>
   <div class='ocr_carea' id='block_1_64' title="bbox 238 4882 1872 4958">
    <p class='ocr_par' dir='ltr' id='par_1_64' title="bbox 238 4882 1872 4958">
     <span class='ocr_line' id='line_1_64' title="bbox 238 4882 1872 4958; baseline 0.002 -22"><span class='ocrx_word' id='word_1_429' title='bbox 238 4882 332 4950; x_wconf 87' lang='lat' dir='ltr'><strong>rit,</strong></span> <span class='ocrx_word' id='word_1_430' title='bbox 381 4885 738 4939; x_wconf 85' lang='lat' dir='ltr'><strong>exorantibus</strong></span> <span class='ocrx_word' id='word_1_431' title='bbox 769 4887 1164 4957; x_wconf 90' lang='lat' dir='ltr'><strong>apostolorum</strong></span> <span class='ocrx_word' id='word_1_432' title='bbox 1190 4884 1542 4958; x_wconf 89' lang='lat' dir='ltr'><strong>principibus</strong></span> <span class='ocrx_word' id='word_1_433' title='bbox 1590 4887 1872 4942; x_wconf 87' lang='lat' dir='ltr'><strong>consortia</strong></span> 
     </span>
    </p>
   </div>
   <div class='ocr_carea' id='block_1_65' title="bbox 240 4959 1871 5092">
    <p class='ocr_par' dir='ltr' id='par_1_65' title="bbox 240 4959 1871 5092">
     <span class='ocr_line' id='line_1_65' title="bbox 240 4959 1871 5092; baseline 0.002 -61"><span class='ocrx_word' id='word_1_434' title='bbox 240 4981 531 5032; x_wconf 88' lang='lat' dir='ltr'><strong>mereatur</strong></span> <span class='ocrx_word' id='word_1_435' title='bbox 567 4984 896 5035; x_wconf 86' lang='lat' dir='ltr'><strong>sanctorum</strong></span> <span class='ocrx_word' id='word_1_436' title='bbox 937 4986 994 5035; x_wconf 91' lang='lat' dir='ltr'><strong>et</strong></span> <span class='ocrx_word' id='word_1_437' title='bbox 1030 4984 1350 5052; x_wconf 84' lang='lat' dir='ltr'><strong>martyrum</strong></span> <span class='ocrx_word' id='word_1_438' title='bbox 1391 4981 1523 5034; x_wconf 84' lang='lat' dir='ltr'><strong>Jesu</strong></span> <span class='ocrx_word' id='word_1_439' title='bbox 1553 4959 1804 5092; x_wconf 54' lang='lat' dir='ltr'><strong>Christif</strong></span> <span class='ocrx_word' id='word_1_440' title='bbox 1815 4980 1871 5035; x_wconf 91' lang='lat' dir='ltr'><strong>Si</strong></span> 
     </span>
    </p>
   </div>
   <div class='ocr_carea' id='block_1_66' title="bbox 238 5071 1869 5146">
    <p class='ocr_par' dir='ltr' id='par_1_66' title="bbox 238 5071 1869 5146">
     <span class='ocr_line' id='line_1_66' title="bbox 238 5071 1869 5146; baseline 0.003 -22"><span class='ocrx_word' id='word_1_441' title='bbox 238 5071 365 5142; x_wconf 89' lang='lat' dir='ltr'><strong>quis</strong></span> <span class='ocrx_word' id='word_1_442' title='bbox 419 5087 553 5126; x_wconf 90' lang='lat' dir='ltr'><strong>vero</strong></span> <span class='ocrx_word' id='word_1_443' title='bbox 611 5074 778 5144; x_wconf 88' lang='lat' dir='ltr'><strong>(quod</strong></span> <span class='ocrx_word' id='word_1_444' title='bbox 834 5091 950 5129; x_wconf 91' lang='lat' dir='ltr'><strong>non</strong></span> <span class='ocrx_word' id='word_1_445' title='bbox 1003 5075 1288 5146; x_wconf 90' lang='lat' dir='ltr'><strong>optamus)</strong></span> <span class='ocrx_word' id='word_1_446' title='bbox 1339 5074 1692 5129; x_wconf 89' lang='lat' dir='ltr'><strong>adversando</strong></span> <span class='ocrx_word' id='word_1_447' title='bbox 1748 5071 1869 5146; x_wconf 76' lang='lat' dir='ltr'><strong>ejus</strong></span> 
     </span>
    </p>
   </div>
   <div class='ocr_carea' id='block_1_67' title="bbox 238 5166 1868 5238">
    <p class='ocr_par' dir='ltr' id='par_1_67' title="bbox 238 5166 1868 5238">
     <span class='ocr_line' id='line_1_67' title="bbox 238 5166 1868 5238; baseline 0.002 -19"><span class='ocrx_word' id='word_1_448' title='bbox 238 5166 552 5236; x_wconf 76' lang='lat' dir='ltr'><strong>praepedire</strong></span> <span class='ocrx_word' id='word_1_449' title='bbox 599 5172 834 5222; x_wconf 89' lang='lat' dir='ltr'><strong>conatus</strong></span> <span class='ocrx_word' id='word_1_450' title='bbox 872 5168 1044 5223; x_wconf 88' lang='lat' dir='ltr'><strong>fuerit</strong></span> <span class='ocrx_word' id='word_1_451' title='bbox 1085 5170 1363 5238; x_wconf 90' lang='lat' dir='ltr'><strong>laborem,</strong></span> <span class='ocrx_word' id='word_1_452' title='bbox 1413 5172 1511 5224; x_wconf 90' lang='lat' dir='ltr'><strong>aut</strong></span> <span class='ocrx_word' id='word_1_453' title='bbox 1553 5169 1868 5224; x_wconf 88' lang='lat' dir='ltr'><strong>contrarius</strong></span> 
     </span>
    </p>
   </div>
   <div class='ocr_carea' id='block_1_68' title="bbox 237 5259 1866 5335">
    <p class='ocr_par' dir='ltr' id='par_1_68' title="bbox 237 5259 1866 5335">
     <span class='ocr_line' id='line_1_68' title="bbox 237 5259 1866 5335; baseline 0.004 -24"><span class='ocrx_word' id='word_1_454' title='bbox 237 5259 519 5314; x_wconf 86' lang='lat' dir='ltr'><strong>exstiterit</strong></span> <span class='ocrx_word' id='word_1_455' title='bbox 565 5261 881 5316; x_wconf 88' lang='lat' dir='ltr'><strong>ministerio</strong></span> <span class='ocrx_word' id='word_1_456' title='bbox 925 5261 1030 5317; x_wconf 87' lang='lat' dir='ltr'><strong>sibi</strong></span> <span class='ocrx_word' id='word_1_457' title='bbox 1081 5264 1320 5333; x_wconf 91' lang='lat' dir='ltr'><strong>credito,</strong></span> <span class='ocrx_word' id='word_1_458' title='bbox 1367 5279 1866 5335; x_wconf 89' lang='lat' dir='ltr'><strong>successorumque</strong></span> 
     </span>
    </p>
   </div>
   <div class='ocr_carea' id='block_1_69' title="bbox 238 5352 1869 5422">
    <p class='ocr_par' dir='ltr' id='par_1_69' title="bbox 238 5352 1869 5422">
     <span class='ocr_line' id='line_1_69' title="bbox 238 5352 1869 5422; baseline 0.004 -17"><span class='ocrx_word' id='word_1_459' title='bbox 238 5352 362 5422; x_wconf 90' lang='lat' dir='ltr'><strong>ejus</strong></span> <span class='ocrx_word' id='word_1_460' title='bbox 391 5353 664 5410; x_wconf 91' lang='lat' dir='ltr'><strong>eumdem</strong></span> <span class='ocrx_word' id='word_1_461' title='bbox 690 5355 947 5410; x_wconf 90' lang='lat' dir='ltr'><strong>laborem</strong></span> <span class='ocrx_word' id='word_1_462' title='bbox 975 5357 1314 5414; x_wconf 90' lang='lat' dir='ltr'><strong>intrantium</strong></span> <span class='ocrx_word' id='word_1_463' title='bbox 1335 5375 1404 5413; x_wconf 86' lang='lat' dir='ltr'><strong>ex</strong></span> <span class='ocrx_word' id='word_1_464' title='bbox 1428 5357 1707 5414; x_wconf 88' lang='lat' dir='ltr'><strong>sententia</strong></span> <span class='ocrx_word' id='word_1_465' title='bbox 1733 5357 1869 5413; x_wconf 85' lang='lat' dir='ltr'><strong>divi-</strong></span> 
     </span>
    </p>
   </div>
   <div class='ocr_carea' id='block_1_70' title="bbox 237 5449 1868 5524">
    <p class='ocr_par' dir='ltr' id='par_1_70' title="bbox 237 5449 1868 5524">
     <span class='ocr_line' id='line_1_70' title="bbox 237 5449 1868 5524; baseline 0.004 -25"><span class='ocrx_word' id='word_1_466' title='bbox 237 5461 310 5500; x_wconf 87' lang='lat' dir='ltr'><strong>na</strong></span> <span class='ocrx_word' id='word_1_467' title='bbox 363 5449 741 5504; x_wconf 87' lang='lat' dir='ltr'><strong>anathematis</strong></span> <span class='ocrx_word' id='word_1_468' title='bbox 784 5449 1008 5505; x_wconf 92' lang='lat' dir='ltr'><strong>vinculo</strong></span> <span class='ocrx_word' id='word_1_469' title='bbox 1047 5453 1408 5523; x_wconf 88' lang='lat' dir='ltr'><strong>percellatur,</strong></span> <span class='ocrx_word' id='word_1_470' title='bbox 1465 5455 1524 5507; x_wconf 88' lang='lat' dir='ltr'><strong>et</strong></span> <span class='ocrx_word' id='word_1_471' title='bbox 1575 5456 1868 5524; x_wconf 70' lang='lat' dir='ltr'><strong>perpetua:</strong></span> 
     </span>
    </p>
   </div>
   <div class='ocr_carea' id='block_1_71' title="bbox 236 5539 1870 5614">
    <p class='ocr_par' dir='ltr' id='par_1_71' title="bbox 236 5539 1870 5614">
     <span class='ocr_line' id='line_1_71' title="bbox 236 5539 1870 5614; baseline 0.005 -19"><span class='ocrx_word' id='word_1_472' title='bbox 236 5539 588 5597; x_wconf 90' lang='lat' dir='ltr'><strong>damnationi</strong></span> <span class='ocrx_word' id='word_1_473' title='bbox 614 5543 922 5614; x_wconf 87' lang='lat' dir='ltr'><strong>subjaceat.</strong></span> <span class='ocrx_word' id='word_1_474' title='bbox 948 5546 1096 5600; x_wconf 90' lang='lat' dir='ltr'><strong>Bene</strong></span> <span class='ocrx_word' id='word_1_475' title='bbox 1117 5548 1320 5602; x_wconf 90' lang='lat' dir='ltr'><strong>valete.</strong></span> <span class='ocrx_word' id='word_1_476' title='bbox 1341 5549 1478 5602; x_wconf 89' lang='lat' dir='ltr'><strong>Data</strong></span> <span class='ocrx_word' id='word_1_477' title='bbox 1495 5547 1614 5602; x_wconf 88' lang='lat' dir='ltr'><strong>Kal.</strong></span> <span class='ocrx_word' id='word_1_478' title='bbox 1643 5549 1870 5603; x_wconf 88' lang='lat' dir='ltr'><strong>Decem-</strong></span> 
     </span>
    </p>
   </div>
   <div class='ocr_carea' id='block_1_72' title="bbox 235 5634 1868 5713">
    <p class='ocr_par' dir='ltr' id='par_1_72' title="bbox 235 5634 1868 5713">
     <span class='ocr_line' id='line_1_72' title="bbox 235 5634 1868 5713; baseline 0.004 -24"><span class='ocrx_word' id='word_1_479' title='bbox 235 5634 372 5706; x_wconf 89' lang='lat' dir='ltr'><strong>bris,</strong></span> <span class='ocrx_word' id='word_1_480' title='bbox 405 5635 726 5708; x_wconf 89' lang='lat' dir='ltr'><strong>imperante</strong></span> <span class='ocrx_word' id='word_1_481' title='bbox 772 5637 1003 5693; x_wconf 92' lang='lat' dir='ltr'><strong>domino</strong></span> <span class='ocrx_word' id='word_1_482' title='bbox 1041 5639 1296 5710; x_wconf 89' lang='lat' dir='ltr'><strong>piissimo</strong></span> <span class='ocrx_word' id='word_1_483' title='bbox 1321 5645 1574 5713; x_wconf 89' lang='lat' dir='ltr'><strong>Augusto</strong></span> <span class='ocrx_word' id='word_1_484' title='bbox 1599 5643 1806 5711; x_wconf 88' lang='lat' dir='ltr'><strong>Leone,</strong></span> <span class='ocrx_word' id='word_1_485' title='bbox 1838 5658 1868 5696; x_wconf 87' lang='lat' dir='ltr'><strong>a</strong></span> 
     </span>
    </p>
   </div>
   <div class='ocr_carea' id='block_1_73' title="bbox 147 5728 1870 5808">
    <p class='ocr_par' dir='ltr' id='par_1_73' title="bbox 147 5728 1870 5808">
     <span class='ocr_line' id='line_1_73' title="bbox 147 5728 1870 5808; baseline 0.006 -27"><span class='ocrx_word' id='word_1_486' title='bbox 147 5728 172 5741; x_wconf 76' lang='lat'><strong>&quot;</strong></span> <span class='ocrx_word' id='word_1_487' title='bbox 241 5729 351 5783; x_wconf 92' lang='lat' dir='ltr'><strong>Deo</strong></span> <span class='ocrx_word' id='word_1_488' title='bbox 375 5736 665 5800; x_wconf 90' lang='lat' dir='ltr'><strong>coronato,</strong></span> <span class='ocrx_word' id='word_1_489' title='bbox 690 5749 896 5803; x_wconf 87' lang='lat' dir='ltr'><strong>magno</strong></span> <span class='ocrx_word' id='word_1_490' title='bbox 917 5733 1284 5805; x_wconf 87' lang='lat' dir='ltr'><strong>imperatore,</strong></span> <span class='ocrx_word' id='word_1_491' title='bbox 1308 5752 1460 5791; x_wconf 90' lang='lat' dir='ltr'><strong>anno</strong></span> <span class='ocrx_word' id='word_1_492' title='bbox 1484 5736 1748 5808; x_wconf 91' lang='lat' dir='ltr'><strong>septimo,</strong></span> <span class='ocrx_word' id='word_1_493' title='bbox 1773 5737 1870 5792; x_wconf 88' lang='lat' dir='ltr'><strong>sed</strong></span> 
     </span>
    </p>
   </div>
   <div class='ocr_carea' id='block_1_74' title="bbox 240 5823 1868 5901">
    <p class='ocr_par' dir='ltr' id='par_1_74' title="bbox 240 5823 1868 5901">
     <span class='ocr_line' id='line_1_74' title="bbox 240 5823 1868 5901; baseline 0.006 -25"><span class='ocrx_word' id='word_1_494' title='bbox 240 5827 298 5877; x_wconf 90' lang='lat' dir='ltr'><strong>et</strong></span> <span class='ocrx_word' id='word_1_495' title='bbox 327 5823 696 5881; x_wconf 85' lang='lat' dir='ltr'><strong>Constantino</strong></span> <span class='ocrx_word' id='word_1_496' title='bbox 734 5843 948 5898; x_wconf 88' lang='lat' dir='ltr'><strong>magno</strong></span> <span class='ocrx_word' id='word_1_497' title='bbox 991 5828 1335 5899; x_wconf 87' lang='lat' dir='ltr'><strong>imperatore</strong></span> <span class='ocrx_word' id='word_1_498' title='bbox 1369 5831 1490 5901; x_wconf 89' lang='lat' dir='ltr'><strong>ejus</strong></span> <span class='ocrx_word' id='word_1_499' title='bbox 1532 5830 1668 5897; x_wconf 87' lang='lat' dir='ltr'><strong>ﬁlio,</strong></span> <span class='ocrx_word' id='word_1_500' title='bbox 1717 5847 1868 5884; x_wconf 88' lang='lat' dir='ltr'><strong>anno</strong></span> 
     </span>
    </p>
   </div>
   <div class='ocr_carea' id='block_1_75' title="bbox 241 5919 1100 5989">
    <p class='ocr_par' dir='ltr' id='par_1_75' title="bbox 241 5919 1100 5989">
     <span class='ocr_line' id='line_1_75' title="bbox 241 5919 1100 5989; baseline 0.008 -20"><span class='ocrx_word' id='word_1_501' title='bbox 241 5923 465 5989; x_wconf 81' lang='lat' dir='ltr'><strong>quarto,</strong></span> <span class='ocrx_word' id='word_1_502' title='bbox 495 5919 554 5974; x_wconf 91' lang='lat' dir='ltr'><strong>in</strong></span> <span class='ocrx_word' id='word_1_503' title='bbox 586 5920 892 5976; x_wconf 87' lang='lat' dir='ltr'><strong>indictione</strong></span> <span class='ocrx_word' id='word_1_504' title='bbox 923 5925 1100 5978; x_wconf 84' lang='lat' dir='ltr'><strong>sexta.</strong></span> 
     </span>
    </p>
   </div>
   <div class='ocr_carea' id='block_1_76' title="bbox 1987 1970 3617 2042">
    <p class='ocr_par' dir='ltr' id='par_1_76' title="bbox 1987 1970 3617 2042">
     <span class='ocr_line' id='line_1_76' title="bbox 1987 1970 3617 2042; baseline 0.004 -18"><span class='ocrx_word' id='word_1_505' title='bbox 1987 1970 2150 2040; x_wconf 76' lang='lat' dir='ltr'><strong>chaei,</strong></span> <span class='ocrx_word' id='word_1_506' title='bbox 2173 1971 2350 2042; x_wconf 90' lang='lat' dir='ltr'><strong>aliqui</strong></span> <span class='ocrx_word' id='word_1_507' title='bbox 2372 1971 2701 2041; x_wconf 89' lang='lat' dir='ltr'><strong>rebaptizati</strong></span> <span class='ocrx_word' id='word_1_508' title='bbox 2723 1970 2931 2041; x_wconf 65' lang='lat' dir='ltr'><strong>saepius</strong></span> <span class='ocrx_word' id='word_1_509' title='bbox 2948 1974 3083 2025; x_wconf 87' lang='lat' dir='ltr'><strong>sunt</strong></span> <span class='ocrx_word' id='word_1_510' title='bbox 3101 1971 3346 2042; x_wconf 89' lang='lat' dir='ltr'><strong>probati.</strong></span> <span class='ocrx_word' id='word_1_511' title='bbox 3375 1974 3617 2030; x_wconf 84' lang='lat' dir='ltr'><strong>Ministe-</strong></span> 
     </span>
    </p>
   </div>
   <div class='ocr_carea' id='block_1_77' title="bbox 1985 2063 3613 2136">
    <p class='ocr_par' dir='ltr' id='par_1_77' title="bbox 1985 2063 3613 2136">
     <span class='ocr_line' id='line_1_77' title="bbox 1985 2063 3613 2136; baseline 0.004 -19"><span class='ocrx_word' id='word_1_512' title='bbox 1985 2064 2067 2117; x_wconf 90' lang='lat' dir='ltr'><strong>ria</strong></span> <span class='ocrx_word' id='word_1_513' title='bbox 2097 2067 2270 2135; x_wconf 90' lang='lat' dir='ltr'><strong>atque</strong></span> <span class='ocrx_word' id='word_1_514' title='bbox 2298 2069 2561 2119; x_wconf 89' lang='lat' dir='ltr'><strong>ornatum</strong></span> <span class='ocrx_word' id='word_1_515' title='bbox 2589 2063 2859 2134; x_wconf 66' lang='lat' dir='ltr'><strong>ecclesiae,</strong></span> <span class='ocrx_word' id='word_1_516' title='bbox 2889 2065 2972 2119; x_wconf 91' lang='lat' dir='ltr'><strong>vel</strong></span> <span class='ocrx_word' id='word_1_517' title='bbox 2995 2064 3273 2136; x_wconf 92' lang='lat' dir='ltr'><strong>quidquid</strong></span> <span class='ocrx_word' id='word_1_518' title='bbox 3294 2066 3434 2121; x_wconf 93' lang='lat' dir='ltr'><strong>illud</strong></span> <span class='ocrx_word' id='word_1_519' title='bbox 3452 2069 3613 2123; x_wconf 85' lang='lat' dir='ltr'><strong>estin</strong></span> 
     </span>
    </p>
   </div>
   <div class='ocr_carea' id='block_1_78' title="bbox 1985 2157 3610 2228">
    <p class='ocr_par' dir='ltr' id='par_1_78' title="bbox 1985 2157 3610 2228">
     <span class='ocr_line' id='line_1_78' title="bbox 1985 2157 3610 2228; baseline 0.002 -16"><span class='ocrx_word' id='word_1_520' title='bbox 1985 2158 2329 2228; x_wconf 90' lang='lat' dir='ltr'><strong>patrimonio</strong></span> <span class='ocrx_word' id='word_1_521' title='bbox 2381 2157 2637 2228; x_wconf 87' lang='lat' dir='ltr'><strong>ejusdem</strong></span> <span class='ocrx_word' id='word_1_522' title='bbox 2671 2174 2787 2212; x_wconf 93' lang='lat' dir='ltr'><strong>non</strong></span> <span class='ocrx_word' id='word_1_523' title='bbox 2832 2158 3094 2212; x_wconf 90' lang='lat' dir='ltr'><strong>minuere</strong></span> <span class='ocrx_word' id='word_1_524' title='bbox 3138 2159 3358 2214; x_wconf 89' lang='lat' dir='ltr'><strong>studeat</strong></span> <span class='ocrx_word' id='word_1_525' title='bbox 3385 2161 3482 2216; x_wconf 91' lang='lat' dir='ltr'><strong>sed</strong></span> <span class='ocrx_word' id='word_1_526' title='bbox 3508 2178 3610 2216; x_wconf 88' lang='lat' dir='ltr'><strong>au-</strong></span> 
     </span>
    </p>
   </div>
   <div class='ocr_carea' id='block_1_79' title="bbox 1985 2251 3608 2323">
    <p class='ocr_par' dir='ltr' id='par_1_79' title="bbox 1985 2251 3608 2323">
     <span class='ocr_line' id='line_1_79' title="bbox 1985 2251 3608 2323; baseline 0.003 -18"><span class='ocrx_word' id='word_1_527' title='bbox 1985 2267 2147 2323; x_wconf 85' lang='lat' dir='ltr'><strong>gere;</strong></span> <span class='ocrx_word' id='word_1_528' title='bbox 2191 2251 2259 2306; x_wconf 93' lang='lat' dir='ltr'><strong>de</strong></span> <span class='ocrx_word' id='word_1_529' title='bbox 2290 2251 2514 2306; x_wconf 90' lang='lat' dir='ltr'><strong>redditu</strong></span> <span class='ocrx_word' id='word_1_530' title='bbox 2560 2268 2692 2307; x_wconf 90' lang='lat' dir='ltr'><strong>vero</strong></span> <span class='ocrx_word' id='word_1_531' title='bbox 2740 2251 3008 2320; x_wconf 70' lang='lat' dir='ltr'><strong>ecclesiaa,</strong></span> <span class='ocrx_word' id='word_1_532' title='bbox 3037 2253 3128 2306; x_wconf 91' lang='lat' dir='ltr'><strong>vel</strong></span> <span class='ocrx_word' id='word_1_533' title='bbox 3155 2253 3441 2309; x_wconf 90' lang='lat' dir='ltr'><strong>oblatione</strong></span> <span class='ocrx_word' id='word_1_534' title='bbox 3470 2253 3608 2310; x_wconf 89' lang='lat' dir='ltr'><strong>ﬁde-</strong></span> 
     </span>
    </p>
   </div>
   <div class='ocr_carea' id='block_1_80' title="bbox 1981 2344 3609 2416">
    <p class='ocr_par' dir='ltr' id='par_1_80' title="bbox 1981 2344 3609 2416">
     <span class='ocr_line' id='line_1_80' title="bbox 1981 2344 3609 2416; baseline 0.003 -18"><span class='ocrx_word' id='word_1_535' title='bbox 1981 2344 2146 2412; x_wconf 90' lang='lat' dir='ltr'><strong>lium,</strong></span> <span class='ocrx_word' id='word_1_536' title='bbox 2186 2348 2433 2416; x_wconf 90' lang='lat' dir='ltr'><strong>quatuor</strong></span> <span class='ocrx_word' id='word_1_537' title='bbox 2457 2344 2624 2400; x_wconf 89' lang='lat' dir='ltr'><strong>faciat</strong></span> <span class='ocrx_word' id='word_1_538' title='bbox 2670 2345 2984 2416; x_wconf 87' lang='lat' dir='ltr'><strong>portiones,</strong></span> <span class='ocrx_word' id='word_1_539' title='bbox 3034 2362 3277 2416; x_wconf 88' lang='lat' dir='ltr'><strong>quarum</strong></span> <span class='ocrx_word' id='word_1_540' title='bbox 3304 2363 3480 2403; x_wconf 92' lang='lat' dir='ltr'><strong>unam</strong></span> <span class='ocrx_word' id='word_1_541' title='bbox 3505 2348 3609 2403; x_wconf 90' lang='lat' dir='ltr'><strong>sibi</strong></span> 
     </span>
    </p>
   </div>
   <div class='ocr_carea' id='block_1_81' title="bbox 1980 2437 3608 2509">
    <p class='ocr_par' dir='ltr' id='par_1_81' title="bbox 1980 2437 3608 2509">
     <span class='ocr_line' id='line_1_81' title="bbox 1980 2437 3608 2509; baseline 0.002 -17"><span class='ocrx_word' id='word_1_542' title='bbox 1980 2438 2101 2509; x_wconf 88' lang='lat' dir='ltr'><strong>ipse</strong></span> <span class='ocrx_word' id='word_1_543' title='bbox 2122 2438 2383 2505; x_wconf 88' lang='lat' dir='ltr'><strong>retineat,</strong></span> <span class='ocrx_word' id='word_1_544' title='bbox 2415 2438 2653 2492; x_wconf 88' lang='lat' dir='ltr'><strong>alteram</strong></span> <span class='ocrx_word' id='word_1_545' title='bbox 2679 2437 2895 2492; x_wconf 89' lang='lat' dir='ltr'><strong>clericis</strong></span> <span class='ocrx_word' id='word_1_546' title='bbox 2915 2455 3019 2509; x_wconf 91' lang='lat' dir='ltr'><strong>pro</strong></span> <span class='ocrx_word' id='word_1_547' title='bbox 3041 2438 3361 2495; x_wconf 88' lang='lat' dir='ltr'><strong>ofﬁciorum</strong></span> <span class='ocrx_word' id='word_1_548' title='bbox 3377 2457 3608 2497; x_wconf 91' lang='lat' dir='ltr'><strong>suorum</strong></span> 
     </span>
    </p>
   </div>
   <div class='ocr_carea' id='block_1_82' title="bbox 1981 2531 3606 2607">
    <p class='ocr_par' dir='ltr' id='par_1_82' title="bbox 1981 2531 3606 2607">
     <span class='ocr_line' id='line_1_82' title="bbox 1981 2531 3606 2607; baseline 0.003 -22"><span class='ocrx_word' id='word_1_549' title='bbox 1981 2532 2276 2586; x_wconf 77' lang='lat' dir='ltr'><strong>sedulitate</strong></span> <span class='ocrx_word' id='word_1_550' title='bbox 2303 2531 2624 2587; x_wconf 90' lang='lat' dir='ltr'><strong>distribuat.</strong></span> <span class='ocrx_word' id='word_1_551' title='bbox 2653 2531 2897 2586; x_wconf 89' lang='lat' dir='ltr'><strong>Tertiam</strong></span> <span class='ocrx_word' id='word_1_552' title='bbox 2916 2532 3260 2603; x_wconf 91' lang='lat' dir='ltr'><strong>pauperibus</strong></span> <span class='ocrx_word' id='word_1_553' title='bbox 3279 2539 3335 2588; x_wconf 91' lang='lat' dir='ltr'><strong>et</strong></span> <span class='ocrx_word' id='word_1_554' title='bbox 3355 2537 3606 2607; x_wconf 88' lang='lat' dir='ltr'><strong>peregri-</strong></span> 
     </span>
    </p>
   </div>
   <div class='ocr_carea' id='block_1_83' title="bbox 1978 2625 3604 2696">
    <p class='ocr_par' dir='ltr' id='par_1_83' title="bbox 1978 2625 3604 2696">
     <span class='ocr_line' id='line_1_83' title="bbox 1978 2625 3604 2696; baseline 0.002 -16"><span class='ocrx_word' id='word_1_555' title='bbox 1978 2626 2086 2694; x_wconf 91' lang='lat' dir='ltr'><strong>nis,</strong></span> <span class='ocrx_word' id='word_1_556' title='bbox 2118 2630 2378 2696; x_wconf 89' lang='lat' dir='ltr'><strong>quartam</strong></span> <span class='ocrx_word' id='word_1_557' title='bbox 2405 2625 2789 2680; x_wconf 88' lang='lat' dir='ltr'><strong>ecclesiasticis</strong></span> <span class='ocrx_word' id='word_1_558' title='bbox 2815 2625 3039 2679; x_wconf 89' lang='lat' dir='ltr'><strong>fabricis</strong></span> <span class='ocrx_word' id='word_1_559' title='bbox 3062 2627 3285 2681; x_wconf 91' lang='lat' dir='ltr'><strong>noverit</strong></span> <span class='ocrx_word' id='word_1_560' title='bbox 3310 2644 3604 2684; x_wconf 89' lang='lat' dir='ltr'><strong>reservan-</strong></span> 
     </span>
    </p>
   </div>
   <div class='ocr_carea' id='block_1_84' title="bbox 1980 2719 3606 2792">
    <p class='ocr_par' dir='ltr' id='par_1_84' title="bbox 1980 2719 3606 2792">
     <span class='ocr_line' id='line_1_84' title="bbox 1980 2719 3606 2792; baseline 0.003 -20"><span class='ocrx_word' id='word_1_561' title='bbox 1980 2719 2131 2785; x_wconf 90' lang='lat' dir='ltr'><strong>dam,</strong></span> <span class='ocrx_word' id='word_1_562' title='bbox 2207 2720 2277 2774; x_wconf 90' lang='lat' dir='ltr'><strong>de</strong></span> <span class='ocrx_word' id='word_1_563' title='bbox 2345 2719 2549 2791; x_wconf 90' lang='lat' dir='ltr'><strong>quibus</strong></span> <span class='ocrx_word' id='word_1_564' title='bbox 2610 2719 2801 2773; x_wconf 90' lang='lat' dir='ltr'><strong>divino</strong></span> <span class='ocrx_word' id='word_1_565' title='bbox 2860 2719 2967 2773; x_wconf 90' lang='lat' dir='ltr'><strong>erit</strong></span> <span class='ocrx_word' id='word_1_566' title='bbox 3021 2719 3344 2775; x_wconf 89' lang='lat' dir='ltr'><strong>redditurus</strong></span> <span class='ocrx_word' id='word_1_567' title='bbox 3390 2723 3606 2792; x_wconf 89' lang='lat' dir='ltr'><strong>judicio</strong></span> 
     </span>
    </p>
   </div>
   <div class='ocr_carea' id='block_1_85' title="bbox 1977 2812 3606 2884">
    <p class='ocr_par' dir='ltr' id='par_1_85' title="bbox 1977 2812 3606 2884">
     <span class='ocr_line' id='line_1_85' title="bbox 1977 2812 3606 2884; baseline 0.002 -16"><span class='ocrx_word' id='word_1_568' title='bbox 1977 2815 2282 2868; x_wconf 89' lang='lat' dir='ltr'><strong>rationem.</strong></span> <span class='ocrx_word' id='word_1_569' title='bbox 2309 2813 2703 2868; x_wconf 88' lang='lat' dir='ltr'><strong>Ordinationes</strong></span> <span class='ocrx_word' id='word_1_570' title='bbox 2727 2829 2861 2868; x_wconf 91' lang='lat' dir='ltr'><strong>vero</strong></span> <span class='ocrx_word' id='word_1_571' title='bbox 2887 2812 3353 2884; x_wconf 83' lang='lat' dir='ltr'><strong>presbyterorum</strong></span> <span class='ocrx_word' id='word_1_572' title='bbox 3376 2832 3475 2871; x_wconf 90' lang='lat' dir='ltr'><strong>seu</strong></span> <span class='ocrx_word' id='word_1_573' title='bbox 3493 2817 3606 2872; x_wconf 88' lang='lat' dir='ltr'><strong>dia-</strong></span> 
     </span>
    </p>
   </div>
   <div class='ocr_carea' id='block_1_86' title="bbox 1976 2907 3607 2979">
    <p class='ocr_par' dir='ltr' id='par_1_86' title="bbox 1976 2907 3607 2979">
     <span class='ocr_line' id='line_1_86' title="bbox 1976 2907 3607 2979; baseline 0.002 -17"><span class='ocrx_word' id='word_1_574' title='bbox 1976 2924 2250 2963; x_wconf 92' lang='lat' dir='ltr'><strong>conorum</strong></span> <span class='ocrx_word' id='word_1_575' title='bbox 2285 2924 2402 2962; x_wconf 92' lang='lat' dir='ltr'><strong>non</strong></span> <span class='ocrx_word' id='word_1_576' title='bbox 2440 2907 2550 2962; x_wconf 91' lang='lat' dir='ltr'><strong>nisi</strong></span> <span class='ocrx_word' id='word_1_577' title='bbox 2594 2907 2801 2979; x_wconf 90' lang='lat' dir='ltr'><strong>quarti,</strong></span> <span class='ocrx_word' id='word_1_578' title='bbox 2833 2907 3080 2979; x_wconf 86' lang='lat' dir='ltr'><strong>septimi,</strong></span> <span class='ocrx_word' id='word_1_579' title='bbox 3114 2911 3173 2962; x_wconf 92' lang='lat' dir='ltr'><strong>et</strong></span> <span class='ocrx_word' id='word_1_580' title='bbox 3201 2909 3404 2964; x_wconf 91' lang='lat' dir='ltr'><strong>decimi</strong></span> <span class='ocrx_word' id='word_1_581' title='bbox 3447 2927 3607 2966; x_wconf 91' lang='lat' dir='ltr'><strong>men-</strong></span> 
     </span>
    </p>
   </div>
   <div class='ocr_carea' id='block_1_87' title="bbox 1976 3000 3604 3076">
    <p class='ocr_par' dir='ltr' id='par_1_87' title="bbox 1976 3000 3604 3076">
     <span class='ocr_line' id='line_1_87' title="bbox 1976 3000 3604 3076; baseline 0.004 -22"><span class='ocrx_word' id='word_1_582' title='bbox 1976 3001 2125 3056; x_wconf 91' lang='lat' dir='ltr'><strong>sium</strong></span> <span class='ocrx_word' id='word_1_583' title='bbox 2139 3001 2398 3073; x_wconf 88' lang='lat' dir='ltr'><strong>jejuniis,</strong></span> <span class='ocrx_word' id='word_1_584' title='bbox 2422 3000 2520 3056; x_wconf 92' lang='lat' dir='ltr'><strong>sed</strong></span> <span class='ocrx_word' id='word_1_585' title='bbox 2542 3005 2600 3056; x_wconf 91' lang='lat' dir='ltr'><strong>et</strong></span> <span class='ocrx_word' id='word_1_586' title='bbox 2622 3001 2888 3070; x_wconf 85' lang='lat' dir='ltr'><strong>ingressu</strong></span> <span class='ocrx_word' id='word_1_587' title='bbox 2913 3001 3411 3073; x_wconf 87' lang='lat' dir='ltr'><strong>quadragesimali,</strong></span> <span class='ocrx_word' id='word_1_588' title='bbox 3437 3011 3604 3076; x_wconf 87' lang='lat' dir='ltr'><strong>atque</strong></span> 
     </span>
    </p>
   </div>
   <div class='ocr_carea' id='block_1_88' title="bbox 1973 3094 3600 3166">
    <p class='ocr_par' dir='ltr' id='par_1_88' title="bbox 1973 3094 3600 3166">
     <span class='ocr_line' id='line_1_88' title="bbox 1973 3094 3600 3166; baseline 0.003 -17"><span class='ocrx_word' id='word_1_589' title='bbox 1973 3094 2262 3151; x_wconf 90' lang='lat' dir='ltr'><strong>mediante</strong></span> <span class='ocrx_word' id='word_1_590' title='bbox 2303 3111 2537 3166; x_wconf 90' lang='lat' dir='ltr'><strong>vespere</strong></span> <span class='ocrx_word' id='word_1_591' title='bbox 2577 3094 2804 3150; x_wconf 88' lang='lat' dir='ltr'><strong>Sabbati</strong></span> <span class='ocrx_word' id='word_1_592' title='bbox 2828 3095 3049 3150; x_wconf 91' lang='lat' dir='ltr'><strong>noverit</strong></span> <span class='ocrx_word' id='word_1_593' title='bbox 3073 3095 3456 3152; x_wconf 87' lang='lat' dir='ltr'><strong>celebrandas.</strong></span> <span class='ocrx_word' id='word_1_594' title='bbox 3501 3099 3600 3154; x_wconf 91' lang='lat' dir='ltr'><strong>Sa-</strong></span> 
     </span>
    </p>
   </div>
   <div class='ocr_carea' id='block_1_89' title="bbox 1973 3189 3603 3260">
    <p class='ocr_par' dir='ltr' id='par_1_89' title="bbox 1973 3189 3603 3260">
     <span class='ocr_line' id='line_1_89' title="bbox 1973 3189 3603 3260; baseline 0.004 -17"><span class='ocrx_word' id='word_1_595' title='bbox 1973 3190 2248 3244; x_wconf 90' lang='lat' dir='ltr'><strong>crosancti</strong></span> <span class='ocrx_word' id='word_1_596' title='bbox 2275 3192 2466 3246; x_wconf 90' lang='lat' dir='ltr'><strong>autem</strong></span> <span class='ocrx_word' id='word_1_597' title='bbox 2495 3189 2767 3260; x_wconf 91' lang='lat' dir='ltr'><strong>baptismi</strong></span> <span class='ocrx_word' id='word_1_598' title='bbox 2794 3193 3219 3244; x_wconf 88' lang='lat' dir='ltr'><strong>sacramentum</strong></span> <span class='ocrx_word' id='word_1_599' title='bbox 3251 3207 3364 3245; x_wconf 91' lang='lat' dir='ltr'><strong>non</strong></span> <span class='ocrx_word' id='word_1_600' title='bbox 3407 3192 3517 3247; x_wconf 89' lang='lat' dir='ltr'><strong>nisi</strong></span> <span class='ocrx_word' id='word_1_601' title='bbox 3543 3193 3603 3249; x_wconf 91' lang='lat' dir='ltr'><strong>in</strong></span> 
     </span>
    </p>
   </div>
   <div class='ocr_carea' id='block_1_90' title="bbox 1973 3283 3600 3358">
    <p class='ocr_par' dir='ltr' id='par_1_90' title="bbox 1973 3283 3600 3358">
     <span class='ocr_line' id='line_1_90' title="bbox 1973 3283 3600 3358; baseline 0.003 -22"><span class='ocrx_word' id='word_1_602' title='bbox 1973 3283 2228 3338; x_wconf 89' lang='lat' dir='ltr'><strong>Paschali</strong></span> <span class='ocrx_word' id='word_1_603' title='bbox 2263 3283 2569 3338; x_wconf 90' lang='lat' dir='ltr'><strong>festivitate</strong></span> <span class='ocrx_word' id='word_1_604' title='bbox 2609 3285 2665 3336; x_wconf 90' lang='lat' dir='ltr'><strong>et</strong></span> <span class='ocrx_word' id='word_1_605' title='bbox 2706 3284 3034 3338; x_wconf 86' lang='lat' dir='ltr'><strong>Pentecoste</strong></span> <span class='ocrx_word' id='word_1_606' title='bbox 3061 3283 3281 3338; x_wconf 87' lang='lat' dir='ltr'><strong>noverit</strong></span> <span class='ocrx_word' id='word_1_607' title='bbox 3306 3301 3426 3340; x_wconf 91' lang='lat' dir='ltr'><strong>esse</strong></span> <span class='ocrx_word' id='word_1_608' title='bbox 3451 3303 3600 3358; x_wconf 63' lang='lat' dir='ltr'><strong>pra:-</strong></span> 
     </span>
    </p>
   </div>
   <div class='ocr_carea' id='block_1_91' title="bbox 1971 3375 3599 3449">
    <p class='ocr_par' dir='ltr' id='par_1_91' title="bbox 1971 3375 3599 3449">
     <span class='ocr_line' id='line_1_91' title="bbox 1971 3375 3599 3449; baseline 0.002 -17"><span class='ocrx_word' id='word_1_609' title='bbox 1971 3377 2244 3447; x_wconf 91' lang='lat' dir='ltr'><strong>bendum,</strong></span> <span class='ocrx_word' id='word_1_610' title='bbox 2275 3377 2520 3448; x_wconf 86' lang='lat' dir='ltr'><strong>exceptis</strong></span> <span class='ocrx_word' id='word_1_611' title='bbox 2559 3375 2646 3430; x_wconf 89' lang='lat' dir='ltr'><strong>his</strong></span> <span class='ocrx_word' id='word_1_612' title='bbox 2681 3377 2799 3447; x_wconf 92' lang='lat' dir='ltr'><strong>qui,</strong></span> <span class='ocrx_word' id='word_1_613' title='bbox 2830 3376 3029 3431; x_wconf 89' lang='lat' dir='ltr'><strong>mortis</strong></span> <span class='ocrx_word' id='word_1_614' title='bbox 3053 3382 3293 3448; x_wconf 89' lang='lat' dir='ltr'><strong>urgente</strong></span> <span class='ocrx_word' id='word_1_615' title='bbox 3322 3379 3599 3449; x_wconf 91' lang='lat' dir='ltr'><strong>periculo,</strong></span> 
     </span>
    </p>
   </div>
   <div class='ocr_carea' id='block_1_92' title="bbox 1971 3469 3600 3541">
    <p class='ocr_par' dir='ltr' id='par_1_92' title="bbox 1971 3469 3600 3541">
     <span class='ocr_line' id='line_1_92' title="bbox 1971 3469 3600 3541; baseline 0.002 -16"><span class='ocrx_word' id='word_1_616' title='bbox 1971 3487 2042 3525; x_wconf 92' lang='lat' dir='ltr'><strong>ne</strong></span> <span class='ocrx_word' id='word_1_617' title='bbox 2086 3472 2146 3525; x_wconf 89' lang='lat' dir='ltr'><strong>in</strong></span> <span class='ocrx_word' id='word_1_618' title='bbox 2181 3476 2460 3526; x_wconf 67' lang='lat' dir='ltr'><strong>aeternum</strong></span> <span class='ocrx_word' id='word_1_619' title='bbox 2514 3473 2773 3540; x_wconf 90' lang='lat' dir='ltr'><strong>pereant,</strong></span> <span class='ocrx_word' id='word_1_620' title='bbox 2820 3469 3025 3525; x_wconf 88' lang='lat' dir='ltr'><strong>talibus</strong></span> <span class='ocrx_word' id='word_1_621' title='bbox 3062 3472 3288 3541; x_wconf 90' lang='lat' dir='ltr'><strong>oportet</strong></span> <span class='ocrx_word' id='word_1_622' title='bbox 3333 3474 3600 3529; x_wconf 91' lang='lat' dir='ltr'><strong>remediis</strong></span> 
     </span>
    </p>
   </div>
   <div class='ocr_carea' id='block_1_93' title="bbox 1968 3562 3596 3636">
    <p class='ocr_par' dir='ltr' id='par_1_93' title="bbox 1968 3562 3596 3636">
     <span class='ocr_line' id='line_1_93' title="bbox 1968 3562 3596 3636; baseline 0.002 -18"><span class='ocrx_word' id='word_1_623' title='bbox 1968 3564 2286 3619; x_wconf 89' lang='lat' dir='ltr'><strong>subvenire.</strong></span> <span class='ocrx_word' id='word_1_624' title='bbox 2336 3563 2473 3618; x_wconf 89' lang='lat' dir='ltr'><strong>Huic</strong></span> <span class='ocrx_word' id='word_1_625' title='bbox 2520 3579 2658 3635; x_wconf 89' lang='lat' dir='ltr'><strong>ergo</strong></span> <span class='ocrx_word' id='word_1_626' title='bbox 2703 3562 2851 3618; x_wconf 91' lang='lat' dir='ltr'><strong>sedis</strong></span> <span class='ocrx_word' id='word_1_627' title='bbox 2891 3567 3099 3618; x_wconf 61' lang='lat' dir='ltr'><strong>nostra;</strong></span> <span class='ocrx_word' id='word_1_628' title='bbox 3152 3569 3437 3636; x_wconf 65' lang='lat' dir='ltr'><strong>praecepta</strong></span> <span class='ocrx_word' id='word_1_629' title='bbox 3480 3584 3596 3622; x_wconf 86' lang='lat' dir='ltr'><strong>ser-</strong></span> 
     </span>
    </p>
   </div>
   <div class='ocr_carea' id='block_1_94' title="bbox 1968 3655 3602 3728">
    <p class='ocr_par' dir='ltr' id='par_1_94' title="bbox 1968 3655 3602 3728">
     <span class='ocr_line' id='line_1_94' title="bbox 1968 3655 3602 3728; baseline 0.004 -17"><span class='ocrx_word' id='word_1_630' title='bbox 1968 3659 2124 3712; x_wconf 88' lang='lat' dir='ltr'><strong>vanti</strong></span> <span class='ocrx_word' id='word_1_631' title='bbox 2158 3657 2373 3713; x_wconf 90' lang='lat' dir='ltr'><strong>devotis</strong></span> <span class='ocrx_word' id='word_1_632' title='bbox 2411 3655 2614 3711; x_wconf 88' lang='lat' dir='ltr'><strong>animis</strong></span> <span class='ocrx_word' id='word_1_633' title='bbox 2660 3656 2898 3727; x_wconf 90' lang='lat' dir='ltr'><strong>obsequi</strong></span> <span class='ocrx_word' id='word_1_634' title='bbox 2949 3673 3050 3711; x_wconf 90' lang='lat' dir='ltr'><strong>nos</strong></span> <span class='ocrx_word' id='word_1_635' title='bbox 3091 3661 3334 3728; x_wconf 90' lang='lat' dir='ltr'><strong>oportet,</strong></span> <span class='ocrx_word' id='word_1_636' title='bbox 3375 3662 3437 3714; x_wconf 92' lang='lat' dir='ltr'><strong>ut</strong></span> <span class='ocrx_word' id='word_1_637' title='bbox 3465 3660 3602 3717; x_wconf 88' lang='lat' dir='ltr'><strong>irre-</strong></span> 
     </span>
    </p>
   </div>
   <div class='ocr_carea' id='block_1_95' title="bbox 1969 3750 3602 3827">
    <p class='ocr_par' dir='ltr' id='par_1_95' title="bbox 1969 3750 3602 3827">
     <span class='ocr_line' id='line_1_95' title="bbox 1969 3750 3602 3827; baseline 0.002 -21"><span class='ocrx_word' id='word_1_638' title='bbox 1969 3751 2351 3822; x_wconf 90' lang='lat' dir='ltr'><strong>prehensibile</strong></span> <span class='ocrx_word' id='word_1_639' title='bbox 2389 3750 2789 3822; x_wconf 90' lang='lat' dir='ltr'><strong>placidumque</strong></span> <span class='ocrx_word' id='word_1_640' title='bbox 2833 3750 2934 3804; x_wconf 88' lang='lat' dir='ltr'><strong>ﬁat</strong></span> <span class='ocrx_word' id='word_1_641' title='bbox 2977 3767 3182 3821; x_wconf 91' lang='lat' dir='ltr'><strong>corpus</strong></span> <span class='ocrx_word' id='word_1_642' title='bbox 3210 3752 3468 3808; x_wconf 79' lang='lat' dir='ltr'><strong>Ecclesiae</strong></span> <span class='ocrx_word' id='word_1_643' title='bbox 3498 3771 3602 3827; x_wconf 91' lang='lat' dir='ltr'><strong>per</strong></span> 
     </span>
    </p>
   </div>
   <div class='ocr_carea' id='block_1_96' title="bbox 1967 3844 3598 3915">
    <p class='ocr_par' dir='ltr' id='par_1_96' title="bbox 1967 3844 3598 3915">
     <span class='ocr_line' id='line_1_96' title="bbox 1967 3844 3598 3915; baseline 0.002 -15"><span class='ocrx_word' id='word_1_644' title='bbox 1967 3846 2274 3901; x_wconf 90' lang='lat' dir='ltr'><strong>Dominum</strong></span> <span class='ocrx_word' id='word_1_645' title='bbox 2300 3847 2582 3913; x_wconf 91' lang='lat' dir='ltr'><strong>nostrum,</strong></span> <span class='ocrx_word' id='word_1_646' title='bbox 2601 3845 2700 3915; x_wconf 92' lang='lat' dir='ltr'><strong>qui</strong></span> <span class='ocrx_word' id='word_1_647' title='bbox 2716 3844 2851 3898; x_wconf 88' lang='lat' dir='ltr'><strong>vivit</strong></span> <span class='ocrx_word' id='word_1_648' title='bbox 2878 3847 2938 3898; x_wconf 91' lang='lat' dir='ltr'><strong>et</strong></span> <span class='ocrx_word' id='word_1_649' title='bbox 2965 3847 3173 3915; x_wconf 89' lang='lat' dir='ltr'><strong>regnat</strong></span> <span class='ocrx_word' id='word_1_650' title='bbox 3199 3861 3329 3900; x_wconf 91' lang='lat' dir='ltr'><strong>cum</strong></span> <span class='ocrx_word' id='word_1_651' title='bbox 3357 3847 3471 3902; x_wconf 93' lang='lat' dir='ltr'><strong>Deo</strong></span> <span class='ocrx_word' id='word_1_652' title='bbox 3493 3849 3598 3903; x_wconf 90' lang='lat' dir='ltr'><strong>Pa-</strong></span> 
     </span>
    </p>
   </div>
   <div class='ocr_carea' id='block_1_97' title="bbox 1967 3937 3602 4011">
    <p class='ocr_par' dir='ltr' id='par_1_97' title="bbox 1967 3937 3602 4011">
     <span class='ocr_line' id='line_1_97' title="bbox 1967 3937 3602 4011; baseline 0.002 -16"><span class='ocrx_word' id='word_1_653' title='bbox 1967 3944 2055 3995; x_wconf 89' lang='lat' dir='ltr'><strong>tre</strong></span> <span class='ocrx_word' id='word_1_654' title='bbox 2081 3939 2474 4011; x_wconf 89' lang='lat' dir='ltr'><strong>omnipotente</strong></span> <span class='ocrx_word' id='word_1_655' title='bbox 2506 3941 2565 3994; x_wconf 93' lang='lat' dir='ltr'><strong>et</strong></span> <span class='ocrx_word' id='word_1_656' title='bbox 2591 3937 2803 4010; x_wconf 91' lang='lat' dir='ltr'><strong>Spiritu</strong></span> <span class='ocrx_word' id='word_1_657' title='bbox 2831 3941 3026 3993; x_wconf 88' lang='lat' dir='ltr'><strong>sancto</strong></span> <span class='ocrx_word' id='word_1_658' title='bbox 3047 3954 3149 4010; x_wconf 89' lang='lat' dir='ltr'><strong>per</strong></span> <span class='ocrx_word' id='word_1_659' title='bbox 3179 3940 3375 3996; x_wconf 90' lang='lat' dir='ltr'><strong>omnia</strong></span> <span class='ocrx_word' id='word_1_660' title='bbox 3400 3943 3602 3999; x_wconf 74' lang='lat' dir='ltr'><strong>saecula</strong></span> 
     </span>
    </p>
   </div>
   <div class='ocr_carea' id='block_1_98' title="bbox 1967 4033 3598 4102">
    <p class='ocr_par' dir='ltr' id='par_1_98' title="bbox 1967 4033 3598 4102">
     <span class='ocr_line' id='line_1_98' title="bbox 1967 4033 3598 4102; baseline 0.002 -13"><span class='ocrx_word' id='word_1_661' title='bbox 1967 4034 2330 4090; x_wconf 71' lang='lat' dir='ltr'><strong>saeculorum.</strong></span> <span class='ocrx_word' id='word_1_662' title='bbox 2360 4035 2506 4090; x_wconf 90' lang='lat' dir='ltr'><strong>Deus</strong></span> <span class='ocrx_word' id='word_1_663' title='bbox 2525 4050 2621 4088; x_wconf 92' lang='lat' dir='ltr'><strong>vos</strong></span> <span class='ocrx_word' id='word_1_664' title='bbox 2641 4033 2955 4088; x_wconf 90' lang='lat' dir='ltr'><strong>incolumes</strong></span> <span class='ocrx_word' id='word_1_665' title='bbox 2976 4033 3271 4102; x_wconf 86' lang='lat' dir='ltr'><strong>custodiat,</strong></span> <span class='ocrx_word' id='word_1_666' title='bbox 3304 4036 3598 4093; x_wconf 88' lang='lat' dir='ltr'><strong>dilectissi-</strong></span> 
     </span>
    </p>
   </div>
   <div class='ocr_carea' id='block_1_99' title="bbox 1969 4127 3597 4202">
    <p class='ocr_par' dir='ltr' id='par_1_99' title="bbox 1969 4127 3597 4202">
     <span class='ocr_line' id='line_1_99' title="bbox 1969 4127 3597 4202; baseline 0.003 -20"><span class='ocrx_word' id='word_1_667' title='bbox 1969 4128 2051 4182; x_wconf 91' lang='lat' dir='ltr'><strong>mi</strong></span> <span class='ocrx_word' id='word_1_668' title='bbox 2080 4127 2201 4182; x_wconf 91' lang='lat' dir='ltr'><strong>ﬁlii.</strong></span> <span class='ocrx_word' id='word_1_669' title='bbox 2232 4129 2368 4184; x_wconf 88' lang='lat' dir='ltr'><strong>Data</strong></span> <span class='ocrx_word' id='word_1_670' title='bbox 2398 4128 2523 4182; x_wconf 88' lang='lat' dir='ltr'><strong>Kal.</strong></span> <span class='ocrx_word' id='word_1_671' title='bbox 2552 4127 2815 4183; x_wconf 92' lang='lat' dir='ltr'><strong>Decemb.</strong></span> <span class='ocrx_word' id='word_1_672' title='bbox 2842 4127 3164 4198; x_wconf 90' lang='lat' dir='ltr'><strong>imperante</strong></span> <span class='ocrx_word' id='word_1_673' title='bbox 3196 4129 3435 4186; x_wconf 90' lang='lat' dir='ltr'><strong>domino</strong></span> <span class='ocrx_word' id='word_1_674' title='bbox 3461 4132 3597 4202; x_wconf 92' lang='lat' dir='ltr'><strong>piis-</strong></span> 
     </span>
    </p>
   </div>
   <div class='ocr_carea' id='block_1_100' title="bbox 1969 4222 3598 4297">
    <p class='ocr_par' dir='ltr' id='par_1_100' title="bbox 1969 4222 3598 4297">
     <span class='ocr_line' id='line_1_100' title="bbox 1969 4222 3598 4297; baseline 0.003 -22"><span class='ocrx_word' id='word_1_675' title='bbox 1969 4222 2114 4277; x_wconf 89' lang='lat' dir='ltr'><strong>simo</strong></span> <span class='ocrx_word' id='word_1_676' title='bbox 2140 4225 2395 4293; x_wconf 85' lang='lat' dir='ltr'><strong>Augusto</strong></span> <span class='ocrx_word' id='word_1_677' title='bbox 2419 4223 2626 4291; x_wconf 87' lang='lat' dir='ltr'><strong>Leone,</strong></span> <span class='ocrx_word' id='word_1_678' title='bbox 2657 4238 2691 4276; x_wconf 92' lang='lat' dir='ltr'><strong>a</strong></span> <span class='ocrx_word' id='word_1_679' title='bbox 2718 4222 2836 4275; x_wconf 92' lang='lat' dir='ltr'><strong>Deo</strong></span> <span class='ocrx_word' id='word_1_680' title='bbox 2864 4225 3153 4292; x_wconf 89' lang='lat' dir='ltr'><strong>coronato,</strong></span> <span class='ocrx_word' id='word_1_681' title='bbox 3178 4239 3391 4295; x_wconf 88' lang='lat' dir='ltr'><strong>magno</strong></span> <span class='ocrx_word' id='word_1_682' title='bbox 3414 4224 3598 4297; x_wconf 88' lang='lat' dir='ltr'><strong>impe-</strong></span> 
     </span>
    </p>
   </div>
   <div class='ocr_carea' id='block_1_101' title="bbox 1966 4314 3600 4390">
    <p class='ocr_par' dir='ltr' id='par_1_101' title="bbox 1966 4314 3600 4390">
     <span class='ocr_line' id='line_1_101' title="bbox 1966 4314 3600 4390; baseline 0.002 -18"><span class='ocrx_word' id='word_1_683' title='bbox 1966 4320 2176 4387; x_wconf 89' lang='lat' dir='ltr'><strong>ratore,</strong></span> <span class='ocrx_word' id='word_1_684' title='bbox 2209 4332 2360 4371; x_wconf 92' lang='lat' dir='ltr'><strong>anno</strong></span> <span class='ocrx_word' id='word_1_685' title='bbox 2389 4319 2440 4382; x_wconf 89' lang='lat'><strong>7,</strong></span> <span class='ocrx_word' id='word_1_686' title='bbox 2465 4315 2564 4370; x_wconf 92' lang='lat' dir='ltr'><strong>sed</strong></span> <span class='ocrx_word' id='word_1_687' title='bbox 2585 4319 2641 4370; x_wconf 91' lang='lat' dir='ltr'><strong>et</strong></span> <span class='ocrx_word' id='word_1_688' title='bbox 2665 4314 3034 4369; x_wconf 89' lang='lat' dir='ltr'><strong>Constantino</strong></span> <span class='ocrx_word' id='word_1_689' title='bbox 3059 4331 3272 4386; x_wconf 90' lang='lat' dir='ltr'><strong>magno</strong></span> <span class='ocrx_word' id='word_1_690' title='bbox 3296 4317 3600 4390; x_wconf 88' lang='lat' dir='ltr'><strong>imperato-</strong></span> 
     </span>
    </p>
   </div>
   <div class='ocr_carea' id='block_1_102' title="bbox 1968 4408 3027 4484">
    <p class='ocr_par' dir='ltr' id='par_1_102' title="bbox 1968 4408 3027 4484">
     <span class='ocr_line' id='line_1_102' title="bbox 1968 4408 3027 4484; baseline -0.003 -17"><span class='ocrx_word' id='word_1_691' title='bbox 1968 4429 2028 4467; x_wconf 90' lang='lat' dir='ltr'><strong>re</strong></span> <span class='ocrx_word' id='word_1_692' title='bbox 2059 4411 2180 4484; x_wconf 89' lang='lat' dir='ltr'><strong>ejus</strong></span> <span class='ocrx_word' id='word_1_693' title='bbox 2209 4409 2346 4480; x_wconf 88' lang='lat' dir='ltr'><strong>ﬁlio,</strong></span> <span class='ocrx_word' id='word_1_694' title='bbox 2376 4426 2526 4464; x_wconf 92' lang='lat' dir='ltr'><strong>anno</strong></span> <span class='ocrx_word' id='word_1_695' title='bbox 2550 4411 2602 4478; x_wconf 90' lang='lat'><strong>3,</strong></span> <span class='ocrx_word' id='word_1_696' title='bbox 2631 4408 2943 4463; x_wconf 89' lang='lat' dir='ltr'><strong>indictione</strong></span> <span class='ocrx_word' id='word_1_697' title='bbox 2976 4412 3027 4464; x_wconf 77' lang='lat'><strong>5.</strong></span> 
     </span>
    </p>
   </div>
   <div class='ocr_carea' id='block_1_103' title="bbox 1967 4557 3599 4697">
    <p class='ocr_par' dir='ltr' id='par_1_103' title="bbox 1967 4557 3599 4697">
     <span class='ocr_line' id='line_1_103' title="bbox 1967 4557 3599 4697; baseline 0.001 -78"><span class='ocrx_word' id='word_1_698' title='bbox 1967 4566 2098 4619; x_wconf 85' lang='lat' dir='ltr'><strong>Item</strong></span> <span class='ocrx_word' id='word_1_699' title='bbox 2124 4561 2240 4617; x_wconf 74' lang='lat' dir='ltr'><strong>alia</strong></span> <span class='ocrx_word' id='word_1_700' title='bbox 2271 4560 2499 4630; x_wconf 76' lang='lat' dir='ltr'><strong>epistola</strong></span> <span class='ocrx_word' id='word_1_701' title='bbox 2530 4559 2962 4697; x_wconf 41' lang='lat' dir='ltr'><strong>Gmfggﬁiﬁpgaigw</strong></span> <span class='ocrx_word' id='word_1_702' title='bbox 2990 4559 3066 4614; x_wconf 85' lang='lat' dir='ltr'><strong>ad</strong></span> <span class='ocrx_word' id='word_1_703' title='bbox 3092 4557 3294 4615; x_wconf 82' lang='lat' dir='ltr'><strong>clerum</strong></span> <span class='ocrx_word' id='word_1_704' title='bbox 3318 4566 3370 4617; x_wconf 88' lang='lat' dir='ltr'><strong>et</strong></span> <span class='ocrx_word' id='word_1_705' title='bbox 3389 4563 3599 4632; x_wconf 85' lang='lat' dir='ltr'><strong>plebem</strong></span> 
     </span>
    </p>
   </div>
   <div class='ocr_carea' id='block_1_104' title="bbox 2043 4764 3594 4840">
    <p class='ocr_par' dir='ltr' id='par_1_104' title="bbox 2043 4764 3594 4840">
     <span class='ocr_line' id='line_1_104' title="bbox 2043 4764 3594 4840; baseline 0.001 -16"><span class='ocrx_word' id='word_1_706' title='bbox 2043 4769 2184 4824; x_wconf 89' lang='lat' dir='ltr'><strong>Viris</strong></span> <span class='ocrx_word' id='word_1_707' title='bbox 2204 4765 2521 4840; x_wconf 88' lang='lat' dir='ltr'><strong>magniﬁcis</strong></span> <span class='ocrx_word' id='word_1_708' title='bbox 2539 4764 2666 4821; x_wconf 89' lang='lat' dir='ltr'><strong>ﬁliis</strong></span> <span class='ocrx_word' id='word_1_709' title='bbox 2685 4767 2920 4835; x_wconf 84' lang='lat' dir='ltr'><strong>ASUELO,</strong></span> <span class='ocrx_word' id='word_1_710' title='bbox 2941 4765 3299 4832; x_wconf 79' lang='lat' dir='ltr'><strong>GUODELANO,</strong></span> <span class='ocrx_word' id='word_1_711' title='bbox 3315 4769 3594 4840; x_wconf 82' lang='lat' dir='ltr'><strong>MULEREO,</strong></span> 
     </span>
    </p>
   </div>
   <div class='ocr_carea' id='block_1_105' title="bbox 1970 4857 3597 4932">
    <p class='ocr_par' dir='ltr' id='par_1_105' title="bbox 1970 4857 3597 4932">
     <span class='ocr_line' id='line_1_105' title="bbox 1970 4857 3597 4932; baseline 0.002 -14"><span class='ocrx_word' id='word_1_712' title='bbox 1970 4864 2318 4931; x_wconf 64' lang='lat' dir='ltr'><strong>Gunraaaao,</strong></span> <span class='ocrx_word' id='word_1_713' title='bbox 2335 4866 2606 4932; x_wconf 80' lang='lat' dir='ltr'><strong>ALVALDO,</strong></span> <span class='ocrx_word' id='word_1_714' title='bbox 2629 4865 2686 4916; x_wconf 89' lang='lat' dir='ltr'><strong>et</strong></span> <span class='ocrx_word' id='word_1_715' title='bbox 2706 4857 2972 4915; x_wconf 90' lang='lat' dir='ltr'><strong>omnibus</strong></span> <span class='ocrx_word' id='word_1_716' title='bbox 2993 4859 3106 4914; x_wconf 93' lang='lat' dir='ltr'><strong>Deo</strong></span> <span class='ocrx_word' id='word_1_717' title='bbox 3127 4860 3345 4918; x_wconf 89' lang='lat' dir='ltr'><strong>dilectis</strong></span> <span class='ocrx_word' id='word_1_718' title='bbox 3360 4864 3597 4921; x_wconf 89' lang='lat' dir='ltr'><strong>Thurin-</strong></span> 
     </span>
    </p>
   </div>
   <div class='ocr_carea' id='block_1_106' title="bbox 1973 4955 3272 5028">
    <p class='ocr_par' dir='ltr' id='par_1_106' title="bbox 1973 4955 3272 5028">
     <span class='ocr_line' id='line_1_106' title="bbox 1973 4955 3272 5028; baseline 0 -16"><span class='ocrx_word' id='word_1_719' title='bbox 1973 4958 2057 5028; x_wconf 89' lang='lat' dir='ltr'><strong>gis</strong></span> <span class='ocrx_word' id='word_1_720' title='bbox 2083 4957 2349 5013; x_wconf 87' lang='lat' dir='ltr'><strong>ﬁdelibus</strong></span> <span class='ocrx_word' id='word_1_721' title='bbox 2376 4955 2729 5027; x_wconf 90' lang='lat' dir='ltr'><strong>Christianis,</strong></span> <span class='ocrx_word' id='word_1_722' title='bbox 2765 4955 3079 5010; x_wconf 83' lang='lat' dir='ltr'><strong>GREGORIUS</strong></span> <span class='ocrx_word' id='word_1_723' title='bbox 3103 4971 3272 5027; x_wconf 89' lang='lat' dir='ltr'><strong>papa.</strong></span> 
     </span>
    </p>
   </div>
   <div class='ocr_carea' id='block_1_107' title="bbox 2040 5071 3597 5144">
    <p class='ocr_par' dir='ltr' id='par_1_107' title="bbox 2040 5071 3597 5144">
     <span class='ocr_line' id='line_1_107' title="bbox 2040 5071 3597 5144; baseline 0.004 -17"><span class='ocrx_word' id='word_1_724' title='bbox 2040 5074 2391 5128; x_wconf 88' lang='lat' dir='ltr'><strong>lnsinuatam</strong></span> <span class='ocrx_word' id='word_1_725' title='bbox 2418 5073 2582 5129; x_wconf 90' lang='lat' dir='ltr'><strong>nobis</strong></span> <span class='ocrx_word' id='word_1_726' title='bbox 2601 5072 2906 5144; x_wconf 90' lang='lat' dir='ltr'><strong>magniﬁce</strong></span> <span class='ocrx_word' id='word_1_727' title='bbox 2926 5071 2986 5126; x_wconf 90' lang='lat' dir='ltr'><strong>in</strong></span> <span class='ocrx_word' id='word_1_728' title='bbox 3007 5071 3228 5128; x_wconf 75' lang='lat' dir='ltr'><strong>Christo</strong></span> <span class='ocrx_word' id='word_1_729' title='bbox 3245 5073 3379 5130; x_wconf 88' lang='lat' dir='ltr'><strong>ﬁdei</strong></span> <span class='ocrx_word' id='word_1_730' title='bbox 3395 5078 3597 5133; x_wconf 81' lang='lat' dir='ltr'><strong>vestrae</strong></span> 
     </span>
    </p>
   </div>
   <div class='ocr_carea' id='block_1_108' title="bbox 1969 5166 3593 5241">
    <p class='ocr_par' dir='ltr' id='par_1_108' title="bbox 1969 5166 3593 5241">
     <span class='ocr_line' id='line_1_108' title="bbox 1969 5166 3593 5241; baseline 0.003 -19"><span class='ocrx_word' id='word_1_731' title='bbox 1969 5166 2350 5222; x_wconf 88' lang='lat' dir='ltr'><strong>constantiam</strong></span> <span class='ocrx_word' id='word_1_732' title='bbox 2379 5170 2777 5239; x_wconf 89' lang='lat' dir='ltr'><strong>agnoscentes,</strong></span> <span class='ocrx_word' id='word_1_733' title='bbox 2806 5166 2962 5239; x_wconf 90' lang='lat' dir='ltr'><strong>quod</strong></span> <span class='ocrx_word' id='word_1_734' title='bbox 2985 5166 3230 5239; x_wconf 87' lang='lat' dir='ltr'><strong>paganis</strong></span> <span class='ocrx_word' id='word_1_735' title='bbox 3249 5171 3593 5241; x_wconf 84' lang='lat' dir='ltr'><strong>compellen-</strong></span> 
     </span>
    </p>
   </div>
   <div class='ocr_carea' id='block_1_109' title="bbox 1971 5260 3596 5335">
    <p class='ocr_par' dir='ltr' id='par_1_109' title="bbox 1971 5260 3596 5335">
     <span class='ocr_line' id='line_1_109' title="bbox 1971 5260 3596 5335; baseline 0.003 -20"><span class='ocrx_word' id='word_1_736' title='bbox 1971 5261 2119 5316; x_wconf 89' lang='lat' dir='ltr'><strong>tibus</strong></span> <span class='ocrx_word' id='word_1_737' title='bbox 2148 5277 2243 5315; x_wconf 91' lang='lat' dir='ltr'><strong>vos</strong></span> <span class='ocrx_word' id='word_1_738' title='bbox 2268 5260 2343 5315; x_wconf 91' lang='lat' dir='ltr'><strong>ad</strong></span> <span class='ocrx_word' id='word_1_739' title='bbox 2370 5261 2524 5316; x_wconf 86' lang='lat' dir='ltr'><strong>idola</strong></span> <span class='ocrx_word' id='word_1_740' title='bbox 2562 5262 2807 5316; x_wconf 90' lang='lat' dir='ltr'><strong>colenda</strong></span> <span class='ocrx_word' id='word_1_741' title='bbox 2847 5261 2959 5317; x_wconf 92' lang='lat' dir='ltr'><strong>ﬁde</strong></span> <span class='ocrx_word' id='word_1_742' title='bbox 3000 5263 3170 5334; x_wconf 92' lang='lat' dir='ltr'><strong>plena</strong></span> <span class='ocrx_word' id='word_1_743' title='bbox 3191 5265 3596 5335; x_wconf 83' lang='lat' dir='ltr'><strong>responderitis</strong></span> 
     </span>
    </p>
   </div>
   <div class='ocr_carea' id='block_1_110' title="bbox 1968 5353 3596 5427">
    <p class='ocr_par' dir='ltr' id='par_1_110' title="bbox 1968 5353 3596 5427">
     <span class='ocr_line' id='line_1_110' title="bbox 1968 5353 3596 5427; baseline 0.004 -17"><span class='ocrx_word' id='word_1_744' title='bbox 1968 5354 2150 5426; x_wconf 87' lang='lat' dir='ltr'><strong>magis</strong></span> <span class='ocrx_word' id='word_1_745' title='bbox 2195 5353 2339 5409; x_wconf 90' lang='lat' dir='ltr'><strong>velle</strong></span> <span class='ocrx_word' id='word_1_746' title='bbox 2379 5355 2620 5410; x_wconf 87' lang='lat' dir='ltr'><strong>feliciter</strong></span> <span class='ocrx_word' id='word_1_747' title='bbox 2664 5355 2836 5424; x_wconf 89' lang='lat' dir='ltr'><strong>mori,</strong></span> <span class='ocrx_word' id='word_1_748' title='bbox 2891 5373 3060 5427; x_wconf 89' lang='lat' dir='ltr'><strong>quam</strong></span> <span class='ocrx_word' id='word_1_749' title='bbox 3102 5357 3276 5413; x_wconf 88' lang='lat' dir='ltr'><strong>ﬁdem</strong></span> <span class='ocrx_word' id='word_1_750' title='bbox 3316 5361 3488 5415; x_wconf 89' lang='lat' dir='ltr'><strong>semel</strong></span> <span class='ocrx_word' id='word_1_751' title='bbox 3536 5361 3596 5418; x_wconf 89' lang='lat' dir='ltr'><strong>in</strong></span> 
     </span>
    </p>
   </div>
   <div class='ocr_carea' id='block_1_111' title="bbox 1969 5449 3594 5520">
    <p class='ocr_par' dir='ltr' id='par_1_111' title="bbox 1969 5449 3594 5520">
     <span class='ocr_line' id='line_1_111' title="bbox 1969 5449 3594 5520; baseline 0.003 -14"><span class='ocrx_word' id='word_1_752' title='bbox 1969 5449 2191 5506; x_wconf 90' lang='lat' dir='ltr'><strong>Christo</strong></span> <span class='ocrx_word' id='word_1_753' title='bbox 2224 5452 2515 5519; x_wconf 80' lang='lat' dir='ltr'><strong>acceptam</strong></span> <span class='ocrx_word' id='word_1_754' title='bbox 2553 5449 2913 5520; x_wconf 87' lang='lat' dir='ltr'><strong>aliquatenus</strong></span> <span class='ocrx_word' id='word_1_755' title='bbox 2941 5451 3169 5520; x_wconf 88' lang='lat' dir='ltr'><strong>violare,</strong></span> <span class='ocrx_word' id='word_1_756' title='bbox 3204 5452 3382 5509; x_wconf 88' lang='lat' dir='ltr'><strong>nimia</strong></span> <span class='ocrx_word' id='word_1_757' title='bbox 3411 5455 3594 5512; x_wconf 84' lang='lat' dir='ltr'><strong>exsul-</strong></span> 
     </span>
    </p>
   </div>
   <div class='ocr_carea' id='block_1_112' title="bbox 1967 5542 3599 5614">
    <p class='ocr_par' dir='ltr' id='par_1_112' title="bbox 1967 5542 3599 5614">
     <span class='ocr_line' id='line_1_112' title="bbox 1967 5542 3599 5614; baseline 0.004 -14"><span class='ocrx_word' id='word_1_758' title='bbox 1967 5544 2182 5601; x_wconf 88' lang='lat' dir='ltr'><strong>tatione</strong></span> <span class='ocrx_word' id='word_1_759' title='bbox 2197 5542 2420 5614; x_wconf 88' lang='lat' dir='ltr'><strong>repleti,</strong></span> <span class='ocrx_word' id='word_1_760' title='bbox 2441 5544 2630 5613; x_wconf 89' lang='lat' dir='ltr'><strong>grates</strong></span> <span class='ocrx_word' id='word_1_761' title='bbox 2648 5542 2868 5597; x_wconf 89' lang='lat' dir='ltr'><strong>debitas</strong></span> <span class='ocrx_word' id='word_1_762' title='bbox 2883 5546 3257 5613; x_wconf 90' lang='lat' dir='ltr'><strong>persolvimus</strong></span> <span class='ocrx_word' id='word_1_763' title='bbox 3278 5549 3390 5605; x_wconf 93' lang='lat' dir='ltr'><strong>Deo</strong></span> <span class='ocrx_word' id='word_1_764' title='bbox 3406 5555 3599 5606; x_wconf 89' lang='lat' dir='ltr'><strong>nostro</strong></span> 
     </span>
    </p>
   </div>
   <div class='ocr_carea' id='block_1_113' title="bbox 1970 5635 3597 5717">
    <p class='ocr_par' dir='ltr' id='par_1_113' title="bbox 1970 5635 3597 5717">
     <span class='ocr_line' id='line_1_113' title="bbox 1970 5635 3597 5717; baseline 0.003 -21"><span class='ocrx_word' id='word_1_765' title='bbox 1970 5643 2029 5695; x_wconf 90' lang='lat' dir='ltr'><strong>et</strong></span> <span class='ocrx_word' id='word_1_766' title='bbox 2059 5636 2420 5710; x_wconf 85' lang='lat' dir='ltr'><strong>Redemptori</strong></span> <span class='ocrx_word' id='word_1_767' title='bbox 2461 5635 2749 5691; x_wconf 90' lang='lat' dir='ltr'><strong>bonorum</strong></span> <span class='ocrx_word' id='word_1_768' title='bbox 2793 5637 3051 5693; x_wconf 91' lang='lat' dir='ltr'><strong>omnium</strong></span> <span class='ocrx_word' id='word_1_769' title='bbox 3099 5641 3378 5712; x_wconf 88' lang='lat' dir='ltr'><strong>largitori.</strong></span> <span class='ocrx_word' id='word_1_770' title='bbox 3425 5645 3597 5717; x_wconf 87' lang='lat' dir='ltr'><strong>Cujus</strong></span> 
     </span>
    </p>
   </div>
   <div class='ocr_carea' id='block_1_114' title="bbox 1970 5729 3597 5809">
    <p class='ocr_par' dir='ltr' id='par_1_114' title="bbox 1970 5729 3597 5809">
     <span class='ocr_line' id='line_1_114' title="bbox 1970 5729 3597 5809; baseline 0.003 -19"><span class='ocrx_word' id='word_1_771' title='bbox 1970 5735 2156 5806; x_wconf 89' lang='lat' dir='ltr'><strong>gratia</strong></span> <span class='ocrx_word' id='word_1_772' title='bbox 2180 5731 2503 5799; x_wconf 88' lang='lat' dir='ltr'><strong>comitante,</strong></span> <span class='ocrx_word' id='word_1_773' title='bbox 2529 5747 2628 5785; x_wconf 92' lang='lat' dir='ltr'><strong>vos</strong></span> <span class='ocrx_word' id='word_1_774' title='bbox 2647 5729 2720 5784; x_wconf 89' lang='lat' dir='ltr'><strong>ad</strong></span> <span class='ocrx_word' id='word_1_775' title='bbox 2741 5729 2984 5784; x_wconf 90' lang='lat' dir='ltr'><strong>meliora</strong></span> <span class='ocrx_word' id='word_1_776' title='bbox 3009 5735 3066 5786; x_wconf 91' lang='lat' dir='ltr'><strong>et</strong></span> <span class='ocrx_word' id='word_1_777' title='bbox 3090 5734 3312 5803; x_wconf 90' lang='lat' dir='ltr'><strong>potiora</strong></span> <span class='ocrx_word' id='word_1_778' title='bbox 3331 5742 3597 5809; x_wconf 84' lang='lat' dir='ltr'><strong>Optamus</strong></span> 
     </span>
    </p>
   </div>
   <div class='ocr_carea' id='block_1_115' title="bbox 1969 5823 3595 5903">
    <p class='ocr_par' dir='ltr' id='par_1_115' title="bbox 1969 5823 3595 5903">
     <span class='ocr_line' id='line_1_115' title="bbox 1969 5823 3595 5903; baseline 0.001 -18"><span class='ocrx_word' id='word_1_779' title='bbox 1969 5829 2266 5901; x_wconf 90' lang='lat' dir='ltr'><strong>proﬁcere,</strong></span> <span class='ocrx_word' id='word_1_780' title='bbox 2296 5831 2352 5883; x_wconf 89' lang='lat' dir='ltr'><strong>et</strong></span> <span class='ocrx_word' id='word_1_781' title='bbox 2373 5827 2443 5881; x_wconf 91' lang='lat' dir='ltr'><strong>ad</strong></span> <span class='ocrx_word' id='word_1_782' title='bbox 2468 5823 2926 5881; x_wconf 87' lang='lat' dir='ltr'><strong>conﬁrmandum</strong></span> <span class='ocrx_word' id='word_1_783' title='bbox 2956 5824 3086 5879; x_wconf 85' lang='lat' dir='ltr'><strong>ﬁdei</strong></span> <span class='ocrx_word' id='word_1_784' title='bbox 3112 5831 3311 5882; x_wconf 75' lang='lat' dir='ltr'><strong>vestrae</strong></span> <span class='ocrx_word' id='word_1_785' title='bbox 3336 5833 3595 5903; x_wconf 91' lang='lat' dir='ltr'><strong>proposi-</strong></span> 
     </span>
    </p>
   </div>
   <div class='ocr_carea' id='block_1_116' title="bbox 1973 5918 3600 5992">
    <p class='ocr_par' dir='ltr' id='par_1_116' title="bbox 1973 5918 3600 5992">
     <span class='ocr_line' id='line_1_116' title="bbox 1973 5918 3600 5992; baseline 0.002 -14"><span class='ocrx_word' id='word_1_786' title='bbox 1973 5928 2092 5978; x_wconf 86' lang='lat' dir='ltr'><strong>tam</strong></span> <span class='ocrx_word' id='word_1_787' title='bbox 2108 5927 2312 5977; x_wconf 84' lang='lat' dir='ltr'><strong>sanctae</strong></span> <span class='ocrx_word' id='word_1_788' title='bbox 2330 5920 2446 5977; x_wconf 87' lang='lat' dir='ltr'><strong>sedi</strong></span> <span class='ocrx_word' id='word_1_789' title='bbox 2467 5919 2785 5992; x_wconf 84' lang='lat' dir='ltr'><strong>apostolicae</strong></span> <span class='ocrx_word' id='word_1_790' title='bbox 2807 5918 3086 5992; x_wconf 87' lang='lat' dir='ltr'><strong>religiosis</strong></span> <span class='ocrx_word' id='word_1_791' title='bbox 3105 5918 3388 5976; x_wconf 89' lang='lat' dir='ltr'><strong>mentibus</strong></span> <span class='ocrx_word' id='word_1_792' title='bbox 3410 5925 3600 5982; x_wconf 73' lang='lat' dir='ltr'><strong>adhae-</strong></span> 
     </span>
    </p>
   </div>
  </div>
