4050 6314
465 355 589 408 1151

1352 349 1637 406 APPEND.
1679 349 1766 406 ΑΙ)
1803 351 1964 406 SIEC.
2009 348 2094 406 IX.
2125 380 2192 391 —
2234 347 2478 408 lSlDORI
2515 351 2940 409 MERCATORIS

3690 356 3832 408 “5'2

461 477 607 529 rere,
638 463 718 529 et,
765 464 934 532 prout
969 475 1112 530 opus
1150 458 1472 530 poposcerit
1512 475 1684 514 sacra:
1715 459 2013 531 religionis
2052 475 2087 513 a
2106 471 2160 546 Α
2188 482 2215 510 ‹‹
2248 460 2525 532 quoniam
2574 477 2754 532 prope
2789 466 2875 515 est
2908 475 3154 530 regnum
3192 459 3292 514 Dei
3329 460 3473 520 (Luc.
3509 476 3621 530 χιι,
3653 461 3766 530 31),
3801 479 3831 510 ››

448 558 764 609 memorata
783 556 978 608 sancta
997 553 1128 608 sede
1147 552 1456 624 apostolica
1476 553 1720 624 spiritali
1745 553 2005 608 omnium
2026 553 2088 608 ﬁ-

453 647 666 703 delium
694 652 880 702 matre
902 646 1169 701 solatium
1195 663 1472 718 quaerere,
1493 647 1636 702 sicut
1657 647 1822 702 decet
1835 646 1982 702 ﬁlios
2000 663 2087 702 co-

457 740 710 796 heeredes
745 740 911 812 regni
943 757 977 794 a
1016 740 1195 812 regali
1237 743 1496 812 parente.
1527 740 1830 796 Ministerio
1861 757 2085 812 quoque

454 834 747 906 praesentis
773 833 966 888 fratris
1007 833 1321 887 cbarissimi
1362 833 1633 888 Bonifacii
1669 850 1843 905 quem
1881 833 1951 887 ad
1988 850 2089 888 vos

453 933 850 983 consecratum
872 927 1203 999 episc0pum
1225 927 1282 982 in
1307 931 1455 982 sorte
1483 927 1903 999 praedicationis
1921 927 2089 982 desti-

459 1021 722 1076 navimus
753 1021 1076 1093 apostolicis
1113 1020 1568 1076 institutionibus
1593 1021 1985 1088 informatum,
2014 1021 2088 1076 ad

455 1115 854 1170 instruendam
881 1115 1051 1170 ﬁdem
1077 1120 1320 1171 vestram
1352 1115 1411 1169 in
1433 1115 1700 1170 omnibus
1719 1115 2001 1185 volumus,
2033 1119 2090 1171 et

457 1211 757 1264 hortamur
779 1209 1105 1265 obedientes
1135 1210 1185 1266 ei
1218 1209 1556 1279 consentire,
1593 1210 1664 1264 ad
1694 1210 2080 1282 complemen-

455 1307 578 1358 tum
605 1303 666 1358 in
693 1303 934 1359 Domino
963 1307 1163 1359 vestra!
1193 1303 1537 1358 salvationis.

600 1428 731 1481 Item
769 1427 998 1496 epistola
1030 1427 1275 1494 Gregorii
1296 1442 1459 1497 papa
1496 1427 1571 1480 ad
1602 1427 1942 1496 Thuringios.

524 1537 834 1592 GREGORIUS
875 1554 1067 1593 servus
1108 1554 1400 1592 servorum
1445 1537 1545 1592 Dei
1580 1537 1844 1592 universo
1878 1538 2087 1608 populo

455 1629 669 1685 Thurin
677 1630 922 1702 giorum.

527 1725 796 1778 Dominus
818 1727 979 1779 Jesus
1009 1724 1267 1780 Christus
1296 1725 1465 1779 Filius
1492 1724 1612 1793 Dei,
1653 1727 1798 1780 Deus
1827 1741 1994 1779 verus
2017 1725 2088 1780 de

455 1817 922 1920 coelod‘escendit,
940 1819 1114 1872 factus
1129 1818 1306 1872 homo
1335 1821 1421 1872 est
1431 1835 1534 1889 pro
1549 1817 1732 1886 nobis,
1751 1818 1867 1889 pati
1892 1821 1949 1872 et
1969 1835 2090 1872 cru-
2109 1845 2166 1917 B

456 1909 608 1980 ciﬁgi
630 1909 894 1981 dignatus
917 1915 1021 1979 est,
1041 1916 1097 1965 et
1118 1912 1387 1981 sepultus,
1406 1911 1577 1965 tertia
1602 1911 1693 1966 die
1718 1911 2028 1966 resurrexit
2054 1928 2087 1965 a

459 2004 721 2071 mortuis,
738 2009 793 2059 et
805 2004 1060 2059 ascendit
1071 2004 1128 2058 in
1147 2005 1330 2072 caelos,
1350 2003 1637 2075 discipulis
1651 2005 1826 2059 etiam
1842 2005 1956 2058 suis
1968 2022 2089 2060 san-

457 2097 559 2152 etis
571 2097 836 2169 apostolis
849 2097 929 2152 ait
946 2116 957 2152 :
977 2119 1002 2147 ‹‹
1019 2100 1248 2165 Euntes,
1265 2098 1460 2153 docete
1477 2115 1672 2154 omnes
1693 2103 1888 2170 gentes
1899 2099 2086 2170 bapti-

457 2195 649 2246 zantcs
665 2209 761 2247 eos
785 2192 844 2246 in
863 2192 1096 2246 nomine
1119 2193 1314 2260 Patris,
1335 2196 1392 2247 et
1413 2192 1554 2259 Filii,
1579 2196 1634 2248 et
1653 2192 1889 2263 Spiritus
1910 2193 2091 2247 sancti

458 2288 674 2357 (Matth.
694 2304 886 2354 xxvm,
910 2289 1015 2357 19).
1037 2310 1063 2337 ››
1086 2288 1208 2358 Ipse
1225 2287 1377 2342 enim
1395 2288 1759 2342 credentibus
1773 2289 1832 2342 in
1845 2304 1902 2342 se
1913 2289 2086 2342 vitam

456 2384 729 2435 aeternam
743 2381 1005 2452 promisit
1017 2381 1191 2451 (Joan.
1213 2398 1292 2449 111,
1314 2382 1420 2451 36).
1443 2383 1749 2452 Cupientes
1767 2398 1904 2453 ergo
1920 2399 2014 2436 vos
2032 2382 2090 2436 in

460 2492 530 2547 pe
542 2480 808 2546 rpetuum
822 2474 1116 2530 nobiscum
1129 2475 1376 2546 gaudere
1393 2475 1484 2530 ubi
1502 2475 1631 2529 ﬁnis
1651 2476 1839 2530 nullus
1865 2481 1969 2546 est,
1985 2492 2091 2531 nec

459 2567 768 2638 tribulatio,
791 2586 893 2623 nec
907 2569 1094 2640 aliqua
1110 2569 1450 2639 amaritudo,
1476 2569 1572 2624 sed
1591 2569 1772 2640 gloria
1800 2570 2092 2641 sempiter-

456 2680 550 2731 na,
583 2662 710 2718 ideo
741 2663 975 2718 fratrem
1006 2667 1266 2717 nostrum
1291 2663 1709 2718 sanctissimum
1743 2663 2091 2718 Bonifacium

459 2759 790 2829 episcopum
817 2757 968 2827 apud
989 2773 1088 2811 vos
1113 2757 1441 2824 direximus,
1471 2761 1536 2811 ut
1556 2774 1655 2812 vos
1677 2757 1883 2812 debeat
1903 2757 2087 2828 bapti-

458 2868 601 2918 zare,
649 2856 704 2906 et
746 2851 921 2905 ﬁdem
966 2851 1172 2905 Christi
1213 2851 1412 2905 docere
1439 2857 1494 2905 et
1519 2851 1588 2905 ab
1616 2868 1808 2907 errore
1839 2851 1911 2906 ad
1938 2852 2088 2906 viam

458 2944 651 2997 salutis
678 2945 974 3006 reducere,
996 2947 1058 2997 ut
1082 2945 1325 2998 salutem
1353 2944 1625 3011 habeatis,
1651 2947 1707 2999 et
1733 2945 1903 2999 vitam
1931 2950 2092 2999 aeter-

456 3053 611 3091 nam.
671 3037 777 3091 Sed
833 3054 931 3090 vos
985 3038 1035 3090 ei
1093 3037 1150 3090 in
1211 3037 1479 3091 omnibus
1531 3038 1776 3108 obedite,
1829 3044 1882 3093 et
1925 3039 2089 3106 sicut,

456 3133 685 3185 Patrem
724 3135 971 3185 vestrum
1000 3130 1161 3184 illum
1191 3130 1492 3201 honorate,
1525 3135 1582 3186 et
1611 3131 1681 3186 ad
1714 3133 1837 3203 ejus
1878 3132 2088 3187 doctri-

455 3240 587 3279 nam
645 3224 815 3278 corda
873 3228 1057 3278 vestra
1108 3223 1394 3292 inclinate,
1441 3225 1577 3296 quia
1623 3225 1782 3279 illum
1827 3242 1938 3280 non
1985 3218 2165 3297 proC

457 3317 612 3371 lucro
643 3317 834 3389 aliquo
863 3317 1168 3388 temporali
1207 3317 1600 3388 conquirendo
1629 3319 1963 3388 direximus,
1991 3320 2088 3375 sed

455 3427 562 3482 pro
591 3412 748 3466 lucro
775 3411 1094 3465 animarum
1120 3416 1436 3465 vestrarum
1464 3413 1616 3484 apud
1643 3429 1740 3467 vos
1767 3430 1900 3467 eum
1927 3414 2085 3468 misi-

455 3521 583 3558 mus
611 3521 624 3558 :
663 3504 880 3576 diligite
909 3521 1046 3575 ergo
1077 3505 1406 3573 Dominum,
1427 3511 1482 3560 et
1501 3506 1560 3560 in
1594 3506 1822 3561 nomine
1843 3507 1965 3578 ejus
1983 3507 2086 3561 ba-

455 3598 726 3670 ptismum
756 3598 1044 3669 suscipite,
1075 3599 1207 3670 quia
1225 3599 1493 3653 Dominus
1515 3603 1660 3655 Deus
1689 3604 1906 3668 noster,
1939 3601 2090 3672 quod

451 3694 643 3747 oculus
671 3693 925 3747 hominis
957 3710 1257 3764 nunquam
1283 3693 1442 3762 vidit,
1487 3711 1592 3749 nec
1619 3694 1675 3748 in
1708 3713 1806 3749 cor
1832 3695 2087 3750 hominis

452 3787 723 3853 ascendit,
766 3788 1103 3858 przeparavit
1151 3788 1521 3858 diligentibus
1566 3805 1623 3844 se
1671 3788 1720 3861 (Ι
1763 3792 1879 3846 Cor.
1918 3805 1976 3857 ιι,
2011 3791 2085 3858 9).

451 3883 572 3936 Jam
604 3882 848 3934 recedite
882 3898 915 3934 a
941 3879 1132 3953 286
1154 3882 1314 3936 malis
1336 3881 1625 3952 operibus,
1654 3889 1708 3938 et
1733 3883 1885 3954 agite
1913 3883 2082 3953 bene,

456 3990 566 4027 non
600 3973 842 4027 adoretis
871 3974 1040 4040 idola,
1073 3990 1175 4028 nec
1214 3974 1519 4030 immoletis
1550 3993 1767 4046 carnes,
1813 3977 1947 4048 quia
1987 3978 2090 4032 Do-

456 4067 646 4121 minus
675 4083 790 4120 non
818 4066 1023 4137 recipit
1049 4067 1175 4121 ista.
1217 4067 1325 4122 Sed
1350 4067 1408 4121 in
1453 4069 1737 4139 omnibus,
1772 4071 2084 4124 secundum

457 4159 610 4234 quod
639 4177 733 4214 vos
761 4159 934 4215 frater
963 4165 1158 4216 noster
1187 4161 1500 4216 Bonifacius
1528 4162 1801 4234 docuerit,
1827 4165 2083 4220 observa-

453 4262 526 4321 te,
558 4260 615 4310 et
642 4253 812 4326 agite,
861 4258 917 4309 et
970 4255 1103 4308 salvi
1142 4255 1318 4323 eritis,
1361 4261 1416 4311 et
1450 4274 1565 4324 vos,
1614 4262 1671 4311 et
1696 4258 1796 4312 ﬁlii
1828 4258 1997 4314 vestri
2028 4258 2087 4314 in

456 4349 884 4421 sempiternum.
938 4349 1125 4405 Facite
1179 4365 1314 4422 ergo
1367 4354 1425 4405 et
1460 4352 1696 4406 domum
1742 4353 1842 4407 ubi
1884 4357 1940 4408 et
1968 4352 2087 4424 ipse

455 4447 619 4499 Pater
640 4447 824 4498 vester
840 4444 1045 4498 debeat
1065 4443 1338 4513 habitare,
1358 4448 1414 4501 et
1433 4446 1706 4501 Ecclesias
1724 4447 1818 4501 ubi
1835 4446 2086 4502 debeatis

455 4553 637 4606 orare,
663 4543 729 4592 ut
754 4540 900 4594 Deus
927 4538 1087 4592 vobis
1106 4538 1404 4610 indulgeat
1428 4544 1658 4611 peccata
1678 4544 1881 4610 vestra,
1903 4544 1959 4596 et
1985 4541 2082 4596 do-

459 4638 555 4688 net
580 4633 736 4688 vobis
767 4632 939 4687 vitam
981 4637 1339 4704 perpetuam.

670 4753 801 4806 Item
820 4751 1045 4821 epistola
1071 4751 1315 4818 Gregorii
1337 4765 1496 4820 papa
1518 4750 1593 4805 ad
1612 4750 1870 4806 Samones.

527 4869 840 4924 Gnsconws
874 4883 1018 4938 papa
1045 4866 1308 4921 universo
1340 4867 1553 4938 populo
1585 4866 1890 4938 provincias
1920 4867 2082 4922 Saxo-

455 4980 617 5018 num.

528 5080 555 5106 ‹‹
585 5057 948 5129 Sapientibus
989 5061 1046 5111 et
1078 5055 1480 5127 insipientibus
1506 5054 1730 5110 debitor
1761 5072 1885 5110 sum
1913 5057 2081 5126 (Rom.

456 5169 495 5217 1,
529 5151 633 5220 14),
664 5173 690 5199 ››
732 5151 934 5218 fateor,
981 5150 1323 5218 charissimi,
1368 5171 1394 5198 ‹‹
1423 5150 1615 5205 volens
1649 5166 1746 5204 vos
1775 5150 1921 5204 scire
1951 5168 2085 5222 qua-

455 5246 568 5298 lem
589 5243 1031 5299 sollicitudinem
1054 5245 1296 5299 habeam
1320 5261 1423 5314 pro
1447 5245 1606 5298 vobis
1631 5245 1760 5313 (Col.
1792 5260 1849 5313 ιι,
1877 5245 1946 5315 1),
1972 5267 2001 5296 ››
2029 5251 2086 5301 et

453 5355 558 5410 pro
591 5337 678 5392 his
709 5338 809 5408 qui
831 5339 1066 5393 verbum
1099 5337 1511 5393 exhortationis
1552 5337 1687 5393 ﬁdei
1714 5340 1844 5394 Jesu
1879 5339 2084 5394 Christi

451 5437 840 5503 susceperunt,
869 5437 925 5487 et
950 5433 1047 5503 qui
1077 5432 1263 5486 adhuc
1291 5432 1613 5503 suscepturi
1634 5441 1784 5499 sunt,
1809 5438 1871 5487 ut
1895 5450 2084 5488 conso-

449 5529 642 5582 lentur
666 5527 839 5582 corda
869 5532 1078 5595 vestra,
1110 5526 1386 5580 instructa
1411 5526 1466 5579 in
1491 5526 1787 5594 charitate,
1811 5527 1942 5582 etin
1967 5544 2083 5581 om-

454 5639 551 5675 nes
581 5621 800 5676 divitias
847 5618 1214 5692 plenitudinis
1253 5619 1592 5687 intellectus,
1623 5621 1680 5675 in
1726 5621 2082 5692 agnitionem

453 5715 707 5784 mysterii
753 5715 852 5769 Dei
902 5712 1081 5767 Patris
1123 5713 1250 5766 Jesu
1295 5712 1560 5768 Christi»
1609 5717 1672 5767 ut
1698 5715 1776 5769 ait
1813 5717 2083 5787 egregius

455 5807 772 5876 Apostolus,
817 5826 845 5858 «
873 5808 934 5860 in
969 5822 1080 5876 quo
1125 5808 1257 5858 sunt
1281 5821 1480 5859 omnes
1507 5807 1758 5861 thesauri
1789 5809 2083 5879 sapientiae

458 5903 513 5950 et
541 5897 789 5951 scientiae
830 5898 1352 5966 absconditi(1bid.,
1387 5900 1459 5968 2).
1496 5919 1521 5944 η
1567 5899 1679 5952 Hoc
1707 5905 1896 5954 autem
1932 5901 2079 5968 dico,

2187 561 2250 608 ut
2275 576 2301 602 ‹‹
2327 571 2495 608 nemo
2515 571 2614 608 vos
2647 554 2894 625 decipiat
2914 554 3160 625 amplius
3189 553 3246 606 in
3279 553 3595 608 subtilitate
3616 570 3834 608 sermo-

2187 665 2323 703 num
2355 650 2484 717 (Col.
2510 664 2570 716 11,
2592 649 2641 717 4)
2673 667 2700 698 »
2725 651 2826 702 aut
2855 647 2914 702 in
2940 663 3285 720 quocunque
3312 648 3550 702 metallo
3577 651 3832 701 vestram

2187 742 2423 796 salutem
2444 741 2710 813 quaeratis
2732 741 3035 796 adorantes
3057 741 3211 795 idola
3235 757 3409 795 manu
3428 741 3598 808 facta,
3627 757 3830 806 aurea,

2187 839 2480 905 argentea,
2519 852 2689 902 aerea,
2724 835 2964 905 lapidea,
2996 836 3085 890 vel
3113 836 3180 889 de
3207 851 3551 906 quacunque
3584 835 3831 889 materia

2189 929 2357 994 facta,
2377 929 2471 999 qui
2495 928 2726 984 falsiﬁco
2756 928 2990 984 nomine
3013 945 3045 983 a
3067 929 3303 999 paganis
3325 929 3641 999 antiquitus
3663 928 3832 999 quasi

2189 1023 2266 1078 dii
2310 1022 2488 1077 vocati
2530 1026 2682 1090 sunt,
2730 1023 2786 1076 in
2828 1023 3033 1093 quibus
3073 1023 3362 1077 daemones
3407 1022 3669 1076 habitare
3720 1039 3827 1075 no-

2189 1121 2441 1170 scuntur.
2464 1115 2778 1180 «Quoniam
2800 1132 2998 1170 omnes
3016 1115 3093 1170 dii
3115 1115 3375 1186 gentium
3393 1115 3671 1169 dazmonia
3691 1118 3832 1169 sunt

2193 1211 2356 1277 (Psal.
2386 1226 2506 1278 xcv,
2537 1213 2608 1279 5),
2644 1231 2670 1258 »
2703 1213 2764 1262 ut
2789 1209 2866 1264 ait
2892 1209 3173 1280 Propheta
3202 1227 3214 1262 :
3251 1232 3276 1257 ‹‹
3309 1208 3580 1262 Dominus
3626 1211 3830 1263 autem

2189 1303 2356 1357 coelos
2379 1302 2510 1357 fecit
2529 1303 2766 1372 (Ibid.).»
2792 1302 3127 1372 Quicunque
3151 1307 3343 1356 autem
3366 1301 3423 1355 in
3445 1301 3601 1355 vobis
3630 1318 3826 1355 susce-

2188 1400 2398 1468 perunt
2419 1395 2702 1451 Christum
2731 1396 3040 1450 Dominum
3075 1400 3356 1461 nostrum,
3384 1395 3442 1449 in
3468 1395 3590 1466 ipso
3617 1395 3822 1448 ambu-

2188 1490 2308 1546 lent
2355 1489 2612 1555 radicati,
2645 1492 2700 1544 et
2739 1488 3197 1561 supermdiﬁcati,
3235 1493 3292 1544 et
3331 1489 3654 1544 conﬁrmati
3687 1487 3827 1550 ﬁde,

2192 1604 2218 1634 ‹‹
2250 1583 2610 1638 abundantes
2651 1583 2710 1636 in
2749 1583 3060 1654 gratiarum
3091 1583 3332 1650 actione,
3377 1582 3566 1637 videte
3594 1598 3666 1637 ne
3699 1582 3830 1652 quis

2189 1694 2287 1731 vos
2321 1677 2569 1748 decipiat
2593 1676 2842 1748 amplius
2872 1693 2974 1748 per
3002 1676 3446 1747 philosophiam,
3493 1680 3552 1730 et
3591 1676 3828 1729 inanem

2187 1771 2467 1825 fallaciam
2510 1770 2642 1840 (Col.
2687 1787 2744 1838 ιι,
2787 1773 2915 1840 6-8).
2945 1767 3329 1836 >>§Astutiores
3369 1774 3502 1824 sunt
3539 1769 3696 1823 enim
3724 1769 3826 1822 ﬁlii

2565 1907 2578 1934 ,
2607 1881 2776 1935 quam
2799 1863 2900 1917 ﬁlii
2927 1863 3069 1918 lucis
3096 1864 3246 1934 (Luc.
3277 1879 3386 1929 va,
3416 1865 3488 1933 8).
3516 1863 3821 1926 Discedite,

2191 1958 2309 2024 ﬁlii,
2339 1958 2408 2012 ab
2439 1958 2721 2012 idolorum
2751 1958 2970 2012 cultura
3011 1958 3058 2027 (Ι
3079 1957 3197 2012 Cor.
3232 1973 3284 2026 x,
3331 1958 3435 2029 14),
3464 1960 3521 2011 et
3550 1956 3826 2021 accedite,

2191 2059 2248 2108 et
2271 2052 2500 2106 adorate
2525 2052 2828 2106 Dominum
2856 2053 3036 2106 Deum
3059 2056 3318 2106 nostrum
3340 2050 3437 2122 qui
3466 2050 3596 2105 fecit
3617 2050 3826 2104 coelum

2191 2153 2246 2201 et
2288 2151 2520 2215 terram,
2567 2162 2726 2200 mare
2771 2151 2826 2200 et
2868 2145 3060 2200 omnia
3101 2161 3230 2216 quae
3274 2145 3334 2199 in
3361 2145 3442 2198 eis
3471 2148 3606 2199 sunt
3636 2145 3825 2213 (Apoc.

2190 2257 2299 2307 xxv,
2333 2245 2404 2310 7),
2433 2243 2490 2295 et
2519 2241 2704 2294 vultus
2735 2239 2904 2294 vestri
2935 2256 3048 2293 non
3081 2239 3435 2305 erubescent,
3480 2255 3626 2292 unus
3669 2237 3827 2292 enim

2193 2335 2464 2388 Dominus
2490 2333 2812 2402 hominum,
2837 2334 3150 2400 volucrum,
3180 2331 3647 2404 quadrupedum,
3671 2335 3728 2385 et
3748 2330 3830 2402 pi-

2190 2429 2366 2483 scium
2403 2450 2431 2477 «
2463 2428 2560 2498 qui
2586 2431 2672 2481 est
2695 2427 3026 2482 benedictus
3054 2427 3115 2480 in
3152 2427 3356 2481 saacula
3380 2426 3724 2480 saeculorum
3757 2427 3830 2494 (II

2193 2526 2309 2580 Cor.
2340 2539 2415 2589 x1,
2437 2521 2544 2592 31).
2577 2541 2603 2572 »
2633 2520 2942 2592 Exspoliate
2974 2536 3110 2591 ergo
3149 2525 3396 2575 veterem
3431 2519 3748 2587 hominem,
3771 2523 3827 2572 et

2191 2616 2407 2670 induite
2434 2615 2718 2670 Christum
2750 2631 2982 2684 novum,
3025 2614 3378 2684 deponentes
3404 2614 3621 2679 omnia,
3655 2613 3822 2678 iram,

2191 2709 2666 2781 indignationem,
2684 2709 2983 2778 malitiam,
3007 2708 3436 2779 blasphemiam,
3455 2713 3684 2778 turpem
3706 2723 3823 2762 ser-

2191 2820 2421 2859 monem
2449 2803 2620 2858 nolite
2642 2803 2712 2856 de
2736 2819 2836 2857 ore
2854 2807 3040 2857 vestro
3060 2801 3373 2873 producere
3392 2801 3524 2873 (Col.
3549 2817 3628 2870 111,
3655 2802 3822 2872 8-10).

2195 2920 2220 2947 ‹‹
2249 2898 2332 2951 Ab
2365 2897 2645 2952 idolorum
2672 2897 2827 2951 cultu
2859 2895 3126 2962 recedite,
3156 2917 3182 2945 »
3209 2896 3333 2966 jam
3361 2894 3517 2949 enim
3547 2895 3820 2966 advespe-

2191 2993 2358 3046 rascit
2389 2991 2527 3046 dies.
2561 2990 2739 3045 Nolite
2765 3006 2883 3045 esse
2911 2989 3077 3044 otiosi
3106 2989 3321 3059 (Matth.
3355 3006 3444 3055 xx,
3477 2991 3549 3055 6),
3590 2989 3686 3042 sed
3717 3005 3824 3060 po-

2189 3086 2299 3140 tius
2327 3085 2640 3156 operamini
2685 3100 2826 3155 opus
2873 3084 3109 3153 bonum,
3149 3086 3211 3137 ut
3238 3083 3492 3140 Christus
3518 3081 3740 3138 habitet
3767 3083 3826 3136 in

2190 3180 2367 3234 vobis.
2399 3199 2424 3230 ς(
2455 3180 2522 3232 Et
2541 3179 2920 3250 quodcunque
2947 3178 3129 3232 facitis
3149 3178 3208 3232 in
3229 3177 3424 3244 verbo,
3449 3181 3548 3231 aut
3567 3176 3628 3230 in
3653 3192 3825 3248 opere

2191 3274 2248 3328 in
2273 3273 2504 3328 nomine
2529 3272 2750 3327 Domini
2782 3272 2959 3327 nostri
2983 3274 3113 3327 Jesu
3140 3271 3348 3327 Christi
3387 3270 3570 3337 facite,
3605 3269 3823 3340 gratias

2190 3371 2424 3438 agentes
2451 3367 2561 3421 Deo
2600 3370 2658 3420 et
2695 3365 2846 3420 Patri
2872 3383 2977 3438 per
3012 3366 3200 3437 ipsum
3229 3366 3360 3436 (Col.
3395 3380 3475 3431 111,
3507 3366 3611 3434 17).
3647 3385 3675 3411 ››
3713 3363 3824 3417 Re-

2191 3466 2458 3533 spuentes
2484 3460 2819 3531 gentilitatis
2847 3463 3079 3527 sectam,
3114 3461 3354 3514 scientes
3381 3475 3477 3512 vos
3508 3458 3689 3512 Deum
3722 3457 3822 3510 ha-

2190 3557 2323 3611 bere
2375 3556 2432 3609 in
2486 3537 2962 3630 coelis.)0rationi
3009 3555 3287 3608 instantes
3329 3553 3471 3623 (Act.
3521 3569 3595 3618 v1,
3634 3552 3710 3619 4),
3756 3552 3825 3610 ad

2189 3649 2475 3704 Christum
2501 3665 2598 3704 cor
2620 3648 2842 3719 erigite,
2871 3648 3145 3720 quoniam
3167 3663 3412 3718 magnus
3438 3649 3522 3701 est
3547 3646 3823 3700 Dominus

2189 3749 2380 3798 noster
2418 3748 2475 3797 et
2509 3742 2808 3797 laudabilis
2843 3742 3017 3797 nimis
3055 3747 3111 3797 et
3135 3740 3404 3796 terribilis
3429 3756 3598 3810 super
3624 3755 3823 3794 omnes

2191 3839 2324 3893 deos
2353 3837 2516 3904 (Psal.
2547 3853 2668 3904 xcv,
2698 3837 2772 3906 4),
2806 3859 2832 3887 ››
2868 3837 2966 3908 qui
3005 3836 3128 3890 vult
3155 3852 3357 3890 omnes
3384 3835 3563 3888 salvos
3589 3833 3734 3900 ﬁeri,
3769 3837 3825 3886 et

2191 3931 2259 3986 ad
2286 3932 2639 4002 agnitionem
2665 3929 2918 3984 veritatis
2941 3929 3234 4001 pervenire
3258 3930 3305 3999 (Ι
3331 3931 3467 3983 Tim.
3491 3945 3549 3994 11,
3568 3927 3643 3999 4),
3665 3950 3692 3976 ››
3715 3927 3822 3981 hoc

2190 4028 2385 4079 autem
2407 4041 2764 4095 commoneo,
2795 4024 3022 4091 fratres,
3053 4028 3112 4078 ut
3133 4023 3461 4094 quicunque
3485 4020 3729 4076 voluerit
3754 4037 3824 4075 ex

2189 4119 2346 4173 vobis
2373 4119 2441 4173 ad
2471 4119 2760 4174 Christum
2783 4117 3059 4186 converti,
3091 4116 3248 4171 nullo
3269 4116 3444 4171 modo
3468 4132 3598 4170 eum
3626 4116 3819 4186 prohi-

2188 4213 2393 4279 beatis;
2423 4230 2611 4284 neque
2639 4215 2751 4268 vim
2780 4213 2832 4267 ei
2861 4211 3079 4266 faciatis
3101 4211 3379 4283 sculptilia
3401 4210 3664 4278 adorare,
3689 4210 3824 4282 quia

2189 4307 2445 4363 Christus
2472 4307 2593 4378 ipse
2612 4307 2883 4362 Dominus
2903 4306 3037 4360 vivit
3063 4322 3192 4360 cum
3226 4306 3338 4360 Deo
3366 4306 3526 4359 Patre
3553 4304 3818 4375 omnipo-

2186 4405 2345 4458 tente
2377 4401 2434 4455 in
2457 4401 2675 4454 unitate
2695 4400 2936 4471 Spiritus
2959 4400 3140 4454 sancti
3161 4415 3262 4470 per
3279 4399 3467 4452 omnia
3491 4398 3693 4452 saecula
3715 4413 3817 4452 sas-

2187 4497 2468 4566 culorum,
2499 4498 2706 4549 Amen.
2749 4494 3093 4561 Charissimi,
3127 4493 3356 4548 ﬁdelem
3383 4491 3731 4557 ministrum,
3765 4497 3821 4546 et

2106 4593 2164 4664 D
2187 4606 2520 4645 conservum
2561 4589 2692 4643 misi
2729 4589 2797 4644 ad
2833 4605 2932 4643 vos
2960 4587 3315 4643 Bonifacium
3341 4586 3600 4654 fratrem,
3635 4590 3691 4640 et
3718 4602 3813 4639 co-

2189 4684 2515 4757 episcopum
2548 4700 2761 4749 meum,
2801 4683 2873 4737 ad
2907 4683 3013 4737 hoc
3043 4682 3231 4753 ipsum
3267 4686 3327 4735 ut
3356 4681 3660 4750 cognoscat
3689 4695 3818 4749 quae

2187 4779 2335 4833 circa
2363 4795 2458 4832 vos
2482 4782 2632 4845 sunt,
2677 4780 2735 4832 et
2759 4777 3084 4832 consoletur
3110 4775 3280 4830 corda
3305 4777 3490 4829 vestra
3517 4775 3688 4828 certa:
3717 4790 3818 4827 ex-

2188 4872 2527 4928 hortationis
2552 4872 2723 4926 verbo
2758 4871 2817 4925 in
2838 4869 3056 4925 Christo
3081 4871 3213 4925 Jesu
3241 4868 3486 4923 Domino
3513 4872 3731 4934 nostro,
3759 4871 3819 4920 ut

2187 4984 2217 5021 a
2235 4966 2510 5021 diabolica
2521 4966 2720 5021 fraude
2734 4965 2976 5034 liberati,
2991 4963 3337 5019 mereamini
3354 4960 3671 5032 adoptionis
3689 4960 3819 5014 ﬁliis

2187 5061 2512 5133 aggregari,
2559 5065 2614 5116 et
2658 5065 2719 5114 ut
2764 5060 2834 5113 ab
2891 5063 3105 5113 aeterna
3156 5057 3524 5112 damnatione
3572 5055 3815 5122 liberati,

2185 5153 2360 5206 vitam
2381 5151 2631 5206 habeatis
2649 5153 2948 5206 aeternam.

2257 5248 2388 5300 Item
2417 5247 2644 5316 epistola
2671 5245 2906 5315 ejusdem
2935 5244 3010 5300 ad
3041 5245 3384 5311 Bonifacium
3418 5244 3742 5312 episcopum.

2257 5339 2745 5396 Reverendissimo
2802 5343 2859 5394 et
2911 5339 3270 5395 sanctissimo
3313 5336 3476 5392 fratri
3523 5337 3816 5390 BONIFACIO

2185 5435 2516 5505 coepiscopo
2547 5437 2856 5490 GREGORIUS
2885 5451 3077 5489 servus
3103 5447 3398 5488 servorum
3427 5429 3548 5485 Dei.

2255 5529 2492 5583 Credita:
2504 5528 2903 5598 speculationis
2916 5527 3296 5584 sollicitudine
3308 5523 3720 5598 permoti,evan
3728 5539 3818 5594 ge-

2185 5623 2287 5678 lica
2300 5639 2528 5694 quoque
2544 5621 2901 5678 institutione
2913 5639 3026 5694 qua
3038 5623 3144 5676 ait:
3165 5621 3496 5676 «Obsecrate
3506 5617 3817 5672 Dominum

2183 5717 2400 5784 messis,
2431 5721 2496 5770 ut
2529 5716 2714 5787 ejiciat
2731 5717 3018 5788 operarios
3038 5717 3099 5770 in
3125 5731 3369 5771 messem
3397 5728 3558 5768 suam
3582 5712 3730 5782 (Luc.
3761 5727 3812 5779 x,

2183 5812 2256 5881 2).
2277 5832 2302 5859 ››
2322 5812 2499 5865 Tuam
2518 5810 2754 5880 proinde
2776 5811 3147 5866 reverendam
3161 5808 3581 5864 fraternitatem
3600 5805 3670 5859 ad
3697 5804 3818 5858 imi-

2184 5904 2459 5958 tationem
2482 5906 2891 5975 apostolorum,
2923 5909 2982 5959 ut
3010 5903 3250 5958 Domino
3271 5903 3509 5974 jubente
3549 5897 3812 5971 praecepti
