4050 6372
189 409 207 459 1
226 408 323 460 153
1428 401 1827 459 DECRETALII

1942 403 2326 460 COLLECTIO.
3422 412 3438 462 1
3459 412 3557 464 154

190 517 361 568 sunt:
397 536 427 562 «ι
456 514 667 568 Euntes
696 513 1002 585 praedicata
1036 512 1413 586 Evangelium
1448 513 1656 585 regni:
1690 529 1819 583 gra-
1844 525 1905 597 Α
1927 514 1983 567 in
2015 514 2137 568 talis
2181 514 2506 568 commercii
2549 515 2706 569 lucro
2751 531 2882 569 cum
2926 517 3047 569 tota
3089 515 3427 585 plaudimus
3457 519 3558 571 Ec-

187 606 259 661 tis
290 607 612 678 accepistis,
633 607 810 678 gratis
830 608 963 664 date
981 608 1198 680 (Matth.
1220 625 1278 679 x,
1298 612 1353 675 7,
1376 605 1468 679 8)»
1493 606 1827 679 inpartibus
1925 606 2110 662 clesia.
2151 607 2289 661 Hinc
2319 607 2453 678 jure
2478 607 2583 662 tibi
2617 608 2761 663 sacri
2788 607 2943 680 pallii
2976 608 3285 664 direximus
3326 626 3558 677 munus,

187 700 589 771 Hesperiarnm
637 701 711 756 ad
758 702 1243 757 illuminationem
1290 702 1608 758 Germaniae
1639 703 1827 773 gentis
1925 700 2078 773 quod
2106 700 2255 755 beati
2285 700 2435 756 Petri
2473 702 2712 772 apostoli
2747 701 3086 757 auctoritate
3129 703 3445 775 suscipiens
3472 704 3559 758 in-

184 793 244 847 in
271 793 477 848 umbra
505 795 703 850 mortis
741 796 996 852 sedentis
1023 796 1170 868 (Luc.
1203 812 1241 864 ι,
1271 794 1360 866 79)
1392 795 1639 866 dirigere
1672 812 1823 867 prce-
1926 794 2139 864 duaris,
2163 796 2336 866 atque
2365 795 2519 850 inter
2548 796 3002 868 archiepiscopos
3026 812 3177 851 unus
3192 798 3306 851 Deo
3335 802 3561 853 auctore

185 886 454 955 vidimus,
482 888 706 943 lucrum
755 889 889 945 inde
929 894 998 945 ut
1039 892 1342 961 apportare
1386 889 1639 957 deberes,
1668 889 1826 960 quasi
1837 886 1864 969 Ι
1925 887 2286 959 praecipimus
2315 892 2380 943 ut
2404 890 2709 944 censearis.
2739 889 2998 955 Qualiter
3023 890 3180 945 enim
3203 906 3269 945 eo
3293 890 3475 945 utaris
3494 908 3560 945 ex

185 996 379 1035 servus
403 981 499 1035 ille
529 982 599 1036 de
630 982 862 1053 negotio
894 983 1116 1051 talenti,
1146 983 1290 1037 sicut
1314 982 1591 1054 scriptum
1623 985 1727 1051 est,
1758 982 1824 1035 ti-
1925 982 2191 1037 mandato
2213 982 2525 1052 apostolico
2546 983 2884 1038 informatus
2903 984 3323 1055 cognosces,ita
3341 987 3402 1038 ut
3423 984 3559 1038 dum
3570 974 3617 1085 ί

189 1073 296 1128 dus
320 1073 380 1128 in
406 1073 603 1130 futuro
645 1076 860 1131 auctori
886 1076 1092 1131 asserit
1116 1077 1232 1131 Deo
1258 1075 1478 1131 fecisse.
1505 1076 1667 1140 Quod
1693 1076 1827 1147 quia
1926 1075 2230 1129 missarum
2260 1076 2537 1130 solemnia
2564 1078 2739 1147 geris,
2762 1079 2851 1132 vel
2875 1078 3203 1148 episcopum
3231 1080 3287 1133 te
3314 1078 3538 1149 contige

188 1183 253 1221 ex
279 1167 624 1223 obedientiae
655 1169 895 1224 munere
945 1169 1329 1225 ministerium
1357 1169 1515 1224 verbi
1543 1169 1828 1224 cernimus
1928 1168 2002 1224 rit
2028 1185 2380 1236 consecrare,
2408 1170 2503 1224 illo
2536 1171 2934 1226 tantummodo
2967 1176 3223 1243 tempore
3262 1188 3329 1226 eo
3362 1170 3557 1226 utaris.

188 1260 437 1329 adolere,
469 1264 527 1316 et
550 1261 972 1332 praedicationis
997 1262 1286 1334 praeconio
1315 1261 1595 1333 populum
1621 1261 1823 1315 inﬁde-

189 1354 323 1424 lem,
351 1358 416 1409 ut
451 1354 771 1423 innotuisti,
803 1355 1128 1411 audivimus
1158 1355 1430 1423 converti,
1461 1355 1687 1410 Domini
1722 1350 1841 1425 po-l

192 1446 384 1501 tentias
412 1446 627 1518 gratias
652 1448 986 1517 referentes,
1018 1452 1080 1503 ut
1108 1448 1227 1519 ipse
1255 1464 1288 1503 a
1312 1464 1424 1520 quo
1446 1448 1658 1502 bonum
1689 1432 1824 1518 pro-

188 1538 339 1594 cedit
370 1538 502 1609 (Jac.
536 1557 574 1607 1,
610 1542 715 1612 17),
746 1544 804 1596 et
847 1541 918 1596 ad
959 1541 1313 1613 agnitionem
1349 1542 1469 1595 vult
1501 1557 1702 1596 omnes
1731 1530 1861 1603 τῖε-,Ι

187 1633 312 1687 nire
338 1633 596 1688 veritatis
625 1637 670 1703 (Ι
696 1636 833 1689 Tim.
862 1651 921 1704 ιι,
953 1633 1032 1706 4),
1060 1634 1161 1689 tibi
1203 1638 1482 1705 optamus,
1509 1640 1575 1689 ut
1618 1651 1823 1705 coope-

188 1729 345 1781 retur
374 1729 434 1781 et
461 1744 495 1781 a
523 1726 775 1781 tenebris
797 1728 869 1782 ad
891 1728 1081 1783 lucem
1111 1728 1387 1798 populum
1417 1727 1575 1782 illum
1597 1744 1711 1782 suae
1733 1745 1828 1799 po-

1929 1262 2071 1327 Quia
2096 1279 2230 1317 vero
2260 1263 2477 1331 turbas,
2504 1263 2725 1318 Domini
2757 1265 2943 1335 gratia
2970 1264 3028 1318 in
3060 1264 3277 1319 eisdem
3306 1264 3563 1336 partibus

1929 1356 2001 1410 ad
2023 1358 2238 1410 rectam
2267 1355 2443 1410 ﬁdem
2470 1356 2757 1411 asseruisti
2789 1373 3109 1426 conversas,
3134 1358 3379 1428 nequire
3400 1361 3455 1413 te
3476 1374 3562 1413 oc-

1928 1465 2158 1503 currere
2182 1448 2447 1503 omnibus
2474 1465 2542 1504 ea
2564 1466 2691 1520 quae
2719 1451 2915 1504 salutis
2938 1453 3073 1504 sunt
3091 1450 3448 1521 impendere,
3464 1455 3562 1505 aut

1926 1542 2216 1612 intimare,
2247 1542 2517 1612 cumjam
2549 1544 2719 1614 longe
2748 1543 2972 1615 lateque
3002 1544 3187 1614 gratia
3213 1543 3416 1598 Christi
3436 1544 3561 1615 ejus

1926 1636 2067 1691 ﬁdes
2109 1636 2168 1690 in
2214 1635 2326 1690 illis
2377 1636 2632 1706 partibus
2677 1640 3046 1708 propagetur,
3090 1637 3456 1709 praecipimus
3500 1643 3561 1692 ut

1921 1730 2083 1800 juxta
2110 1745 2400 1785 sacrorum
2431 1746 2715 1785 canonum
2744 1734 2975 1800 statuta,
3004 1730 3102 1784 ubi
3131 1730 3433 1785 multitudo
3463 1747 3558 1785 ex-

187 1819 384 1874 tentiaa
415 1818 789 1891 inspiratione
819 1821 1054 1876 reducat
1079 1821 1126 1892 (Ι
1150 1824 1291 1877 Petr.
1319 1838 1376 1889 ιι,
1401 1823 1471 1891 9).
1507 1821 1643 1875 Hinc
1669 1820 1825 1875 enim
1846 1893 1883 1895 _
1927 1823 2100 1877 crevit
2118 1822 2393 1892 ﬁdelium,
2416 1838 2481 1878 ex
2502 1822 2701 1895 vigore
2725 1823 3052 1894 apostolica:
3079 1823 3227 1879 sedis
3248 1823 3455 1877 debeas
3478 1840 3564 1877 or-

186 1911 343 1966 vobis
362 1928 584 1967 merces
603 1913 827 1984 copiosa
843 1913 1145 1982 credimus,
1170 1915 1322 1986 quod
1342 1914 1412 1969 ab
1434 1914 1826 1986 omnipotente
1845 1893 1903 1965 B
1927 1915 2126 1970 dinare
2153 1916 2475 1987 episcopos;
2499 1916 2593 1987 pia
2620 1920 2816 1971 tamen
2836 1917 3344 1988 contemplatione,
3366 1919 3429 1970 ut
3446 1933 3565 1972 non

188 2005 431 2061 Domino
458 2007 772 2063 ascribatur
800 2008 859 2062 in
899 2007 1052 2062 coelis
1077 2008 1291 2075 (Matth.
1321 2024 1375 2077 v,
1413 2008 1512 2077 l2.)
1547 2028 1575 2055 «
1608 2008 1825 2063 Bonum
1928 2010 2155 2065 vilescat
2188 2008 2431 2081 dignitas
2461 2009 2835 2081 episcopatus.
2868 2010 3269 2081 Presbyterum
3315 2025 3563 2081 namque

191 2098 345 2153 enim
414 2103 729 2169 certamen,
783 2121 810 2150 ν
861 2101 905 2155 si
952 2102 1410 2172 perseveraveris,
1459 2102 1637 2173 possis
1697 2118 1829 2156 cum
1927 2119 2099 2174 quem
2129 2102 2417 2174 praeterito
2461 2102 2748 2158 asseruisti
2789 2119 2940 2158 anno
2987 2103 3063 2157 ad
3104 2120 3208 2159 nos
3248 2104 3559 2171 advenisse,

188 2193 459 2264 Apostolo
490 2193 681 2249 dicere
706 2212 718 2248 :
752 2215 779 2244 α
805 2195 1048 2265 Certavi,
1081 2211 1312 2250 cursum
1339 2195 1749 2262 consummavi,
1767 2194 1827 2249 ﬁ-

194 2287 327 2341 dem
353 2287 577 2343 servavi
602 2288 675 2358 (H
711 2291 849 2344 Tim.
878 2305 952 2356 1v,
982 2290 1054 2357 7).
1086 2311 1113 2338 ››
1144 2289 1248 2344 Sed
1292 2293 1356 2343 ut
1393 2305 1667 2345 coronam
1698 2305 1826 2359 per-

192 2379 365 2451 cipias
394 2380 603 2436 laboris
627 2381 841 2438 insiste.
870 2382 1171 2438 Pollicetur
1201 2383 1355 2438 enim
1388 2384 1536 2438 Deus
1566 2398 1823 2455 perseve-

194 2474 448 2529 rantibus
477 2474 535 2529 in
570 2475 683 2531 ﬁne
711 2477 974 2546 salutem,
1007 2493 1108 2532 nec
1135 2482 1192 2531 te
1218 2477 1393 2532 minas
1419 2481 1693 2545 terreant,
1722 2493 1827 2530 nec

196 2567 465 2638 dejiciant
488 2571 759 2638 terrores,
784 2570 884 2624 sed
909 2569 1082 2625 ﬁxam
1111 2570 1169 2623 in
1198 2572 1311 2625 Deo
1336 2574 1540 2626 tenens
1560 2571 1825 2625 ﬁduciam

193 2661 441 2716 veritatis
460 2662 697 2718 verbum
727 2664 1021 2719 denuntia.
1044 2663 1163 2718 Erit
1180 2664 1333 2718 enim
1357 2681 1423 2718 ex
1444 2664 1728 2735 adjutorio
1750 2665 1828 2718 di-

194 2754 327 2810 vino
347 2755 645 2827 perfectio,
673 2760 899 2812 tantum
928 2758 1001 2812 sit
1018 2758 1237 2813 bonum
1257 2757 1316 2812 in
1345 2757 1638 2813 voluntate
1660 2775 1822 2829 Opus.

195 2849 375 2919 Igitur
394 2853 639 2920 quantos
660 2850 729 2905 ab
748 2867 939 2907 errore
961 2850 1323 2921 converteris,
1349 2852 1693 2923 syllabarum
1710 2857 1830 2906 tua-

1929 2200 2233 2267 nostroque
2274 2195 2494 2267 judicio
2540 2196 2715 2250 fuisse
2743 2213 2775 2250 a
2805 2198 2921 2252 suis
2962 2196 3194 2251 nefariis
3239 2196 3557 2253 absolutum

1927 2288 2241 2344 actionibus
2268 2289 2488 2358 credas,
2520 2305 2704 2361 neque
2746 2290 2908 2344 nobis
2939 2289 3315 2347 confessiones
3343 2290 3561 2361 aliquas

1925 2382 2077 2450 fecit,
2108 2398 2211 2437 nec
2241 2399 2275 2437 a
2300 2383 2486 2450 nobis,
2515 2387 2581 2437 ut
2609 2400 2741 2438 suos
2771 2384 2993 2453 expleat
3035 2383 3246 2451 libitus,
3277 2383 3563 2439 absolutus

1927 2481 2029 2544 est,
2058 2477 2154 2532 sed
2184 2476 2227 2528 si
2259 2492 2391 2530 eum
2418 2475 2597 2530 errori
2626 2476 2903 2544 deditum,
2932 2477 3083 2532 hunc
3121 2477 3441 2548 apostolicae
3469 2494 3559 2531 se-

1928 2570 2011 2625 dis
2040 2570 2255 2641 vigore,
2288 2573 2349 2623 ut
2370 2570 2536 2640 juxta
2579 2573 2907 2625 sanctorum
2948 2587 3235 2625 canonum
3263 2588 3558 2626 censuram

1927 2663 2176 2733 corrigas
2215 2662 2595 2733 praecipimus,
2626 2667 2681 2717 et
2723 2663 3011 2729 emendes,
3042 2663 3125 2718 vel
3167 2664 3213 2717 si
3257 2681 3397 2735 quos
3442 2665 3559 2719 for-

1925 2762 2072 2811 tasse
2100 2756 2235 2810 tales
2265 2755 2568 2811 inveneris.
2604 2757 2699 2810 Ille
2739 2758 2917 2826 enim,
2944 2757 3244 2829 presbyter
3285 2774 3431 2826 sum,
3462 2757 3558 2812 ait.

1929 2849 2434 2904 Commendatitias
2463 2850 2615 2922 apud
2640 2849 2822 2905 ﬁlium
2852 2853 3107 2905 nostrum
3135 2851 3401 2906 Carolum
3422 2851 3563 2906 litte-

194 2958 320 2996 rum
372 2943 650 2999 recensito
696 2947 849 3000 textu
894 2946 1281 3017 cognovimus,
1311 2945 1427 3000 laeti
1469 2945 1675 3000 uberes
1715 2946 1826 2999 Deo
1928 2959 2021 2997 ras
2053 2942 2302 3014 expetiit.
2351 2934 2576 2998 Nullam
2621 2943 2703 2998 illi
2747 2944 2917 2998 aliam
2961 2944 3345 3000 concessimus
3381 2944 3561 2999 licen-

195 3035 402 3106 gratias
421 3039 673 3109 agentes,
692 3019 761 3093 de
781 3040 939 3095 lucro
961 3039 1281 3094 animarum
1313 3039 1686 3094 exsultamus.
1704 3042 1831 3095 Por-
1931 3038 2089 3106 tiam,
2119 3053 2293 3108 quem
2322 3035 2482 3092 vitari
2510 3038 2556 3091 si
2586 3054 2759 3109 prave
2789 3042 3156 3094 conversatur
3175 3054 3308 3093 cum
3335 3038 3566 3110 reliquis

195 3146 256 3184 ro
280 3145 387 3201 pro
416 3130 678 3202 episcopo
705 3132 805 3187 illo
832 3132 930 3204 qui
955 3150 1106 3188 nunc
1134 3149 1311 3204 usque
1339 3133 1555 3188 desidia
1585 3133 1830 3204 quadam
1930 3131 2213 3199 volumus,
2236 3131 2584 3203 eosdemque
2613 3148 2754 3204 quos
2782 3149 2815 3186 a
2840 3132 3081 3204 paganis
3109 3132 3422 3204 baptizatos
3443 3149 3564 3187 esse

195 3224 253 3277 in
282 3223 484 3278 eadem
518 3228 687 3295 gente
734 3226 1154 3296 praedicationis
1184 3227 1418 3282 verbum
1455 3227 1827 3281 disseminare
1849 3264 1904 3339 Ο
1930 3224 2237 3291 asseruisti,
2275 3225 2320 3279 si
2352 3226 2429 3279 ita
2473 3225 2715 3279 habetur
2743 3229 2810 3280 ut
2853 3226 3041 3280 denuo
3083 3224 3336 3297 baptizes
3364 3225 3423 3279 in
3455 3243 3562 3280 no-

196 3318 524 3339 _-_1-_-_-L
573 3326 617 3339 ,ι
650 3337 758 3339 _____-
782 3337 794 3339 _
833 3320 933 3339 ,ειν
966 3338 988 3339 η
1010 3324 1083 3339 κρι
1238 3337 1297 3339 ηη
1320 3338 1327 3339 ,
1377 3322 1386 3331 '
1420 3320 1467 3339 ',,
1498 3337 1625 3339 "-M,
1648 3321 1685 3339 ΑΙ
1717 3321 1756 3339 ’κ
1788 3338 1795 3339 ,
1930 3318 2077 3339 ___2__-
2108 3317 2391 3339 m_-1_21_13_
2420 3318 2768 3339 M___J___-_-_
2826 3320 3040 3339 l_1__.__
3075 3322 3349 3339 -_._.--1-_.-
3391 3319 3537 3339 --1.,1

196 3318 547 3389 neglexerat,
567 3326 622 3374 et
649 3337 801 3375 nunc
828 3320 937 3375 sibi
962 3324 1209 3391 partem,
1228 3322 1390 3392 quasi
1418 3320 1476 3374 in
1497 3321 1827 3391 parochiam
1853 3317 1904 3339 ν
1930 3318 2083 3374 mine
2108 3317 2394 3373 Trinitatis
2420 3318 2791 3373 mandamus.
2826 3320 3048 3373 Interea
3073 3322 3357 3390 agrestem
3384 3319 3561 3374 cabal-

196 3411 491 3481 defendat,
511 3414 707 3469 Carolo
733 3414 1209 3470 excellentissimo
1238 3415 1354 3469 ﬁlio
1377 3418 1592 3483 nostro,
1615 3418 1675 3468 ut
1696 3431 1826 3469 eum
1930 3414 2046 3467 lum
2092 3413 2414 3483 aliquantos
2457 3412 2766 3482 adjunxisti
2817 3412 3136 3479 comedere,
3166 3412 3469 3484 plerosque
3509 3416 3564 3467 et

195 3510 524 3577 compescat
546 3507 876 3575 suadentes,
908 3509 1163 3580 paternis
1192 3507 1393 3563 litteris
1419 3509 1744 3580 scripsimus
1773 3513 1829 3562 et
1930 3505 2322 3561 domesticum.
2354 3507 2465 3560 Hoc
2489 3522 2857 3578 nequaquam
2885 3506 3009 3560 ﬁeri
3031 3506 3316 3577 deinceps,
3337 3507 3565 3561 sanctis-

193 3599 497 3668 credimus,
527 3601 678 3672 quod
710 3602 816 3656 hoc
842 3602 1022 3657 vetari
1063 3603 1377 3674 praecipiat.
1408 3605 1531 3674 Ipse
1557 3619 1691 3657 vero
1724 3619 1825 3673 ορ-
1929 3601 2091 3667 sime,
2113 3599 2284 3667 sinas,
2305 3598 2503 3666 frater,
2528 3599 2625 3654 sed
2647 3598 2852 3670 quibus
2874 3600 3128 3671 potueris
3162 3600 3275 3654 Deo
3305 3599 3561 3670 juvantc,

192 3697 458 3765 portune,
483 3693 813 3766 importune
842 3695 1149 3766 praedicare
1178 3713 1307 3768 quae
1331 3700 1461 3751 sunt
1482 3696 1696 3765 salutis,
1711 3712 1827 3750 non
1930 3693 2113 3749 modis
2144 3709 2245 3765 per
2276 3693 2470 3747 omnia
2514 3708 2827 3763 compesce,
2858 3697 2912 3747 et
2953 3692 3189 3764 dignam
3218 3692 3300 3747 eis
3330 3692 3563 3748 indicite

195 3786 422 3843 desinas
447 3787 524 3859 (ΙΙ
552 3790 687 3843 Tim.
720 3806 792 3858 1v,
821 3789 897 3861 2).
931 3790 1109 3860 Igitur
1149 3790 1454 3861 Thuringis
1499 3795 1554 3844 et
1596 3790 1825 3844 Germa-
1929 3786 2340 3860 paenitentiam.
2364 3786 2733 3841 Immundum
2751 3786 3183 3858 estenimatque
3204 3786 3563 3842 exsecrabile.

192 3881 302 3936 uiae
330 3881 545 3952 populo
576 3898 639 3937 ea
673 3899 800 3954 quae
828 3882 899 3937 ad
929 3883 1136 3938 animae
1185 3883 1495 3955 respiciunt
1524 3884 1826 3938 utilitatem
1929 3884 2036 3936 Pro
2065 3880 2411 3935 obeuntibus
2456 3879 2671 3953 quippe
2718 3881 3067 3935 consuluisse
3114 3881 3486 3951 dignosceris,
3520 3880 3566 3935 si

195 3979 251 4029 et
269 3974 512 4029 salutem
544 3974 789 4032 scribere
820 3993 934 4031 non
968 3977 1287 4048 omisimus,
1304 3977 1451 4033 inter
1471 3976 1583 4031 alia
1609 3983 1673 4032 ut
1692 3994 1824 4032 con-

195 4070 421 4123 struant
446 4069 731 4140 episcopia
762 4076 817 4125 et
854 4071 1129 4126 Ecclesias
1162 4071 1410 4127 condant
1439 4071 1825 4143 injungentes.

194 4163 317 4233 Ipse
344 4161 499 4217 enim
531 4162 631 4233 qui
665 4179 778 4217 non
810 4165 929 4218 vult
954 4169 1201 4220 mortem
1228 4165 1557 4236 peccatoris,
1588 4166 1689 4220 sed
1715 4183 1830 4221 ma-

1928 3976 2095 4031 liceat
2124 3974 2438 4030 oblationes
2481 3973 2707 4029 offerre.
2741 3975 2948 4030 Sancta
2993 3974 3070 4029 sic
3112 3979 3266 4029 tenet
3302 3975 3565 4046 Ecclesia,

1928 4075 1993 4124 ut
2019 4070 2258 4141 quisque
2292 4085 2396 4139 pro
2434 4068 2550 4123 suis
2582 4069 2820 4124 mortuis
2846 4085 2975 4124 vere
3010 4068 3341 4124 Christianis
3369 4068 3570 4125 offerat

1932 4164 2263 4231 oblationes,
2282 4167 2456 4233 atque
2479 4163 2778 4233 presbyter
2798 4178 2995 4217 eorum
3019 4162 3359 4217 memoriam
3380 4163 3564 4219 faciat.

196 4255 280 4326 gis
314 4259 379 4309 ut
421 4260 805 4326 convertatur,
835 4261 891 4312 et
929 4258 1074 4313 vivat
1102 4259 1313 4328 (Ezech.
1360 4276 1546 4329 χχχιιι,
1585 4263 1690 4331 ll),
1723 4247 1873 4334 erit,
1930 4258 1995 4311 Et
2026 4257 2285 4328 quamvis
2322 4270 2523 4310 omnes
2566 4256 2813 4326 peccatis
2854 4256 3274 4326 subjaceamus,
3306 4258 3570 4328 congruit

196 4349 467 4404 omnibus
486 4348 720 4405 daturus
746 4351 1169 4407 incrementum
1193 4352 1242 4423 (Ι
1258 4356 1377 4411 Cor.
1406 4369 1487 4422 III,
1512 4354 1582 4423 7).
1610 4354 1754 4408 Deus
1774 4358 1828 4407 te

194 4442 547 4498 incolumem
569 4444 870 4499 custodiat.
886 4446 1026 4500 Data
1047 4445 1232 4516 pridie
1247 4448 1435 4502 Nonas
1447 4448 1710 4503 Decemb.
1726 4447 1829 4501 im-

196 4541 431 4607 perante
456 4536 694 4592 domino
714 4537 965 4609 piissimo
991 4541 1249 4609 Augusto
1278 4541 1467 4596 Leone
1492 4559 1526 4596 a
1542 4542 1656 4597 Deo
1676 4558 1829 4596 coro-

1932 4356 1992 4405 ut
2018 4350 2279 4405 sacerdos
2307 4365 2409 4420 pro
2438 4348 2678 4403 mortuis
2710 4348 3005 4403 catholicis
3030 4348 3373 4405 memoriam
3400 4350 3568 4405 faciat

1931 4450 1985 4499 et
2044 4443 2376 4511 intercedat,
2435 4458 2553 4497 non
2618 4445 2811 4498 tamen
2874 4458 2979 4514 pro
3041 4442 3254 4513 impiis,
3307 4444 3565 4514 quamvis

1928 4536 2228 4593 Christiani
2274 4536 2507 4602 fuerint,
2538 4536 2649 4590 tale
2692 4535 2827 4606 quid
2873 4551 3045 4607 agere
3090 4535 3303 4592 licebit.
3336 4537 3477 4592 Nam
3510 4541 3569 4593 et

195 4634 347 4697 nato,
370 4647 580 4702 magno
605 4631 970 4702 imperatore,
994 4649 1146 4687 anno
1171 4636 1237 4699 8;
1269 4634 1368 4688 sed
1387 4640 1443 4689 et
1461 4635 1827 4690 Constantino
1848 4636 1907 4708 D
1929 4650 2025 4690 eos
2049 4632 2145 4704 qui
2173 4647 2231 4686 se
2262 4628 2525 4684 dubitant
2552 4628 2722 4683 fuisse
2750 4628 3064 4700 baptizatos
3089 4646 3162 4684 an
3188 4646 3325 4696 non,
3348 4632 3430 4685 vel
3466 4633 3565 4702 qui

195 4740 407 4796 magno
419 4724 761 4795 imperatore
774 4727 895 4797 ejus
913 4726 1210 4795 ﬁlio,anno
1224 4727 1759 4796 quinto,indictione
1774 4734 1826 4784 8.

230 4820 479 4889 Epistola
509 4820 752 4889 Gregorii
789 4836 954 4890 papa
978 4822 1052 4875 ad
1088 4821 1428 4887 Boni/actum
1463 4824 1787 4894 episcopum.

267 4912 754 4968 Reverendissimo
809 4917 865 4968 et
926 4913 1273 4969 sanctissimo
1324 4914 1485 4967 fratri
1538 4916 1827 4972 BONIFACIO

198 5005 534 5077 coepiscopo
562 5007 631 5061 ad
659 5007 1137 5064 illuminationem
1186 5006 1367 5079 gentis
1393 5007 1711 5063 Germaniae
1742 5010 1829 5062 vel

198 5099 644 5171 circumquaque
693 5101 752 5155 in
801 5101 1002 5155 umbra
1048 5102 1247 5157 mortis
1288 5102 1641 5157 morantibus
1681 5101 1825 5173 (Luc.

200 5210 241 5262 ι,
257 5193 370 5264 79),
388 5194 654 5264 gentibus
679 5195 738 5249 in
756 5211 949 5250 errore
970 5196 1288 5251 constitutis
1306 5196 1376 5251 ab
1394 5196 1497 5250 hac
1519 5195 1829 5266 apostolica

200 5286 300 5341 Dei
321 5287 566 5343 Ecclesia
588 5288 824 5359 directo,
844 5289 1155 5345 Gnaoomus
1182 5307 1375 5345 servus
1394 5305 1685 5345 servorum
1707 5290 1824 5343 Dei.

202 5398 207 5405 “
269 5381 473 5451 Magna
512 5398 612 5436 nos
655 5381 852 5438 habuit
901 5383 1228 5454 gratulatio,
1261 5383 1421 5439 lectis
1466 5382 1828 5438 sanctissimae

198 5474 577 5530 fraternitatis
616 5480 729 5531 tute
775 5477 998 5545 litteris,
1029 5494 1159 5532 cum
1190 5479 1248 5532 in
1276 5479 1376 5546 eis,
1405 5478 1617 5533 relecta
1662 5477 1826 5545 serie,

196 5568 399 5623 fuisset
437 5572 727 5640 repertum
772 5570 999 5624 Domini
1031 5571 1209 5625 nostri
1246 5572 1375 5626 Jesu
1416 5571 1621 5628 Christi
1649 5570 1829 5642 gratia

196 5661 482 5734 plurimos
504 5666 555 5718 te
572 5680 603 5717 a
631 5663 950 5734 gentilitate
977 5667 1034 5718 et
1058 5680 1246 5719 errore
1266 5666 1338 5719 ad
1359 5682 1502 5720 verae
1522 5665 1657 5720 ﬁdei
1677 5664 1831 5736 agni-

196 5755 423 5811 tionem
437 5757 804 5813 convertisse.
823 5758 981 5822 Quod
1003 5757 1138 5829 quia
1158 5757 1350 5813 divina
1365 5759 1716 5814 institutione
1738 5759 1831 5813 do-

196 5865 409 5931 cemur‘
425 5849 486 5904 in
518 5850 821 5921 parabolis,
851 5851 941 5906 cui
967 5850 1218 5923 quinque
1247 5852 1455 5908 talenta
1482 5852 1693 5908 credita
1713 5852 1831 5906 fue-

197 5947 351 6012 rant,
379 5943 489 5999 alia
519 5943 772 6016 quinque
805 5944 976 6000 fuisse
1007 5946 1287 6001 lucratum
1315 5947 1528 6017 (Matth.
1558 5963 1685 6015 xxv,
1717 5950 1826 6019 20),

608 6041 880 6106 PATROL.
932 6042 1156 6108 CXXX.

1931 4745 1963 4782 a
1993 4727 2323 4799 presbytero
2349 4723 2465 4778 Jovi
2505 4727 2808 4790 mactante,
2840 4726 2898 4776 et
2936 4723 3327 4779 immolatitias
3366 4742 3564 4781 carnes

1930 4824 2213 4885 vescente,
2245 4822 2309 4873 ut
2352 4816 2775 4888 rebaptizentur
2803 4815 3187 4888 praecipimus.
3218 4818 3557 4889 Progeniem

1930 4932 2063 4970 vero
2090 4930 2250 4969 suam
2295 4927 2585 4983 quemque
2614 4909 2896 4989 usquead
2935 4910 3236 4981 septimam
3264 4912 3563 4970 observare

1930 5008 2290 5064 decernimus
2334 4992 2831 5097 generationem.l
2841 5005 2926 5071 Et,
2968 5003 3012 5056 si
3054 5004 3318 5072 valueris,
3359 5007 3559 5077 devita,

1928 5118 2002 5157 ne
2045 5100 2288 5171 amplius
2344 5098 2435 5153 cui
2490 5098 2761 5153 mulieres
2810 5096 3057 5152 obierint
3101 5097 3318 5152 duabus
3359 5100 3565 5157 debeat

1929 5194 2199 5266 copulari.
2231 5194 2311 5247 De
2338 5192 2429 5246 his
2456 5208 2589 5246 vero
2625 5190 2863 5247 dicimus
2894 5191 2992 5263 qui
3019 5195 3259 5262 patrem,
3292 5198 3558 5263 matrem,

1929 5289 2187 5356 fratrem,
2216 5289 2315 5339 aut
2356 5302 2612 5340 sororem
2660 5285 2994 5351 occiderint,
3024 5288 3090 5339 ut
3123 5290 3239 5339 toto
3273 5286 3403 5341 vitae
3443 5306 3561 5345 suae

1930 5385 2188 5452 tempore
2208 5395 2412 5449 corpus
2438 5396 2552 5433 non
2574 5379 2888 5450 suscipiant
2914 5378 3273 5434 Dominicum
3296 5381 3404 5436 nisi
3422 5385 3561 5439 tem—

1930 5491 2066 5546 pore
2112 5471 2297 5526 exitus
2344 5487 2447 5542 pro
2474 5470 2693 5526 viatico.
2737 5472 3072 5527 Abstineant
3113 5473 3284 5528 etiam
3331 5492 3410 5546 se,
3442 5483 3498 5531 et
3527 5498 3558 5531 a

1931 5567 2114 5624 carnis
2157 5564 2527 5630 comestioue,
2558 5570 2613 5619 et
2660 5568 2798 5633 potu
2841 5565 2976 5632 vini,
3008 5567 3185 5621 donec
3224 5568 3554 5639 advixerint,

1924 5663 2186 5734 jejunent
2211 5658 2543 5725 secundam,
2562 5662 2823 5727 quartam
2856 5661 2912 5711 et
2943 5663 3158 5715 sextam
3186 5661 3378 5731 ferias,
3398 5667 3461 5717 ut
3480 5666 3557 5720 sic

1931 5755 2145 5828 possint
2164 5752 2473 5808 dcfluentes
2496 5750 2711 5804 diluere
2732 5751 3099 5805 commissum
3126 5754 3326 5809 scelus.
3343 5756 3477 5812 Nam
3502 5764 3559 5813 et

1931 5852 2038 5905 hoc
2052 5850 2202 5904 inter
2215 5846 2325 5902 alia
2338 5843 2645 5900 discrimen
2657 5843 2748 5915 agi
2764 5844 2820 5898 in
2840 5862 2875 5915 p
2884 5844 3162 5897 reesentibi
3173 5846 3338 5901 isillis
3348 5849 3554 5920 dixisti,

1932 5945 2078 6018 quod
2108 5942 2335 6015 quidam
2367 5955 2430 5995 ex
2456 5937 2729 5993 ﬁdelibus
2753 5938 2823 5992 ad
2861 5935 3279 5991 immolandum
3322 5945 3556 6012 paganis

3084 6037 3156 6095 37
