4050 6318
518 342 652 394 1155

1372 338 1657 392 ΑΡΡΕΝΙ).
1702 337 1790 391 ΑΙ)
1830 338 1990 392 δἉΕΟ.
2035 338 2120 391 IX.
2155 368 2221 378 —
2252 338 2495 393 ISIDORI
2531 338 2950 394 MERCATORIS

3751 342 3766 391 1
3785 342 3884 391 156

514 461 614 500 sua
643 446 977 500 venundant
1016 445 1315 516 mancipia,
1353 445 1462 499 hoc
1493 449 1559 499 ut
1581 461 1929 516 magnopere
1971 445 2150 499 corri-
2173 446 2572 533 Afaciendam
2641 447 2752 500 Deo
2816 446 3046 517 plebem
3108 445 3415 517 perfectam
3481 446 3622 513 (Luc.
3675 461 3713 512 ι,
3777 449 3885 513 17),

515 554 652 609 gere
671 539 896 606 debeas,
917 540 1111 606 frater,
1128 540 1524 606 admonemus,
1546 555 1651 593 nec
1677 539 1830 592 sinas
1842 538 1964 592 ﬁeri
1978 539 2146 594 ultra.

513 631 703 687 Scelus
726 634 880 686 enim
909 636 993 686 est
1018 635 1075 686 et
1095 633 1385 704 impietas.
1406 633 1494 687 Eis
1524 649 1663 702 ergo
1695 633 1794 702 qui
1821 633 1926 686 hoc
1945 648 2144 703 perpe-

513 730 804 780 traverunt
833 725 1077 780 similem
1123 727 1430 782 homicida
1477 726 1694 780 indices
1735 725 2144 796 paenitentiam.

512 821 581 873 At
624 819 848 889 quoties
891 820 1225 891 episcopum
1269 819 1706 885 consecraveris,
1746 819 1858 874 duo
1900 820 1986 874 vel
2035 821 2147 874 tres

512 912 853 968 conveniant
881 918 1074 968 tecum
1107 915 1374 985 episcopi,
1399 917 1461 968 ut
1487 915 1606 968 Deo
1633 913 1705 967 sit
1736 918 1962 983 gratum
1994 913 2146 984 quod

513 1006 748 1077 geritur,
781 1010 838 1060 et
867 1007 949 1061 eis
978 1007 1448 1062 convenientibus
1480 1007 1728 1079 ipsisque
1770 1007 2148 1078 praesentibus

511 1115 822 1154 consecres.
858 1101 987 1154 Hac
1019 1103 1094 1168 te,
1125 1101 1300 1158 frater
1326 1100 1672 1168 charissime,
1702 1100 2008 1171 diligenter
2035 1116 2147 1154 ser-

511 1209 645 1248 vare
674 1193 958 1263 volumus,
996 1201 1054 1249 et
1087 1195 1270 1250 studio
1302 1194 1526 1264 pietatis
1555 1198 1802 1265 coeptum
1847 1195 2145 1264 negotium

513 1287 705 1342 salutis
749 1303 1079 1358 exsequere,
1118 1291 1181 1341 ut
1228 1288 1298 1342 de
1344 1289 1499 1343 lucro
1543 1290 1840 1359 apportato
1885 1288 2073 1342 valeas
2113 1304 2146 1340 a

513 1380 751 1434 Domino
794 1381 902 1434 Deo
931 1385 1126 1436 nostro
1160 1381 1488 1436 mercedem
1518 1381 1811 1452 percipere
1841 1381 1900 1434 in
1931 1382 2146 1435 atcrna

2252 539 2621 610 prasentium
2657 539 2995 610 portitorem
3037 539 3358 594 litterarum
3391 536 3769 607 Bonifacium,
3802 554 3889 592 re-

2247 632 2722 688 verendissimum
2739 633 2979 687 fratrem
3001 637 3261 688 nostrum
3287 649 3352 686 ac
3372 631 3774 703 coepiscopum
3800 649 3889 685 or-

2247 726 2450 780 dinans
2481 726 2550 780 ad
2579 742 2676 780 vos
2705 742 2882 798 usque
2910 725 3231 792 destinavit,
3261 741 3511 796 eumque
3544 725 3803 795 regulam
3830 731 3890 778 et

2247 836 2512 874 normam
2555 819 2878 890 apostolicae
2909 822 2966 873 et
2994 819 3286 874 catholica
3324 817 3459 872 ﬁdei
3494 819 3766 873 Romana
3793 818 3887 872 cui

2247 912 2363 967 Deo
2395 917 2626 968 auctore
2677 912 3028 967 deservimus
3069 912 3330 968 Ecclesia
3379 911 3618 966 edocens
3650 912 3884 981 direxit,

2247 1011 2302 1060 et
2326 1011 2450 1077 post
2477 1009 2802 1077 temporum
2832 1006 3035 1077 spatia,
3069 1005 3336 1060 orationis
3362 1021 3548 1072 causa,
3579 1006 3653 1060 ad
3677 1005 3886 1060 limina

2245 1099 2539 1154 beatorum
2565 1099 2893 1170 Principum
2921 1098 3309 1170 apostolorum
3343 1116 3466 1153 sese
3494 1099 3880 1170 prasentavit,

2248 1197 2304 1247 et
2330 1209 2456 1264 qua
2486 1193 2556 1246 ad
2583 1192 2824 1248 salutem
2852 1193 3178 1246 animarum
3205 1192 3512 1262 pertinent,
3536 1209 3568 1245 a
3594 1191 3762 1246 nobis
3783 1209 3880 1246 ex-

2247 1286 2422 1355 poscit
2453 1285 2654 1354 imbui,
2687 1303 2813 1356 nos,
2843 1288 2955 1341 Deo
2985 1286 3228 1355 favente,
3259 1290 3322 1339 ut
3352 1301 3509 1340 sacra
3539 1285 3704 1340 docet
3729 1285 3879 1340 Scri-

2245 1383 2434 1450 ptura,
2469 1395 2601 1434 eum
2629 1379 2945 1446 edocentes,
2976 1379 3049 1434 ad
3078 1396 3196 1447 vos,
3229 1379 3568 1445 charissimi,
3592 1382 3880 1432 remeatu-

510 1473 879 1528 beatitudine.
935 1474 1303 1546 Privilegium
1354 1492 1489 1529 vero
1540 1475 1704 1544 juxta
1753 1474 1906 1545 quod
1955 1473 2143 1544 petisti
2211 1458 2786 1548 ‘\rum,absolvimus,
2815 1474 3112 1528 hortantes
3138 1490 3236 1528 vos
3261 1474 3320 1528 in
3347 1472 3604 1542 Domino,
3623 1476 3688 1526 ut
3705 1472 3882 1543 digne

510 1566 801 1633 facientes,
829 1565 919 1620 his
957 1568 1224 1638 junctum
1271 1567 1607 1635 direximus,
1646 1570 1902 1638 optantes
1945 1571 1998 1620 te
2037 1568 2140 1621 Do-

511 1659 653 1712 mini
683 1660 780 1713 Dei
804 1659 982 1714 nostri
1027 1660 1289 1731 prasidio
1335 1662 1404 1715 de
1435 1660 1799 1715 conversione
1829 1660 2143 1714 errantium

510 1751 729 1808 Christo
758 1753 870 1807 Deo
902 1758 1096 1807 nostro
1129 1753 1523 1824 plenissimum
1549 1758 1717 1824 atque
1742 1753 2030 1824 integrum
2051 1770 2143 1824 ap-

2245 1567 2559 1638 suscipiatis
2588 1567 2656 1620 ab
2685 1583 2751 1622 eo
2779 1566 3015 1622 verbum
3044 1565 3469 1633 exhortationis,
3499 1569 3556 1621 et
3581 1566 3883 1637 episcopos

2243 1661 2330 1714 vel
2358 1661 2740 1732 presbyteros,
2767 1677 2909 1733 quos
2948 1660 3064 1732 ipse
3103 1660 3446 1715 ordinaverit
3473 1676 3577 1730 per
3606 1659 3877 1731 apostoli-

2244 1771 2371 1809 cam
2397 1754 2502 1808 sibi
2532 1755 2723 1809 datam
2755 1753 3151 1808 auctoritatem
3183 1753 3242 1808 in
3269 1753 3530 1810 Ecclesia
3555 1751 3878 1807 ministerio

509 1849 742 1916 portare
769 1845 1012 1900 lucrum.
1043 1848 1187 1901 Deus
1219 1849 1273 1902 te
1305 1847 1651 1901 incolumem
1680 1846 1975 1912 custodiat,
1990 1863 2144 1900 reve-
2164 1831 2220 1903 B
2243 1846 2549 1920 recipiatis,
2573 1852 2630 1903 et
2655 1864 2795 1918 quos
2822 1849 3016 1903 forsan
3048 1846 3338 1902 deviantes
3358 1845 3639 1902 invenerit
3657 1862 3691 1900 a
3711 1848 3878 1901 recta

511 1938 847 1994 rendissime
876 1940 1067 1994 frater.

511 2048 794 2115 Hucusque
825 2045 1114 2114 Gregorius
1159 2062 1194 2100 a
1232 2049 1411 2115 primo
1448 2047 1730 2102 secundus.
1771 2050 1907 2103 Hinc
1945 2050 2140 2118 Grego-

989 2119 1104 2172 rius
1131 2133 1166 2171 a
1191 2118 1418 2172 secundo
1437 2119 1649 2186 junior.

581 2211 891 2266 GREGORIUS
905 2210 1452 2282 espiscopus,servus
1465 2227 1759 2267 servorum
1774 2213 1892 2282 Dei,
1908 2213 2143 2269 dilectis-

505 2304 669 2359 simis
695 2304 854 2359 nobis
884 2303 1148 2358 omnibus
1168 2303 1897 2375 episcopis,venerabilibus
1915 2307 2142 2378 presby-

508 2398 660 2465 teris,
714 2397 993 2468 religiosis
1053 2397 1348 2452 abbatibus
1403 2398 1659 2452 omnium
1704 2399 2138 2470 provinciarum.

582 2490 875 2545 «Domino
915 2493 1258 2561 cooperante
1305 2493 1363 2544 et
1409 2507 1728 2546 sermonem
1767 2492 2142 2548 conﬁrmante

506 2587 696 2656 (Marc.
729 2599 842 2651 XVI,
874 2586 984 2655 20),
1021 2605 1047 2632 »
1078 2599 1325 2655 prasens
1363 2584 1750 2638 sanctissimus
1787 2585 1891 2651 vir,
1916 2586 2137 2640 Bonifa-

508 2679 649 2747 cius,
679 2679 855 2733 frater
881 2695 944 2732 ac
972 2677 1335 2748 coepiscopus
1381 2680 1590 2745 noster,
1619 2678 1860 2732 verbum
1890 2679 2143 2734 veritatis

507 2773 650 2826 sicut
697 2789 730 2825 a
774 2770 1188 2842 pradecessore
1233 2773 1426 2824 nostro
1478 2775 1688 2826 sancta
1734 2772 2141 2826 recordationis

505 2864 776 2936 Gregorio
807 2865 1046 2936 prasule
1075 2865 1134 2918 in
1151 2863 1262 2918 illis
1282 2864 1541 2935 partibus
1564 2865 1768 2918 missus
1793 2865 1980 2920 fuerat
2001 2882 2141 2936 pra-

507 2959 696 3014 dicare
721 2959 958 3013 verbum
985 2959 1083 3012 Dei
1111 2965 1239 3030 post
1279 2960 1528 3014 multum
1577 2960 1870 3031 temporis,
1902 2961 2138 3016 Domino

505 3056 847 3124 cooperante
889 3052 1176 3107 anhelanti
1220 3053 1530 3122 desiderio,
1564 3053 1835 3108 orationis
1865 3071 2050 3121 causa,
2079 3056 2141 3109 li-

507 3147 756 3201 minibus
809 3145 980 3200 sacris
1032 3145 1329 3200 beatorum
1378 3145 2138 3219 principum_apostolorum

505 3240 656 3294 Petri
681 3245 737 3294 et
779 3239 931 3294 Pauli
974 3213 1412 3310 prasentandus
1453 3213 1849 3312 advenitloui
1891 3242 2141 3312 perfecta

503 3333 757 3388 oratione
786 3333 858 3386 ad
888 3336 1187 3404 acceptum
1221 3333 1476 3388 laborem
1506 3335 1709 3404 angelo
1743 3335 1966 3390 Domini
1993 3352 2138 3406 pra-

504 3427 688 3482 viante
719 3445 749 3481 a
779 3427 941 3482 nobis
970 3431 1054 3481 est
1085 3427 1390 3482 absolutus.
1424 3427 1524 3484 Cui
1550 3431 1733 3482 vestra
1757 3429 2016 3483 omnium
2054 3430 2136 3484 di-

502 3522 668 3576 lectio
702 3538 802 3576 seu
829 3520 1168 3587 reverentia,
1204 3526 1260 3574 et
1287 3521 1626 3592 religiositas
1670 3527 1901 3593 propter
1931 3523 2138 3578 Christi

504 3631 758 3670 amorem
768 3613 1066 3686 juvamina
1086 3614 1421 3686 impendere
1436 3616 1772 3686 dignemini,
1788 3614 1976 3689 287
2001 3617 2138 3672 dum

504 3713 560 3764 et
585 3709 893 3781 agnoscitis
919 3725 1045 3780 qua
1073 3709 1349 3763 Dominus
1376 3712 1569 3764 noster
1597 3711 1754 3765 Jesus
1785 3710 2038 3766 Christus
2058 3712 2139 3766 in-

504 3803 647 3875 quit,
679 3803 870 3858 dicens
902 3819 914 3856 :
947 3802 1056 3866 Qui
1097 3803 1407 3874 susceperit
1435 3805 1778 3874 prophetam
1808 3805 1868 3859 in
1906 3806 2138 3861 nomine

505 3898 823 3968 propheta,
839 3896 1160 3951 mercedem
1177 3896 1471 3966 propheta
1490 3898 1755 3968 accipiet;
1773 3903 1829 3954 et
1841 3900 1938 3970 qui
1957 3915 2139 3955 susce-

505 3991 652 4061 perit
668 3991 891 4060 justum
919 3989 979 4042 in
1008 3989 1240 4043 nomine
1273 3989 1436 4058 justi,
1471 3991 1797 4046 mercedem
1821 3992 1961 4063 justi
1989 3994 2134 4048 acci-

505 4082 624 4154 piet
650 4082 866 4150 (Matth.
911 4099 967 4148 x,
1013 4082 1121 4151 41).
1173 4083 1237 4136 Et
1283 4082 1327 4134 si
1372 4082 1610 4138 forsitan
1657 4085 1784 4155 quis
1829 4101 1898 4140 ex
1942 4088 2138 4142 vestris

507 4175 784 4230 ministris
818 4191 938 4231 sese
984 4176 1104 4246 ipso
1153 4175 1507 4232 sanctissimo
1553 4177 1672 4232 viro
1716 4178 1775 4232 in
1821 4179 2136 4236 ministerio

507 4269 915 4329 exhortationis
944 4271 1155 4324 sancta
1195 4269 1605 4343 catholicaque
1651 4270 1786 4326 ﬁdei
1823 4273 2136 4346 adjungere

505 4362 762 4432 voluerit,
794 4362 950 4418 nullo
990 4363 1160 4417 modo
1189 4363 1556 4434 prohibeatis,
1586 4365 1927 4422 charissimi.
1964 4367 2138 4438 Magis

507 4462 700 4512 autem
731 4473 1072 4511 concursum
1099 4457 1372 4527 prabete,
1404 4462 1461 4512 et
1486 4475 1548 4513 ex
1581 4465 1765 4514 vestro
1803 4461 1935 4515 ovili
1973 4461 2134 4532 adju-

2243 1941 2377 1997 ﬁdei
2425 1941 2675 2010 tramite,
2707 1958 2803 1996 seu
2835 1941 3106 1996 canonica
3136 1941 3415 2008 doctrina,
3443 1956 3650 2012 eosque
3677 1938 3875 2010 prohi-

2242 2035 2451 2103 buerit,
2482 2052 2516 2090 a
2544 2035 2701 2090 vobis
2736 2036 2892 2090 nullo
2921 2035 3092 2090 modo
3122 2034 3488 2107 impediatur,
3521 2035 3580 2088 et
3613 2033 3768 2106 quod
3798 2032 3877 2087 eis

2246 2129 2574 2200 impositum
2621 2129 2791 2184 fuerit
2833 2129 3154 2185 obediendo
3201 2133 3434 2200 propter
3475 2130 3654 2184 Deum
3699 2127 3876 2182 susci-

2243 2222 2419 2293 piant.
2441 2225 2584 2277 Nam
2609 2223 2710 2294 qui
2734 2225 3051 2278 temerator
3075 2222 3356 2278 exstiterit
3383 2222 3454 2276 ad
3485 2221 3875 2277 obediendum

2244 2315 2461 2387 sibiipsi
2507 2316 2932 2370 damnationem
2973 2316 3234 2387 acquirit,
3261 2332 3360 2370 vos
3404 2318 3616 2382 autem,
3658 2314 3876 2368 charis-

2245 2408 2392 2478 simi,
2413 2408 2510 2480 qui
2540 2409 2602 2463 in
2631 2408 2865 2463 nomine
2897 2408 3103 2464 Christi
3129 2408 3396 2479 baptizati
3417 2408 3569 2477 estis,
3585 2406 3876 2462 Christum

2242 2501 2502 2557 induistis
2534 2502 2673 2572 (Gal.
2708 2519 2788 2568 ιιι,
2829 2502 2938 2572 27),
2977 2501 3251 2556 abstinete
3296 2505 3354 2555 et
3397 2501 3699 2571 prohibete
3743 2517 3873 2555 vos-

2241 2595 2514 2668 metipsos
2555 2595 2625 2650 ab
2671 2594 2826 2650 omni
2874 2596 3037 2666 culpa
3078 2611 3438 2667 paganorum
3478 2610 3598 2649 non
3643 2596 3873 2649 tantum

2242 2689 2609 2768 vosmetipsos
2634 2688 3005 2759 corrigentes,
3031 2688 3370 2757 charissimi,
3400 2687 3502 2742 sed
3533 2691 3592 2742 et
3621 2687 3877 2742 subditos

2207 2769 2217 2782 ’
2240 2781 2738 2928 vestros.LDivinos
2765 2786 2956 2837 autem
2975 2782 3062 2835 vel
3090 2782 3404 2852 sortilegos,
3429 2780 3705 2836 sacriﬁcia
3722 2797 3878 2836 mor-

2241 2879 2472 2928 tuorum
2525 2877 2578 2928 e1
2601 2876 2912 2928 lucrorum.
2931 2875 3016 2928 vel
3031 2875 3280 2928 fontium
3301 2874 3562 2928 auguria.
3586 2874 3674 2928 vel
3695 2875 3878 2928 phila-

2241 2879 2472 2931 tuorum
2489 2874 2578 2932 vel
2601 2876 2912 2942 lucrorum,
2931 2875 3016 2930 vel
3031 2875 3280 2930 fontium
3301 2874 3562 2946 auguria,
3586 2874 3674 2929 vel
3695 2875 3878 2945 phila-

2242 2970 2439 3038 cteria,
2458 2970 2543 3024 vel
2561 2969 2946 3024 incantatores
2968 2973 3026 3023 et
3054 2970 3354 3036 veneficos,
3380 2969 3434 3023 id
3457 2972 3562 3036 est,
3585 2968 3875 3023 maleﬁcos

2241 3069 2297 3119 et
2335 3063 2758 3118 observationes
2803 3063 3124 3134 sacrilegas,
3155 3078 3285 3134 qua
3329 3063 3388 3117 in
3422 3061 3621 3118 vestris
3661 3061 3874 3116 ﬁnibus

2241 3158 2363 3213 ﬁeri
2409 3157 2685 3226 solebant,
2715 3157 2947 3212 omnino
2995 3159 3347 3228 respuentes,
3375 3160 3496 3212 tota
3534 3156 3743 3212 mentis
3783 3156 3871 3211 in-

2241 3252 2496 3307 tentione
2525 3251 2596 3306 ad
2625 3251 2936 3306 Dominum
2981 3249 3396 3318 convertimini,
3427 3250 3618 3322 ipsum
3642 3249 3869 3320 timete,

2239 3346 2468 3401 adorate
2504 3351 2560 3400 et
2599 3345 2990 3416 honoriﬁcate,
3021 3347 3348 3399 sanctorum
3389 3343 3686 3399 memoriis
3711 3360 3869 3398 com-

2240 3439 2616 3507 municantes,
2648 3445 2708 3493 ut
2732 3439 2810 3494 ait
2836 3439 3137 3512 Apostolus
3169 3440 3334 3507 (Rom.
3365 3454 3457 3506 xu,
3487 3439 3589 3506 13).
3626 3437 3688 3493 Si
3719 3438 3871 3492 enim

2239 3535 2381 3588 ﬁdes
2394 3536 2597 3603 vestra,
2613 3533 2849 3590 Domino
2864 3533 3286 3600 dicente,fuerit
3299 3537 3358 3586 ut
3374 3547 3620 3602 granum
3638 3531 3871 3602 sinapis,

2239 3627 2432 3682 dicetis
2461 3628 2641 3682 monti
2679 3626 2829 3692 huic,
2859 3626 3123 3680 Transfer
3152 3631 3210 3680 et
3246 3624 3622 3680 transferetur
3653 3626 3870 3694 (Matth.

2240 3737 2366 3789 xvn,
2415 3724 2518 3791 19).
2574 3722 2692 3792 ipse
2737 3720 2891 3776 enim
2937 3720 3211 3774 Dominus
3261 3721 3318 3773 et
3363 3718 3618 3774 Salvator
3661 3723 3870 3784 noster,

2237 3818 2394 3871 Jesus
2417 3815 2688 3885 Christus,
2715 3815 2774 3869 in
2801 3830 2901 3869 suo
2939 3830 3098 3868 sacro
3130 3813 3360 3884 eloquio
3387 3811 3593 3883 inquit,
3626 3812 3824 3867 dicens
3857 3830 3869 3865 :

2242 3933 2268 3959 ‹‹
2287 3909 2496 3980 Diliges
2511 3908 2823 3963 Dominum
2852 3909 3034 3962 Deum
3062 3912 3225 3962 tuum
3254 3923 3319 3961 ex
3345 3910 3464 3961 toto
3490 3905 3659 3961 corde
3680 3911 3874 3973 tuo,et

2239 4021 2302 4059 ex
2355 4007 2472 4058 tota
2513 4002 2706 4056 anima
2751 4007 2870 4069 tua,
2903 4007 2958 4056 et
3003 4017 3072 4056 ex
3108 4005 3231 4056 tota
3277 4000 3483 4054 virtute
3525 4004 3622 4054 tua
3653 4002 3869 4068 (Matth.

2239 4113 2370 4166 χχιι,
2400 4098 2509 4167 37),
2541 4118 2568 4144 ››
2612 4099 2669 4150 et
2715 4096 2966 4150 iterum:
2999 4114 3026 4146 «
3079 4094 3183 4162 Qui
3227 4109 3320 4148 me
3361 4094 3654 4148 confessus
3699 4093 3874 4147 fuerit

2239 4207 2434 4245 coram
2458 4190 2808 4258 hominibus,
2826 4193 2884 4243 et
2897 4205 3002 4260 ego
3019 4188 3333 4243 conﬁtebor
3348 4203 3479 4242 eum
3499 4203 3693 4241 coram
3707 4188 3868 4241 Patre

2237 4301 2364 4339 meo
2404 4284 2501 4355 qui
2538 4289 2621 4338 est
2671 4283 2729 4337 in
2771 4283 2923 4338 calis
2955 4283 3172 4353 (Matth.
3206 4299 3258 4349 x,
3301 4281 3410 4351 3'2).
3441 4302 3467 4329 ››
3513 4280 3675 4334 Unde
3717 4283 3774 4334 et
3813 4280 3870 4333 in

2239 4379 2349 4433 alio
2375 4379 2496 4432 loco
2521 4376 2786 4449 promisit
2828 4376 3021 4432 dicens
3051 4393 3064 4431 :
3103 4397 3130 4426 «
3159 4375 3549 4444 Quodcunque
3589 4373 3872 4444 petieritis

2237 4473 2464 4527 Patrem
2493 4471 2552 4525 in
2591 4471 2828 4526 nomine
2871 4487 3001 4525 meo
3037 4471 3139 4524 ﬁet
3167 4468 3324 4524 vobis
3349 4468 3527 4539 (Joan.
3560 4483 3670 4534 x1v,
3705 4469 3812 4537 13).
3842 4491 3867 4516 ››

505 4556 657 4648 tores
688 4549 740 4606 ei
782 4551 1014 4648 trib-uite
1048 4550 1145 4648 qui
1184 4551 1402 4648 possint
1440 4569 1546 4648 per
1571 4553 1669 4608 Dei
1706 4555 1948 4625 gratiam
1978 4555 2135 4610 sufﬁ-
2156 4576 2215 4648 D
2240 4567 2306 4621 Et
2330 4565 2539 4621 iterum
2570 4581 2582 4619 :
2609 4585 2636 4614 «
2665 4564 2842 4620 Petite
2864 4568 2921 4617 et
2949 4562 3257 4634 accipietis,
3285 4560 3524 4633 quaerite
3545 4564 3602 4616 et
3621 4561 3874 4616 invenie-

508 4645 724 4700 cienter
750 4644 1013 4715 gentibus
1057 4644 1379 4699 ministrare
1421 4647 1658 4701 verbum
1697 4648 2134 4719 pradicationis,

510 4741 569 4792 ut
599 4738 981 4809 omnipotenti
1024 4739 1140 4792 Deo
1186 4743 1378 4794 nostro
1414 4739 1634 4794 animas
1677 4741 2046 4809 lucrifaciant,
2073 4746 2139 4796 ut

510 4837 566 4886 et
591 4837 774 4887 vestra
800 4831 1182 4886 communitas
1207 4831 1345 4886 boni
1374 4834 1561 4903 operis
1588 4833 1904 4904 portionem
1936 4836 2134 4890 sortia-

508 4931 620 4995 tur,
643 4931 812 4996 atque
832 4925 912 4979 illi
939 4927 1273 4980 mereantur
1304 4927 1662 4981 Dominicam
1694 4945 1885 4983 vocem
1903 4929 2097 4985 audire
2121 4948 2133 4984 :

509 5021 618 5074 Vos
634 5020 734 5090 qui
760 5018 1145 5089 dereliquistis
1167 5020 1359 5074 omnia
1380 5024 1436 5074 et
1461 5021 1633 5076 secuti
1652 5022 1786 5076 estis
1808 5039 1921 5091 me,
1945 5027 2137 5080 centu-

506 5114 666 5184 plum
685 5111 990 5182 accipietis,
1004 5112 1245 5167 etvitam
1263 5117 1532 5170 aternam
1552 5115 1904 5184 possidebitis
1917 5117 2133 5187 (Matth.

508 5222 616 5272 nx,
644 5208 754 5274 29).
787 5207 934 5258 Bene
961 5205 1155 5260 valete.

957 5310 1203 5379 Epistota
1235 5312 1477 5380 Gregorii
1499 5329 1682 5383 papae.

579 5405 891 5458 GREGORIUS
902 5418 1047 5474 papa
1057 5403 1332 5458 universis
1345 5405 1706 5475 optimatibus
1722 5413 1778 5464 et
1793 5410 2000 5480 pOpulo
2015 5427 2136 5481 pro-

504 5498 822 5553 vinciarum
842 5497 1177 5564 Germania,
1192 5498 1496 5571 Thuringis
1518 5506 1574 5555 et
1593 5503 1804 5569 Thesis,
1823 5507 1879 5556 et
1898 5504 2132 5558 Bortha-

507 5593 602 5661 ris,
628 5594 686 5645 et
706 5591 987 5653 Nistresis,
1019 5591 1349 5658 Unedredis,
1381 5599 1437 5648 et
1463 5595 1726 5663 Lognais,
1752 5596 2054 5666 Sudnodis,
2082 5603 2136 5651 et

508 5685 785 5740 Graffeltis
813 5686 895 5736 vel
930 5684 1195 5738 omnibus
1227 5685 1280 5738 in
1314 5687 1573 5740 orientali
1597 5689 1765 5759 plaga
1793 5691 2130 5744 constitutis.

578 5777 859 5840 Quoniam
922 5776 1298 5846 pradecessor
1363 5782 1552 5831 noster
1604 5788 1807 5837 sancta
1870 5784 2129 5838 recorda-

506 5869 674 5924 tionis
727 5869 1032 5937 Gregorius
1083 5869 1306 5938 prasul,
1356 5876 1495 5924 nutu
1560 5873 1746 5928 divino
1805 5879 1994 5929 motus
2063 5877 2132 5930 ad

2239 4660 2329 4727 tis,
2351 4659 2568 4730 pulsate
2596 4663 2653 4713 et
2679 4658 2967 4730 aperietur
2991 4656 3168 4711 vobis.
3189 4655 3388 4711 Omnis
3411 4654 3564 4710 enim
3581 4655 3684 4726 qui
3703 4655 3870 4726 petit,

2237 4753 2441 4824 accipit
2471 4769 2483 4807 :
2507 4757 2563 4808 et
2581 4751 2679 4825 qui
2706 4751 2908 4824 quarit
2932 4750 3147 4805 invenit
3177 4767 3189 4803 :
3223 4754 3280 4804 et
3304 4749 3554 4821 pulsanti
3582 4749 3873 4820 aperietur

2242 4848 2384 4915 (Luc.
2420 4863 2497 4914 x1,
2529 4850 2581 4914 9,
2614 4847 2717 4916 10).
2766 4868 2793 4893 ››
2839 4848 2906 4901 Et
2935 4861 3053 4911 vos,
3080 4842 3420 4910 charissimi,
3456 4842 3621 4898 facite
3652 4843 3869 4897 fructus

2238 4940 2458 5012 dignos,
2479 4945 2542 4994 ut
2559 4939 2619 4994 in
2647 4939 2737 4994 die
2763 4939 3039 4994 adventus
3065 4937 3291 4993 Domini
3305 4935 3490 4991 nostri
3507 4937 3531 4991 J
3539 4952 3639 4990 esu
3660 4936 3871 4990 Christi

2237 5033 2486 5103 sidereas
2511 5033 2848 5088 mereamini
2871 5032 3107 5103 adipisci
3127 5029 3472 5086 mansiones.
3493 5029 3644 5084 Bene
3666 5029 3870 5084 valete.

2267 5123 2318 5173 λ
2519 5131 2649 5183 Item
2683 5127 2910 5197 epistola
2951 5127 3094 5181 beati
3126 5125 3370 5194 Gregorii
3397 5139 3582 5194 papa.

2310 5220 2695 5276 Dilectissimis
2724 5220 2886 5274 nobis
2912 5219 3043 5273 filiis
3075 5218 3134 5272 in
3167 5217 3453 5289 provincia
3481 5215 3874 5286 Bajoariorum

2237 5321 2294 5370 et
2320 5315 2653 5372 Alamannia
2672 5313 3012 5379 constitutis,
3043 5312 3510 5380 JUGGO,LUIDON1,
3534 5311 3806 5376 Rmouo,
3825 5317 3876 5365 et

2236 5412 2516 5478 PHIPBILO,
2549 5409 2773 5464 Sevxoa:
2798 5411 3107 5463 Gnaeomvs
3135 5422 3298 5477 papa.

2269 5503 2555 5558 Catholica
2567 5505 2954 5556 etsanctorum
2971 5503 3197 5555 Patrum
3205 5499 3370 5570 jubet
3380 5497 3880 5567 auctoritas,utbis

2238 5596 2292 5649 in
2309 5614 2457 5652 anno
2470 5613 2573 5668 pro
2596 5595 2775 5650 salute
2803 5595 2998 5666 populi
3018 5593 3327 5649 Christiani
3357 5609 3456 5646 seu
3484 5591 3878 5647 exhortatione

2236 5690 2556 5762 adoptionis
2566 5689 2810 5744 ﬁliorum
2822 5688 3118 5759 synodalia
3128 5685 3744 5748 debeantcelebrari,et
3757 5703 3881 5740 cau-

2235 5800 2427 5839 sarum
2442 5783 2845 5838 canonicarum
2867 5781 3218 5838 examinatio
3239 5779 3563 5850 provenire,
3582 5783 3645 5832 ut
3659 5781 3881 5834 unicui-

2233 5894 2362 5948 que,
2385 5882 2554 5946 prout
2570 5879 2873 5933 necessitas
2898 5875 3243 5948 poposcerit,
3272 5874 3369 5945 pia
3391 5872 3731 5928 educatione
3754 5873 3880 5928 sub-
