4050 6364
203 392 322 444 1157

1380 385 1862 447 DECRETALIUM
1900 389 2289 446 COLLECTIO.

3420 395 3552 447 1158

202 493 1819 568 veniatur.Unde,secundumAposlolidoctrinam,admo-
1839 503 2037 584 Atam
2083 499 2385 553 barbaram
2415 500 2646 569 gentem
2687 495 2815 568 plus
2844 495 3037 569 placet
3073 514 3244 569 quam
3283 498 3555 554 districtio

202 606 316 659 neo,
349 594 407 644 et
436 590 638 644 hortor
671 607 793 659 vos,
839 590 1183 659 charissimi,
1227 607 1332 662 per
1367 590 1819 646 misericordiam
1917 607 2193 658 censura,
2215 590 2648 646 concedendum
2682 593 2766 644 est
2792 594 2858 645 ut
2880 594 3010 662 post
3035 596 3301 662 quartam
3325 608 3560 661 genera-

201 683 310 750 Dei,
339 687 404 737 ut
450 684 624 755 digne
653 684 959 739 ambuletis
999 684 1296 740 vocatione
1324 701 1440 756 qua
1481 685 1659 739 vocati
1686 685 1818 740 estis
1916 685 2136 740 tionem
2151 685 2490 755 jungantur.
2516 685 2658 738 Nam
2688 684 2838 754 quod
2871 685 3132 754 posuisti,
3167 685 3324 755 quod
3352 686 3399 738 si
3430 702 3555 739 mu-

201 778 398 848 (Ephes.
449 793 523 845 1v,
573 778 644 848 1),
677 782 742 832 ut
779 777 1163 833 ministerium
1208 783 1460 834 vestrum
1505 777 1820 850 perfectum
1917 777 2024 838 lier
2059 778 2392 834 inﬁrmitate
2425 780 2690 848 correpta
2731 793 2845 831 non
2888 777 3130 832 valuerit
3158 777 3411 832 debitum
3435 779 3558 833 viro

201 871 265 924 sit
291 887 486 926 coram
534 872 669 927 Deo.
699 871 1099 943 Opportunum
1141 889 1391 944 namque
1417 875 1500 928 est
1525 888 1624 926 vos
1653 887 1819 926 nosse

199 965 421 1020 fratrem
443 980 510 1020 ac
530 963 928 1036 coepiscopum
951 968 1289 1036 prasentem
1312 965 1688 1036 Bonifacium,
1715 981 1819 1020 no-

199 1060 363 1112 stram
401 1060 460 1113 et
497 1063 766 1130 agentem
801 1059 1007 1129 vicem,
1034 1076 1166 1115 cum
1203 1060 1379 1130 digno
1414 1065 1470 1114 et
1496 1059 1686 1114 debito
1717 1059 1821 1112 ho-

203 1167 327 1205 nore
365 1167 471 1221 pro
523 1151 727 1206 Christi
755 1152 994 1206 nomine
1025 1152 1330 1223 suscipere,
1359 1157 1416 1206 et
1441 1151 1823 1206 ministerium

202 1244 630 1299 ecclesiasticum
673 1260 801 1299 cum
851 1247 961 1300 ﬁde
1005 1245 1281 1300 catholica
1325 1246 1640 1300 secundum
1696 1262 1824 1300 nor-

203 1353 348 1392 mam
382 1341 441 1392 et
466 1353 688 1393 morem
714 1343 974 1393 sanctum
1000 1339 1294 1393 catholicae
1315 1343 1372 1393 et
1388 1339 1707 1410 apostolica
1726 1339 1824 1392 Dei

203 1429 468 1498 Ecclesia,
498 1430 609 1497 cui,
631 1430 1017 1486 misericordia
1037 1433 1132 1486 Dei
1157 1432 1557 1502 praeveniente,
1585 1446 1825 1501 praeesse

201 1523 472 1592 videmur,
511 1524 654 1579 sicut
689 1525 988 1596 apostolica
1031 1525 1363 1580 auctoritate
1397 1542 1430 1579 a
1468 1525 1630 1579 nobis
1658 1524 1826 1578 desti-

200 1620 358 1671 natus
383 1620 487 1684 est,
517 1617 587 1671 ab
629 1633 694 1672 eo
736 1619 1106 1689 suscipientes
1146 1619 1448 1689 dignanter
1486 1618 1742 1686 teneatis,
1773 1622 1827 1672 et

202 1710 530 1781 gentilitatis
557 1710 733 1765 ritum
775 1716 831 1766 et
857 1712 1180 1766 doctrinam
1205 1714 1288 1767 vel
1318 1711 1672 1766 venientium
1713 1711 1828 1765 Bri-

199 1807 412 1871 tonum,
446 1804 535 1858 vel
559 1804 838 1859 falsorum
864 1805 1226 1860 sacerdotum
1257 1805 1675 1871 haereticorum,
1710 1805 1826 1858 sive

1920 871 2183 941 reddere,
2214 871 2353 943 quid
2384 871 2506 942 ejus
2535 870 2706 925 faciat
2725 869 2958 942 jugalis,
2987 871 3201 925 bonum
3240 876 3386 926 esset
3411 873 3457 925 si
3485 872 3563 925 sic

1922 970 2306 1036 permaneret,
2353 968 2415 1019 ut
2459 963 2820 1019 abstinentia
2864 943 3131 1050 vacaretd
3150 964 3259 1020 Sed
3288 965 3422 1035 quia
3454 965 3560 1019 hoc

1925 1075 2268 1129 magnorum
2288 1061 2392 1126 est,
2421 1057 2518 1113 ille
2542 1059 2639 1129 qui
2666 1074 2724 1113 se
2747 1075 2863 1112 non
2886 1058 3095 1128 poterit
3121 1057 3437 1128 continere,
3460 1075 3563 1112 nu-

1923 1151 2017 1206 bat
2046 1153 2249 1223 magis,
2283 1168 2394 1206 non
2427 1157 2621 1206 tamen
2651 1151 2886 1206 subsidii
2933 1168 3101 1223 opem
3151 1151 3450 1206 subtrahat
3494 1152 3563 1206 ab

1923 1245 2018 1299 illa
2045 1246 2134 1299 cui
2159 1245 2459 1299 inﬁrmitas
2480 1245 2785 1316 prapedit,
2813 1247 2870 1298 et
2887 1262 3000 1300 non
3031 1245 3378 1300 detestabilis
3400 1246 3562 1316 culpa

1927 1338 2196 1393 excludit.
2229 1340 2307 1391 De
2346 1339 2677 1409 presbytero
2707 1355 2860 1405 vero,
2902 1339 2991 1392 vel
3021 1339 3259 1409 quilibet
3301 1340 3566 1394 sacerdos

1927 1449 1959 1486 a
1990 1432 2201 1503 populo
2232 1435 2544 1498 accusatus,
2575 1432 2622 1486 si
2669 1432 2806 1486 certi
2838 1449 2953 1486 non
2991 1431 3203 1486 fuerint
3247 1437 3434 1497 testes,
3469 1434 3564 1503 qui

1927 1525 2151 1579 crimini
2178 1526 2334 1580 illato
2364 1525 2684 1596 approbent
2712 1525 3009 1580 veritatem
3025 1525 3431 1595 jusjurandum
3461 1526 3569 1581 erit

1925 1619 1986 1672 in
2028 1618 2237 1684 medio,
2268 1623 2324 1672 et
2365 1619 2526 1672 illum
2572 1622 2775 1673 testem
2819 1619 3072 1689 proferat
3110 1619 3180 1672 de
3226 1619 3565 1673 innocentia

1927 1728 2043 1765 sua
2095 1712 2385 1782 puritate,
2442 1731 2468 1762 «
2516 1712 2605 1765 cui
2645 1711 2798 1766 nuda
2846 1715 2903 1764 et
2946 1715 3146 1782 aperta
3196 1717 3332 1766 sunt
3377 1713 3569 1766 omnia

1929 1805 2110 1874 (Hebr.
2145 1821 2220 1873 1v,
2255 1806 2359 1874 13),
2391 1825 2418 1852 ››
2461 1804 2652 1874 sicque
2701 1809 2932 1858 maneat
2977 1804 3038 1858 in
3084 1805 3313 1875 proprio
3365 1806 3563 1876 gradu.

203 1897 504 1964 adulteros,
536 1902 633 1952 aut
676 1898 1057 1970 undecunque
1084 1899 1197 1954 sint
1221 1903 1526 1954 renuentes
1552 1914 1616 1952 ac
1641 1897 1828 1968 prohi-
1846 1896 1904 1967 B
1928 1898 2070 1952 Nam
2114 1897 2183 1951 de
2223 1897 2453 1951 homine
2482 1898 2578 1968 qui
2609 1914 2642 1950 a
2667 1897 2939 1968 pontiﬁce
2969 1897 3338 1952 conﬁrmatus
3373 1899 3566 1968 fuerit,

201 1991 394 2046 bentes
421 1990 717 2061 abjiciatis,
749 1995 808 2046 et
828 1996 890 2046 ut
911 1994 1188 2064 populum
1210 1992 1366 2046 vobis
1383 2010 1416 2046 a
1433 1994 1547 2046 Deo
1570 1991 1828 2046 commis-

1930 1989 2116 2043 denuo
2143 1989 2225 2043 illi
2265 1989 2395 2044 talis
2432 1989 3113 2072 reiteratioOprohibenda
3150 1994 3253 2044 est.
3287 1993 3349 2045 In
3374 1992 3567 2045 missa-

201 2100 324 2138 sum
355 2084 462 2154 piis
495 2084 983 2140 admonitionibus
1028 2086 1327 2155 edoceatis,
1371 2087 1426 2140 et
1471 2102 1505 2139 a
1547 2079 1869 2141 sacriﬁciis!
1929 2099 2057 2137 rum
2077 2083 2368 2138 solemniis
2386 2083 2802 2137 observandum
2818 2086 2902 2137 est
2915 2084 3067 2154 quod
3085 2083 3358 2139 Dominus
3376 2090 3570 2140 noster

202 2179 554 2231 mortuorum
583 2178 816 2232 omnino
848 2178 1125 2245 devitetis,
1153 2183 1208 2233 et
1230 2179 1394 2248 juxta
1421 2178 1573 2249 quod
1611 2177 1830 2232 fueritis

201 2287 234 2323 a
258 2270 525 2340 praedicto
552 2273 747 2325 nostro
793 2272 1192 2326 consacerdote
1221 2272 1427 2341 edocti,
1473 2271 1554 2325 ita
1593 2270 1828 2326 catholi-

201 2379 326 2417 cam
347 2365 404 2417 et
421 2364 796 2434 apostolicam
813 2365 1133 2419 doctrinam
1149 2368 1424 2432 tenentes,
1447 2365 1689 2419 Domino
1712 2366 1827 2419 Deo

205 2462 260 2510 et
279 2456 551 2511 Salvatori
570 2463 768 2512 nostro
793 2458 1018 2529 placere
1047 2459 1340 2513 festinetis.
1375 2460 1440 2512 Et
1467 2459 1526 2512 in
1547 2475 1657 2530 quo
1673 2458 1832 2512 vobis

202 2551 322 2604 loco
354 2551 427 2605 ad
460 2550 802 2605 celebranda
840 2551 1080 2605 concilia
1116 2552 1416 2606 convenire
1452 2552 1828 2618 mandaverit,

205 2644 316 2698 sive
351 2644 516 2714 juxta
554 2644 893 2712 Danubium,
925 2645 1040 2698 sive
1086 2645 1146 2698 in
1183 2645 1408 2698 civitate
1441 2648 1713 2716 Augusta,
1743 2645 1832 2698 vel

202 2736 530 2807 ubicunque
535 2737 556 2808 j
566 2737 898 2805 udicaverit,
913 2754 1016 2809 pro
1030 2738 1263 2792 nomine
1280 2738 1483 2792 Christi
1500 2738 1689 2809 parati
1712 2754 1831 2791 esse

202 2830 594 2900 inveniamini,
621 2836 901 2902 quatenus
929 2848 1338 2903 cognoscamus
1364 2847 1470 2902 per
1509 2832 1628 2902 ejus
1665 2848 1831 2885 man-

204 2923 404 2978 datum
427 2923 496 2978 de
512 2928 694 2979 vestro
713 2929 1018 2990 conventu,
1041 2930 1102 2980 ut
1125 2926 1181 2980 in
1213 2926 1365 2980 diem
1392 2925 1665 2980 adventus
1680 2926 1835 2981 Chri-

203 3016 270 3069 sti
302 3019 428 3070 Jesu
449 3033 580 3072 cum
605 3019 793 3073 fructu
819 3019 953 3073 boni
988 3018 1174 3090 operis
1193 3023 1325 3073 ante
1345 3020 1464 3089 ejus
1486 3019 1734 3074 tribunal
1753 3036 1834 3072 as—

203 3110 402 3164 sistere
449 3127 792 3178 mereamur,
843 3113 1092 3167 dicentes
1138 3129 1150 3165 :
1193 3114 1387 3167 «Ecce
1431 3129 1530 3167 nos
1574 3118 1629 3167 et
1671 3113 1836 3183 pueri

204 3220 343 3273 quos
365 3204 569 3258 dedisti
594 3205 780 3271 nobis,
805 3207 1048 3261 Domine
1071 3207 1253 3278 (Hebr.
1287 3223 1345 3273 Π,
1383 3208 1485 3276 13),
1519 3227 1542 3254 η
1571 3223 1687 3260 non
1707 3223 1832 3276 per-

202 3297 454 3352 didimus
481 3314 550 3352 ex
578 3299 659 3352 eis
689 3315 1039 3370 quemquam
1067 3301 1240 3369 (Joan.
1274 3317 1424 3369 xvm,
1465 3300 1538 3369 9),
1571 3305 1712 3354 utet
1742 3317 1837 3354 vos

199 3391 555 3447 Dominicam
592 3409 789 3447 vocem
829 3394 1029 3447 audire
1084 3393 1442 3461 mereamini,
1503 3393 1785 3449 dicentem
1821 3412 1832 3448 :

202 3505 229 3536 ί(
266 3485 488 3555 Venite,
533 3486 813 3542 benedicti
860 3487 1040 3541 Patris
1086 3489 1221 3558 mei,
1269 3487 1540 3560 percipitc
1591 3504 1836 3559 regnum

199 3579 354 3650 quod
393 3579 549 3634 vobis
595 3585 857 3651 paratum
898 3585 982 3635 est
1017 3582 1086 3636 ab
1128 3582 1346 3652 origine
1383 3581 1586 3636 mundi
1624 3582 1834 3650 (Matth.

198 3691 327 3743 xxv,
352 3674 462 3743 34).
498 3696 524 3722 ››
553 3675 704 3728 Bene
734 3675 935 3730 valete.

527 3770 772 3838 Epistola
799 3768 1033 3837 ejusdem
1058 3770 1132 3823 ad
1157 3771 1514 3837 Bonifacium.

272 3862 767 3918 Reverendissimo
823 3866 880 3915 et
932 3862 1283 3917 sanctissimo
1335 3864 1494 3918 fratri
1549 3866 1840 3921 BONIFACIO

196 3957 562 4028 coepiscopo,
593 3957 919 4022 Gnncomus,
950 3972 1144 4010 servus
1181 3973 1475 4011 servorum
1506 3958 1625 4013 Dei.

275 4049 722 4105 Desiderabilem
758 4049 900 4103 mihi
930 4067 962 4103 a
988 4055 1042 4104 te
1071 4050 1274 4104 missus
1301 4051 1517 4105 Denual
1544 4051 1840 4124 religiosus

196 4143 502 4216 presbyter
528 4143 717 4198 attulit
746 4143 1032 4212 nuntium,
1052 4160 1179 4197 cum
1202 4151 1257 4198 te
1278 4144 1547 4215 sospitem
1568 4147 1837 4214 narravit,

198 4243 258 4294 et
273 4237 338 4292 in
354 4236 693 4302 ministerio,
711 4253 816 4307 pro
837 4253 948 4306 quo
965 4237 1170 4290 missus
1187 4254 1246 4289 es
1264 4238 1488 4291 favente
1509 4239 1646 4305 Deo,
1671 4240 1838 4310 proﬁ-

199 4349 336 4388 cere
367 4330 672 4386 nuntiavit.
690 4330 899 4384 Detulit
917 4330 1087 4385 etiam
1118 4347 1152 4384 a
1176 4337 1229 4384 te
1258 4330 1462 4384 missas
1487 4331 1723 4399 litteras,
1745 4333 1840 4387 ubi

199 4419 465 4476 indicasti
493 4419 650 4490 quod
673 4435 810 4490 ager
826 4419 1168 4488 Dominicus,
1199 4419 1296 4489 qui
1325 4419 1572 4474 incultus
1594 4421 1838 4491 jacebat,

149 4541 154 4546 -
203 4521 263 4570 et
292 4514 588 4585 spinarum
613 4512 822 4567 aculeis
843 4529 913 4566 ex
939 4512 1297 4580 inﬁdelitate,
1318 4513 1586 4583 riguerat,
1613 4530 1844 4569 vomere

1927 2177 2086 2231 Jesus
2127 2176 2380 2230 Christus
2418 2176 2626 2230 sanctis
2665 2175 2778 2230 suis
2808 2176 3008 2230 tribuit
3048 2176 3337 2248 discipulis
3365 2195 3377 2232 :
3405 2200 3432 2227 ‹‹
3464 2184 3566 2234 Ac-

1932 2269 2081 2340 cepit
2107 2285 2360 2340 namque
2401 2269 2652 2337 calicem,
2687 2274 2742 2324 et
2776 2269 2934 2324 dedit
2960 2269 3040 2323 eis
3074 2270 3266 2325 dicens
3304 2289 3314 2325 :
3351 2272 3448 2326 Hic
3487 2279 3572 2326 est

1933 2363 2071 2417 calix
2099 2363 2235 2417 Novi
2260 2363 2604 2417 Testamenti
2653 2363 2713 2416 in
2757 2379 2886 2417 meo
2925 2363 3224 2434 sanguine,
3263 2365 3368 2419 hoc
3403 2366 3573 2420 facite

1933 2455 2378 2527 quotiescunque
2409 2456 2633 2510 sumitis
2663 2456 2879 2525 (Matth.
2912 2473 3060 2523 xxvr,
3088 2461 3176 2525 27,
3211 2459 3320 2529 28).
3347 2478 3374 2509 »
3409 2459 3570 2512 Unde

1932 2565 2248 2620 congruum
2292 2565 2407 2603 non
2455 2555 2538 2603 est
2583 2548 2722 2603 duos
2759 2549 2846 2603 vel
2885 2552 3000 2604 tres
3030 2549 3232 2604 calices
3274 2551 3335 2604 in
3373 2551 3571 2609 altario

1934 2659 2147 2713 ponere
2188 2659 2318 2697 cum
2373 2643 2673 2697 missarum
2725 2643 3002 2697 solemnia
3055 2643 3432 2698 celebrantur.
3490 2646 3570 2698 De

1934 2736 2304 2789 immolatitiis
2330 2740 2523 2790 autem
2548 2735 2689 2790 escis
2715 2735 3046 2790 consuluisti
3072 2736 3117 2789 si
3148 2753 3181 2790 a
3205 2736 3465 2792 ﬁdelibus
3487 2755 3572 2792 su-

1933 2828 2270 2900 perductum
2296 2829 2469 2884 fuerit
2493 2829 2719 2883 vivitica
2753 2829 2934 2883 crucis
2971 2829 3201 2900 signum
3229 2831 3318 2884 edi
3351 2831 3570 2900 liceret,

1936 2939 2008 2976 an
2031 2939 2166 2988 non,
2200 2923 2338 2977 illud
2367 2922 2575 2976 sufﬁcit
2605 2922 2972 2994 respondere,
3003 2923 3156 2993 quod
3187 2923 3385 2978 beatus
3419 2927 3570 2996 Apo-

1936 3016 2111 3069 stolus
2138 3015 2304 3070 dicit:
2331 3015 2582 3086 «Siquis
2613 3015 2817 3070 dixerit
2847 3015 2998 3087 quod
3022 3016 3129 3070 hoc
3149 3016 3575 3073 immolatitium

1936 3113 2038 3175 est,
2069 3109 2241 3164 nolite
2269 3109 2436 3164 edere
2464 3112 2700 3180 propter
2727 3125 2862 3163 eum
2890 3110 2990 3180 qui
3021 3109 3311 3180 indicavit,
3343 3116 3401 3166 et
3440 3129 3573 3182 pro-

1938 3205 2064 3274 pter
2099 3202 2507 3257 conscientiam
2548 3202 2596 3270 (I
2620 3203 2738 3258 Cor.
2769 3221 2820 3271 x,
2846 3205 2956 3272 28).
3003 3225 3029 3252 ››
3079 3203 3354 3260 Addidisti
3388 3205 3575 3260 adhuc

1939 3296 2092 3367 quod
2123 3295 2168 3349 si
2196 3300 2354 3365 pater
2383 3297 2469 3350 vel
2496 3299 2683 3349 mater
2713 3295 2895 3350 ﬁlium
2919 3295 3213 3367 ﬁliamque
3241 3297 3393 3352 intra
3419 3303 3577 3370 septa

1939 3389 2273 3444 monasterii
2294 3389 2352 3443 in
2376 3389 2626 3443 infantia
2642 3389 2806 3443 annis
2833 3389 2936 3443 sub
2963 3389 3213 3460 regulari
3238 3391 3578 3447 tradiderint

1940 3483 2256 3554 disciplina,
2287 3487 2478 3537 utrum
2508 3482 2679 3537 liceat
2710 3483 2789 3538 eis
2808 3487 3109 3555 postquam
3136 3483 3450 3554 pubertatis
3476 3485 3580 3541 im-

1939 3576 2219 3649 pleverint
2259 3594 2440 3632 annos
2483 3577 2701 3647 egredi,
2751 3579 2808 3630 et
2859 3575 3231 3632 matrimonio
3284 3579 3574 3649 copulare.

1940 3672 2052 3725 Hoc
2099 3671 2336 3725 omnino
2383 3670 2728 3738 devitamus,
2760 3671 2897 3742 quia
2941 3670 3099 3726 nefas
3140 3676 3243 3739 est,
3273 3675 3336 3726 ut
3375 3673 3577 3728 oblatis

1941 3784 1973 3820 a
2005 3766 2335 3837 parentibus
2379 3767 2493 3820 Deo
2543 3765 2674 3820 ﬁliis
2718 3767 3031 3837 voluptatis
3079 3766 3243 3821 frena
3298 3768 3575 3825 laxentur.

1941 3861 2244 3915 Enimvero
2271 3860 2545 3931 quosdam
2564 3859 2878 3932 baptizatos
2899 3861 3110 3932 absque
3132 3863 3577 3934 interrogatione

1943 3954 2182 4025 symboli
2222 3954 2292 4007 ab
2338 3953 2613 4008 adulteris
2651 3955 2998 4026 presbyteris
3024 3959 3081 4010 et
3106 3955 3362 4028 indignis
3397 3957 3579 4014 fassus

1943 4066 2018 4103 es.
2035 4050 2096 4102 In
2115 4049 2201 4102 his
2219 4053 2317 4103 tua
2334 4047 2564 4102 dilectio
2591 4051 2789 4103 teneat
2813 4049 3116 4121 antiquum
3138 4067 3362 4106 morem
3386 4053 3576 4108 Eccle—

1943 4144 2060 4208 sia,
2093 4142 2224 4213 quia
2254 4140 2506 4212 quisquis
2536 4141 2595 4195 in
2629 4143 2855 4196 nomine
2886 4143 3088 4211 Patris,
3122 4147 3177 4198 et
3209 4145 3352 4214 Filii,
3384 4152 3439 4200 et
3465 4148 3581 4218 Spi-

1941 4237 2085 4292 ritus
2114 4236 2292 4291 sancti
2330 4235 2642 4306 baptizatus
2674 4241 2759 4289 est
2789 4237 3005 4304 (Matth.
3047 4253 3234 4303 xxvni,
3283 4239 3387 4308 19),
3415 4240 3576 4294 reba-

1941 4330 2143 4401 ptizari
2163 4329 2405 4384 minime
2425 4329 2609 4384 liceat.
2630 4330 2754 4383 Non
2780 4330 2937 4383 enim
2964 4330 3022 4382 in
3045 4330 3275 4386 nomine
3295 4331 3582 4403 baptizan-

1944 4424 2030 4491 tis,
2062 4425 2159 4479 sed
2194 4425 2252 4478 in
2293 4424 2525 4478 nomine
2565 4422 2850 4478 Trinitatis
2889 4423 3058 4493 hujus
3111 4425 3310 4495 gratia
3361 4426 3580 4483 donum

1943 4519 2220 4590 percepit.
2255 4519 2321 4573 Et
2363 4522 2630 4572 teneatur
2677 4515 2830 4588 quod
2875 4518 3175 4587 Apostolus
3209 4519 3289 4572 ait
3324 4537 3336 4572 :
3371 4543 3396 4568 ‹‹
3427 4522 3579 4576 Unus

200 4608 326 4706 tum
354 4602 626 4659 doctrina
652 4600 1330 4706 exaranteasernen-verlbi
1357 4603 1624 4706 suscepit,
1644 4607 1706 4706 ﬁt
1729 4603 1837 4706 fel.“
1862 4634 1921 4706 D
1945 4613 2109 4680 Deus,
2153 4628 2268 4665 una
2306 4613 2462 4679 ﬁdes,
2502 4628 2684 4666 unum
2725 4610 3008 4682 baptisma
3056 4611 3271 4681 (Ephes.
3313 4630 3384 4681 ιν,
3426 4619 3497 4681 5).
3550 4639 3574 4663 ››

198 4698 372 4753 tilem
403 4712 647 4752 messem
679 4695 915 4767 protulit
928 4660 1242 4750 lﬁdelitatis.
1259 4660 1347 4782 [In
1393 4660 1621 4750 eisdem,
1644 4696 1845 4752 litteris

199 4791 553 4864 quibusdam
584 4789 961 4846 subnexuistis
995 4788 1275 4859 capitulis,
1317 4789 1654 4844 sciscitando
1697 4807 1840 4862 qua-

199 4886 342 4940 liter
381 4887 573 4940 teneat
617 4885 706 4938 vel
743 4884 945 4938 doceat
988 4884 1108 4937 hac
1152 4886 1345 4938 sancta
1381 4884 1687 4954 apostolica
1740 4886 1844 4940 Ro-

201 4995 389 5034 mana
415 4978 679 5034 Ecclesia.
711 4978 858 5033 Bene
881 4977 1029 5032 nosti
1058 4978 1214 5044 satis,
1231 4969 1368 5050 quia
1386 4977 1587 5033 beatus
1615 4983 1842 5049 aposto-

201 5074 299 5129 lus
328 5075 528 5127 Petrus
559 5075 616 5127 et
637 5072 994 5144 episcopatus
1021 5071 1363 5142 principium
1386 5073 1613 5127 exstitit.
1630 5075 1696 5126 Et
1717 5090 1845 5128 con-

201 5167 424 5222 sulenti
449 5166 553 5221 tibi
582 5167 652 5221 de
678 5169 825 5222 statu
855 5165 1110 5220 Ecclesia
1142 5183 1254 5221 non
1282 5183 1350 5221 ex
1380 5167 1546 5222 nobis
1582 5169 1742 5238 quasi
1781 5183 1844 5222 ex

200 5261 400 5327 nobis,
428 5261 525 5315 sed
551 5260 673 5330 ejus
699 5259 900 5331 gratia,
933 5259 1072 5331 «qui
1096 5259 1279 5331 aperit
1299 5276 1358 5315 os
1379 5267 1624 5331 mutum,
1654 5265 1710 5316 et
1734 5261 1842 5317 lin-

203 5372 356 5428 guas
385 5353 690 5409 infantium
717 5355 849 5408 facit
879 5354 1114 5410 disertas
1145 5355 1294 5426 (Sap.
1315 5372 1368 5425 x,
1399 5356 1510 5426 21),
1539 5377 1567 5406 »
1598 5356 1847 5426 qualiter

201 5456 415 5505 tenere
457 5447 666 5504 debeas
695 5447 988 5519 apostolici
1030 5448 1237 5519 vigoris
1281 5449 1541 5505 doctrina
1583 5450 1844 5505 dicimus.

199 5544 396 5616 Igitur
421 5543 482 5597 in
511 5541 708 5613 primis
735 5543 1049 5613 legebatur,
1090 5547 1154 5597 ut
1183 5549 1357 5614 quota
1395 5545 1696 5616 progenies
1716 5563 1846 5618 pro-

201 5637 567 5709 pinquorum
615 5637 983 5692 matrimonio
1030 5636 1344 5707 copuletur.
1395 5639 1644 5693 Dicimus
1698 5641 1850 5711 quod

200 5734 548 5803 oportuerat
575 5730 810 5802 quidem
844 5729 1094 5802 quandiu
1133 5746 1192 5784 se
1231 5739 1546 5801 agnoscunt
1572 5733 1852 5789 afﬁnitate

200 5824 570 5897 propinquos
595 5825 666 5879 ad
705 5825 874 5895 hujus
908 5825 1123 5895 copula
1165 5840 1283 5878 non
1314 5827 1580 5882 accedere
1619 5828 1854 5883 societa-

203 5922 356 5975 tem.
388 5917 500 5973 Sed
538 5918 673 5990 quia
700 5919 1077 5990 temperantia
1123 5919 1326 5989 magis,
1359 5923 1414 5975 et
1439 5921 1754 5992 prasertim
1793 5921 1853 5978 in

1944 4705 2268 4760 Doctrinam
2298 4722 2432 4760 vero
2460 4706 2768 4778 spiritalem
2798 4705 3002 4759 talibus
3030 4705 3357 4775 studiosius,
3388 4713 3453 4762 ut
3478 4709 3580 4764 im-

1943 4799 2157 4869 pertias
2184 4799 2603 4854 demandamus
2633 4819 2644 4854 :
2676 4817 2779 4871 pro
2811 4799 3060 4871 parvulis
3104 4817 3237 4855 vero
3282 4802 3377 4874 qui
3413 4820 3446 4857 a
3477 4820 3576 4874 pa-

1946 4891 2204 4946 rentibus
2227 4893 2496 4948 subtracti
2525 4897 2676 4960 sunt,
2699 4898 2756 4948 ct
2788 4911 2861 4949 an
2893 4895 3157 4966 baptizati
3187 4901 3336 4962 sunt,
3361 4914 3431 4950 an
3462 4914 3577 4952 non

1945 4987 2229 5057 ignorant,
2262 4986 2365 5040 hos
2389 4991 2453 5041 ut
2479 4988 2759 5059 baptizare
2789 4989 2991 5044 debeas
3019 4990 3332 5045 secuhdum
3351 4993 3579 5046 Patrum

1943 5078 2332 5148 traditionem,
2367 5080 2412 5132 si
2443 5097 2558 5135 non
2578 5082 2748 5137 fuerit
2785 5083 2883 5154 qui
2927 5083 3278 5150 testiﬁcetur,
3310 5085 3452 5140 ratio
3481 5103 3576 5156 po-

1947 5173 2067 5227 scit.
2111 5172 2367 5243 Leprosis
2415 5177 2631 5241 autem,
2685 5177 2729 5229 si
2773 5176 2967 5230 ﬁdeles
3009 5177 3312 5232 Christiani
3346 5177 3582 5248 fuerint,

1948 5265 2224 5322 Dominici
2264 5267 2515 5336 corporis
2555 5273 2611 5320 et
2653 5268 2949 5339 sanguinis
2981 5271 3335 5342 participa‘tio
3365 5272 3580 5326 tribua-

1948 5365 2058 5427 tur,
2078 5376 2208 5415 cum
2226 5359 2380 5415 sanis
2404 5364 2598 5414 autem
2619 5363 2946 5416 communia
2968 5365 3256 5419 celebrare
3280 5371 3580 5437 negentur.

1948 5453 2212 5527 Adjecisti
2256 5453 2428 5508 etiam
2477 5453 2630 5524 quod
2675 5454 2718 5505 si
2762 5455 2996 5523 pestifer
3024 5459 3258 5513 morbus
3287 5465 3387 5514 aut
3424 5476 3579 5514 mor-

1949 5551 2134 5605 talitas
2177 5549 2236 5602 in
2282 5548 2537 5614 ecclesia,
2571 5547 2658 5601 vel
2701 5549 3058 5602 monasteriis
3103 5551 3415 5622 irrepserit,
3443 5570 3585 5625 quos

1952 5644 2198 5699 necdum
2226 5643 2417 5715 tetigit
2441 5660 2468 5697 a
2503 5642 2630 5697 loco
2661 5640 2890 5711 fugiunt
2933 5641 3209 5698 evitantes
3241 5647 3582 5715 periculum,

1951 5739 2105 5793 unde
2124 5738 2345 5793 fatuum
2368 5738 2478 5794 hoc
2504 5735 2743 5791 videtur.
2774 5735 2894 5789 Non
2923 5736 3076 5789 enim
3108 5738 3257 5790 valet
3283 5740 3583 5810 quisquam

1957 5833 2052 5887 Dei
2093 5831 2345 5904 effugere
2384 5849 2609 5887 manus.
2662 5832 2721 5886 In
2765 5829 2940 5885 tinem
2974 5829 3211 5901 epistola
3240 5832 3589 5900 continebat,

1955 5926 2107 5997 quod
2133 5929 2266 5980 sunt
2295 5927 2532 5999 quidam
2562 5925 2882 5998 presbyteri
2907 5941 3003 5980 seu
3031 5925 3281 5998 episc0pi
3313 5925 3370 5978 in
3397 5926 3592 5981 multis
