4050 6320
489 323 618 374 1159

1372 321 1650 376 ΑΡΡΕΝΙ).
1692 322 1778 375 AD
1817 322 1974 376 SAEC.
2019 320 2104 373 IX.
2136 348 2204 358 —
2243 318 2489 374 lSlDORl
2530 320 2952 376 MERCATORIS

3711 321 3848 372 H60

481 427 630 481 vitiis
666 427 889 493 irretiti,
923 442 1169 496 quorum
1218 427 1334 480 vita
1363 428 1422 481 in
1462 445 1521 482 se
1554 428 1689 498 ipsis
1721 429 2106 482 sacerdotium
2130 440 2188 511 Α
2209 428 2369 497 sime,
2385 428 2638 482 docendo
2653 444 2748 481 eos
2765 433 3016 482 sanctam
3035 425 3371 480 catholicam
3392 428 3448 479 et
3468 425 3848 495 apostolicam

482 520 747 574 maculat.
783 521 849 574 Et
877 520 921 573 si
956 519 1058 573 tibi
1086 519 1282 574 liceret
1310 537 1441 574 cum
1477 521 1556 575 eis
1593 521 1761 576 edere
1793 525 1892 575 aut
1931 522 2110 593 loqui,

483 613 592 666 nisi
620 613 844 666 coerciti
889 613 1119 680 fuerint,
1159 613 1397 668 dicimus
1442 617 1503 667 ut
1548 615 1651 668 hos
1697 632 1767 669 ex
1807 615 2115 686 apostolica

482 706 817 760 auctoritate
841 705 1232 777 redarguendo
1254 707 1589 778 admoneas,
1610 714 1665 762 et
1681 708 1754 763 ad
1769 709 2114 763 munditiam

484 798 874 854 ecclesiastica:
919 800 1230 870 disciplinte
1272 802 1528 857 reducas.
1563 804 1629 858 Et
1667 803 1946 873 siquidem
1980 803 2110 858 obe-

481 891 710 961 dierint,
761 893 1060 947 salvabunt
1093 894 1308 948 animas
1341 912 1490 962 suas,
1533 901 1590 951 et
1627 896 1747 967 ipse
1789 897 2115 952 mercedem

477 985 726 1039 lucratus
753 1001 831 1055 es,
867 990 1281 1042 verumtamem
1307 989 1739 1044 collocutionem
1773 995 1827 1044 et
1857 1007 2116 1044 mensam

481 1096 850 1134 communem
880 1096 1011 1134 cum
1041 1081 1120 1134 eis
1151 1098 1322 1152 agere
1348 1100 1466 1137 non
1494 1100 1736 1139 recuses.
1771 1085 2114 1156 Plerumque

2215 523 2484 577 Romamn
2506 521 2655 575 sedis
2674 521 3067 587 traditionem,
3088 523 3149 573 ut
3163 518 3565 574 illuminentur
3583 518 3776 585 rudes,
3793 522 3855 571 et

2215 616 2366 669 viam
2381 615 2578 669 salutis
2592 620 2844 683 teneant,
2861 631 2964 685 per
2975 630 3146 685 quam
3166 613 3380 683 possint
3391 612 3463 666 ad
3479 616 3696 682 aeterna
3707 628 3855 683 prte-

2215 710 2331 763 mia
2345 708 3024 779 pervenire.Presbyteros
3036 723 3331 778 vero,quos
3341 706 3551 760 ibidem
3565 705 3854 775 reperisti,

2215 803 2262 856 si
2290 802 2564 872 incogniti
2591 802 2822 868 fuerint,
2853 801 2937 855 illi
2961 818 2994 854 a
3023 801 3226 871 quibus
3254 800 3467 855 fuerint
3493 799 3762 867 ordinati,
3795 804 3858 852 et

2216 896 2452 950 dubium
2499 901 2582 950 est
2635 911 2728 950 eos
2771 895 3066 965 episcopos
3133 894 3305 948 fuisse
3362 910 3550 947 annon
3603 892 3703 963 qui
3759 908 3857 946 eos

2218 989 2644 1056 ordinaverunt,
2675 989 2722 1043 si
2740 989 2905 1043 bona:
2937 987 3193 1056 actionis,
3223 991 3280 1042 et
3303 987 3561 1041 catholici
3587 986 3690 1039 viri
3719 989 3856 1039 sunt

2217 1083 2324 1154 ipsi
2361 1082 2700 1153 presbyteri,
2743 1086 2801 1136 et
2845 1083 2905 1136 in
2949 1081 3264 1136 ministerio
3319 1080 3525 1134 Christi
3578 1080 3854 1148 omnique

481 1174 760 1243 contingit
787 1178 848 1229 ut
869 1190 1011 1244 quos
1039 1177 1315 1230 correctio
1341 1176 1654 1247 disciplinae
1683 1177 1870 1231 tardos
1890 1178 2022 1231 facit
2042 1177 2115 1231 ad
2189 1169 2343 1270 (lege
2370 1179 2562 1231 sancta
2587 1175 2790 1243 edocti,
2818 1176 2955 1246 apti,
2988 1175 3058 1229 ab
3085 1175 3351 1245 episcopo
3377 1190 3480 1227 suo
3507 1173 3858 1227 benedictio-

436 1336 443 1342 .
480 1267 906 1338 percipiendam
933 1267 1180 1322 veritatis
1207 1286 1494 1337 normam,
1526 1270 1913 1324 conviviorum
1945 1271 2113 1326 sedu-

479 1361 624 1428 litas,
667 1365 724 1415 et
767 1361 1081 1415 admonitio
1119 1362 1325 1418 blanda
1351 1364 1420 1417 ad
1457 1363 1610 1417 viam
1647 1364 1922 1434 perducat
1944 1365 2115 1435 justi-

483 1455 594 1508 tiai.
627 1455 877 1525 ldipsum
924 1458 1119 1509 autem
1157 1460 1214 1510 et
1254 1457 1313 1510 in
1358 1456 1468 1511 illis
1506 1457 1833 1527 proceribus
1875 1457 1972 1528 qui
2018 1458 2118 1512 tibi

483 1548 835 1618 adjutorium
877 1553 1168 1619 praestant,
1205 1549 1504 1605 observare
1547 1549 1796 1604 debebis.
1836 1552 1983 1620 Haec,
2014 1552 2120 1605 fra-

486 1645 572 1695 ter
594 1641 942 1708 charissime,
973 1659 1041 1696 ex
1071 1643 1396 1712 apostolicae
1433 1644 1580 1698 sedis
1605 1644 1795 1714 vigore
1831 1645 2117 1716 scripsisse

485 1735 790 1804 sufficiant,
812 1735 883 1788 de
901 1736 1122 1806 reliquo
1141 1736 1518 1807 implorantes
1533 1737 1981 1793 misericordiam
1998 1739 2116 1804 Dei,

2216 1288 2349 1325 nem
2390 1269 2811 1341 presbyteratus
2846 1267 3176 1338 suscipiant,
3225 1271 3281 1322 et
3325 1269 3754 1331 consecrentur,
3798 1271 3857 1319 et

2219 1366 2296 1419 sic
2337 1363 2650 1418 ministerio
2686 1379 2843 1416 sacro
2886 1363 3218 1432 fungantur.
3261 1361 3346 1415 llli
3383 1377 3516 1414 vero
3548 1361 3646 1431 qui
3676 1359 3859 1429 bapti-

2218 1458 2324 1513 zati
2348 1463 2481 1512 sunt
2521 1473 2620 1528 per
2650 1455 3035 1511 diversitatem
3068 1459 3126 1509 et
3151 1454 3584 1510 declinationem
3624 1453 3856 1522 lingua-

2218 1569 2348 1607 rum
2387 1550 2737 1622 gentilitatis,
2783 1555 2981 1604 tamen
3025 1549 3161 1620 quia
3202 1548 3263 1602 in
3306 1549 3536 1603 nomine
3567 1547 3858 1600 Trinitatis

2218 1646 2484 1716 baptizati
2513 1648 2663 1712 sunt,
2693 1646 2918 1714 oportet
2947 1659 3044 1698 eos
3070 1658 3172 1712 per
3196 1658 3402 1696 manus
3424 1640 3854 1712 impositionem

2220 1745 2277 1795 et
2333 1740 2478 1793 sacri
2533 1736 2854 1792 chrismatis
2920 1735 3246 1791 unctionem
3307 1735 3654 1790 conﬁrmari.
3715 1736 3857 1787 Nam

485 1833 550 1882 ut
593 1828 691 1899 qui
727 1833 782 1883 te
828 1828 936 1881 illis
977 1829 1036 1882 in
1083 1829 1418 1900 regionibus
1463 1830 1582 1885 vice
1630 1835 1820 1885 nostra
1865 1849 1928 1886 ex
1976 1810 2195 1903 apo-B
2221 1834 2395 1887 Vivilo
2435 1833 2737 1904 episcopus
2779 1851 2812 1887 a
2851 1831 3016 1886 nobis
3057 1831 3350 1884 ordinatus
3377 1835 3476 1884 est.
3505 1829 3618 1882 Etsi
3641 1827 3859 1898 aliquid

489 1921 682 1976 stolica
721 1922 1056 1977 auctoritate
1087 1939 1364 1994 peragere
1406 1923 1557 1989 fecit,
1599 1927 1655 1978 et
1684 1924 1744 1978 in
1773 1941 2005 1996 opacam
2034 1927 2120 1979 sil-

488 2032 617 2069 vam
642 2015 861 2069 lumina
888 2015 1141 2070 veritatis
1162 2032 1264 2086 per
1291 2033 1352 2071 os
1381 2021 1544 2071 tuum
1582 2017 1793 2072 micare
1820 2019 2118 2089 praedesti-

486 2109 656 2175 navit,
693 2108 1077 2179 opitulationis
1121 2127 1237 2164 sua;
1275 2109 1866 2166 misericordissimum
1907 2112 2123 2166 tribuat

485 2203 925 2269 incrementum,
977 2207 1257 2274 quatenus
1305 2204 1374 2259 de
1414 2204 1604 2259 fructu
1651 2205 1860 2274 operis,
1903 2211 1960 2260 et
2002 2206 2122 2276 ipse

487 2298 674 2351 valeas
701 2296 941 2367 praemia
964 2296 1277 2368 percipere,
1299 2303 1353 2352 et
1381 2298 1604 2354 veniam
1632 2303 1996 2369 peccatorum
2031 2299 2120 2353 in—

488 2391 701 2445 venire.
719 2390 865 2444 Deus
893 2391 948 2442 te
970 2389 1315 2445 incolumem
1341 2391 1634 2458 custodiat,
1654 2392 2122 2447 reverendissime

490 2484 685 2538 frater.
720 2483 860 2536 Data
898 2483 1116 2538 decimo
1164 2485 1277 2538 Kal.
1323 2485 1649 2540 Decembris
1682 2483 1995 2556 imperante
2032 2487 2126 2540 do-

492 2577 650 2630 mino
679 2576 936 2646 piissimo
978 2580 1248 2647 Augusto,
1284 2579 1470 2632 Leone
1510 2595 1543 2631 a
1571 2579 1688 2632 Deo
1713 2583 1983 2634 coronato
2007 2596 2125 2634 ma-

491 2687 606 2741 gno
636 2671 1002 2740 imperatore,
1047 2687 1195 2725 anno
1241 2671 1465 2726 decimo
1510 2672 1736 2743 imperii
1769 2673 1910 2743 ejus,
1941 2674 2038 2728 sed
2071 2679 2126 2728 et

490 2764 855 2820 Constantino
887 2780 1102 2835 magno
1127 2765 1490 2836 imperatore,
1520 2766 1683 2835 regni
1705 2766 1828 2836 ejus
1851 2783 2002 2821 anno
2036 2784 2122 2822 se-

493 2859 690 2928 ptimo,
726 2857 1035 2913 indictione
1065 2859 1303 2913 decima.

738 2953 870 3005 Item
899 2953 1127 3020 epistola
1154 2953 1387 3020 ejusdem
1412 2954 1486 3008 ad
1517 2955 1876 3021 Bonifacium.

566 3044 1052 3099 Reverendissimo
1097 3049 1155 3098 et
1201 3046 1552 3101 sanctissimo
1596 3048 1760 3102 fratri
1814 3050 2124 3112 BONIFACIO,

495 3140 829 3208 Gnacoaws,
861 3155 1052 3193 servus
1076 3155 1368 3194 servorum
1400 3141 1518 3196 Dei.

566 3198 827 3288 Doctoris'
847 3233 1109 3287 omnium
1149 3235 1409 3304 gentium
1446 3236 1665 3306 egregii
1692 3236 1852 3290 Pauli
1885 3198 2205 3307 apostoliC‘

493 3344 601 3383 vox
619 3332 701 3382 est
718 3327 956 3382 dicentis
977 3345 989 3382 :
1017 3350 1042 3377 ‹‹
1065 3328 1442 3400 Diligentibus
1462 3329 1768 3384 Dominum
1789 3330 1984 3385 omnia
2004 3348 2131 3385 coo-

492 3425 770 3493 perantur
789 3422 848 3475 in
865 3422 1080 3476 bonum
1101 3423 1272 3493 (Rom.
1295 3440 1414 3489 vni,
1437 3424 1546 3493 28).
1573 3446 1599 3472 ››
1624 3427 2009 3494 Agnoscentes
2030 3426 2132 3479 ita-

493 3533 604 3588 que
618 3516 679 3570 in
696 3516 922 3587 syllabis
939 3516 1313 3571 fraternitatis
1329 3521 1443 3571 tua:
1462 3534 1591 3588 qua:
1608 3517 1906 3572 innotuisti
1925 3521 2040 3572 tam
2060 3518 2130 3572 de

494 3609 810 3664 Germaniae
842 3610 1128 3681 gentibus,
1153 3627 1295 3681 quas
1317 3627 1421 3664 sua
1440 3610 1653 3682 pietate
1675 3612 1819 3666 Deus
1841 3615 2034 3666 noster
2063 3612 2133 3665 de

443 3775 452 3780 η
494 3707 774 3776 potestate
813 3721 1169 3775 paganorum
1211 3701 1406 3776 288
1427 3704 1709 3773 liberavit,
1729 3710 1785 3758 et
1805 3705 1874 3760 ad
1901 3708 2133 3760 centum

495 3799 674 3852 millia
692 3797 912 3852 animas
932 3799 991 3851 in
1013 3799 1143 3852 sinu
1163 3801 1376 3852 sanctas
1398 3798 1594 3852 matris
1616 3799 1900 3866 Ecclesim,
1923 3805 2020 3854 tuo
2041 3816 2132 3853 co-

497 3891 726 3946 namine
747 3897 804 3946 et
830 3891 1034 3959 Caroli,
1054 3891 1327 3962 principis
1349 3891 1698 3946 Francorum
1715 3909 2036 3962 aggregare
2055 3893 2135 3947 di-

502 3992 710 4056 gnatus
727 3988 830 4050 est,
855 3984 955 4038 sed
977 3985 1110 4038 etin
1131 3984 1518 4055 Bajoariorum
1534 3985 1841 4054 provincia,
1863 4003 1992 4056 qum
2019 4003 2052 4040 a
2078 3993 2134 4041 te

502 4086 630 4136 acta
649 4082 800 4147 sunt,
823 4081 1213 4148 agnoscentes,
1239 4077 1418 4132 datori
1439 4078 1698 4132 omnium
1723 4079 2008 4134 bonorum
2028 4081 2133 4134 Do-

503 4176 661 4231 mino
687 4174 802 4227 Deo
830 4176 1043 4239 nostro,
1081 4171 1323 4226 extensis
1351 4171 1423 4225 ad
1449 4171 1651 4226 coelum
1678 4173 1901 4242 palmis,
1928 4174 2137 4245 gratias

503 4269 824 4333 retulimus,
839 4266 937 4338 qui
945 4266 1187 4336 januam
1208 4264 1615 4320 misericordiae
1633 4267 1929 4337 etpietatis
1949 4268 2006 4321 in
2031 4269 2139 4322 illis

504 4363 758 4438 partibus
803 4361 1103 4431 Hesperiis,
1150 4361 1220 4415 ad
1266 4361 1718 4430 cognoscendam
1764 4362 1911 4416 viam
1942 4364 2137 4418 salutis

506 4458 715 4514 ostium
735 4454 1137 4510 misericordias
1158 4453 1401 4525 aperuit,
1425 4457 1481 4508 et
1502 4454 1658 4508 misit
1675 4457 1943 4526 angelum
1971 4474 2137 4512 suum

2221 1927 2442 1984 excedit
2481 1930 2640 1982 extra
2677 1926 3013 1981 canonicam
3042 1923 3322 1994 regulam,
3364 1923 3505 1977 doce
3541 1926 3598 1977 et
3635 1922 3858 1991 corrige

2221 2038 2353 2076 eum
2390 2022 2557 2091 juxta
2597 2022 2867 2075 Romanae
2911 2018 3168 2075 Ecclesiae
3205 2016 3592 2081 traditionem,
3624 2032 3800 2086 quam
3828 2031 3860 2066 a

2221 2115 2387 2170 nobis
2429 2114 2714 2186 accepisti.
2763 2115 2842 2168 De
2886 2112 3124 2167 concilio
3165 2127 3315 2178 vero,
3362 2114 3428 2164 ut
3456 2111 3624 2180 juxta
3670 2109 3860 2180 ripam

2222 2209 2460 2264 Danubii
2498 2209 2702 2264 debeas
2738 2207 3027 2264 celebrare
3071 2210 3266 2260 nostra
3307 2204 3444 2271 vice,
3494 2203 3862 2274 praecipimus

2222 2302 2568 2356 fraternitati
2611 2308 2724 2356 tuae
2757 2300 3060 2372 apostolica
3088 2297 3424 2354 auctoritate
3460 2297 3677 2350 ibidem
3711 2312 3858 2366 prae-

2223 2396 2454 2464 sentari,
2497 2399 2553 2450 et
2599 2396 2941 2466 inquantum
2995 2392 3266 2446 Dominus
3317 2390 3421 2445 tibi
3475 2390 3619 2444 vires
3680 2390 3859 2444 dede-

2224 2491 2317 2556 rit,
2343 2489 2650 2560 praadicare
2681 2488 2920 2542 verbum
2951 2487 3150 2542 salutis
3195 2502 3269 2539 ne
3313 2500 3513 2551 cesses,
3555 2489 3615 2537 ut
3657 2483 3861 2552 religio

2225 2583 2544 2638 Christiana
2571 2583 2629 2636 in
2658 2581 2893 2636 nomine
2921 2581 3145 2635 Domini
3189 2582 3408 2634 crescat
3441 2582 3497 2632 et
3524 2575 3863 2647 multiplice-

2224 2682 2336 2732 tur.
2368 2678 2478 2732 Nec
2523 2676 2679 2730 enim
2726 2675 2958 2730 habebis
2995 2673 3303 2742 licentiam,
3345 2673 3535 2740 frater,
3580 2687 3684 2741 pro
3725 2672 3864 2741 juro

2226 2771 2391 2842 coepti
2428 2771 2637 2825 laboris
2675 2770 2735 2823 in
2775 2785 2885 2823 uno
2935 2768 3143 2823 morari
3189 2769 3331 2834 loco,
3378 2766 3475 2820 sed
3511 2764 3865 2820 conﬁrmatis

2228 2865 2490 2920 cordibus
2535 2865 2776 2918 fratrum
2824 2868 2880 2917 et
2924 2863 3184 2916 omnium
3231 2860 3504 2928 ﬁdelium,
3554 2857 3652 2930 qui
3691 2857 3867 2912 rudes

2229 2964 2362 3014 sunt
2397 2958 2456 3013 in
2500 2957 2606 3012 illis
2645 2956 2929 3026 Hesperiis
2977 2932 3399 3026 panibus/ubi
3442 2953 3540 3007 tibi
3590 2953 3867 3005 Dominus

2229 3052 2516 3124 aperuerit
2563 3051 2708 3104 viam
2750 3051 2946 3105 salutis
2996 3050 3302 3120 priedicare
3346 3064 3461 3101 non
3505 3045 3763 3110 desistas,
3811 3052 3868 3098 et

2228 3147 2326 3202 ubi
2365 3147 2555 3200 locum
2599 3145 2881 3199 inveneris
2920 3143 3306 3197 necessarium
3336 3139 3647 3196 secundum
3689 3155 3864 3193 cano-

2230 3241 2416 3294 nicam
2460 3240 2741 3308 regulam,
2788 3238 3081 3308 episcopos
3133 3235 3335 3290 ordina
3380 3250 3444 3288 ex
3489 3237 3683 3287 nostra
3722 3232 3866 3296 vice,

2232 3338 2289 3389 et
2334 3332 2704 3405 apostolicam
2754 3336 2923 3402 atque
2971 3329 3311 3384 catholicam
3357 3327 3726 3381 traditionem
3772 3340 3869 3378 eos

2235 3433 2431 3482 tenere
2474 3425 2753 3481 edocebis.
2806 3426 2880 3478 Ex
2925 3425 3031 3478 hoc
3077 3423 3231 3478 enim
3276 3437 3551 3491 magnum
3592 3419 3870 3474 mercedis

2235 3523 2538 3595 praamium
2555 3520 2657 3574 tibi
2674 3518 3046 3591 prcharabis,
3061 3517 3331 3589 quoniam
3353 3513 3731 3584 omnipotenti
3753 3514 3869 3566 Deo

2234 3621 2428 3670 nostro
2457 3615 2626 3669 facies
2651 3613 2875 3684 plebem
2895 3611 3231 3683 perfectam.
3257 3611 3378 3664 Non
3401 3609 3609 3680 pigeat,
3629 3607 3869 3661 dilectis-

2234 3709 2374 3763 sime
2422 3709 2614 3776 frater,
2666 3707 2874 3760 itinera
2911 3721 3141 3776 carpere
3172 3719 3368 3774 aspera
3404 3706 3460 3756 et
3506 3701 3750 3768 diversa,
3805 3703 3872 3752 ut

2233 3802 2551 3856 Christiana
2586 3801 2726 3855 ﬁdes
2755 3800 2926 3870 longe
2965 3799 3190 3869 lateque
3225 3800 3322 3850 tuo
3351 3794 3649 3849 conamine
3677 3795 3875 3849 exten-

2237 3896 2422 3951 datur.
2439 3895 2724 3966 Scriptum
2748 3908 2999 3964 namque
3021 3897 3109 3946 est
3133 3908 3146 3945 :
3170 3913 3197 3940 ί(
3224 3895 3390 3946 Arcta
3421 3893 3476 3942 et
3504 3891 3747 3959 angusta
3784 3885 3875 3939 via

2237 3993 2322 4044 est
2358 4005 2485 4060 quas
2517 3988 2672 4042 ducit
2711 3987 2781 4041 ad
2821 3988 2992 4040 vitam
3032 3985 3243 4054 (Matth.
3283 4000 3374 4051 vn,
3413 3981 3518 4051 14).
3549 4004 3576 4031 ››
3616 3981 3872 4051 Operare

2239 4085 2448 4154 itaque,
2483 4084 2676 4150 frater,
2704 4081 2920 4135 bonum
2950 4095 3091 4150 opus
3117 4079 3263 4149 quod
3293 4075 3527 4147 coepisti,
3575 4080 3635 4128 ut
3678 4075 3740 4128 in
3780 4073 3874 4130 die

2238 4177 2443 4234 Christi
2496 4177 2598 4230 Dei
2652 4175 2828 4229 nostri
2881 4173 3155 4227 merearis
3198 4172 3403 4236 dicere,
3461 4169 3610 4223 inter
3662 4172 3873 4222 emtum

2239 4275 2566 4326 sanctorum
2613 4268 2992 4340 probabilium
3037 4269 3265 4320 Patrum
3317 4263 3625 4318 assistens:
3661 4283 3687 4309 ‹‹
3732 4262 3874 4314 Ecce

2239 4383 2344 4437 ego
2371 4369 2430 4420 et
2455 4363 2618 4435 pueri
2661 4378 2799 4433 quos
2845 4360 3051 4415 dedisti
3081 4359 3244 4427 mihi,
3277 4374 3390 4412 non
3417 4355 3639 4428 perdidi
3683 4372 3756 4408 ex
3796 4355 3878 4408 eis

2239 4474 2591 4531 quemquam
2638 4457 2801 4526 (Rom.
2853 4472 2911 4523 ll,
2964 4455 3067 4523 l3).
3109 4475 3136 4500 ››
3184 4454 3250 4506 Et
3287 4452 3494 4506 iterum
3528 4467 3539 4503 :
3573 4448 3876 4503 «Domine

507 4553 606 4624 qui
634 4549 971 4623 ριέερατᾶνίἰ
997 4549 1148 4602 Viam
1174 4553 1335 4602 tuam
1365 4553 1496 4602 ante
1537 4552 1589 4603 te
1629 4549 1782 4617 (Mal.
1817 4567 1894 4616 ιιι,
1929 4551 1998 4622 t),
2032 4552 2136 4622 ipsi
2159 4572 2218 4645 D
2240 4555 2490 4626 quinque
2525 4553 2738 4607 talenta
2777 4548 3058 4604 tradidisti
3106 4546 3269 4614 mihi,
3300 4563 3427 4600 ecce
3471 4544 3579 4598 alia
3621 4542 3879 4614 quinque

507 4652 594 4702 est
625 4645 810 4717 gloria
831 4645 889 4698 in
917 4642 1121 4698 saecula
1149 4643 1509 4698 saeculorum.
1538 4645 1736 4698 Amen.

579 4741 780 4811 Igitur,
823 4739 955 4810 quia
1000 4736 1262 4792 indicasti
1311 4736 1627 4807 perrexisse
1683 4743 1737 4792 te
1788 4739 1859 4792 ad
1911 4743 2144 4810 gentem

511 4833 918 4906 Bajoariorum,
951 4831 1232 4885 invenisse
1273 4846 1369 4885 eos
1397 4833 1558 4884 extra
1589 4831 1851 4886 ordinem
1889 4833 2148 4888 ecclesia-

511 4930 718 4984 sticum
760 4926 1030 5010 viventes,
1077 4925 1213 4979 dum
1259 4924 1550 4995 episcopos
1596 4942 1710 4979 non
1755 4926 2042 4981 habebant
2085 4928 2143 4981 in

511 5022 820 5095 provincia,
867 5019 973 5075 nisi
1023 5035 1239 5086 unum,
1289 5019 1523 5072 nomine
1573 5020 1767 5088 Vivilo,
1813 5037 1987 5091 quem
2044 5039 2146 5075 nos

514 5121 643 5172 ante
659 5121 887 5187 tempus
909 5113 1329 5178 ordinavimus;
1355 5119 1410 5166 et
1431 5113 1562 5182 quia
1579 5130 1707 5167 cum
1727 5131 1957 5169 assensu
1978 5115 2146 5170 Otilo-

516 5210 604 5265 nis
619 5209 776 5264 ducis
792 5207 1024 5263 eorumd
1033 5224 1124 5262 em
1141 5204 1525 5275 Bajoariorum
1541 5223 1640 5260 seu
1663 5207 2001 5278 optimatum
2022 5227 2146 5281 pro-

517 5304 714 5358 vincias
745 5303 915 5368 illius,
949 5307 1065 5357 tres
1113 5300 1250 5353 alios
1295 5300 1583 5356 ordinasse
1626 5301 1940 5374 episcopos,
1991 5310 2046 5359 et
2086 5305 2145 5358 in

517 5403 765 5472 quatuor
793 5401 983 5468 partes
1028 5393 1449 5463 provinciarum
1483 5394 1638 5450 illam
1669 5396 1923 5465 divisisti,
1956 5398 2014 5452 id
2043 5403 2146 5467 est,

519 5496 575 5549 in
606 5496 850 5564 quatuor
882 5488 1196 5560 parochias,
1226 5495 1288 5543 ut
1322 5490 1715 5561 unusquisque
1749 5509 1912 5546 suam
1945 5493 2152 5549 habeat

519 5586 872 5660 parochiam,
913 5583 1058 5635 bene
1099 5585 1154 5634 et
1198 5582 1332 5636 satis
1378 5583 1689 5654 prudenter
1726 5588 2014 5658 peregisti,
2048 5591 2153 5644 fra-

476 5669 486 5744 ἧ
523 5691 626 5749 ter,
655 5685 711 5735 et
739 5677 1014 5750 quoniam
1052 5677 1418 5746 apostolicam
1465 5680 1906 5750 In‘zeceptionem
1938 5701 2006 5737 ex
2045 5703 2148 5740 no-

2242 4649 2661 4719 superlucratus
2713 4661 2839 4700 sum
2895 4643 3109 4713 (Matth.
3170 4657 3294 4705 xxv,
3343 4640 3452 4709 20).
3503 4660 3529 4686 ››
3577 4639 3642 4691 Ut
3692 4635 3884 4690 subse-

2243 4745 2486 4814 quenter
2523 4739 2792 4796 merearis
2836 4753 3031 4792 vocem
3080 4734 3302 4790 Domini
3345 4732 3544 4787 audire
3594 4730 3834 4785 dicentis
3867 4747 3880 4783 z

2249 4862 2275 4886 (ι
2322 4839 2477 4906 Euge
2527 4850 2682 4890 serve
2725 4834 2874 4887 bone
2927 4837 2983 4886 et
3027 4829 3231 4898 ﬁdelis,
3287 4828 3419 4899 quia
3478 4841 3645 4897 super
3704 4839 3887 4895 pauca

2246 4932 2400 4987 fuisti
2447 4929 2649 4995 ﬁdelis,
2696 4941 2866 4999 supra
2902 4926 3081 4980 multa
3129 4928 3182 4977 te
3223 4921 3588 4986 constituam,
3628 4919 3779 4972 intra
3825 4918 3884 4970 in

2247 5025 2521 5098 gaudium
2558 5023 2773 5078 domini
2817 5022 2900 5077 tui
2944 5021 3124 5090 (Ibid.,
3177 5017 3340 5088 23).»
3388 5016 3534 5069 Deus
3577 5018 3631 5066 te
3673 5012 3886 5065 incolu-

2247 5138 2377 5175 men
2411 5119 2710 5186 custodiat,
2742 5113 3209 5173 reverendissime
3253 5111 3446 5165 frater.
3491 5109 3630 5161 Data
3678 5110 3885 5176 quarto

2249 5216 2362 5269 Kal.
2399 5214 2692 5281 Novemb.,
2727 5213 3048 5282 imperante
3080 5206 3311 5262 domino
3343 5202 3600 5274 piissimo
3628 5202 3884 5268 Augusto

2249 5310 2452 5379 Leone,
2473 5308 2697 5379 imperii
2722 5307 2842 5377 ejus
2867 5322 3018 5360 anno
3047 5301 3310 5356 vicesimo
3332 5297 3520 5362 tertio,
3541 5294 3635 5348 sed
3661 5296 3718 5346 et
3739 5293 3885 5345 Con-

2251 5405 2521 5473 stantino,
2556 5418 2765 5472 magno
2815 5401 3175 5470 imperatore,
3208 5395 3329 5464 ejus
3377 5391 3514 5455 ﬁlio,
3543 5405 3697 5442 anno
3746 5386 3884 5439 vice-

2254 5498 2412 5563 simo,
2434 5498 2738 5552 indictione
2760 5499 2810 5549 8.

2254 5500 2412 5563 simo,
2434 5500 2738 5552 indictione
2760 5500 2810 5549 8.

2193 5500 2297 5688 >
2450 5593 2695 5660 Epistola
2720 5591 2992 5657 Bonifacz’i
3017 5588 3090 5642 ad
3120 5585 3438 5641 Zachariam
3464 5594 3686 5650 papam.

2328 5686 2562 5740 Domino
2621 5684 2970 5751 charissimo,
3025 5679 3230 5735 summi
3292 5673 3650 5748 pontiﬁcatus
3708 5670 3884 5724 infula

522 5783 634 5830 stra
679 5774 795 5826 vice
838 5770 1120 5841 implesti,
1185 5773 1240 5821 et
1281 5770 1427 5824 sicut
1478 5772 1576 5825 tibi
1624 5775 2025 5845 praecipimus,
2078 5780 2156 5833 ita
2255 5781 2528 5851 praedito,
2585 5779 2703 5832 viro
2750 5776 3094 5849 apostolico,
3152 5775 3468 5835 lacuaria,
3532 5767 3880 5828 Bomraars,

527 5866 816 5939 peregisti.
861 5867 1050 5935 Itaque
1097 5880 1209 5918 non
1265 5863 1507 5927 desinas,
1563 5867 1758 5928 frater.
1817 5872 2154 5926 reverendis-

2257 5891 2446 5928 servus
2469 5890 2760 5928 servorum
2782 5872 2896 5926 Dei.
