4050 6316
199 408 310 458 1161

1421 406 1888 461 DECRETALIUM
1928 409 2312 464 COLLECTIO.

3412 417 3543 466 111ῑὲ

255 511 532 564 Contitem
542 526 626 578 ur,
645 510 874 563 domine
887 512 1072 580 pater,
1088 509 1219 580 quia
1231 514 1537 582 postquam
1555 529 1661 584 per
1671 530 1816 569 nun-
1836 527 1895 601 Α
1915 517 2235 587 apostolica:
2259 516 2408 571 sedis
2435 532 2564 572 cum
2584 517 2898 571 canonibus
2927 518 3313 573 ecclesiasticis
3339 525 3546 590 prmsto

193 606 289 658 tios
313 604 624 658 referentes
635 602 972 669 audivimus,
990 604 1145 674 quod
1157 606 1494 660 venerandae
1515 608 1816 663 memoriae

188 698 527 768 apostolatus
568 696 738 750 vestri
781 697 1178 767 praedecessor,
1211 699 1536 772 Gregorius,
1565 702 1818 772 pontifex

188 790 504 862 apostolicae
531 789 698 858 sedis,
720 791 1007 861 ergastulo
1030 792 1280 861 corporis
1301 793 1612 861 absolutus,
1627 796 1697 850 ad
1715 797 1819 849 Do-

191 885 407 938 minum
437 883 726 954 migravit,
749 884 1033 954 majorem
1056 884 1335 955 lmtitiam,
1364 890 1420 940 et
1455 888 1640 958 majus
1679 905 1816 959 gau-

188 978 345 1032 dium
370 978 531 1032 nobis
567 994 682 1032 non
717 977 1056 1047 audivimus,
1091 982 1149 1032 et
1185 979 1470 1050 suspensis
1505 981 1576 1035 ad
1606 982 1818 1036 aethera

187 1072 526 1142 palmis,Deo
547 1071 757 1143 gratias
771 1071 1192 1142 egimus,quam
1207 1073 1356 1144 quod
1368 1074 1709 1129 clementem
1723 1092 1819 1147 pa-

188 1165 512 1220 ternitatem
531 1169 783 1220 vestram
816 1165 1128 1220 altissimus
1148 1166 1373 1221 Arbiter
1393 1149 1665 1223 canonica
1689 1169 1821 1239 jura

188 1275 408 1329 regere,
432 1261 488 1313 et
506 1259 828 1330 apostolica:
860 1259 1008 1314 sedis
1037 1259 1424 1330 gubernacula
1451 1263 1647 1316 tenere
1680 1278 1815 1317 con-

187 1352 369 1406 cessit.
403 1354 522 1423 Ego
547 1369 662 1407 non
695 1352 882 1422 aliter,
917 1369 1088 1423 quam
1118 1358 1183 1407 ut
1211 1357 1344 1408 ante
1370 1354 1607 1426 vestigia
1631 1359 1819 1410 vestra

187 1447 595 1517 geniculantes,
637 1446 854 1501 intimis
898 1447 1137 1500 subnixe
1183 1447 1510 1518 ﬂagitamus
1557 1449 1819 1519 precibus

188 1545 245 1593 ut
276 1540 422 1594 sicut
461 1540 946 1611 praedecessorum
976 1545 1295 1595 vestrorum
1339 1558 1444 1612 pro
1482 1542 1817 1598 auctoritate

185 1634 363 1687 sancti
390 1633 538 1688 Petri
566 1633 790 1704 pietatis
821 1634 967 1687 servi
999 1634 1182 1688 devoti
1223 1637 1281 1688 et
1309 1635 1517 1690 subditi
1560 1636 1818 1707 discipuli

187 1727 418 1794 fuimus,
453 1727 532 1781 sic
562 1731 618 1781 et
646 1731 849 1782 vestrae
885 1729 1110 1799 pietatis
1141 1729 1285 1782 servi
1325 1729 1650 1784 obedientes
1682 1731 1813 1784 sub-

187 1821 287 1874 diti
315 1821 418 1874 sub
440 1821 569 1892 jure
595 1822 869 1876 canonico
896 1821 1021 1876 ﬁeri
1063 1837 1408 1892 mereamur,
1438 1828 1694 1894 optantes
1724 1840 1813 1878 ca-

189 1915 458 1969 tholicam
525 1915 719 1983 fidem,
771 1919 828 1970 et
882 1915 1158 1970 unitatem
1227 1917 1501 1971 Romanae
1558 1896 1892 1973 EcclesiaeB

188 2009 464 2063 servando
508 2008 758 2078 dilatare,
791 2013 848 2063 et
897 2014 1365 2081 quantoscunque
1406 2011 1700 2066 audientes
1728 2013 1817 2066 vel

189 2103 489 2174 discipulos
515 2102 573 2156 in
602 2103 708 2156 ista
737 2104 1023 2173 legatione
1054 2103 1197 2157 mihi
1233 2105 1380 2158 Deus
1406 2105 1716 2172 donaverit,
1747 2107 1818 2160 ad

191 2196 578 2251 obedientiam
627 2196 954 2266 apostolicae
1001 2195 1147 2251 sedis
1194 2196 1429 2252 invitare
1461 2203 1516 2253 et
1544 2198 1818 2254 inclinare

188 2307 306 2344 non
369 2307 548 2345 cesso.
609 2291 843 2345 Necesse
916 2306 1145 2362 quoque
1214 2291 1490 2345 habemus
1562 2291 1818 2348 indicare

190 2385 517 2455 paternitati
543 2389 738 2439 vestra-3
782 2385 913 2456 quia
945 2402 1048 2455 per
1081 2386 1176 2440 Dei
1208 2386 1474 2456 gratiam,
1507 2387 1818 2442 Germaniae

191 2478 415 2549 populis
462 2479 880 2549 aliquantulum
926 2480 1208 2550 percussis
1252 2482 1338 2535 vel
1386 2481 1670 2549 correctis,
1705 2487 1818 2535 tres

190 2572 579 2627 ordinavimus
627 2573 942 2643 episcopos,
973 2577 1028 2628 et
1066 2574 1410 2644 provinciam
1459 2575 1517 2629 in
1556 2580 1671 2629 tres
1715 2591 1816 2644 pa-

191 2667 412 2721 rochias
460 2666 850 2733 discrevimus,
882 2670 938 2721 et
964 2668 1060 2722 illa
1099 2668 1206 2722 tria
1244 2669 1455 2739 Oppida
1499 2670 1614 2724 sive
1647 2670 1820 2725 urbes

189 2761 248 2814 in
303 2761 509 2832 quibus
582 2761 873 2816 constituti
948 2765 1006 2815 et
1073 2761 1316 2817 ordinati
1382 2767 1534 2829 sunt,
1598 2764 1819 2834 scriptis

191 2854 544 2910 auctoritatis
587 2859 789 2910 vestra:
829 2854 1170 2923 conﬁrmari,
1201 2860 1256 2912 et
1294 2857 1533 2911 stabiliri
1578 2874 1816 2928 precan-

189 2955 294 3017 tes,
345 2949 779 3003 desideramus:
821 2967 992 3004 unam
1044 2967 1167 3004 esse
1215 2951 1412 3005 sedem
1463 2951 1820 3022 episcopatus

191 3042 542 3098 decrevimus
580 3044 638 3096 in
680 3044 911 3098 castello
951 3044 1105 3116 quod
1137 3044 1343 3098 dicitur
1367 3045 1733 3116 Vivozaburg,
1765 3051 1821 3100 et

190 3136 431 3190 alteram
458 3138 516 3191 in
543 3137 750 3208 oppido
797 3139 949 3208 quod
987 3137 1317 3192 nominatur
1362 3138 1673 3210 Buraburg,
1704 3143 1818 3194 ter-

191 3232 332 3285 tiam
363 3231 422 3284 in
461 3231 584 3285 loco
630 3231 726 3301 qui
778 3232 982 3285 dicitur
1027 3231 1394 3328 Erpesfryod,l
1419 3233 1515 3303 qui
1553 3232 1662 3286 fuit
1696 3234 1894 3337 jamC

189 3325 326 3378 olim
376 3324 533 3378 urbis
577 3342 941 3395 paganorum
986 3326 1350 3379 rusticorum.
1379 3324 1525 3395 illaec
1554 3326 1666 3380 tria
1698 3327 1820 3380 loca

187 3417 421 3489 propria
445 3419 638 3472 charta
664 3423 719 3472 et
740 3419 1073 3473 auctoritate
1096 3417 1441 3488 apostolatus
1462 3420 1634 3473 vestri
1661 3420 1822 3474 robo-

189 3512 305 3566 rari
330 3515 388 3566 et
415 3511 748 3566 confirmari
778 3513 1084 3583 diligenter
1112 3513 1492 3582 postulamus,
1523 3517 1604 3579 ut,
1636 3513 1679 3566 si
1708 3515 1819 3567 Do-

190 3607 386 3660 minus
433 3606 692 3672 voluerit,
749 3623 851 3676 per
920 3606 1314 3660 auctoritatem
1369 3608 1424 3660 et
1473 3612 1823 3677 przeceptum

191 3700 368 3754 sancti
431 3699 601 3764 Petri,
648 3699 998 3769 jussionibus
1070 3695 1386 3770 apostolicis
1449 3701 1699 3754 fundatae
1768 3705 1825 3755 et

190 3793 457 3847 stabilita:
487 3793 600 3846 sint
624 3797 738 3846 tres
764 3793 822 3846 in
852 3793 1167 3847 Germaniae
1200 3792 1548 3865 episcopales
1566 3794 1740 3861 sedes,
1769 3797 1826 3848 et

191 3891 255 3940 ut
285 3888 613 3958 prensantes,
641 3887 727 3939 vel
767 3886 978 3941 futurae,
1017 3886 1413 3957 generationes
1454 3905 1570 3942 non
1605 3905 1821 3960 praesu-

193 3985 354 4034 mant
399 3981 479 4034 vel
528 3979 824 4051 parochias
876 3997 1240 4052 corrumpere
1282 3982 1366 4036 vel
1417 3981 1621 4036 violare
1679 3999 1822 4053 prae-

192 4078 422 4145 ceptum
451 4074 768 4145 apostolicae
804 4075 972 4129 sedis.
1005 4076 1214 4130 Notum
1258 4075 1517 4130 similiter
1543 4077 1613 4130 sit
1637 4080 1824 4148 pater-

191 4169 358 4223 nitati
387 4171 591 4222 vestrae
639 4168 790 4239 quod
839 4168 1267 4236 Carlomannus,
1301 4169 1414 4223 dux
1461 4172 1824 4238 Francorum,

192 4278 287 4316 me
316 4262 647 4317 accersitum
673 4263 742 4316 ad
777 4278 834 4316 se
858 4262 1078 4332 rogavit
1112 4263 1170 4316 in
1202 4267 1360 4333 parte
1393 4263 1555 4334 regni
1586 4265 1825 4318 Franco-

191 4371 344 4423 rum,
374 4372 501 4426 quae
542 4356 600 4409 in
640 4373 742 4410 sua
774 4360 858 4410 est
901 4359 1203 4426 potestate,
1234 4356 1510 4426 synodum
1555 4356 1823 4426 incipere,

191 4465 570 4519 congregare,
593 4454 650 4503 et
670 4449 927 4520 promisit
951 4465 1008 4503 se
1037 4449 1105 4503 de
1129 4448 1507 4502 ecclesiastica
1527 4449 1822 4519 religione,

191 4560 322 4615 quae
345 4543 466 4613 jam
489 4544 659 4613 longo
683 4549 965 4615 tempore,
981 4542 1037 4596 id
1063 4545 1166 4611 est,
1183 4558 1301 4615 non
1322 4542 1510 4596 minus
1531 4559 1704 4614 quam
1724 4560 1827 4614 per

1918 610 2125 666 habere
2153 611 2337 682 cupio.
2369 611 2423 666 Si
2448 611 2724 665 invenero
2751 611 2902 665 inter
2936 611 3060 665 illos
3087 611 3376 680 diacones,
3406 630 3546 684 quos

1919 704 2237 771 nominant,
2272 705 2368 775 qui
2415 720 2447 756 a
2491 703 2738 774 pueritia
2790 721 2891 758 sua
2937 720 3164 775 semper
3205 705 3264 759 in
3315 707 3544 776 stupris,

1917 813 2146 868 semper
2179 798 2240 850 in
2284 797 2591 866 adulteriis,
2625 800 2682 851 et
2708 797 2768 851 in
2813 797 3078 852 omnibus
3121 814 3350 868 semper
3379 815 3544 869 spur-

1918 890 2064 945 citiis
2093 890 2266 944 vitam
2314 890 2608 959 ducentes,
2643 890 2747 944 sub
2773 891 2872 945 tali
2899 891 3230 946 testimonio
3270 896 3550 947 venerunt

1919 984 1987 1037 ad
2030 984 2407 1050 diaconatum,
2443 987 2498 1038 et
2544 983 2716 1038 modo
2762 983 2821 1038 in
2864 983 3163 1039 diaconatu
3208 985 3548 1039 concubinas

1919 1079 2185 1148 quatuor,
2211 1078 2301 1130 vel
2332 1075 2606 1148 quinque,
2635 1077 2722 1131 vel
2753 1076 2948 1148 plures
2973 1081 3144 1132 noctu
3181 1077 3239 1132 in
3267 1079 3414 1132 lecto
3441 1079 3544 1134 ha-

1916 1171 2138 1238 bentes,
2173 1169 2541 1241 Evangelium
2583 1174 2779 1224 tamen
2827 1172 3039 1241 legere,
3071 1173 3129 1225 et
3173 1171 3440 1226 diaconos
3489 1189 3548 1228 se

1917 1263 2217 1318 nominare
2261 1280 2378 1318 non
2428 1264 2792 1334 erubescunt,
2821 1280 2928 1318 nec
2971 1268 3257 1331 metuunt,
3291 1269 3348 1320 et
3386 1265 3546 1320 sicin

1917 1357 2125 1411 talibus
2149 1357 2377 1412 incestis
2397 1357 2468 1411 ad
2492 1357 2754 1412 ordinem
2779 1357 3207 1429 presbyteratus
3233 1358 3546 1427 venientes,

1919 1451 2108 1505 officio
2136 1451 2455 1521 fungentes,
2489 1451 2684 1505 dicunt
2713 1467 2774 1504 se
2802 1467 2906 1522 pro
2934 1451 3144 1522 pepulo
3173 1451 3544 1519 intercedere,

1919 1549 1975 1599 et
2005 1560 2189 1598 sacras
2229 1545 2542 1600 oblationes
2587 1544 2808 1611 offerre,
2838 1545 3159 1613 novissime,
3191 1546 3344 1616 quod
3386 1546 3548 1617 pejus

1920 1643 2021 1704 est,
2074 1638 2177 1692 sub
2229 1637 2434 1692 talibus
2486 1636 2823 1692 testimoniis
2877 1654 2982 1708 per
3033 1638 3239 1710 gradus
3297 1639 3549 1710 singulos

1919 1731 2308 1798 ascendentes,
2337 1731 2673 1786 ordinantur
2705 1733 2762 1785 et
2785 1731 3160 1786 nominantur
3187 1733 3456 1803 episcopi,
3489 1737 3552 1787 ut

1916 1824 2187 1894 habeant,
2232 1829 2582 1895 praeceptum
2640 1827 2696 1879 et
2745 1824 3130 1894 conscriptum
3199 1824 3549 1880 auctoritatis

1917 1921 2116 1974 vestrae
2149 1918 2284 1989 quid
2313 1919 2382 1973 de
2412 1918 2619 1972 talibus
2662 1918 2969 1985 deﬁniatis,
3004 1921 3061 1973 et
3086 1934 3186 1990 per
3210 1935 3547 1990 responsum

1917 2012 2290 2083 apostolicum
2319 2012 2745 2078 convincantur,
2773 2015 2832 2066 et
2864 2014 3180 2082 arguantur
3205 2015 3547 2083 peccatores.

1920 2109 1984 2160 Et
2025 2105 2394 2161 inveniuntur
2427 2105 2660 2177 quidam
2689 2106 2843 2159 inter
2869 2121 2964 2160 eos
2992 2105 3258 2177 episcopi,
3292 2105 3390 2178 qui
3418 2106 3554 2161 licet

1919 2200 2110 2254 dicant
2132 2215 2188 2253 se
2215 2199 2547 2253 fornicarios
2562 2200 2648 2253 vel
2669 2200 2958 2253 adulteros
2985 2215 3104 2254 non
3130 2216 3272 2268 esse,
3297 2201 3398 2254 sed
3419 2206 3552 2255 sunt

1919 2293 2143 2361 ebriosi,
2163 2297 2220 2347 et
2237 2293 2504 2347 incuriosi
2531 2294 2614 2347 vel
2641 2298 2964 2360 venatores,
2987 2299 3042 2348 et
3067 2294 3165 2364 qui
3193 2299 3452 2364 pugnant
3490 2295 3548 2348 in

1921 2387 2172 2441 exercitu
2199 2387 2424 2455 armati,
2460 2389 2517 2440 et
2542 2385 2844 2440 effundunt
2869 2386 3103 2457 propria
3128 2403 3302 2440 manu
3320 2389 3551 2458 sangui-

1921 2496 2053 2536 nem
2071 2479 2390 2547 hominum,
2409 2479 2522 2533 sive
2544 2495 2927 2550 paganorum,
2943 2479 3057 2532 sive
3073 2480 3550 2536 Christianorum.

1919 2575 1988 2627 Et
2015 2573 2148 2645 quia
2175 2589 2367 2628 servus
2409 2577 2463 2628 et
2499 2573 2720 2643 legatus
2765 2572 3093 2644 apostolicaa
3135 2572 3280 2628 sedis
3317 2590 3438 2628 esse
3465 2574 3552 2629 di-

1921 2683 2177 2738 gnoscor,
2227 2671 2283 2721 et
2319 2682 2504 2721 unum
2550 2667 2620 2720 sit
2665 2667 2922 2733 verbum,
2971 2683 3168 2720 meum
3209 2667 3320 2734 hic,
3355 2670 3412 2722 et
3451 2683 3551 2722 ve-

1919 2765 2100 2815 strum
2154 2760 2251 2828 ibi,
2311 2761 2358 2813 si
2407 2759 2704 2830 contingat
2751 2761 2821 2814 ad
2869 2759 3150 2831 judicium
3202 2761 3555 2838 auctoritatis

1921 2857 2140 2922 vestras,
2170 2857 2232 2907 ut
2269 2853 2486 2924 pariter
2529 2853 2726 2908 missos
2770 2853 3106 2924 dirigamus.
3155 2855 3436 2909 Praeterea
3482 2855 3553 2909 de

1921 2963 2035 3001 una
2068 2963 2129 3001 re
2177 2951 2232 3002 et
2270 2946 2568 3002 consilium
2613 2963 2890 3017 quaerere,
2918 2949 2976 3001 et
3012 2947 3308 3002 licentiam
3357 2950 3554 3019 petere

1921 3056 2148 3095 necesse
2175 3040 2374 3111 habeo,
2405 3057 2472 3095 eo
2512 3041 2666 3112 quod
2695 3041 3036 3096 venerandae
3075 3041 3369 3096 memorias
3403 3058 3553 3113 prae-

1923 3135 2182 3189 decessor
2215 3137 2418 3204 vester,
2451 3134 2595 3188 sicut
2635 3133 2890 3204 audistis,
2924 3135 2982 3188 in
3030 3135 3343 3206 praesentia
3373 3139 3557 3191 vestra

1919 3227 2061 3282 mihi
2091 3229 2360 3298 praecepit
2401 3232 2466 3282 ut
2505 3227 2905 3298 presbyterum
2933 3233 3059 3298 post
3089 3228 3308 3282 obitum
3335 3245 3552 3298 meum,

1922 3325 2036 3376 Deo
2081 3325 2324 3389 volente,
2368 3321 2425 3374 in
2474 3319 2849 3376 ecclesiastico
2898 3320 3215 3376 ministerio
3257 3322 3553 3376 haeredem

1921 3420 1977 3470 et
2015 3431 2390 3471 successorem
2434 3414 2774 3469 constituere
2823 3414 3116 3482 deberem,
3145 3419 3202 3470 et
3242 3416 3349 3469 hoc
3386 3415 3553 3483 mihi,

1922 3511 1967 3564 si
2001 3510 2095 3565 Dei
2124 3510 2378 3564 voluntas
2423 3510 2526 3574 est,
2553 3508 2753 3578 placet,
2783 3508 2880 3562 sed
2909 3509 3078 3562 modo
3121 3509 3318 3562 dubito
3357 3513 3413 3563 et
3454 3526 3554 3563 ne-

1924 3603 2059 3673 scio,
2088 3603 2132 3656 si
2161 3602 2285 3657 ﬁeri
2313 3601 2512 3673 possit,
2545 3601 2679 3672 quia
2702 3605 2899 3671 postea
2930 3602 3106 3656 frater
3128 3601 3279 3656 illius
3301 3618 3552 3657 avuncu-

1923 3698 2044 3752 lum
2073 3697 2229 3751 ducis
2265 3697 2611 3751 Francorum
2648 3693 2874 3763 occidit,
2909 3700 2964 3750 et
3001 3695 3185 3750 adhuc
3215 3696 3555 3767 ignoramus

1927 3711 2044 3752 lum
2073 3711 2229 3751 ducis
2266 3711 2611 3751 r'rancorum
2648 3711 2874 3763 occmit,
2909 3711 2964 3750 et
3001 3711 3185 3750 aonuc
3215 3713 3385 3767 ignor
3487 3713 3555 3751 us

1927 3791 2170 3861 qualiter
2197 3790 2303 3845 ista
2332 3788 2612 3844 discordia
2654 3788 2942 3860 paciﬁcari
2980 3791 3038 3844 et
3077 3788 3228 3844 ﬁniri
3254 3711 3488 3882 V8163?
3490 3793 3558 3844 Et

1925 3886 2154 3940 obsecro
2189 3888 2250 3939 ut
2284 3883 2636 3947 auctoritatis
2672 3885 2876 3938 vestrae
2909 3882 3152 3938 licentiae
3199 3883 3288 3952 sit,
3324 3887 3387 3938 ut
3423 3901 3555 3940 cum

1926 3979 2160 4034 consilio
2217 3995 2509 4033 servorum
2574 3977 2673 4033 Dei
2741 3976 2810 4032 de
2866 3977 2971 4032 ista
3025 3976 3298 4032 electione
3351 3977 3556 4034 faciam

1926 4074 2081 4144 quod
2121 4072 2282 4127 nobis
2326 4073 2384 4126 in
2429 4088 2731 4127 commune
2779 4087 2882 4142 pro
2924 4072 3040 4126 Deo
3083 4074 3139 4126 et
3164 4087 3268 4143 pro
3297 4073 3558 4128 Ecclesia:

1928 4167 2190 4233 utilitate,
2214 4168 2299 4220 vel
2329 4167 2516 4220 fructu
2545 4165 2784 4237 spiritali
2817 4170 2872 4220 et
2904 4165 3237 4219 defensione
3268 4165 3560 4235 religionis

1927 4261 2208 4330 optimum
2239 4275 2357 4313 esse
2387 4259 2665 4326 videatur,
2701 4263 2763 4313 ut
2800 4275 3138 4313 consensum
3169 4261 3420 4312 vestrum
3452 4259 3557 4312 ha-

1925 4354 2093 4407 beam
2139 4353 2208 4406 de
2246 4353 2352 4406 hoc
2388 4352 2574 4407 facere
2619 4352 2772 4423 quod
2811 4352 3091 4423 optimum
3135 4368 3252 4406 esse
3278 4351 3556 4421 videatur,

1926 4447 2070 4501 mihi
2096 4445 2376 4517 inspirare
2405 4446 2673 4516 dignetur
2704 4448 2868 4513 Deus,
2899 4446 3033 4517 quia
3059 4446 3167 4500 hoc
3192 4461 3310 4500 non
3336 4445 3562 4500 videtur

1926 4557 2091 4612 posse
2136 4539 2280 4606 ﬁeri,
2334 4539 2378 4593 si
2426 4540 2740 4594 contrarius
2791 4539 3058 4611 princeps
3103 4539 3295 4594 fuerit.
3344 4541 3563 4594 Interea

191 4636 492 4707 sexaginta
522 4638 607 4691 vel
635 4637 989 4709 septuaginta
1016 4606 1446 4712 annochalcata
1472 4642 1528 4692 et
1555 4636 1824 4707 dissipata
1842 4635 1903 4707 D
1926 4650 2179 4705 quaerere
2226 4638 2282 4687 et
2328 4633 2679 4704 interrogare
2732 4633 3086 4703 paternitatis
3120 4637 3321 4689 vestra:
3371 4633 3560 4688 consi-

192 4730 320 4797 fuit,
338 4730 553 4801 aliquid
577 4730 860 4801 corrigere
880 4735 936 4785 et
953 4713 1258 4785 emendare
1276 4729 1440 4784 velle.
1455 4731 1822 4801 Quapropter,

195 4824 240 4878 si
289 4825 414 4892 hoc,
445 4825 558 4878 Deo
602 4823 939 4894 inspirante,
983 4824 1259 4879 veraciter
1308 4824 1547 4894 implere
1586 4824 1831 4879 voluerit

194 4917 522 4984 consilium,
546 4922 600 4972 et
619 4922 969 4988 praeceptum
1001 4921 1207 4973 sanctae
1227 4921 1428 4973 vestrae.
1454 4917 1827 4987 auctoritatis,

195 5011 253 5064 id
307 5013 412 5076 est,
457 5011 780 5081 apostolicae.
827 5011 972 5064 sedis
1028 5011 1239 5066 habere
1282 5014 1339 5065 et
1387 5027 1581 5082 sapere
1631 5011 1827 5066 debeo.

194 5104 399 5158 Franci
452 5105 624 5172 enim,
677 5111 741 5159 ut
795 5105 1048 5159 seniores
1106 5105 1322 5172 dicunt,
1381 5106 1681 5177 plusquam
1734 5123 1834 5176 per

195 5200 426 5268 tempus
460 5197 754 5267 octoginta
778 5214 1062 5252 annorum
1093 5200 1375 5270 synodum
1408 5216 1523 5254 non
1552 5200 1832 5268 fecerunt,

194 5307 300 5345 nec
331 5290 825 5362 archiepiscopum
868 5292 1212 5362 habuerunt,
1242 5311 1348 5348 nec
1376 5294 1638 5348 Ecclesiae
1670 5311 1834 5349 cano-

195 5385 331 5438 nica
370 5385 504 5454 jura
544 5385 751 5439 alicubi
797 5385 1111 5440 fundabant
1143 5387 1231 5441 vel
1267 5387 1634 5441 renovabant.
1675 5388 1835 5442 Modo

197 5484 394 5533 autem
436 5479 687 5533 maxima
726 5496 791 5532 ex
835 5483 994 5549 parte
1039 5495 1142 5549 per
1183 5480 1455 5550 civitates,
1489 5481 1840 5552 episcopales

197 5573 365 5627 sedes
399 5573 620 5627 traditae
651 5577 784 5627 sunt
824 5572 998 5640 laicis,
1035 5573 1252 5642 cupidis
1291 5575 1361 5628 ad
1407 5573 1836 5645 possidendum,

200 5667 291 5719 vel
339 5666 665 5735 adulteratis
709 5666 948 5732 clericis,
980 5666 1382 5720 scortatoribus
1425 5672 1481 5723 et
1524 5667 1840 5738 publicanis

200 5759 551 5814 szeculariter
590 5760 661 5815 ad
709 5760 1140 5830 perfruendum.
1199 5760 1340 5814 Nam
1389 5761 1433 5814 si
1479 5777 1582 5832 per
1607 5760 1842 5815 verbum

203 5857 454 5908 vestrum
507 5854 615 5908 hoc
658 5853 978 5925 negotium,
1025 5854 1167 5908 duce
1218 5857 1456 5924 rogante
1500 5853 1838 5925 supradicto,

211 5963 446 6002 movere
470 5952 524 6001 et
550 5948 858 6019 praecipere
888 5948 1081 6017 debeo,
1105 5951 1456 6022 praeceptum
1484 5950 1540 6004 et
1561 5946 1842 6018 judicium

1927 4728 2064 4782 lium
2120 4727 2301 4781 debeo
2347 4727 2416 4780 de
2469 4726 2719 4797 quadam
2781 4726 3132 4796 confusione,
3190 4731 3246 4781 et
3298 4727 3564 4781 seandalo

1930 4820 2367 4893 praedicationis,
2399 4836 2524 4891 quae
2570 4837 2754 4891 nuper
2789 4820 2858 4874 ad
2888 4837 2989 4874 vos
3018 4821 3271 4888 veniens,
3304 4824 3559 4876 mentem

1931 4918 2174 4968 vestram
2229 4913 2602 4982 conturbavit,
2650 4919 2704 4969 et
2750 4913 3136 4968 sacerdotibus
3187 4915 3562 4968 Ecclesiarum

1932 5008 2334 5063 verecundiam
2361 5008 2699 5075 incutiebat,
2719 5007 2852 5079 quia
2875 5007 3054 5061 laicus
3086 5007 3319 5078 quidam
3340 5024 3568 5078 magna:

1936 5119 2190 5175 personae
2225 5102 2297 5157 ad
2336 5119 2437 5157 nos
2475 5101 2706 5156 veniens
2743 5101 2969 5155 dicebat
3009 5100 3112 5154 sibi
3142 5101 3211 5154 ab
3247 5101 3568 5171 apostolicae

1937 5189 2083 5252 sedis
2129 5196 2414 5268 pontifice,
2444 5199 2654 5250 sanctae
2699 5195 2996 5250 memoriae
3045 5194 3342 5266 Gregorio,
3374 5197 3568 5252 datam

1938 5291 2111 5346 fuisse
2183 5290 2469 5346 licentiam
2531 5295 2595 5344 ut
2659 5289 2716 5343 in
2782 5288 3216 5343 matrimonium
3290 5289 3572 5362 acciperet

1938 5387 2166 5441 viduam
2199 5384 2463 5440 avunculi
2497 5384 2602 5451 sui,
2636 5399 2764 5455 qua:
2806 5387 2861 5437 et
2903 5382 3025 5453 ipsa
3051 5381 3160 5437 fuit
3204 5400 3342 5438 uxor
3366 5401 3567 5438 conso-

1939 5479 2111 5548 brini,
2159 5482 2215 5535 et
2257 5479 2374 5546 illa,
2404 5478 2502 5532 illo
2544 5476 2787 5544 vivente,
2831 5475 3086 5532 discessit
3134 5476 3206 5531 ab
3253 5493 3342 5543 eo,
3385 5482 3442 5531 et
3477 5478 3570 5532 isti

1940 5574 2058 5628 viro
2086 5573 2184 5645 qui
2214 5590 2367 5627 nunc
2393 5588 2521 5628 eam
2545 5572 2798 5643 accipere
2826 5569 3151 5625 desiderans
3184 5568 3432 5625 affirmat
3461 5571 3570 5626 sibi

1941 5667 2230 5722 licentiam
2258 5668 2479 5736 datam;
2508 5667 2568 5721 in
2599 5665 2765 5721 tertio
2792 5663 3050 5736 geniculo
3075 5662 3396 5734 propinqua
3419 5663 3573 5720 illius

1943 5775 2062 5815 esse
2103 5761 2472 5831 dignoscitur,
2505 5763 2564 5815 et
2603 5763 2802 5815 votum
2845 5759 2997 5814 vovit
3040 5759 3155 5812 Deo
3197 5757 3485 5826 castitatis,
3515 5765 3574 5814 ct

1943 5854 2122 5908 velata
2172 5853 2298 5922 fuit,
2330 5856 2388 5906 et
2429 5854 2641 5909 iterum
2693 5853 2916 5925 abjecto
2955 5852 3238 5908 velamine
3277 5850 3568 5917 maritate;

1947 5947 2053 6001 tale
2083 5947 2232 6000 enim
2281 5947 2709 6001 matrimonium
2752 5948 3108 6020 supradictus
3138 5948 3308 6004 homo
3337 5947 3404 6002 ab
3438 5964 3571 6020 apo-
