4050 6340
436 342 563 394 H67

1328 338 1606 391 APPEND.
1649 338 1734 391 AD
1774 337 1933 391 SASC.
1976 337 2063 390 1X.
2094 364 2160 374 —-
2201 336 2440 390 lSlDORl
2480 293 2902 392 MERCATORIS

3654 344 3799 397 1168

426 447 604 505 tentia
634 449 747 503 Deo
787 449 854 502 ad
901 447 1347 503 destructionem
1379 446 1786 517 munitionum,
1827 446 2060 503 consilia
2081 457 2140 531 Α
2160 462 2288 500 rum
2314 445 2598 517 principes
2622 447 3070 519 conjungentem
3101 462 3279 520 usque
3318 449 3390 504 ad
3433 466 3801 522 paganorum

427 543 781 597 destruentes
806 547 862 597 et
888 557 1119 597 omnem
1150 540 1555 595 exaltationem
1603 541 1972 596 extollentem
2001 558 2059 596 se

428 637 694 691 adversus
720 635 1013 690 scientiam
1063 634 1182 701 Dei,
1220 635 1278 689 in
1308 634 1693 705 captivitatem
1735 634 2061 705 redigentes

428 746 658 785 omnem
685 729 1055 794 intellectum,
1090 732 1147 783 et
1174 744 1405 783 omnem
1435 728 1841 798 cogitationem
1872 728 1933 781 in
1966 728 2058 783 ob-

427 824 684 895 sequium
717 822 922 878 Christi
964 823 1336 893 perducentes
1374 821 1447 891 (H
1482 822 1599 876 Cor.
1633 839 1686 890 x,
1720 823 1771 889 4,
1810 824 1881 892 5).
1916 844 1942 871 ››
1978 823 2059 877 De

429 919 655 984 caetero,
688 916 909 984 fratres,
944 916 1343 970 confortamini
1368 915 1427 969 in
1448 913 1686 969 Domino
1708 919 1765 970 et
1784 915 1841 968 in
1862 919 2059 985 poten-

427 1010 504 1064 tia
527 1009 878 1064 fortitudinis
903 1009 1042 1081 ejus.
1070 1011 1188 1063 Pax
1216 1009 1371 1063 vobis
1396 1009 1577 1063 multa
1607 1013 1663 1062 et
1690 1008 1873 1079 gratia
1894 1025 1928 1062 a
1948 1008 2059 1062 Deo

428 1109 484 1158 et
508 1103 746 1159 Domino
776 1106 968 1157 nostro
997 1105 1130 1157 Jesu
1155 1102 1377 1157 Christo
1408 1102 1781 1157 ministretur.
1803 1101 2061 1173 Amplec-

422 1198 602 1252 timur
628 1201 687 1251 et
716 1198 1057 1265 oseulamur,
1091 1214 1156 1251 ac
1182 1196 1227 1250 si
1259 1200 1570 1267 praesentes
1609 1195 1942 1250 charitatem
1969 1212 2058 1249 ve-

423 1293 601 1345 stram
628 1290 687 1346 in
713 1291 995 1345 unitatem
1027 1290 1291 1361 Spiritus,
1323 1290 1383 1344 in
1410 1289 1632 1344 vinculo
1659 1288 1815 1361 pacis
1844 1293 1900 1343 et
1929 1289 2058 1343 cha-

426 1385 608 1439 ritatis
631 1385 858 1440 Christi.
882 1387 1026 1440 Deus
1045 1400 1143 1439 vos
1164 1384 1480 1439 incolumes
1501 1383 1797 1453 custodiat,
1821 1382 2059 1438 dilectis-

427 1477 557 1532 simi
584 1478 767 1534 nobis.

872 1573 1125 1641 Ejusdem
1150 1574 1224 1627 ad
1253 1573 1615 1639 Boni/actum.

498 1665 988 1722 Reverendissimo
1032 1670 1088 1721 et
1129 1665 1484 1721 sanctissimo
1527 1664 1711 1734 fratri,
1762 1666 2058 1720 Bomracm

424 1760 777 1832 coepiscopo,
807 1762 1135 1827 ZACHARIAS,
1170 1776 1362 1815 servus
1394 1775 1691 1813 servorum
1720 1758 1842 1812 Dei.

2160 539 2324 607 fines,
2352 542 2410 595 et
2436 539 2496 594 in
2522 543 2710 611 partes
2735 542 3201 598 Germanicarum
3228 543 3511 613 gentium,
3533 544 3632 599 ubi
3655 549 3801 599 ante

2160 632 2502 705 praedicasti,
2531 638 2813 704 quatenus
2834 635 2912 689 ibi
2934 636 3127 692 sedem
3144 637 3645 707 metropolitanam
3666 654 3803 710 per-

2161 731 2333 798 petuo
2391 731 2646 799 tempore
2700 728 2913 783 habere
2976 729 3204 798 debeas,
3258 734 3325 786 ut
3373 730 3508 786 inde
3559 735 3803 786 caeteros

2160 820 2449 892 episcopos
2477 822 2548 876 ad
2574 821 2722 875 viam
2752 821 3061 879 instrueres
3087 824 3461 892 rectitudinis,
3505 829 3561 879 et
3586 830 3713 895 post
3740 830 3804 880 te

2160 914 2244 968 tui
2269 931 2616 970 successores
2650 918 2926 986 perpetuo
2947 916 3078 987 jure
3104 918 3466 989 possideant;
3505 919 3615 974 hoc
3639 917 3801 990 quod

2160 1008 2533 1064 decreverunt
2558 1010 2689 1063 laato
2714 1025 2816 1063 nos
2842 1010 3179 1081 suscipimus
3205 1012 3421 1079 animo,
3454 1027 3522 1067 eo
3554 1013 3708 1083 quod
3729 1028 3801 1068 ex

2160 1101 2259 1156 Dei
2296 1105 2439 1157 nutu
2478 1103 2691 1157 factum
2716 1108 2818 1173 est,
2849 1105 2936 1159 vel
2964 1104 3009 1158 si
3046 1105 3279 1177 quidem
3307 1105 3429 1160 falsi
3457 1106 3797 1175 sacerdotes,

2160 1199 2216 1249 et
2270 1195 2607 1251 schismatici
2662 1197 2768 1251 hoc
2810 1198 3095 1269 impedire
3139 1200 3323 1255 conati
3367 1205 3515 1266 sunt,
3549 1216 3801 1271 quorum.

2160 1304 2369 1343 vanum
2419 1306 2664 1360 agonem
2712 1291 2985 1347 Dominus
3024 1292 3338 1363 dissipabit,
3384 1297 3440 1347 et
3483 1292 3582 1347 illa
3627 1292 3803 1348 faciet

2160 1381 2408 1438 stabilita
2432 1399 2562 1454 qua
2590 1388 2916 1440 sanctorum
2938 1386 3169 1441 Patrum
3197 1387 3421 1441 statutis
3445 1386 3803 1441 conveniunt

2162 1476 2530 1532 concordare.
2572 1479 2640 1532 Et
2674 1478 2809 1549 quia
2851 1478 2951 1533 tibi
2984 1478 3091 1550 ipsi
3134 1479 3417 1550 principes
3447 1481 3801 1534 Francorum

2158 1570 2219 1624 in
2263 1570 2368 1624 hoc
2417 1570 2594 1626 etiam
2649 1571 2936 1643 adjutores
2972 1573 3326 1640 exstiterunt,
3370 1573 3652 1629 retribuat
3685 1574 3803 1628 illis

2158 1663 2520 1735 omnipotens
2578 1666 2723 1719 Deus
2756 1665 3158 1722 vicissitudinis
3196 1667 3503 1738 praemium
3549 1671 3608 1721 et
3630 1668 3804 1722 innu-

2162 1772 2321 1812 mera
2386 1757 2662 1828 largiatur
2710 1758 2883 1814 bona.
2930 1760 3070 1813 Nam
3121 1759 3386 1814 similiter
3423 1760 3493 1815 de
3530 1760 3627 1814 illo
3658 1761 3804 1816 falso

498 1823 639 1909 Cum
662 1823 826 1909 nobis
847 1823 1215 1910 sanctissimae
1227 1851 1598 1908 fraternitatis
1609 1856 1719 1906 tuas
1732 1851 1958 1921 syllabae
1970 1851 2062 1905 de-
2081 1823 2138 1894 B
2162 1850 2448 1921 episeopo,
2477 1823 2657 1922 quem
2687 1852 2880 1907 dixisti
2902 1852 3204 1907 adulterati
3229 1853 3438 1921 clerici,
3470 1858 3525 1909 et
3550 1854 3797 1908 homici-

430 1950 557 2004 latze
580 1948 840 2015 fuissent,
869 1952 1038 2020 atque
1063 1963 1167 2019 per
1187 1947 1409 2019 singula
1435 1945 1611 2016 relegi
1638 1944 1984 2014 fecissemus,
2006 1948 2062 1999 et
2162 1945 2248 1998 dae
2276 1944 2455 1999 lilium
2480 1961 2545 1999 ac
2570 1945 2629 1999 in
2656 1945 2937 2000 adulterio
2967 1951 3183 2014 natum,
3227 1952 3284 2002 et
3314 1948 3526 2020 absque
3554 1947 3801 2019 discipli-

435 2042 843 2115 reperissemus
874 2042 932 2096 in
961 2040 1297 2096 earumdem
1319 2040 1638 2096 litterarum
1667 2042 1893 2093 tuarum
1919 2038 2064 2093 serie

430 2137 585 2207 quod
596 2137 845 2208 peccatis
856 2135 1061 2191 nostris
1076 2134 1437 2203 facientibus,
1453 2134 1591 2188 dum
1601 2132 1879 2187 Dominici
1892 2131 2063 2187 tritici

431 2231 647 2285 semina
674 2245 963 2300 quaereres
998 2227 1309 2295 elaborare,
1352 2227 1424 2282 ad
1458 2226 1780 2297 augendam
1811 2228 2063 2297 segetem

430 2323 746 2394 spiritalem
806 2322 991 2377 subito
1056 2320 1272 2375 inimici
1339 2319 1793 2392 superseminant
1853 2319 2063 2373 zizania

429 2416 647 2487 (Matth.
678 2433 794 2486 xm,
828 2416 918 2486 25)
963 2418 1026 2469 ut
1063 2414 1415 2470 sanctitatem
1446 2417 1599 2467 tuam
1627 2413 1686 2467 in
1710 2414 1860 2467 bono
1888 2429 2064 2483 opere

430 2503 921 2595 impediant.\Sed
966 2512 1065 2563 tua
1118 2511 1308 2562 sancta
1350 2507 1669 2562 fraternitas
1721 2506 2065 2562 incessanter

431 2604 675 2661 orationi
719 2604 906 2673 instet,
982 2602 1194 2674 pariter
1237 2619 1369 2657 cum
1420 2601 1691 2657 fratribus
1737 2600 1834 2672 qui
1873 2616 2065 2655 secum

432 2700 717 2768 laborant,
765 2702 823 2753 et
864 2697 1147 2768 spiritales
1187 2697 1437 2759 sarculos
1461 2700 1816 2763 construens,
1858 2693 2065 2748 zizania

433 2793 725 2847 eradicans
744 2792 1004 2863 deportet
1018 2790 1088 2845 ad
1103 2789 1558 2845 comburendum
1581 2788 1627 2857 (Ι
1630 2789 1763 2851 bid.,
1788 2788 1896 2858 30),
1911 2791 1977 2841 ut
1987 2786 2068 2842 ait

430 2888 631 2942 beatus
659 2885 967 2956 Gregorius
992 2900 1137 2956 papa
1172 2901 1183 2938 :
1222 2884 1443 2938 Bonum
1478 2881 1655 2950 enim,
1687 2880 1894 2952 inquit,
1924 2896 2067 2952 opus

434 2980 599 3034 nobis
627 2979 701 3033 sit
724 2979 782 3032 in
800 2979 1095 3033 voluntate
1125 2996 1138 3031 :
1170 2993 1303 3031 nam
1338 2992 1406 3030 ex
1434 2975 1624 3030 divino
1648 2975 1736 3046 adj
1748 2974 1932 3029 utorio
1959 2974 2069 3028 erit

437 3075 497 3128 in
522 3072 894 3145 perfectione.
922 3070 1013 3124 His
1029 3071 1107 3124 ita
1124 3087 1185 3124 se
1206 3069 1564 3138 habentibus,
1588 3068 1920 3123 eharissime
1952 3067 2065 3122 fra-

2130 2024 2137 2033 ’
2166 2054 2239 2092 na
2265 2037 2566 2105 nutritum,
2597 2043 2653 2092 et
2673 2043 2879 2094 caetera
2903 2040 3073 2110 mala,
3108 2044 3167 2095 et
3190 2040 3502 2107 horribilia,
3533 2057 3665 2113 quae
3691 2057 3801 2113 per

2164 2132 2391 2202 singula
2428 2132 2725 2199 enarrasti,
2755 2149 2821 2187 ac
2851 2149 2952 2203 per
2980 2134 3107 2202 hoc,
3148 2139 3203 2189 et
3233 2134 3319 2188 sui
3362 2134 3572 2189 similes
3611 2151 3797 2191 sacer-

2165 2225 2322 2280 dotes
2370 2225 2730 2293 consecravit,
2780 2226 2851 2280 de
2897 2227 3007 2280 hoc
3051 2227 3313 2282 meminit
3354 2231 3449 2282 tua
3486 2229 3801 2284 reverenda

2162 2319 2484 2374 fraternitas
2529 2320 2685 2391 quod
2718 2319 2899 2374 tribus
2931 2320 3054 2391 jam
3094 2319 3308 2375 vicibus
3344 2322 3695 2393 scripsimus,
3736 2326 3804 2376 ut

2167 2413 2356 2468 nullus
2399 2413 2701 2483 homicida,
2746 2413 2939 2468 nullus
2982 2414 3226 2482 adulter,
3278 2416 3465 2469 nullus
3489 2414 3803 2471 fornicator

2167 2522 2389 2561 sacrum
2437 2505 2817 2561 ministerium
2864 2507 3069 2562 debeat
3106 2508 3445 2577 obtrectare,
3484 2509 3586 2564 sed
3613 2525 3801 2581 neque

2165 2600 2467 2673 paenitens,
2503 2605 2603 2656 aut
2630 2601 2759 2656 talis
2787 2602 3015 2673 qualem
3043 2601 3186 2657 sacri
3217 2618 3460 2658 canones
3488 2602 3803 2675 prohibent

2165 2711 2285 2750 esse
2315 2681 2681 2750 sacerdotem.

2239 2790 2315 2842 Dc
2374 2787 2672 2859 baptizatis
2723 2790 2793 2843 ab
2847 2788 2962 2855 illo,
3023 2806 3125 2845 seu
3169 2788 3416 2846 ecclesiis
3462 2790 3803 2846 consecratis

2166 2882 2423 2952 requirat
2447 2886 2545 2937 tua
2574 2882 2921 2950 fraternitas,
2955 2882 3000 2938 si
3043 2886 3143 2938 aut
3176 2883 3439 2939 ecclesias
3474 2884 3533 2939 in
3567 2886 3803 2940 nomine

2166 2974 2456 3030 Trinitatis
2495 2975 2842 3030 consecravit
2877 2979 2977 3031 aut
3014 2978 3276 3048 parvulos
3315 2977 3580 3034 similiter
3623 2978 3806 3050 bapti-

2168 3069 2328 3135 zavit,
2357 3069 2494 3123 dum
2522 3069 2834 3125 sacerdotio
2860 3070 3245 3141 fungebatur;
3291 3074 3349 3125 et
3384 3071 3461 3126 sic
3499 3077 3556 3128 et
3599 3089 3801 3128 conse-

430 3174 539 3238 ter,
569 3166 890 3221 confortare
919 3164 978 3218 in
1005 3164 1264 3231 Domino,
1298 3168 1354 3218 et
1376 3164 1496 3235 ipse
1523 3161 1631 3217 erit
1658 3162 1882 3233 adjutor
1912 3165 2064 3216 tuus.
2088 3193 2145 3268 Ο
2170 3162 2344 3217 oratio
2371 3162 2736 3217 ecclesiarum
2776 3167 2831 3218 et
2862 3165 3230 3235 parvulorum
3256 3164 3536 3236 baptisma
3563 3166 3637 3220 sit
3665 3183 3803 3222 con-

437 3263 513 3316 De
547 3260 869 3316 incursione
901 3262 1092 3314 autem
1127 3256 1407 3329 gentium,
1436 3272 1563 3327 quae
1591 3257 1652 3310 in
1674 3255 1784 3311 tuis
1812 3254 2069 3326 plebibus
2096 3254 2145 3268 “
2169 3256 2484 3311 firmatum.
2519 3258 2585 3311 Et
2613 3256 2720 3311 hoc
2749 3257 2962 3329 pariter
2993 3258 3325 3330 suggessisti
3353 3259 3503 3330 quod
3532 3259 3610 3313 illi
3645 3260 3745 3331 qui
3772 3278 3806 3316 a

435 3356 586 3409 facta
618 3357 722 3421 est,
753 3352 1114 3407 moerendum
1143 3350 1307 3404 nobis
1340 3352 1427 3404 est
1450 3366 1462 3403 :
1487 3349 1587 3404 sed
1615 3349 1737 3404 haec
1763 3348 2071 3404 adversitas

436 3449 761 3504 nullatenus
808 3450 964 3500 tuam
1015 3444 1434 3499 fraternitatem
1485 3442 1803 3513 conturbet,
1851 3442 1984 3513 quia
2014 3446 2071 3497 et

437 3546 694 3598 Romana
742 3540 936 3595 civitas
996 3556 1063 3594 ex
1123 3537 1506 3593 accidentibus
1559 3536 1905 3592 facinoribus
1961 3552 2067 3589 sae-

435 3638 562 3708 pius
614 3640 697 3690 est
749 3634 1110 3705 depopulata,
1163 3636 1219 3687 et
1263 3636 1455 3687 tamen
1503 3629 1922 3702 omnipotentia
1967 3646 2072 3684 sua

438 3730 708 3785 Dominus
777 3745 847 3782 ex
920 3726 1184 3799 supernis
1247 3741 1373 3780 eam
1447 3725 1715 3797 dignatus
1786 3726 1871 3778 est
1939 3740 2072 3778 con-

437 3824 625 3878 solari.
686 3823 796 3877 Sed
862 3821 1085 3893 populis
1134 3820 1235 3875 tibi
1307 3818 1645 3885 commissis,
1714 3817 2069 3873 reverendis-

437 3918 579 3972 sime
621 3915 823 3988 290
873 3914 1071 3981 frater,
1130 3913 1380 3983 praedica
1426 3913 1735 3983 jejunium,
1799 3911 2072 3982 supplica-

438 4011 622 4065 tiones
669 4007 821 4079 apud
877 4006 1179 4060 Dominum
1236 4005 1596 4073 litaniarum,
1654 4008 1709 4057 et
1757 4003 2072 4075 superemi-

438 4119 581 4158 nens
614 4102 737 4173 ejus
762 4099 1060 4156 clementia
1085 4098 1375 4169 adjuvabit
1401 4101 1475 4152 te.
1500 4099 1574 4151 Te
1602 4102 1815 4164 autem,
1843 4101 1907 4151 ut
1933 4114 2074 4167 prae-

436 4196 708 4263 diximus,
761 4195 1080 4249 nullatenus
1134 4193 1371 4247 adversa
1437 4191 1793 4263 perturbent.
1852 4190 1959 4246 Sed
2014 4192 2070 4244 in

437 4293 586 4347 bono
617 4306 788 4362 opere
825 4289 977 4360 quod
1009 4286 1225 4359 coepisti
1268 4286 1424 4341 nullo
1472 4285 1640 4340 modo
1684 4284 1931 4340 deficias.
1964 4286 2075 4340 Nos

2168 3354 2224 3404 te
2252 3349 2485 3421 projecti
2513 3352 2643 3404 sunt
2662 3350 3002 3419 sacerdotes,
3024 3367 3057 3405 a
3077 3351 3239 3406 nobis
3256 3351 3540 3407 absolutos
3567 3369 3625 3408 se
3650 3353 3805 3424 apud

2171 3443 2524 3497 Francorum
2569 3442 2917 3514 provinciam
2958 3444 3272 3516 divulgent,
3327 3446 3476 3516 quod
3527 3449 3621 3500 tua
3670 3463 3804 3500 san-

2171 3539 2263 3591 cta
2312 3536 2638 3591 fraternitas
2686 3537 2844 3591 nullo
2892 3538 3060 3592 modo
3105 3538 3320 3606 credat,
3368 3539 3497 3610 quia
3524 3540 3681 3611 quod
3706 3541 3809 3595 im-

2172 3630 2435 3701 possibile
2481 3635 2584 3699 est,
2635 3630 2681 3685 si
2720 3631 2830 3685 hoc
2873 3631 3221 3700 fecissemus,
3256 3636 3368 3687 tuas
3407 3633 3666 3689 charitati
3706 3650 3809 3705 per

2171 3726 2394 3778 nostras
2420 3723 2827 3778 indicassemus
2848 3724 3087 3780 litteras.
3116 3726 3223 3780 Sed
3248 3725 3377 3793 hoc,
3408 3726 3563 3797 quod
3591 3726 3806 3797 impos-

2172 3817 2333 3873 sibile
2358 3822 2460 3884 est,
2503 3819 2661 3872 nullo
2687 3817 2864 3873 modo
2892 3819 3108 3888 credas,
3139 3820 3237 3890 qui
3263 3836 3377 3874 non
3404 3820 3561 3875 aliud
3589 3821 3807 3891 prmdi-

2173 3927 2386 3979 eamus,
2421 3915 2478 3966 et
2507 3911 2663 3965 aliud
2691 3912 2938 3982 agimus,
2988 3916 3087 3967 aut
3127 3912 3426 3985 dirigimus
3462 3918 3528 3969 ut
3567 3913 3647 3968 illi
3676 3932 3809 3986 gar-

2172 4005 2347 4074 riunt,
2390 4005 2511 4074 sed,
2555 4004 2866 4060 auxiliante
2900 4007 3036 4073 Deo,
3070 4006 3210 4061 illud
3251 4008 3405 4078 quod
3430 4008 3811 4078 pradicamus

2170 4098 2451 4154 ﬁnetenus
2481 4099 2900 4155 observandum
2936 4116 3249 4156 censemus.
3283 4102 3396 4156 Hoc
3437 4106 3631 4157 autem
3672 4119 3806 4157 san-

2173 4193 2425 4248 ctitatem
2463 4196 2622 4247 tuam
2670 4192 2996 4249 ﬁrmissime
3040 4199 3106 4250 ut
3144 4199 3335 4251 teneas
3375 4196 3697 4263 hortamur,
3744 4200 3809 4251 ut

2172 4290 2498 4341 sanctorum
2528 4288 2756 4342 Patrum
2781 4287 3069 4355 institutis,
3114 4293 3171 4343 et
3207 4289 3472 4343 consultis
3518 4305 3811 4345 sacrorum

438 4404 592 4456 vero,
626 4385 758 4439 licet
782 4382 1139 4438 immeriti'et
1163 4385 1491 4453 peccatores
1510 4378 1840 4442 existamus,
1864 4378 2073 4435 nostris
2174 4396 2462 4436 canonum
2493 4380 2825 4436 omnimodo
2853 4381 3090 4454 obsequi
3114 4381 3339 4449 debeas,
3373 4383 3507 4455 quia
3537 4399 3640 4438 nos
3673 4386 3809 4438 nul-

440 4480 701 4551 precibus
738 4479 824 4532 vel
855 4476 1322 4532 consacerdotum
1359 4479 1710 4543 nostrorum,
1732 4473 2074 4546 inquantum
2174 4476 2401 4529 latenus
2426 4474 2581 4529 aliud
2608 4474 2979 4546 praedicamus
3015 4478 3072 4531 et
3096 4475 3252 4530 aliud
3289 4476 3533 4547 agimus.
3565 4478 3706 4531 Nam
3738 4477 3810 4533 de

440 4590 757 4647 possumus,
788 4573 878 4643 adj
890 4586 1139 4625 uvamus.
1174 4572 1251 4624 De
1278 4569 1496 4641 synodo
1516 4572 1706 4623 autem
1727 4569 2076 4639 congregata
2096 4568 2154 4639 D
2177 4584 2242 4623 eo
2270 4568 2426 4639 quod
2452 4568 2778 4627 obsecrasti.
2810 4573 2872 4623 ut
2901 4569 3247 4624 Francorum
3275 4569 3625 4641 principibus
3664 4571 3808 4625 scri-

438 4669 592 4740 apud
606 4669 952 4722 Francorum
970 4664 1345 4736 provinciam,
1366 4661 1749 4719 mediantibus
1774 4661 2009 4733 Pippino
2022 4666 2079 4716 et

438 4763 849 4827 Carlomanno,
906 4757 1393 4814 excellentissimis
1450 4756 1579 4811 filiis
1629 4755 1863 4823 nostris,
1914 4755 2079 4825 juxta

442 4856 786 4927 syllabarum
828 4856 1147 4907 nostrarum
1195 4850 1727 4918 commonitionem,
1768 4850 2075 4919 peragente

442 4954 632 5005 nostra
663 4949 802 5015 vice,
844 4953 940 5002 tua
980 4945 1264 5001 sanctiﬁca
1295 4945 1540 5016 qualiter
1567 4943 1777 5013 egisses
1802 4942 2074 5013 cognovi-

444 5061 589 5109 mus,
618 5047 674 5098 et
700 5040 1085 5114 omnipotenti
1111 5041 1223 5094 Deo
1253 5043 1448 5093 nostro
1476 5038 1682 5108 gratias
1709 5036 1950 5107 egimus,
1981 5035 2077 5108 qui

444 5154 645 5191 eorum
673 5137 841 5190 corda
871 5133 1254 5201 conﬁrmavit,
1283 5136 1347 5186 ut
1371 5132 1431 5185 in
1463 5131 1569 5186 hoc
1600 5131 1695 5202 pio
1722 5147 1892 5201 opere
1919 5130 2077 5201 adju-

444 5238 595 5286 tores
621 5230 945 5298 existerent,
976 5232 1034 5284 et
1063 5227 1258 5283 omnia
1278 5226 1515 5298 optime,
1545 5229 1602 5280 et
1628 5224 1892 5279 canonice
1919 5240 2077 5295 pere-

446 5323 606 5395 gisti,
662 5325 777 5376 tam
831 5323 902 5376 de
952 5323 1107 5376 falsis
1156 5320 1452 5393 episcopis,
1514 5324 1570 5375 et
1620 5318 1970 5388 fornicariis,
2022 5321 2078 5373 et

443 5414 850 5481 schismaticis;
908 5432 1191 5487 quamque
1245 5414 1420 5470 etiam
1470 5418 1527 5469 et
1576 5412 1635 5468 in
1687 5412 1923 5484 reliquis
1971 5428 2075 5467 no-

442 5513 600 5568 mine
644 5508 1029 5565 sacerdotibus
1068 5513 1263 5564 contra
1297 5524 1585 5563 canonum
1610 5506 1869 5562 instituta
1904 5523 2078 5578 agen-

446 5606 612 5673 tibus,
642 5605 732 5660 vel
760 5608 956 5659 contra
982 5602 1316 5656 catholicam
1346 5601 1462 5669 Dei,
1498 5604 1555 5655 et
1586 5602 1947 5673 apostolicam
1974 5602 2074 5656 Ec-

443 5700 696 5767 clesiam,
728 5700 798 5754 de
827 5697 1031 5771 quibus
1057 5696 1371 5751 secundum
1397 5700 1555 5750 tuam
1583 5696 1946 5765 relationem,
1976 5711 2078 5766 per

445 5794 665 5862 singula
690 5793 1124 5865 respondemus.
1158 5791 1235 5843 De
1268 5805 1333 5842 eo
1370 5806 1618 5859 namque
1656 5789 1809 5859 quod
1838 5806 2075 5861 sugges-

447 5885 587 5952 sisti,
622 5887 769 5953 quod
793 5888 1086 5953 elegerunt
1110 5882 1400 5939 civitatem
1425 5897 1591 5935 unam
1615 5899 1813 5937 omnes
1836 5883 2072 5938 Franco-

2176 4663 2467 4730 beremus,
2517 4663 2603 4717 vel
2653 4663 2868 4718 caeteris
2922 4663 3166 4731 Francis,
3212 4666 3277 4718 ut
3319 4664 3531 4735 petisti,
3586 4664 3666 4719 eis
3713 4681 3815 4736 per

2178 4756 2399 4828 singula
2424 4755 2753 4827 scripsimus
2779 4761 2843 4811 ut
2869 4757 2973 4811 tibi
3004 4761 3061 4812 et
3085 4757 3251 4812 amici
3282 4758 3412 4825 sint,
3443 4762 3499 4814 et
3522 4758 3815 4829 adjutores

2178 4851 2235 4904 in
2279 4848 2573 4904 Dominico
2617 4866 2788 4920 opere
2835 4846 3233 4953 existant.\De
3280 4867 3452 4906 censu
3482 4867 3613 4908 vero
3638 4868 3811 4923 expe-

2178 4942 2368 5010 tendo,
2412 4958 2478 4997 eo
2517 4943 2671 5015 quod
2698 4943 3011 5014 impetrare
3036 4960 3069 4998 a
3098 4942 3322 4999 Francis
3353 4945 3428 5000 ad
3456 4945 3812 5000 reddendum

2178 5036 2425 5091 ecclesiis
2449 5036 2537 5092 vel
2561 5037 2925 5093 monasteriis
2959 5054 3074 5094 non
3114 5038 3366 5109 potuisti,
3400 5055 3571 5111 quam
3598 5043 3663 5094 ut
3691 5056 3813 5094 ver-

2178 5134 2332 5187 tente
2369 5147 2519 5186 anno
2559 5131 2629 5186 ab
2668 5148 3021 5203 unoquoque
3048 5132 3318 5204 eonjugio
3350 5148 3646 5188 servorum
3676 5134 3813 5189 duo-

2176 5225 2361 5280 decim
2387 5225 2608 5281 denarii
2654 5225 2993 5297 reddantur,
3037 5230 3094 5281 et
3127 5226 3233 5281 hoc
3269 5227 3478 5297 gratias
3518 5227 3652 5295 Deo,
3680 5228 3812 5299 quia

2178 5318 2412 5392 potuisti
2452 5304 2784 5390 impetrare,
2825 5323 2883 5373 et
2922 5320 3198 5375 Dominus
3224 5320 3515 5376 donaverit
3537 5320 3810 5393 quietem.

2177 5415 2472 5485 Augentur
2526 5415 2584 5467 et
2636 5412 2943 5468 luminaria
2998 5417 3321 5470 sanctorum
3375 5431 3481 5486 pro
3538 5430 3605 5471 eo
3660 5417 3813 5486 quod

2177 5524 2329 5562 nunc
2361 5505 2656 5573 tribulatio
2692 5505 2901 5561 accidit
2946 5508 3384 5577 Saracenorum,
3418 5508 3700 5565 Saxonum
3727 5511 3813 5564 vel

2178 5601 2497 5671 Frisonum,
2528 5600 2673 5655 sicut
2700 5605 2762 5655 tu
2788 5601 2905 5672 ipse
2924 5601 3085 5656 nobis
3112 5602 3425 5658 innotuisti.
3460 5604 3537 5659 De
3564 5618 3629 5659 eo
3656 5620 3813 5658 nam-

2179 5712 2289 5768 que
2309 5695 2460 5768 quod
2484 5694 2875 5766 interrogasti,
2895 5696 3046 5768 quod
3068 5694 3151 5751 illi
3170 5697 3270 5769 qui
3295 5697 3538 5769 depositi
3561 5702 3691 5753 sunt
3708 5715 3810 5769 pro

2178 5789 2512 5861 capitalibus
2541 5790 2784 5861 peccatis
2824 5789 2895 5845 de
2936 5790 3119 5862 gradu
3158 5791 3509 5860 sacerdotali,
3554 5791 3693 5847 dum
3719 5808 3812 5847 eos

2179 5883 2485 5954 reperisses
2524 5883 2833 5954 adulteros,
2878 5883 3214 5955 homicidas,
3247 5889 3311 5941 ut
3339 5902 3442 5941 nec
3473 5886 3806 5953 sacerdotes,
