4050 6322
174 376 309 426 1169

166 590 287 627 esse
341 573 552 639 volunt,
601 572 722 639 sed,
768 574 1072 644 pergentes
1118 574 1271 642 apud
1321 574 1596 643 palatium
1645 574 1797 644 regis

168 669 518 722 Francorum
561 667 770 736 rogant
806 668 870 719 ut
898 665 978 721 eis
1018 667 1140 721 loca
1180 667 1396 722 tribuat
1435 667 1797 722 ecclesiarum

165 762 253 816 vel
320 759 819 828 monasteriorum,
868 764 927 814 ut
957 751 1181 815 ‘laicam
1244 760 1417 816 vitam
1483 761 1692 832 vivant,
1741 767 1798 818 et

168 855 562 926 dispergentes
603 857 928 909 sanctorum
960 856 1100 922 loca,
1133 856 1230 910 sed
1256 859 1311 910 et
1351 856 1421 910 de
1448 857 1555 911 hoc
1590 858 1799 928 pariter

166 949 415 1019 qualiter
439 948 564 1002 ﬁeri
609 949 835 1018 debeat,
865 949 1208 1004 Francorum
1251 950 1604 1022 principibus
1641 967 1794 1005 com-

166 1046 470 1097 monentes
524 1042 852 1098 direximus.
895 1045 956 1098 In
1002 1044 1115 1098 alia
1162 1044 1374 1115 quippe
1419 1047 1517 1099 tua
1560 1044 1798 1116 epistola

165 1137 486 1208 reperimus
525 1137 800 1192 contineri
839 1139 1037 1192 omnia
1069 1154 1197 1208 quae
1235 1141 1433 1192 contra
1472 1143 1527 1193 te
1560 1143 1799 1208 egerant

169 1231 314 1300 falsi,
346 1234 403 1286 et
427 1231 767 1286 schismatici
797 1231 1047 1302 episcopi
1075 1232 1404 1288 Aldebertus
1432 1235 1488 1288 et
1512 1233 1793 1300 Clemens,

166 1343 270 1396 per
297 1342 426 1396 qua:
453 1326 643 1380 omnia
673 1331 799 1381 acta
825 1327 1082 1397 ipsorum
1121 1331 1175 1381 et
1205 1327 1613 1398 impiissimum
1640 1344 1794 1384 erro-

165 1436 290 1473 rem
335 1419 623 1491 sigillatim
655 1420 932 1476 indicasti.
963 1421 1070 1474 Nos
1112 1437 1242 1474 vero
1290 1422 1654 1492 congregatis
1681 1423 1793 1476 fra-

165 1513 348 1568 tribus
375 1517 431 1568 et
461 1514 955 1569 consacerdotibus
987 1515 1212 1583 nostris,
1243 1516 1576 1571 eorumdem
1604 1533 1797 1586 pravo-

162 1624 295 1662 rum
323 1607 756 1664 sceleratissima
781 1613 902 1663 acta
929 1608 989 1663 in
1021 1625 1221 1664 eorum
1250 1610 1584 1680 poenitentia
1615 1611 1796 1682 relegi

163 1701 426 1770 fecimus,
453 1706 508 1756 et
533 1703 666 1756 dum
709 1702 873 1757 nobis
916 1719 1107 1758 coram
1154 1703 1390 1758 concilio
1417 1705 1626 1760 relecta
1651 1705 1790 1759 fuis-

164 1801 309 1862 sent,
341 1795 437 1867 pio
466 1795 652 1850 studio
681 1812 880 1850 omnes
906 1797 1112 1851 eadem
1142 1797 1496 1852 schismatica
1524 1799 1792 1869 dogmata

1397 372 1861 429 DECltETALlUM
1901 374 2282 429 COLLECTIO.

169 496 276 534 nec
297 479 483 534 clerici
507 495 626 533 esse
660 471 891 548 possint,
912 495 1018 533 nec
1044 480 1148 533 sub
1175 480 1509 548 poenitentia
1529 481 1796 536 monachi
1819 497 1877 570 Α

3397 385 3525 437 H70

2107 484 2240 538 Item
2269 483 2495 553 epistola
2522 485 2798 539 Zacharia
2827 486 2902 539 ad
2944 489 3307 554 Bonifacium.

1971 575 2330 631 Sanctissimo
2355 579 2413 630 et
2428 576 2898 632 reverendissimo
2920 579 3098 646 fratri,
3124 581 3417 638 Bommcno
3439 601 3529 640 co-

1899 668 2187 739 episcopo,
2211 671 2508 724 Zxcaxams
2534 669 2852 742 episcopus,
2876 687 3067 726 servus
3087 689 3377 730 servorum
3403 678 3525 733 Dei.

1970 761 2308 817 Benedictus
2384 764 2528 817 Deus
2601 765 2764 818 Pater
2835 765 3060 819 Domini
3145 769 3321 823 nostri
3393 771 3525 824 Jesu

1897 856 2121 923 Christi,
2151 857 2248 928 qui
2286 856 2540 927 dispersa
2571 861 2882 929 congregat
2923 862 2979 913 et
3015 866 3355 932 congregata
3385 879 3522 918 con-

1899 954 2099 1016 servat,
2127 953 2413 1020 augetque
2461 949 2634 1004 ﬁdem
2681 955 2737 1005 et
2783 950 3054 1007 ﬁduciam
3101 955 3274 1008 servis
3311 955 3422 1009 suis
3452 957 3524 1011 ad

1898 1043 2325 1114 praedicandum
2351 1042 2588 1098 verbum
2611 1045 2898 1114 Evangelii
2921 1047 2946 1099 J
2953 1062 3051 1101 esu
3070 1047 3277 1102 Christi
3296 1049 3523 1103 Domini

1899 1137 2098 1205 nostri,
2126 1153 2254 1191 cum
2299 1136 2504 1192 eodem
2531 1138 2693 1192 Patre
2724 1140 2780 1192 et
2808 1138 3022 1209 Spiritu
3069 1145 3266 1196 sancto
3304 1142 3363 1196 in
3389 1144 3520 1198 uni-

1896 1233 2015 1285 tate
2054 1231 2262 1285 viventi
2305 1231 2365 1284 in
2413 1232 2615 1286 saecula
2666 1232 3031 1301 saeculorum,
3079 1234 3189 1305 ipsi
3243 1235 3422 1306 gloria
3468 1242 3525 1291 et

1896 1327 2039 1392 laus,
2069 1325 2168 1396 qui
2196 1325 2421 1395 adjutor
2446 1327 2503 1379 et
2531 1327 2818 1395 protector
2842 1327 2926 1380 est
2952 1327 3010 1380 in
3035 1345 3094 1381 se
3126 1329 3520 1398 credentibus;

1896 1419 2019 1490 ipse
2049 1418 2204 1473 enim
2233 1417 2374 1472 dixit
2402 1435 2414 1472 :
2441 1439 2467 1467 ‹‹
2489 1418 2598 1483 Qui
2622 1419 2804 1474 credit
2825 1419 2887 1474 in
2906 1436 3000 1475 me
3013 1421 3128 1476 vita
3148 1423 3314 1490 vivet,
3336 1429 3391 1478 et
3405 1441 3523 1480 non

1897 1513 2170 1568 morietur
2197 1512 2371 1582 (Joan.
2408 1528 2484 1581 v1,
2523 1511 2633 1582 47),
2663 1531 2692 1564 »
2721 1512 2996 1584 quoniam
3028 1533 3057 1566 ς(
3096 1532 3203 1586 ego
3245 1533 3373 1571 sum
3414 1517 3520 1586 via,

1897 1607 2098 1662 veritas
2133 1610 2191 1660 et
2215 1606 2326 1660 vita
2352 1605 2526 1676 (Joan.
2561 1622 2674 1674 xxv,
2703 1605 2779 1678 6).
2808 1628 2836 1657 »
2882 1609 3207 1664 Laudamus
3246 1616 3303 1666 et
3327 1627 3522 1683 super-

1896 1702 2210 1756 exaltamus
2227 1702 2491 1755 sanctum
2511 1716 2724 1755 nomen
2751 1701 2892 1772 ejus,
2907 1701 3046 1771 laeti,
3067 1703 3405 1774 gaudentes,
3423 1721 3527 1776 per

1898 1795 2100 1849 horum
2140 1795 2389 1865 gerulos,
2417 1797 2475 1850 et
2519 1799 2728 1850 sancta:
2767 1795 3138 1851 fraternitatis
3175 1802 3289 1852 tua:
3324 1798 3526 1854 litteris

165 1891 419 1959 ipsorum
447 1895 614 1961 atque
646 1889 1033 1962 iniquissimas
1054 1891 1404 1959 traditiones,
1431 1909 1529 1946 seu
1555 1893 1792 1948 scelera-
1816 1881 1872 1952 B
1898 1889 2102 1956 allatis,
2146 1888 2512 1960 superstitem
2558 1889 2615 1943 in
2659 1889 2764 1943 hac
2807 1890 2942 1960 vita,
2975 1895 3031 1945 et
3074 1891 3136 1946 in
3184 1892 3422 1947 Domino
3472 1897 3528 1949 te

163 1984 447 2037 tissimam
478 1983 653 2038 vitam
695 2000 868 2055 quam
913 1984 1016 2038 sibi
1059 1984 1392 2039 Aldebertus
1439 1986 1795 2041 conscribere

165 2076 319 2142 fecit,
352 2093 464 2131 una
488 2094 623 2131 voce
657 2078 1125 2133 exclamaverunt
1152 2081 1212 2132 ut
1239 2079 1358 2149 igni
1385 2084 1794 2135 cremarentur.

164 2171 278 2225 Sed
308 2187 413 2224 nos
443 2171 550 2224 hoc
579 2188 695 2225 non
724 2176 947 2226 rectum
973 2172 1379 2242 judicavimus,
1413 2189 1515 2244 pro
1549 2190 1616 2228 eo
1644 2175 1797 2245 quod

162 2265 230 2319 ad
263 2265 691 2333 reservandum,
728 2265 845 2319 sive
881 2267 940 2320 in
981 2271 1260 2321 aeternum
1291 2283 1387 2321 eos
1415 2267 1797 2322 condemnan-

165 2359 303 2412 dum
321 2359 380 2412 in
398 2358 606 2413 scrinio
635 2363 840 2413 sanctae
866 2360 1127 2414 Ecclesiae
1149 2361 1492 2416 reservanda
1512 2362 1800 2416 mandavi-

163 2469 313 2522 mus,
329 2452 701 2524 suscipientes
712 2454 819 2524 ipsi
832 2453 1068 2523 dignam
1081 2455 1608 2526 sententiam,cujus
1618 2455 1799 2510 instar

164 2546 406 2600 actionis
434 2546 506 2600 ad
535 2549 691 2601 tuam
738 2547 1068 2614 direximus,
1094 2548 1289 2617 frater,
1323 2549 1703 2615 sanctitatem,
1738 2553 1800 2604 ut

164 2641 375 2695 relecta
400 2641 460 2694 in
491 2641 776 2711 provincia
799 2643 1164 2708 Francorum,
1193 2641 1376 2696 omnis
1407 2642 1798 2698 schismaticus

165 2735 401 2790 audiens
445 2734 638 2789 taliter
661 2753 694 2789 a
725 2739 920 2790 sancta
951 2734 1051 2789 Dei
1092 2735 1368 2790 catholica
1403 2739 1459 2790 et
1493 2736 1799 2806 apostolica

162 2828 410 2882 Ecclesia
431 2827 754 2899 judicatum
778 2845 810 2882 a
842 2845 1039 2882 sensus
1066 2829 1155 2882 sui
1180 2829 1456 2900 pravitate
1484 2830 1794 2900 resipiscat.

165 2925 222 2976 ln
253 2921 422 2976 tertia
450 2938 701 2993 namque
728 2925 828 2976 tua
851 2923 1086 2993 epistola
1107 2923 1381 2977 intimasti
1407 2923 1570 2978 nobis
1593 2924 1663 2978 de
1685 2923 1796 2978 alio

162 3017 482 3082 scductore,
512 3016 742 3071 nomine
791 3016 1051 3085 Geolebo,
1081 3017 1179 3087 qui
1221 3022 1385 3072 antea
1425 3017 1522 3072 tali
1554 3017 1798 3089 episcopi

165 3111 383 3165 honore
404 3109 767 3181 fungebatur,
783 3115 839 3164 et
852 3110 987 3180 quia
999 3110 1118 3165 sine
1134 3110 1521 3182 cujuscunque
1539 3111 1798 3166 consultu

161 3204 312 3274 apud
357 3220 460 3258 nos
504 3207 798 3275 properat,
833 3207 889 3258 et
926 3204 1063 3258 dum
1107 3204 1421 3273 advenerit,
1453 3207 1514 3258 ut
1558 3205 1796 3259 Domino

163 3297 459 3368 placuerit,
486 3280 750 3388 ﬁet.\Tua
776 3300 968 3352 autem
999 3297 1338 3365 reverentia,
1370 3301 1450 3364 ut,
1487 3298 1796 3353 auxiliante

165 3391 423 3460 Domino,
456 3391 642 3462 coepit,
675 3391 794 3445 vice
823 3394 1015 3446 nostra
1038 3391 1301 3446 volumus
1326 3396 1408 3456 ut,
1433 3391 1590 3445 omni
1619 3407 1792 3458 anno,

162 3489 290 3555 apto
343 3487 596 3555 tempore
642 3485 700 3539 in
751 3486 1099 3539 Francorum
1149 3485 1443 3555 provincia
1490 3484 1794 3539 concilium

163 3579 371 3634 debeat
428 3579 722 3647 celebrari,
779 3583 842 3633 ut
887 3578 1212 3650 frequentia
1269 3579 1627 3634 sacerdotum
1682 3579 1794 3634 sive

160 3671 437 3727 institutis
473 3689 762 3727 sacrorum
792 3689 1078 3727 canonum
1109 3673 1488 3727 mediantibus
1515 3672 1626 3727 illic
1657 3673 1794 3744 quid

161 3766 462 3820 adversum
507 3766 662 3820 nullo
703 3766 876 3821 modo
904 3767 1109 3820 audeat
1141 3767 1443 3837 pullulare,
1478 3766 1579 3820 sed
1610 3767 1796 3837 magis

163 3859 422 3915 Ecclesiae
474 3859 571 3912 Dei
635 3859 870 3926 unitate,
929 3863 985 3914 et
1047 3859 1344 3930 disciplina
1399 3860 1792 3929 ecclesiastica,

163 3959 337 4024 atque
381 3953 682 4023 apostolica
731 3953 939 4025 ubique
980 3954 1039 4008 in
1085 3953 1196 4008 illis
1239 3953 1494 4025 partibus
1540 3954 1792 4026 dilatata,

161 4049 384 4101 cuncta:
404 4048 754 4118 populorum
783 4047 964 4102 turba:
992 4047 1164 4102 etiam
1187 4048 1247 4102 in
1273 4048 1519 4103 occiduis
1538 4050 1796 4120 partibus

160 4141 283 4194 veri
311 4140 569 4195 catholici
601 4157 721 4194 esse
750 4140 987 4210 possint,
1020 4146 1075 4196 et
1101 4159 1212 4196 non
1237 4142 1479 4212 amplius
1508 4160 1608 4214 per
1632 4144 1796 4198 falsos

161 4234 483 4290 sacerdotes
514 4233 800 4289 erroribus
836 4233 1069 4288 involuti
1112 4235 1524 4305 demergantur
1550 4236 1606 4290 in
1629 4238 1797 4292 inter-

165 4329 331 4383 itum.
381 4329 528 4382 Dum
576 4345 710 4382 vero
763 4327 1065 4382 concilium
1121 4330 1541 4399 aggregaveris,
1581 4331 1660 4382 sic
1705 4333 1798 4383 tua

161 4421 491 4476 fraternitas
537 4422 860 4476 conflictum
904 4422 1112 4476 habeat
1155 4438 1283 4475 cum
1326 4422 1794 4492 metropolitanis,

165 4532 307 4586 quos
359 4515 836 4585 conﬁrmavimus,
868 4516 937 4570 de
967 4531 1032 4568 eo
1073 4515 1225 4585 quod
1271 4515 1479 4581 dixisti,
1500 4496 1577 4568 ἰιι
1611 4516 1797 4570 nullus

1817 3246 1872 3319 C

1897 1983 2081 2038 valere
2110 1986 2537 2054 cognoscentes,
2565 1985 2820 2053 petentes
2852 1983 3195 2039 immensam
3219 1986 3317 2040 Dei
3346 1987 3527 2042 nostri

1899 2077 2272 2144 divinitatem,
2288 2082 2350 2132 ut
2368 2077 2439 2131 ad
2456 2076 2888 2147 prmdicandum
2902 2079 3081 2133 multo
3092 2078 3337 2150 amplius
3353 2082 3527 2136 Evan-

1899 2170 2034 2242 gelii
2049 2173 2221 2241 atque
2239 2173 2446 2225 sanctae
2456 2170 2590 2226 ﬁdei
2604 2170 2727 2242 ejus
2747 2175 3191 2240 sacramentum,
3203 2173 3526 2245 longaevum

1896 2269 1954 2320 te
2011 2268 2215 2333 servet,
2270 2281 2484 2336 suaque
2548 2265 2899 2336 protectione
2954 2269 3009 2320 te
3059 2266 3300 2338 muniat,
3351 2272 3407 2323 et
3455 2269 3525 2323 ab

1898 2359 2318 2414 adversantium
2393 2357 2612 2413 insidiis
2676 2358 2768 2429 pie
2834 2359 3158 2414 miserando
3221 2361 3520 2416 custodiat.

1897 2453 2190 2525 Suggessit
2241 2452 2442 2524 itaque
2505 2454 2697 2507 sancta
2758 2453 3089 2507 fraternitas
3146 2457 3247 2508 tua
3299 2455 3358 2509 in
3409 2456 3526 2510 suis

1898 2547 2153 2618 apicibus
2195 2547 2347 2618 quod
2387 2546 2766 2617 praedecessor
2791 2551 2984 2602 noster
3011 2547 3188 2602 beatae
3234 2550 3526 2604 memoria:

1897 2641 2220 2713 Gregorius,
2261 2641 2431 2711 hujus
2475 2645 2682 2695 sanctae
2729 2640 2873 2696 sedis
2926 2641 3250 2712 apostolica
3295 2645 3524 2712 praesul,

1898 2735 2034 2791 dum
2065 2735 2134 2790 ad
2164 2734 2593 2806 praedicandum
2619 2735 2854 2789 verbum
2890 2736 3185 2806 Evangelii
3229 2740 3385 2790 tuam
3411 2738 3524 2790 mi-

1898 2830 2060 2884 sisset
2094 2827 2511 2884 fraternitatem
2543 2828 2602 2882 in
2633 2827 2948 2883 Germanim
2992 2829 3272 2900 partibus,
3300 2834 3358 2884 et
3385 2847 3525 2901 gen-

1899 2923 2047 2977 tibus
2094 2921 2203 2977 illis
2247 2921 2510 2994 paganis,
2539 2922 2711 2976 verbo
2757 2921 3181 2994 pollicitationis
3228 2941 3261 2977 a
3301 2928 3357 2978 te
3403 2941 3526 2979 esse

1899 3016 2124 3085 muniti,
2148 3016 2226 3071 ita
2242 3021 2304 3071 ut
2325 3015 2674 3071 orthodoxos
2695 3016 3010 3088 episcopos,
3037 3017 3422 3088 presbyteros,
3439 3019 3529 3073 vel

1898 3125 2269 3182 quoscunque
2315 3109 2569 3180 reperire
2616 3109 2914 3180 potuisses,
2953 3109 3010 3164 in
3044 3110 3216 3165 verbo
3265 3111 3528 3166 exhorta-

1897 3202 2064 3258 tionis
2110 3203 2388 3273 perfectos
2434 3202 2678 3273 amplius
2725 3203 3110 3272 conﬁrmares,
3143 3208 3199 3258 et
3245 3204 3325 3257 eis
3367 3220 3524 3258 com-

1898 3296 2221 3351 municares
2257 3296 2409 3366 quod
2438 3299 2495 3350 et
2531 3297 2740 3350 factum
2770 3300 2874 3351 est.
2918 3297 2977 3351 Si
3015 3313 3158 3367 quos
3184 3313 3317 3351 vero
3360 3299 3524 3352 sedu-

1896 3393 2082 3444 ctores
2125 3390 2436 3460 episcopos,
2465 3394 2562 3444 aut
2599 3389 3204 3461 pseudopresbyteros,
3238 3390 3324 3445 vel
3352 3407 3525 3461 quos-

1895 3499 2117 3554 cunque
2157 3500 2190 3537 a
2219 3486 2373 3538 recto
2417 3482 2550 3538 ﬁdei
2590 3483 2816 3538 tramite
2864 3483 3155 3538 deviantes
3199 3484 3525 3556 reperisses,

1897 3577 2053 3632 nulla
2095 3577 2199 3632 tibi
2236 3593 2366 3631 cum
2411 3576 2490 3632 eis
2535 3579 2682 3631 esset
2723 3578 3077 3634 communio.
3106 3578 3266 3642 Quod
3300 3582 3375 3647 te,
3410 3580 3526 3633 Deo

1896 3671 2193 3726 solatiante
2233 3687 2413 3742 usque
2460 3671 2530 3725 ad
2570 3686 2821 3741 praisens
2866 3669 3238 3742 spiritualiter
3279 3688 3528 3726 servasse

1895 3765 2184 3821 confessus
2210 3781 2288 3833 es,
2317 3765 2406 3819 vel
2437 3765 2484 3818 si
2513 3764 2747 3819 omnino
2772 3767 3006 3836 propter
3041 3764 3436 3836 principalem,
3471 3769 3530 3820 et

1896 3860 2213 3914 humanum
2247 3858 2505 3913 favorem
2536 3857 2723 3929 gentis
2750 3859 3120 3926 Francorum,
3149 3858 3290 3913 dum
3321 3859 3395 3913 ad
3428 3875 3526 3913 eos

1895 3953 2222 4008 accessisses
2258 3951 2630 4024 corporaliter
2673 3951 2959 4008 abstinere
3002 3969 3117 4008 non
3159 3952 3401 4022 valuisti,
3429 3969 3524 4008 co-

1899 4051 2073 4119 gente
2127 4047 2464 4102 necessitate
2487 4017 2898 4131 )Ecclesiarum
2950 4047 3072 4116 Dei,
3125 4051 3183 4102 et
3231 4050 3426 4102 tamen
3469 4047 3528 4102 in

1898 4157 2093 4196 eorum
2117 4140 2376 4210 concilio,
2394 4145 2452 4195 et
2479 4157 2760 4195 consensu
2789 4141 3204 4195 communionis
3222 4141 3414 4195 anima
3432 4145 3531 4195 tua

1897 4252 2013 4290 non
2041 4238 2126 4289 est
2151 4234 2533 4306 coinquinata.
2569 4236 2761 4305 Itaque
2789 4237 3023 4305 propter
3047 4235 3178 4303 hoc,
3213 4235 3368 4305 quod
3398 4251 3528 4288 cum

1898 4329 1979 4382 eis
1997 4332 2356 4383 conservatus
2373 4344 2452 4394 es,
2471 4345 2588 4382 non
2614 4327 2974 4383 consentiens
2995 4327 3284 4398 iniquitati
3309 4343 3527 4395 eorum,

1899 4421 2119 4476 nullum
2163 4420 2263 4474 tibi
2296 4425 2380 4475 est
2418 4421 2829 4476 detrimentum
2871 4437 3060 4476 coram
3091 4422 3224 4476 Deo.
3255 4421 3331 4475 Te
3372 4420 3529 4474 enim

1896 4514 2264 4586 praedicante,
2292 4514 2333 4567 si
2382 4514 2698 4583 obedirent,
2729 4516 2863 4570 salvi
2909 4519 3116 4570 essent.
3145 4515 3203 4570 Si
3243 4517 3436 4568 autem
3469 4515 3528 4568 in

168 4610 290 4664 sine
345 4609 822 4664 commendatitiis
873 4607 1120 4679 epistolis
1162 4607 1517 4679 suscipiatur.
1567 4610 1794 4676 Tamen,
1817 4629 1876 4699 D
1899 4608 2198 4680 iniquitate
2229 4624 2327 4662 sua
2362 4614 2723 4678 permanent,
2755 4609 2861 4680 ipsi
2888 4609 3159 4681 peribunt
3187 4626 3199 4662 :
3232 4610 3314 4663 Tu
3341 4612 3530 4663 autem

164 4709 221 4758 et
241 4720 346 4774 pro
367 4703 476 4758 hoc
494 4702 638 4774 ipso,
665 4707 722 4757 et
749 4719 850 4774 pro
874 4701 1132 4757 omnibus
1162 4702 1507 4756 Francorum
1537 4703 1798 4774 principi-

73 4815 80 4823 ·
159 4798 286 4866 bus,
346 4796 814 4851 commonitionis
878 4795 1187 4851 direximus
1260 4794 1496 4863 litteras,
1557 4799 1619 4850 ut
1675 4797 1798 4866 jam

157 4889 420 4961 superius
465 4891 564 4944 fati
610 4905 827 4956 sumus,
858 4890 926 4943 de
967 4889 1192 4944 civitate
1242 4905 1490 4960 namque
1526 4889 1638 4956 illa,
1671 4907 1797 4961 quae

161 5001 350 5055 nuper
367 4983 676 5054 Agrippina
691 4983 1018 5051 vocabatur,
1039 4999 1190 5037 nunc
1205 4999 1337 5038 vero
1357 4983 1611 5053 Colonia,
1629 4984 1798 5055 juxta

159 5077 499 5148 petitionem
516 5078 1095 5144 Francorum,nostrte
1114 5077 1466 5132 auctoritatis
1480 5095 1583 5149 per
1593 5095 1799 5149 prasce-

161 5175 328 5242 ptum
356 5171 575 5225 nomini
592 5175 688 5225 tuo
713 5169 1076 5241 metropolim
1099 5170 1584 5241 conﬁrmavimus,
1612 5176 1668 5227 et
1686 5177 1797 5227 tua:

163 5265 447 5320 sanctitati
482 5265 787 5319 direximus
809 5281 912 5335 pro
935 5263 1141 5318 futuris
1170 5265 1522 5336 temporibus
1543 5267 1799 5337 ejusdem

163 5359 620 5429 metropolitanaz
647 5358 906 5412 Ecclesia:
939 5358 1330 5414 stabilitatem.
1365 5360 1513 5414 Deus
1554 5363 1607 5415 te
1637 5361 1796 5416 inco-

164 5454 384 5507 lumem
450 5451 730 5508 custodiat
789 5451 1259 5505 reverendissime
1323 5457 1379 5507 et
1447 5454 1800 5510 sanctissime

167 5547 358 5602 frater.
389 5547 530 5602 Data
568 5545 749 5617 pridie
781 5544 1062 5599 Kalendas
1099 5545 1447 5614 Novembris,
1478 5548 1799 5618 imperante

166 5639 404 5695 domino
437 5640 693 5711 piissimo
725 5641 978 5710 Augusto
1007 5638 1400 5708 Constantino,
1430 5657 1464 5694 a
1493 5641 1608 5696 Deo
1635 5658 1795 5696 coro-

167 5737 322 5799 nato,
370 5750 580 5805 magno
637 5733 1001 5804 imperatore,
1055 5746 1206 5784 anno
1260 5735 1347 5799 27,
1404 5733 1625 5805 imperii
1678 5736 1799 5805 ejus

166 5827 364 5898 quinto
394 5844 567 5893 anno,
596 5826 904 5883 indictione
935 5824 1151 5880 decima
1176 5829 1394 5894 quarta.

1891 4704 2056 4774 juxta
2100 4702 2393 4773 prophetae
2440 4701 2696 4756 dictum:
2735 4723 2761 4754 «
2793 4703 3030 4758 Salvasti
3078 4703 3330 4758 animam
3372 4707 3530 4757 tuam

1901 4796 2106 4866 (Ezech.
2154 4811 2347 4863 xxxm,
2397 4797 2469 4866 9).
2509 4817 2533 4842 η
2581 4797 2658 4849 De
2705 4797 2985 4869 episcopis
3023 4801 3214 4853 autem
3254 4802 3310 4852 et
3351 4796 3534 4869 palliis

1901 4890 2247 4943 Francorum
2263 4887 2554 4958 scripsisti,
2572 4889 2720 4959 quod
2730 4890 2897 4960 juxta
2908 4891 3349 4962 promissionem
3371 4907 3533 4945 suam

1899 4983 2154 5038 nondum
2195 4982 2594 5053 impleverunt,
2627 4982 2723 5053 qui
2754 4983 2797 5036 si
2834 4983 3197 5054 impleverint
3217 4985 3378 5055 juxta
3406 5001 3529 5038 ver-

1899 5077 2035 5132 bum
2081 5092 2266 5141 suum,
2296 5074 2592 5130 habebunt
2635 5092 2706 5130 ex
2750 5093 2815 5130 eo
2854 5078 3080 5132 laudem
3111 5078 3279 5147 (Rom.
3307 5095 3425 5146 xm,
3458 5078 3530 5147 3).

1901 5171 1994 5226 Sin
2021 5186 2150 5226 vero
2181 5169 2345 5225 aliter
2377 5169 2618 5240 egerint,
2649 5169 2756 5241 ipsi
2787 5170 3082 5240 videbunt,
3102 5188 3206 5226 nos
3237 5171 3412 5240 enim,
3441 5172 3528 5226 di-

1901 5264 2031 5319 vina
2106 5263 2294 5336 gratia
2361 5262 2658 5334 largiente,
2720 5263 2874 5334 quod
2943 5264 3122 5335 gratis
3192 5264 3530 5336 accepimus,

1902 5358 2088 5432 gratis,
2123 5358 2325 5414 damus
2367 5357 2584 5427 (Matth.
2629 5375 2682 5427 x,
2726 5358 2801 5428 8).
2835 5359 2950 5412 Tua
2999 5358 3258 5430 quidem,
3296 5363 3535 5430 propter

1900 5453 2008 5508 hoc
2039 5452 2291 5524 benigna
2333 5452 2594 5507 voluntas
2630 5469 2663 5505 a
2699 5451 2863 5507 nobis
2905 5457 3164 5523 suscepta
3211 5457 3313 5508 est.
3358 5453 3536 5523 Igitur

1901 5550 1958 5600 et
2008 5547 2118 5601 hoc
2169 5546 2363 5617 petisti
2435 5546 2846 5601 monasterium
2906 5545 2964 5599 in
3022 5547 3340 5600 vastissima
3399 5545 3530 5600 soli~

1900 5639 2119 5708 tudine,
2176 5645 2234 5695 et
2281 5640 2341 5694 in
2394 5640 2584 5696 medio
2645 5641 2902 5712 gentium
2978 5639 3184 5711 quibus
3251 5638 3532 5710 praedicas

1899 5734 2291 5802 constitutum,
2324 5739 2381 5788 et
2425 5751 2458 5789 a
2499 5739 2555 5790 te
2602 5735 2907 5791 fundatum
2951 5751 3092 5804 esse,
3123 5733 3383 5806 atquein
3423 5734 3530 5789 ho-

1902 5842 2038 5880 nore
2069 5826 2372 5881 Salvatoris
2415 5829 2510 5884 Dei
2549 5830 2724 5886 nostri
2763 5829 3107 5899 dedicatum,
3137 5827 3233 5883 ubi
3273 5828 3444 5883 etiam
3476 5833 3530 5882 et
