4050 6316
489 362 614 414 1171

1375 359 1655 413 ΑΡΡΕΝΙ).
1697 359 1784 411 AD
1821 359 1980 412 SrEC.
2024 359 2110 412 IX.
2134 388 2200 396 —-—
2241 358 2480 412 ISIDORI
2519 357 2945 412 MERCATORIS

3702 363 3836 413 1172

487 467 794 521 monachos
823 467 926 520 sub
961 467 1158 538 regula
1193 466 1342 521 beati
1385 465 1670 521 Benedicti
1715 465 1924 536 degere
1957 466 2111 521 ordi-
2132 479 2192 550 Α
2215 464 2868 537 quemadmodumviris,
2885 463 2993 520 sibi
3011 462 3251 519 invicem
3265 465 3439 535 pedes
3455 466 3704 534 abluere,
3724 471 3848 521 tam

485 561 655 626 nasti,
691 561 795 614 hoc
823 560 1147 614 venerabile
1178 560 1589 614 monasterium
1617 560 1843 615 nomini
1868 564 1965 614 tuo
1994 559 2112 631 pri-

487 653 692 723 vilegio
743 652 889 707 sedis
942 653 1260 724 apostolicae
1307 653 1541 709 muniri.
1595 653 1757 718 Quod
1799 653 1949 708 votis
2003 653 2116 709 tuis

486 745 906 817 acquiescentes
943 747 1329 802 ordinavimus
1364 747 1524 817 juxta
1561 747 1899 819 petitionem
1931 753 1987 802 et
2013 747 2112 802 de-

485 839 757 894 siderium
808 845 991 895 tuum.
1047 840 1322 911 Congruit
1369 840 1525 895 enim
1581 840 1756 896 divini
1813 840 2116 896 ministerii

482 933 916 1004 praedicatorem
945 933 1342 1006 optimumque
1361 935 1690 990 ministrum
1709 935 1780 990 ad
1799 934 2117 990 desiderata

482 1027 828 1098 pertingere,
858 1031 914 1083 et
937 1032 1186 1099 coeptum
1213 1028 1433 1084 bonum
1460 1045 1604 1099 opus
1633 1045 1809 1100 usque
1847 1029 1906 1082 in
1938 1029 2115 1083 ﬁnem

482 1120 776 1192 perﬁcere,
814 1121 956 1177 sicut
1005 1121 1279 1193 scriptum
1321 1122 1379 1176 in
1428 1122 1724 1177 Dominico
1773 1128 2058 1194 prtecepto
2095 1139 2108 1176 :

485 1236 511 1264 ι(
541 1213 647 1278 Qui
669 1215 1110 1285 perseveraverit
1136 1232 1315 1287 usque
1345 1215 1403 1269 in
1437 1216 1632 1285 ﬁnem,
1665 1215 1757 1270 hic
1793 1215 1979 1270 salvus
2007 1215 2115 1271 erit

483 1308 698 1379 (Matth.
727 1325 784 1376 x,
815 1309 923 1379 22).
956 1331 982 1358 »
1013 1311 1079 1365 Et
1107 1330 1135 1359 «
1175 1309 1374 1364 beatus
1409 1326 1604 1364 servus
1640 1309 1754 1378 ille,
1785 1326 1954 1380 quem
1984 1326 2113 1364 cum

480 1401 700 1456 venerit
746 1401 1041 1470 Dominus,
1072 1402 1358 1457 invenerit
1403 1402 1480 1456 sic
1523 1402 1858 1472 facientem;
1901 1402 2112 1458 etenim

482 1510 652 1564 super
682 1494 879 1550 omnia
917 1495 1066 1549 bona
1093 1512 1191 1550 sua
1218 1495 1518 1551 constituet
1561 1511 1692 1550 eum
1721 1496 1933 1566 (Matth.
1961 1512 2109 1564 xxrv,

482 1589 569 1655 46,
608 1588 716 1658 47).
748 1609 776 1638 ››
802 1590 1027 1644 Interea
1057 1589 1360 1660 praedictus
1378 1593 1543 1645 tuum
1563 1589 1807 1644 Gerulus
1831 1591 1954 1658 Lul,
1983 1607 2112 1645 cum

481 1683 699 1737 caeteris
728 1683 845 1737 suis
882 1683 1316 1752 concomitibus,
1346 1700 1476 1755 qua:
1520 1683 1782 1755 injuncta
1824 1683 2056 1739 fuerunt
2079 1702 2112 1739 a

483 1779 578 1829 tua
629 1776 880 1830 fraterna
932 1777 1251 1847 sanctitate,
1299 1782 1419 1832 tam
1471 1777 1530 1832 in
1586 1778 1784 1848 verbo,
1831 1794 2005 1849 quam
2049 1778 2108 1832 in

2213 560 2273 615 in
2303 576 2460 615 coena
2488 551 2940 630 Domini,quam
2977 558 3038 613 in
3081 557 3206 612 aliis
3235 557 3456 612 diebus.
3500 559 3612 613 Hoc
3644 560 3849 615 Domi-

2215 653 2407 708 nicum
2425 655 2776 724 praeceptum
2789 657 2890 721 est,
2905 651 3062 724 quod
3076 652 3176 724 qui
3191 667 3293 724 per
3309 652 3486 706 ﬁdem
3505 651 3849 724 impleverit,

2215 746 2449 802 habebit
2468 762 2533 800 ex
2561 762 2628 802 eo
2654 745 2908 801 laudem.
2932 743 3155 802 Etenim
3169 745 3278 800 viri
3298 748 3355 800 et
3376 745 3646 800 mulieres
3669 763 3854 801 unum

2215 841 2392 895 Deum
2417 840 2700 894 habemus
2723 839 2819 910 qui
2839 839 2898 894 in
2921 839 3074 894 ccelis
3101 843 3205 894 est.
3226 841 3334 894 Pro
3353 839 3853 895 benedictionibus

2215 936 2410 988 autem
2434 950 2574 1005 quas
2598 933 2815 988 faciunt
2844 933 3002 1001 Galli,
3031 935 3096 988 ut
3121 932 3288 1001 nosti,
3317 933 3510 1001 frater,
3535 935 3732 988 multis
3763 935 3849 988 vi-

2214 1027 2306 1082 tiis
2331 1027 2641 1082 variantur.
2673 1028 2814 1082 Nam
2838 1043 2955 1081 non
2985 1042 3054 1082 ex
3080 1027 3388 1098 apostolica
3412 1027 3720 1082 traditione
3742 1028 3852 1082 hoc

2214 1121 2447 1192 faciunt,
2481 1122 2580 1176 sed
2606 1137 2709 1192 per
2739 1137 2938 1175 vanam
2969 1119 3211 1191 gloriam
3240 1121 3351 1175 hoc
3381 1127 3708 1192 operantur,
3739 1121 3851 1176 sibi

2216 1215 2348 1286 ipsis
2378 1215 2804 1270 damnationem
2855 1214 3211 1283 adhibentes,
3241 1215 3378 1270 dum
3407 1215 3678 1286 scriptum
3715 1220 3802 1270 est
3832 1232 3845 1270 :

2216 1331 2244 1360 «
2265 1309 2319 1365 Si
2349 1309 2476 1381 quis
2496 1309 2660 1364 vobis
2685 1308 3152 1380 evangelizaverit
3178 1312 3389 1380 praeter
3415 1308 3475 1363 id
3505 1308 3657 1380 quod
3676 1324 3850 1364 evan-

2214 1403 2517 1475 gelizatum
2562 1406 2664 1470 est,
2711 1402 3018 1457 anathema
3066 1403 3138 1456 sit
3166 1401 3308 1472 (Gal.
3339 1418 3379 1470 1,
3407 1403 3478 1473 9).
3509 1422 3537 1452 ››
3565 1403 3847 1473 Regulam

2212 1496 2502 1552 catholicae
2530 1495 2852 1551 traditionis
2878 1495 3198 1566 suscepisti,
3223 1495 3406 1550 frater
3429 1494 3844 1551 amantissime.

2211 1589 2300 1645 Sic
2331 1589 2597 1645 omnibus
2633 1587 2905 1661 praedica,
2935 1605 3250 1661 omnesque
3292 1589 3447 1659 doce,
3475 1589 3620 1644 sicut
3647 1605 3680 1644 a
3709 1606 3847 1644 san-

2212 1687 2300 1738 cta
2353 1685 2629 1750 Romana,
2673 1684 2763 1737 cui
2815 1684 2927 1737 Deo
2973 1686 3204 1738 auctore
3257 1682 3628 1750 deservimus,
3679 1699 3846 1738 acce-

2212 1776 2344 1847 pisti
2370 1776 2634 1832 Ecclesia.
2662 1776 2948 1848 Inquisisti
2993 1777 3166 1832 etiam
3191 1777 3400 1845 ethoc,
3434 1777 3480 1831 si
3510 1780 3641 1833 ante
3670 1777 3843 1832 trice-

477 1869 811 1940 praascripto
863 1870 1057 1924 omnia
1102 1870 1377 1942 liquidius
1419 1877 1787 1942 suggerentes
1839 1854 2185 1928 innotue-B
2209 1871 2417 1926 simum
2446 1886 2664 1925 annum
2705 1870 2876 1925 liceat
2915 1871 3274 1926 sacerdotem
3321 1871 3589 1927 ordinari.
3622 1872 3845 1927 Bonum

480 1965 634 2030 runt,
663 1963 733 2018 de
763 1964 968 2035 quibus
1012 1967 1133 2018 tam
1178 1963 1238 2018 in
1281 1965 1454 2020 verbo
1504 1981 1842 2036 responsum
1885 1966 2103 2033 dantes,

479 2061 536 2110 et
589 2058 944 2129 praescripto,
997 2063 1109 2113 tua:
1155 2059 1478 2113 remisimus
1537 2059 1902 2114 fraternitati.
1959 2060 2107 2114 Con-

480 2149 737 2205 tinebant
760 2151 917 2206 enim
951 2151 1200 2222 capitula
1248 2152 1308 2206 in
1340 2152 1540 2223 pitatio
1584 2153 1654 2207 ab
1698 2152 1778 2207 eis
1821 2156 2104 2223 porrecto,

480 2260 605 2314 quae
651 2244 890 2298 inferius
940 2260 1165 2300 annexa
1211 2251 1363 2312 sunt,
1403 2245 1474 2300 de
1520 2246 1726 2317 quibus
1767 2246 2034 2318 ﬂagitasti
2075 2264 2109 2302 a

479 2336 646 2390 nobis
672 2353 800 2407 quas
831 2337 1178 2409 recipienda,
1209 2355 1337 2410 quae
1363 2340 1683 2410 respuenda
1711 2344 1860 2395 sunt.

548 2433 608 2485 ln
638 2431 836 2502 primis
861 2432 932 2486 de
960 2431 1302 2504 volatilibus,
1331 2433 1390 2488 id
1429 2437 1532 2501 est,
1563 2434 1809 2504 graculis
1837 2439 1893 2489 et
1921 2437 2105 2490 corni-

476 2524 634 2594 culis,
669 2528 839 2597 atque
868 2524 1119 2594 ciconiis,
1151 2543 1280 2599 qua:
1307 2527 1540 2582 omnino
1587 2528 1847 2583 cavendae
1878 2533 2009 2583 sunt
2036 2529 2108 2584 ab

473 2635 573 2672 esu
599 2619 1071 2688 Christianorum,
1101 2621 1278 2675 etiam
1309 2624 1365 2676 et
1390 2620 1538 2691 ﬁbri,
1582 2624 1753 2693 atque
1777 2623 2018 2693 lepores,
2054 2627 2109 2678 et

475 2713 605 2784 equi
665 2712 898 2768 silvatici
959 2714 1140 2769 multo
1208 2715 1452 2786 amplius
1510 2715 1767 2770 cavendi.
1816 2717 2104 2786 Attamen,

473 2806 822 2862 sanctissime
842 2807 1036 2878 frater,
1061 2808 1131 2864 de
1149 2809 1416 2863 omnibus
1438 2809 1745 2881 Scripturis
1772 2809 1942 2864 sacris
1961 2810 2108 2867 bene

475 2904 803 2970 compertus
818 2917 894 2956 es.
918 2903 991 2956 De
1009 2902 1142 2973 igne
1159 2907 1347 2958 autem
1367 2903 1807 2974 Paschali,quod
1824 2903 2108 2975 inquisisti

474 3010 506 3046 a
550 2993 758 3048 sanctis
801 2993 998 3064 priscis
1043 2995 1321 3065 Patribus,
1351 3013 1420 3050 ex
1465 3012 1578 3066 quo
1622 3012 1724 3068 per
1759 2997 1857 3052 Dei
1898 3000 1955 3052 et
1994 2999 2104 3052 Do-

474 3086 616 3140 mini
647 3087 825 3142 nostri
869 3089 1000 3142 Jesu
1045 3089 1250 3143 Christi
1296 3089 1558 3159 gratiam,
1589 3096 1646 3145 et
1682 3090 1930 3161 pretioso
1973 3107 2103 3146 san-

473 3180 644 3248 guine
666 3179 787 3251 ejus
811 3181 1041 3236 ecclesia
1071 3181 1327 3237 dedicata
1350 3188 1436 3238 est
1462 3183 1663 3254 quinta
1687 3183 1826 3240 feria
1851 3185 2100 3256 Paschae,
2124 3223 2178 3298 Ο

477 3273 605 3298 Jun
656 3290 875 3298 -..Α-..-μ
937 3275 1175 3298 -ι...;-...-
1233 3282 1587 3298 -η..---..-.ι--..
1657 3281 1769 3298 ιμ--
1813 3278 2097 3298 1___-__-j_,

474 3273 609 3327 dum
655 3290 882 3329 sacrum
932 3275 1182 3330 chrisma
1228 3282 1608 3346 consecratur,
1657 3281 1772 3332 tres
1813 3278 2103 3349 lampades

470 3383 695 3436 magnae
718 3369 1045 3440 capacitatis
1067 3386 1138 3424 ex
1160 3369 1396 3424 diversis
1415 3370 1666 3426 candelis
1692 3372 1952 3427 Ecclesiae
1974 3373 2102 3428 oleo

470 3461 725 3531 collecto,
760 3463 819 3516 in
852 3463 1141 3518 secretiori
1171 3464 1420 3520 ecclesia“:
1462 3466 1604 3533 loco,
1635 3466 1710 3520 ad
1737 3466 1982 3538 ﬁguram
2012 3467 2100 3522 in-

470 3554 690 3608 terioris
746 3556 1096 3611 tabernaculi
1149 3557 1444 3614 insistente
1497 3559 1912 3631 indeﬁcienter,
1970 3577 2102 3615 cum

471 3649 651 3703 multa
698 3648 995 3719 diligentia
1036 3651 1290 3722 inspecte
1335 3653 1639 3721 ardebunt,
1680 3653 1758 3709 ita
1803 3660 1868 3709 ut
1913 3655 2102 3709 oleum

467 3740 657 3812 ipsum
708 3742 967 3798 sufﬁcere
1035 3745 1212 3816 possit
1267 3763 1444 3818 usque
1497 3747 1570 3800 ad
1626 3747 1859 3802 tertium
1928 3748 2099 3804 diem.

467 3836 542 3890 De
599 3836 805 3906 quibus
872 3838 1122 3892 candelis
1197 3839 1440 3895 Sabbato
1509 3847 1722 3911 sancto,
1773 3858 1875 3913 pro
1931 3843 2102 3897 fontis

471 3929 613 3982 sacri
675 3930 1018 4000 baptismate
1071 3937 1330 4002 sumptus
1394 3933 1542 4004 ignis
1595 3951 1697 4005 per
1755 3937 2102 3992 sacerdotem

471 4022 856 4076 renovabitur.
915 4025 990 4078 De
1050 4024 1353 4080 christallis
1408 4032 1621 4096 autem,
1677 4034 1740 4083 ut
1793 4031 2099 4097 asseruisti,

470 4115 685 4169 nullam
733 4115 1009 4171 habemus
1056 4118 1449 4174 traditionem.
1501 4121 1581 4175 De
1635 4121 1744 4192 his,
1793 4122 1890 4193 qui
1943 4123 2102 4195 regio

471 4208 671 4264 morbo
691 4213 968 4265 vexantur
983 4211 1291 4283 inquisisti,
1311 4213 1425 4268 sive
1442 4215 1574 4286 equi
1597 4215 1726 4286 sint,
1745 4215 2102 4288 quidfacien-

469 4302 604 4357 dum
633 4303 706 4357 sit
731 4303 802 4358 de
832 4305 960 4360 illis.
984 4306 1040 4361 Si
1068 4306 1329 4362 homines
1355 4325 1425 4362 ex
1448 4309 1757 4380 nativitate,
1777 4315 1873 4366 aut
1895 4328 2101 4382 genere

468 4395 639 4465 hujus
670 4398 858 4452 morbi
885 4403 1037 4468 sunt,
1061 4400 1119 4453 hi
1152 4405 1307 4455 extra
1338 4401 1627 4457 civitatem
1654 4405 1915 4460 comitari
1936 4405 2101 4461 debe-

466 4490 632 4557 bunt,
663 4491 1088 4570 eleemo'synam
1118 4510 1248 4549 vero
1293 4495 1363 4550 ad
1403 4496 1796 4568 accipiendum
1825 4515 1855 4552 a
1889 4499 2100 4570 populo

2208 1967 2265 2018 et
2293 1980 2632 2036 congruum,
2665 1963 3000 2019 charissima
3039 1964 3234 2031 frater,
3269 1965 3315 2018 si
3345 1965 3469 2019 ﬁeri
3509 1970 3564 2020 et
3599 1966 3845 2021 inveniri

2208 2061 2412 2128 potest,
2437 2062 2500 2112 ut
2542 2060 2821 2128 provectas
2869 2057 3052 2113 astatis
3094 2061 3152 2112 et
3201 2058 3339 2113 boni
3377 2058 3481 2113 viri
3524 2059 3842 2114 testimonii

2201 2151 2364 2222 juxta
2389 2166 2679 2206 sacrorum
2697 2167 2984 2206 canonum
3002 2151 3280 2219 instituta,
3297 2152 3636 2207 ordinentur
3659 2169 3844 2207 sacer-

2209 2245 2389 2300 dotes.
2426 2244 2481 2300 Si
2510 2247 2705 2300 autem
2743 2244 2987 2300 minime
3033 2246 3419 2316 reperiuntur,
3454 2248 3511 2301 et
3537 2247 3846 2302 necessitas

2208 2338 2476 2409 exposcit,
2522 2355 2556 2393 a
2595 2337 2796 2409 viginti
2841 2338 3100 2410 quinque
3148 2338 3314 2393 annis
3355 2342 3412 2393 et
3458 2356 3631 2410 supra
3674 2340 3846 2395 levita

2210 2434 2266 2486 et
2286 2431 2600 2487 sacerdotes
2618 2431 2980 2502 ordinentur,
3002 2433 3490 2504 quemadmodum
3509 2433 3570 2487 in
3589 2434 3716 2504 lege
3738 2434 3845 2488 Do-

2207 2524 2350 2580 mini
2377 2524 2722 2580 continetur.
2744 2527 2822 2582 De
2846 2524 3050 2581 Milone
3069 2527 3266 2581 autem
3296 2531 3352 2581 et
3373 2526 3657 2597 ejusmodi
3679 2527 3840 2581 simi-

2209 2617 2374 2687 libus,
2405 2618 2503 2690 qui
2533 2618 2791 2674 Ecclesiis
2830 2619 2928 2675 Dei
2970 2618 3283 2691 plurimum
3330 2623 3552 2688 nocent,
3581 2623 3647 2674 ut
3680 2637 3714 2675 a
3740 2620 3843 2675 tali

2208 2712 2427 2767 nefario
2479 2728 2649 2784 opere
2714 2713 3002 2780 recedant,
3054 2713 3219 2784 juxta
3275 2714 3527 2784 Apostoli
3578 2730 3776 2769 vocem
3826 2731 3840 2768 :

2212 2829 2239 2857 «
2264 2807 2620 2878 Opportune,
2646 2806 2975 2878 importune
3006 2807 3254 2878 praedjca
3275 2807 3355 2878 (II
3374 2810 3510 2862 Tim.
3535 2823 3610 2877 1v,
3627 2807 3702 2879 2).
3729 2828 3753 2858 n
3780 2807 3839 2863 Si

2207 2899 2595 2972 acquieverint
2614 2899 3105 2956 admonitionibus
3128 2901 3261 2968 tuis,
3291 2901 3596 2956 salvabunt
3617 2902 3843 2956 animas

2207 3011 2352 3048 suas.
2403 2993 2501 3050 Sin
2549 3010 2684 3048 vero
2728 2994 2836 3065 ipsi
2877 2993 3148 3065 peribunt
3197 2995 3446 3049 obvoluti
3491 2995 3550 3049 in
3591 2994 3842 3066 peccatis

2206 3087 2340 3142 suis.
2370 3089 2449 3142 Tu
2474 3089 2668 3143 autem
2698 3087 2797 3158 qui
2825 3091 2978 3142 recte
3005 3087 3299 3158 praedicas,
3322 3104 3440 3142 non
3467 3087 3672 3158 perdes
3693 3104 3843 3143 mer-

2205 3181 2402 3236 cedem
2441 3185 2620 3236 tuam.
2658 3182 2804 3236 Nam
2843 3183 2902 3235 et
2929 3181 3039 3236 hoc
3068 3180 3372 3253 inquisisti,
3398 3186 3527 3252 post
3554 3185 3840 3253 quantum

2205 3274 2480 3346 temporis
2501 3275 2671 3330 debet
2695 3274 2890 3329 lardus
2917 3274 3160 3343 comedi,
3181 3274 3344 3329 nobis
3368 3292 3401 3330 a
3427 3275 3692 3330 Patribus
3709 3292 3842 3331 con-

2205 3369 2465 3424 stitutum
2491 3385 2595 3440 per
2623 3369 2732 3423 hoc
2764 3385 2882 3423 non
2913 3371 3017 3424 est.
3047 3368 3169 3423 Tibi
3209 3372 3402 3424 autem
3438 3369 3662 3439 petenti
3701 3386 3837 3424 con-

2203 3463 2394 3517 silium
2437 3463 2785 3534 praebemus,
2813 3462 2968 3533 quod
3003 3478 3120 3517 non
3161 3466 3421 3533 oporteat
3447 3479 3585 3516 eum
3615 3463 3838 3532 mandi,

2204 3557 2535 3628 priusquam
2579 3572 2750 3627 super
2790 3555 2948 3611 fumo
2994 3555 3254 3624 siccetur,
3301 3561 3400 3611 aut
3439 3555 3574 3628 igne
3623 3573 3846 3629 coqua-

2204 3655 2315 3705 tur.
2367 3650 2423 3706 Si
2468 3666 2601 3705 vero
2644 3649 2785 3705 libet
2831 3654 2898 3704 ut
2940 3649 3226 3704 incoctum
3275 3651 3670 3719 manducetur,
3712 3655 3844 3722 post

2203 3745 2530 3800 Paschalem
2558 3743 2920 3804 festivitatem
2960 3743 3068 3798 erit
3096 3744 3580 3800 manducandum.

2274 3837 2580 3910 Episcopus
2606 3841 2801 3892 autem
2827 3836 3260 3905 condemnatus,
3287 3837 3357 3893 de
3381 3854 3496 3909 quo
3526 3838 3836 3910 inquisisti,

2204 3933 2299 4004 qui
2322 3931 2695 4004 impugnator
2714 3934 2772 3987 et
2790 3931 3103 3986 fornicator
3131 3931 3338 4001 existit,
3355 3935 3522 4003 atque
3539 3948 3630 3988 res
3657 3934 3835 3988 eccle-

2201 4027 2299 4081 siae
2325 4030 2454 4097 post
2493 4025 2966 4096 degradationem
3011 4024 3117 4079 sibi
3147 4024 3451 4080 vendicare
3491 4026 3716 4095 nititur,
3747 4027 3841 4082 hic

2203 4120 2438 4176 omnino
2461 4136 2525 4175 ac
2553 4119 2967 4175 detestabiliter
2985 4119 3339 4190 respuendus
3359 4124 3461 4175 est.
3481 4141 3507 4169 α
3525 4120 3667 4184 Quae
3681 4121 3839 4176 enim

2200 4214 2389 4286 portio
2439 4213 2684 4269 infidelis
2732 4230 2863 4268 cum
2912 4213 3116 4268 ﬁdeli?
3165 4215 3271 4268 Aut
3323 4229 3450 4284 quae.
3507 4216 3840 4270 communio

2200 4307 2405 4364 Christi
2434 4308 2507 4363 ad
2551 4306 2816 4362 Belial?»
2852 4308 2926 4377 (II
2964 4310 3081 4364 Cor.
3109 4323 3185 4377 v1,
3224 4308 3326 4376 15.)
3357 4307 3470 4361 Has
3511 4311 3838 4363 sanctorum

2199 4404 2431 4457 Patrum
2456 4400 2817 4468 traditiones,
2839 4404 2896 4455 et
2914 4403 3243 4455 sanctorum
3269 4417 3556 4455 canonum
3579 4401 3840 4457 instituta

2200 4481 2740 4551 condemnaverunt.
2773 4497 2849 4550 De
2879 4493 3244 4560 ordinatione,
3265 4493 3436 4549 etiam
3469 4494 3841 4566 presbytero-

467 4601 585 4639 non
613 4561 963 4672 devitari.‘,Si
988 4592 1179 4642 autem
1221 4561 1826 4663 contigerit-magnum
1853 4561 1943 4647 vel
1969 4561 2096 4663 par-
2120 4600 2178 4672 D
2201 4605 2327 4645 rum
2352 4593 2408 4644 et
2435 4589 2829 4659 diaconorum,
2857 4589 2956 4660 qui
2983 4590 3224 4659 cogente
3249 4561 3583 4643 necessitate
3613 4561 3672 4643 et
3701 4606 3843 4660 pau-

466 4695 600 4732 vum
628 4695 747 4734 non
792 4669 1109 4751 natlvitate,
1140 4683 1238 4737 sed
1277 4684 1715 4755 superveniente
1759 4686 2101 4757 aegritudine

466 4773 672 4842 vexari,
717 4789 835 4827 non
881 4779 964 4828 est
1008 4775 1414 4846 projiciendus,
1459 4779 1556 4833 sed
1608 4779 1654 4832 si
1697 4779 1969 4850 possibile
2017 4786 2101 4835 est

467 4865 773 4919 curandus.
803 4867 1069 4922 Attamen
1107 4868 1165 4923 in
1201 4871 1453 4941 ecclesia,
1481 4872 1617 4926 dum
1649 4873 1718 4927 ad
1744 4875 2097 4928 communio-

465 4975 600 5014 nem
668 4960 908 5030 venerit,
968 4965 1098 5032 post
1172 4963 1434 5019 omnium
1512 4967 1930 5038 suppletionem
1995 4969 2103 5022 erit

470 5053 828 5121 ingressurus
849 5055 917 5110 ad
942 5055 1405 5128 participandum
1425 5075 1654 5115 munus.
1682 5060 1824 5131 Equi
1846 5078 1979 5116 vero
2003 5062 2101 5132 qui

467 5147 702 5214 praefato
747 5149 952 5204 morbo
995 5149 1209 5206 fuerint
1250 5151 1624 5223 coinquinati,
1659 5155 1704 5208 si
1752 5156 1936 5209 curari
1983 5172 2099 5210 non

467 5239 774 5309 valuerint,
809 5242 866 5295 in
915 5244 1102 5314 puteis
1148 5249 1203 5299 et
1243 5245 1418 5301 foveis
1463 5247 1802 5318 projiciendi
1845 5255 1995 5316 sunt,
2029 5267 2102 5304 ne

472 5331 653 5404 291
681 5334 937 5404 ejusdem
958 5338 1145 5394 morbi
1164 5340 1500 5411 contagione
1523 5341 1711 5396 centeri
1734 5342 2103 5415 coinquinen-

466 5433 579 5482 tur.
615 5429 689 5484 De
733 5429 1076 5486 animalibus
1111 5437 1303 5488 autem
1337 5451 1466 5505 quas
1496 5452 1529 5489 a
1558 5435 1900 5506 furentibus,
1932 5437 1990 5491 id
2020 5441 2103 5492 est

467 5521 677 5576 rabidis
706 5523 858 5595 lupis
880 5528 936 5578 et
950 5525 1184 5580 canibus
1211 5527 1426 5582 fuerint
1449 5529 1718 5598 lacerata,
1737 5534 1962 5602 oportet
1981 5548 2048 5586 ea
2069 5549 2103 5585 a

465 5616 686 5670 caeteris
707 5617 980 5688 separari,
995 5635 1067 5672 ne
1077 5621 1445 5688 perfurentes
1464 5625 1520 5678 ct
1540 5623 1870 5679 mordentes
1897 5628 2104 5680 caetera

468 5708 929 5778 coinquinentur.
975 5711 1142 5775 Quod
1172 5713 1217 5766 si
1243 5731 1427 5783 pauca
1472 5722 1621 5782 sunt,
1656 5721 1719 5771 ut
1757 5735 1927 5789 supra
1957 5718 2098 5772 dixi-

473 5815 624 5868 mus,
647 5801 706 5854 in
729 5803 916 5857 foveas
942 5805 1290 5875 projicienda
1316 5810 1469 5860 sunt.
1497 5809 1638 5862 Nam
1662 5813 1717 5863 et
1745 5810 1852 5864 hoc
1874 5811 2104 5880 inquisi-

471 5892 548 5944 vit
578 5892 901 5950 fraternitas
932 5902 1048 5967 tua,
1078 5898 1124 5952 si
1161 5898 1326 5954 liceat
1369 5900 1822 5958 sanctimoniales
1863 5904 2102 5961 feminas

2203 4686 2420 4755 portate
2448 4682 2775 4753 rogantium
2804 4699 2922 4736 non
2951 4681 3225 4753 legitimis
3250 4681 3607 4752 temporibus
3634 4685 3691 4737 et
3717 4683 3836 4738 die-

2201 4778 2308 4832 bus
2335 4793 2366 4831 a
2397 4781 2452 4832 te
2491 4779 2900 4848 provenerunt,
2936 4775 2982 4830 si
3012 4775 3262 4846 aliquam
3304 4774 3581 4830 habentes
3627 4792 3694 4831 ex
3728 4776 3839 4831 hoc

2204 4871 2578 4926 offensionem
2617 4870 2937 4939 insinuasti,
2967 4868 3208 4924 dicimus
3249 4873 3439 4923 autem
3478 4868 3602 4937 tibi,
3633 4869 3835 4939 frater,

2202 4966 2347 5020 bene
2367 4965 2514 5019 nosti
2541 4965 2695 5036 quod
2723 4963 2867 5018 sacri
2892 4979 3138 5018 canones
3159 4963 3364 5018 docent
3388 4963 3533 5034 aptis
3557 4964 3835 5034 tempori-

2202 5060 2306 5113 bus
2335 5059 2646 5114 sacerdotes
2672 5057 3042 5113 ordinandos.
3066 5060 3334 5113 Attamen
3364 5056 3422 5110 in
3449 5072 3516 5111 eo
3543 5056 3696 5128 quod
3726 5062 3837 5112 ate

2200 5157 2435 5224 propter
2461 5154 2642 5207 zelum
2673 5151 2807 5207 ﬁdei
2836 5156 3026 5207 actum
3050 5156 3154 5220 est,
3179 5168 3214 5206 a
3237 5150 3480 5205 Domino
3499 5151 3611 5206 Deo
3646 5155 3838 5206 nostro

2201 5247 2617 5318 indulgentiam
2646 5246 3022 5318 postulamus.
3055 5247 3129 5300 De
3157 5261 3331 5300 censu
3358 5249 3549 5300 autem
3575 5245 3840 5300 ecclesia-

2203 5359 2352 5411 rum,
2384 5341 2442 5396 id
2485 5347 2587 5409 est,
2619 5341 2866 5396 solidum
2894 5340 2962 5396 de
2999 5344 3213 5395 cassata
3253 5340 3496 5410 suscipe,
3528 5344 3586 5394 et
3614 5339 3839 5395 nullam

2201 5436 2414 5490 habeas
2458 5435 2899 5504 haesitationem,
2933 5435 3072 5490 dum
3117 5451 3186 5489 ex
3217 5451 3286 5489 eo
3331 5434 3543 5506 poteris
3584 5434 3836 5488 eleemo-

2202 5547 2404 5600 synam
2449 5529 2722 5593 tribuere,
2751 5545 2817 5583 ac
2857 5529 2915 5583 in
2957 5529 3163 5584 Christi
3209 5543 3489 5600 pauperes
3527 5527 3755 5599 partiri,
3785 5532 3843 5582 et

2203 5641 2346 5695 opus
2363 5624 2629 5695 perﬁcere
2648 5639 2937 5678 sacrarum
2967 5623 3356 5693 ecclesiarum,
3371 5622 3534 5694 juxta
3553 5637 3840 5676 canonum

2201 5717 2480 5772 instituta.
2527 5716 2582 5772 Si
2628 5734 2772 5788 quos
2818 5733 2952 5771 vero
2999 5717 3378 5788 presbyteros,
3427 5715 3522 5788 qui
3566 5715 3635 5769 de
3678 5715 3836 5770 laicis

2201 5810 2446 5882 promoti
2475 5810 2705 5878 fuerint,
2739 5814 2795 5865 et
2833 5814 3002 5865 antea
3037 5810 3428 5865 criminalibus
3452 5809 3630 5864 causis
3655 5809 3832 5864 obvo-

2201 5905 2305 5960 luti
2338 5905 2585 5960 celantes
2611 5909 2912 5977 peccatum
2932 5921 3096 5961 suum
3128 5904 3372 5960 ordinati
3396 5908 3545 5974 sunt,
3575 5909 3829 5976 postmo-
