4050 6304
199 384 326 434 H73

1393 379 1862 436 DECRETALIUM
1899 376 2282 432 COLLECTIO.

3413 378 3548 429 1174

189 488 325 540 dum
353 503 482 541 vero
511 491 568 541 et
593 488 952 544 manifestata
973 492 1058 544 est
1083 505 1281 544 eorum
1307 488 1501 560 iniqua
1522 487 1690 572 actio,
1709 487 1813 542 hos
1834 498 1894 572 Α
1915 482 2106 540 subtili
2150 482 2603 540 consideratione
2643 483 2946 550 discernat,
2992 483 3041 537 si
3079 481 3332 554 expedit,
3375 488 3473 538 aut
3498 484 3544 538 si

190 530 325 540 μ...-
362 530 481 541 ..ην
512 530 568 541 ν.
593 530 952 544 ...................
973 530 1058 544 νυν
1083 530 1281 544 μνη...
1308 530 1501 560 μων...
1522 530 1668 543 ..νην
1710 530 1813 542 ..νυ

186 581 520 636 sacerdotali
534 581 729 636 habitu
747 581 995 652 privatos
1011 582 1359 653 poenitentiae
1383 581 1651 637 submitte
1661 530 1815 668 [Non

185 674 338 730 enim
367 674 485 730 odit
512 677 658 731 Deus
693 679 1026 746 peccantem
1053 680 1111 730 et
1135 675 1523 745 conﬁtentem,
1554 676 1651 730 sed
1680 691 1809 745 pec-

185 773 413 822 cantem
443 773 500 823 et
523 773 852 840 negantem.
890 771 1030 823 Nam
1060 770 1167 824 hoc
1197 769 1470 840 ﬂagitasti
1499 785 1533 824 a
1559 769 1744 836 nobis,
1767 770 1814 824 si

186 862 318 917 licet
342 862 796 932 persecutionem
845 879 1197 934 paganorum
1225 863 1425 934 fugere
1464 880 1538 917 an
1570 879 1706 918 non.
1747 864 1816 917 Et

186 971 293 1025 pro
333 956 462 1023 hoc,
501 957 694 1024 frater,
734 957 983 1010 salutare
1015 955 1315 1010 consilium
1348 956 1568 1011 damus.
1603 956 1654 1012 Si
1689 954 1811 1011 ﬁeri

186 1055 390 1119 potest,
425 1055 479 1104 et
507 1051 697 1105 locum
740 1051 1048 1121 inveneris,
1097 1051 1246 1104 insta
1287 1049 1358 1104 ad
1389 1049 1812 1121 praedicandum

187 1143 318 1198 illis.
347 1143 404 1198 Si
434 1149 627 1200 autem
659 1149 996 1216 supportare
1023 1161 1143 1199 non
1183 1144 1424 1198 valueris
1455 1160 1652 1198 eorum
1682 1160 1809 1214 per-

186 1237 564 1306 secutionem,
611 1237 788 1293 habes
828 1242 1180 1310 praceptum
1228 1238 1608 1306 Dominicum,
1648 1242 1712 1292 ut
1753 1237 1811 1292 in

182 1331 356 1386 aliam
384 1331 720 1404 ingrediaris
753 1332 1037 1388 civitatem
1075 1333 1289 1403 (Matth.
1337 1350 1390 1399 x,
1430 1333 1539 1401 23).
1576 1333 1717 1386 Nam
1756 1337 1814 1386 et

185 1427 294 1480 hoc
323 1425 608 1498 inquisisti
629 1427 768 1498 quid
787 1425 1110 1481 faciendum
1132 1426 1202 1481 sit
1226 1427 1294 1481 de
1319 1426 1813 1482 excommunicato

181 1521 474 1590 episcopo,
521 1524 578 1574 et
621 1520 988 1591 apostolicam
1026 1519 1423 1575 auctoritatem
1461 1519 1808 1591 negligente.

185 1613 284 1668 Hic
313 1612 660 1669 detestabilis
687 1618 772 1669 est
791 1630 983 1669 coram
1008 1615 1120 1669 Deo
1150 1618 1206 1668 et
1226 1613 1555 1669 hominibus
1575 1614 1664 1668 cui
1687 1630 1814 1668 con-

183 1706 536 1762 demnationi
563 1707 1039 1763 incondemnatus
1058 1723 1176 1763 non
1196 1707 1670 1776 communicabit;
1702 1708 1811 1779 ipsi

183 1801 341 1855 enim
372 1800 905 1856 condemnabuntur
938 1806 995 1856 et
1032 1801 1091 1856 in
1121 1802 1210 1856 die
1243 1801 1340 1856 irae
1373 1805 1429 1855 ct
1454 1801 1811 1856 revelationis

1913 578 2038 634 loca
2075 578 2164 632 vel
2199 577 2545 650 populorum
2573 577 2758 634 turba:
2782 576 2923 633 talia
2948 591 3070 631 esse
3099 575 3436 646 probantur,
3480 583 3545 634 ut

1914 670 2208 743 episcopos
2237 671 2448 727 habere
2482 675 2839 726 mereantur.
2874 668 3199 725 Memineris
3228 669 3385 725 enim
3405 670 3545 743 quid

1912 765 1972 819 in
2011 764 2186 820 sacris
2222 765 2530 820 canonibus
2569 765 2936 838 praecipimur
2971 763 3287 832 observare,
3328 769 3390 820 ut
3428 766 3541 820 mi-

1911 858 2068 914 nime
2109 859 2170 914 in
2199 858 2418 914 villulas
2446 861 2533 915 vel
2575 859 2634 914 in
2683 859 2936 914 modicas
2971 858 3220 914 civitates
3237 857 3543 946 Ppiscopos

1911 952 2258 1023 ordinemus,
2315 969 2389 1007 ne
2427 953 2660 1009 vilescat
2712 968 2924 1008 nomen
2966 951 3254 1023 episcopi.|
3283 951 3394 1008 Sed
3434 968 3541 1008 nos

1911 1046 2022 1100 tuis
2047 1046 2435 1102 sincerissimis
2461 1050 2632 1119 atque
2659 1063 2693 1102 a
2720 1045 2888 1102 nobis
2917 1044 3136 1101 dilectis
3160 1044 3386 1116 syllabis
3405 1060 3539 1116 pro-

1912 1138 2112 1209 vocati,
2157 1155 2284 1211 quae
2327 1139 2678 1212 proposuisti
2709 1139 2922 1211 absque
2947 1155 3112 1194 mora
3138 1138 3373 1194 concedi
3397 1138 3543 1210 pati-

1912 1249 2075 1300 mur,
2123 1238 2179 1288 et
2222 1233 2521 1288 statuimus
2568 1249 2672 1305 per
2723 1233 3096 1305 apostolicam
3143 1232 3539 1288 auctoritatem

1914 1326 2271 1399 episcopales
2299 1325 2416 1381 illic
2456 1343 2576 1383 esse
2615 1327 2778 1382 sedes
2814 1343 2942 1399 quae
2985 1343 3090 1398 per
3123 1326 3540 1382 successionem

1914 1422 2210 1492 episcopos
2229 1423 2580 1491 mereantur,
2609 1424 2668 1476 et
2693 1420 2920 1493 p0pulis
2940 1419 3191 1491 praesint,
3221 1424 3390 1491 atque
3420 1435 3541 1473 ver-

1912 1514 2051 1568 bum
2072 1513 2491 1586 praedicationis
2515 1502 2780 1586 subjectis
2808 1513 3148 1582 insinuetur,
3167 1514 3224 1570 id
3247 1516 3350 1584 est,
3372 1513 3431 1568 in
3455 1529 3540 1568 ca-

1912 1607 2074 1664 stello
2102 1607 2255 1680 quod
2284 1607 2490 1664 dicitur
2508 1609 2862 1680 Mursaburg,
2892 1613 2949 1664 et
2973 1609 3216 1665 alterum
3241 1608 3302 1662 in
3327 1607 3537 1680 oppido

1911 1701 2070 1774 quod
2101 1700 2434 1758 nominatur
2456 1702 2770 1773 Buraburg,
2798 1701 3034 1758 tertium
3061 1702 3121 1757 in
3145 1701 3269 1756 loco
3291 1700 3389 1773 qui
3406 1701 3540 1757 dici-

1910 1799 2006 1850 tur
2034 1795 2387 1868 Erphesfurt.
2419 1797 2504 1852 Ita
2531 1798 2597 1851 ut
2624 1795 2765 1851 nulli
2787 1799 2914 1867 post
2939 1796 3062 1850 haac
3079 1795 3246 1851 liceat
3273 1796 3539 1866 cuiquam

183 1894 410 1949 Domini
437 1898 496 1948 et
525 1894 830 1950 Salvatoris
857 1895 1076 1950 nostriJ
1083 1911 1180 1949 esu
1200 1895 1428 1964 Christi,
1453 1911 1582 1949 cum
1606 1895 1814 1950 sederit
1831 1871 1887 1943 B
1911 1889 2034 1944 hac
2063 1906 2191 1960 quae
2223 1907 2257 1945 a
2283 1889 2449 1944 nobis
2479 1889 2696 1944 sancita
2720 1893 2854 1944 sunt
2882 1889 3287 1961 quoquomodo
3306 1888 3540 1953 ViOIaI‘e.

179 1987 252 2041 ad
273 1987 646 2058 judicandum
677 2003 858 2058 genus
889 1988 1209 2043 humanum
1254 1990 1418 2057 (Rom.
1465 2004 1526 2055 ιι,
1560 1991 1630 2058 5),
1669 1988 1814 2043 sicut

177 2081 454 2152 scriptum
477 2083 562 2134 est
592 2097 604 2134 :
635 2081 904 2150 Superbis
930 2097 1037 2151 ego
1066 2081 1351 2151 resistam,
1376 2081 1514 2136 dicit
1539 2081 1813 2136 Dominus

184 2178 227 2241 (ι
255 2178 401 2230 Petr.
462 2191 526 2244 v,
587 2175 659 2244 5).
715 2174 938 2230 Etenim
987 2175 1057 2229 de
1104 2175 1314 2229 Sclavis
1365 2175 1813 2231 Christianorum

182 2272 397 2323 terram
423 2268 890 2335 inhabitantibus,
937 2269 981 2322 si
1009 2272 1267 2340 oporteat
1296 2285 1528 2324 censum
1557 2269 1814 2340 accipere

181 2363 570 2432 interrogasti,
603 2362 795 2417 frater.
835 2363 950 2416 Hoc
991 2363 1226 2432 quidem
1255 2363 1486 2418 consilio
1519 2379 1631 2417 non
1661 2362 1810 2417 indi-

184 2461 299 2526 get,
319 2456 457 2509 dum
475 2455 558 2510 rei
573 2471 740 2510 causa
757 2459 842 2510 est
858 2455 1186 2511 manifesta.
1211 2455 1264 2511 Si
1282 2456 1439 2510 enim
1461 2456 1581 2511 sine
1601 2457 1813 2512 tributo

182 2549 456 2617 sederint,
489 2550 668 2620 ipsam
697 2549 1042 2620 quandoque
1084 2550 1379 2621 propriam
1418 2550 1523 2604 sibi
1561 2549 1810 2604 vindica-

180 2644 327 2697 bunt
354 2647 584 2698 terram.
618 2642 673 2697 Si
700 2659 832 2698 vero
865 2643 1144 2698 tributum
1177 2643 1457 2710 dederint,
1481 2649 1691 2698 norunt
1718 2644 1814 2699 do-

179 2737 528 2791 minatorem
556 2736 738 2807 ipsam
765 2740 975 2791 terram
995 2737 1231 2792 habere.
1266 2738 1409 2792 Nam
1429 2740 1485 2792 et
1509 2738 1614 2792 hoc
1643 2738 1810 2809 ﬂagi-

180 2831 308 2885 tasti
357 2847 391 2884 a
433 2830 614 2897 nobis,
662 2830 1011 2885 sanctissime
1054 2831 1252 2900 frater,
1294 2831 1352 2886 in
1397 2831 1538 2885 sacri
1583 2831 1812 2886 canonis

178 2923 603 2995 praedicatione,
626 2927 767 2995 quot
791 2925 850 2978 in
875 2924 1012 2978 locis
1037 2941 1232 2979 cruces
1255 2925 1377 2980 ﬁeri
1407 2925 1666 2995 debeant,
1700 2930 1811 2979 tuae

181 3018 570 3090 signiﬁcemus
603 3018 903 3086 sanctitati,
947 3019 1090 3073 votis
1124 3023 1314 3074 autem
1358 3019 1471 3073 tuis
1501 3019 1813 3074 clementer

182 3112 462 3180 inclinati,
495 3111 554 3166 in
583 3112 769 3166 rotulo
797 3112 926 3166 dato
953 3111 1051 3166 Lul
1075 3111 1342 3181 religioso
1368 3113 1695 3185 presbytero
1714 3116 1810 3167 tuo

182 3223 284 3278 per
317 3206 445 3260 loca
484 3205 646 3276 signa
681 3210 886 3260 sanctae
921 3205 1102 3260 crucis
1143 3209 1356 3276 quanta
1396 3207 1526 3276 ﬁcri,
1567 3207 1886 3309 debeantc

178 3299 492 3354 inﬁximus.
524 3298 617 3353 His
642 3301 830 3354 autem
861 3315 919 3354 se
958 3299 1323 3369 habentibus,
1356 3299 1580 3354 Domini
1607 3301 1809 3371 depre-

179 3409 381 3448 camur
405 3392 772 3447 clementiam
802 3392 933 3448 licet
959 3397 1306 3463 peccatores,
1345 3397 1409 3448 ut
1443 3409 1544 3447 suo
1582 3399 1637 3448 te
1682 3409 1810 3448 mu-

180 3487 300 3542 niat
320 3491 377 3542 et
397 3487 677 3542 confortet
698 3486 932 3554 auxilio,
955 3503 1170 3558 nosque
1189 3490 1405 3540 annuat
1425 3487 1812 3558 prosperitatis

180 3585 294 3634 tua:
325 3596 550 3650 semper
577 3580 712 3634 laeta
740 3580 1024 3650 suscipere
1049 3581 1271 3635 nuntia.
1314 3583 1458 3634 Deus
1497 3584 1550 3635 te
1587 3581 1809 3635 incolu-

178 3690 336 3729 mem
357 3673 652 3742 custodiat,
676 3673 1150 3729 reverendissime
1177 3674 1372 3727 frater.
1404 3675 1542 3728 Data
1563 3675 1810 3729 secundo

179 3769 368 3823 Nonas
393 3767 742 3836 Novembris,
771 3768 1091 3839 imperante
1139 3766 1382 3821 Domino
1417 3767 1668 3836 piissimo
1708 3771 1812 3823 Au-

178 3865 347 3933 gusto
395 3861 766 3917 Constantino
817 3879 850 3916 a
913 3863 1025 3915 Deo
1091 3865 1379 3926 coronato,
1441 3877 1653 3931 magno
1709 3861 1811 3915 im-

178 3959 460 4029 peratore,
515 3971 666 4010 anno
717 3958 804 4024 30,
858 3954 1084 4026 imperii
1143 3955 1266 4026 ejus
1317 3970 1469 4008 anno
1522 3959 1608 4020 ll,
1655 3953 1808 4009 indi-

180 4050 366 4105 ctione
405 4051 459 4103 4.
1537 4115 1554 4136 1

214 4145 461 4215 Epistola
499 4144 775 4198 Zachariae
798 4157 960 4212 papa:
988 4143 1062 4196 ad
1088 4144 1427 4210 Bonifacium
1454 4146 1772 4215 episcopum.

251 4236 749 4294 Reverendissimo
799 4239 855 4290 et
891 4235 1247 4291 sanctissimo
1307 4237 1470 4291 fratri
1513 4238 1809 4294 Bomracro

179 4331 448 4402 episcopo
479 4333 785 4387 lacrumas
819 4345 1010 4385 servus
1037 4346 1336 4385 servorum
1369 4330 1488 4384 Dei.

252 4425 556 4496 Susceptis,
607 4424 977 4498 sanctissime,
1028 4423 1401 4478 fraternitatis
1443 4426 1558 4478 tua;
1610 4424 1813 4480 litteris

179 4536 282 4590 per
301 4518 680 4585 Deneardum,
700 4517 1029 4589 religiosum
1052 4517 1452 4588 presbytcrum
1471 4520 1656 4587 tuum,
1675 4518 1812 4589 quia

1913 1999 2042 2054 qua:
2060 1983 2398 2038 auctoritate
2420 1983 2571 2038 beati
2589 1982 2740 2037 Petri
2762 1983 3001 2054 apostoli
3020 1983 3188 2037 ﬁrma
3207 1999 3326 2037 esse
3349 1983 3542 2037 decre-

1911 2077 2118 2132 vimus.
2152 2077 2229 2131 De
2260 2093 2328 2132 eo
2354 2081 2545 2132 autem
2573 2076 2732 2148 quod
2768 2075 3043 2132 intimasti
3082 2075 3264 2146 nobis,
3299 2075 3455 2148 quod
3483 2078 3540 2129 te

1912 2170 2321 2228 Carlomannus
2345 2170 2497 2225 ﬁlius
2525 2173 2719 2226 noster
2736 2170 2808 2224 ad
2835 2186 2894 2226 se
2919 2170 3142 2241 rogavit
3169 2169 3454 2239 accedere,
3475 2173 3542 2223 ut

1912 2269 1972 2324 in
2001 2270 2142 2324 urbe
2169 2270 2335 2341 regni
2372 2270 2723 2324 Francorum
2753 2269 2814 2323 in
2845 2285 2947 2323 sua
2975 2267 3208 2338 ditione,
3241 2267 3355 2322 sive
3383 2271 3540 2338 pote-
3569 2248 3584 2332 ί

1913 2367 2056 2419 state
2082 2363 2404 2433 constituta,
2428 2363 2708 2435 synodum
2728 2363 3019 2418 celebrare
3048 2361 3275 2429 debeas,
3303 2376 3370 2417 eo
3393 2361 3542 2433 quod

1911 2457 2095 2512 omnis
2123 2457 2499 2512 ecclesiastica
2524 2457 2727 2527 regula
2761 2457 2875 2511 sive
2905 2455 3200 2527 disciplina
3223 2455 3295 2510 ab
3333 2454 3540 2510 eadem

1911 2550 2208 2622 provincia
2224 2551 2480 2606 funditus
2496 2549 2705 2605 abolita
2718 2554 2822 2620 est,
2839 2550 2990 2621 quod
3006 2549 3177 2604 nimis
3195 2549 3541 2604 merendum

1911 2648 2015 2710 est,
2063 2661 2176 2716 quo
2219 2661 2321 2716 per
2361 2644 2542 2715 spatia
2579 2648 2911 2715 temporum
2948 2642 3162 2698 ibidem
3188 2642 3432 2714 synodus
3461 2658 3544 2697 sa-

1911 2738 2209 2793 cerdotum
2237 2738 2477 2793 minime
2497 2739 2906 2805 celebraretur,
2941 2738 3089 2792 unde
3109 2753 3293 2808 neque
3315 2735 3451 2808 quid
3471 2735 3542 2791 sit

1909 2832 2064 2903 quod
2104 2831 2484 2887 sacerdotium
2529 2833 2599 2886 ab
2646 2831 2725 2887 eis
2769 2831 2867 2903 qui
2914 2847 2973 2886 se
3003 2831 3318 2886 sacerdotes
3345 2830 3539 2886 existi-

1910 2930 2094 2993 mant,
2148 2926 2527 2997 cognoscitur.
2577 2926 2685 2982 Sed
2734 2926 2892 2995 dum,
2919 2926 3153 2996 juvante
3182 2925 3314 2992 Deo,
3346 2940 3474 2995 quae
3507 2941 3541 2979 a

1909 3019 2143 3090 praefato
2163 3019 2280 3074 ﬁlio
2307 3023 2504 3075 nostro
2529 3019 2808 3091 promissa
2839 3024 2988 3087 sunt,
3018 3018 3090 3073 ad
3116 3017 3382 3074 effectum
3406 3034 3536 3089 pcr-

1912 3113 2079 3168 ducta
2102 3113 2316 3170 fuerint
2343 3117 2554 3186 tuaque
2581 3113 2905 3169 fraternitas
2934 3116 3262 3168 memorato
3300 3112 3537 3168 concilio

1911 3208 2232 3262 consederit
2259 3224 2390 3262 cum
2421 3208 2627 3262 eodem
2655 3207 3126 3262 excellentissimo
3152 3207 3291 3274 viro,
3321 3207 3365 3260 si
3397 3222 3541 3278 quos

1910 3302 2190 3372 repererit
2217 3302 2529 3372 episcopos,
2553 3302 2916 3372 presbyteros
2934 3303 3032 3354 aut
3052 3299 3542 3355 diaconos‘contra

1911 3410 2158 3449 canones
2175 3395 2260 3450 vel
2273 3397 2480 3450 statuta
2495 3396 2728 3448 Patrum
2750 3393 3074 3464 excessisse,
3096 3387 3153 3448 id
3179 3399 3283 3462 est,
3311 3393 3372 3448 in
3386 3393 3542 3448 adul-

1912 3488 2076 3557 terio,
2104 3489 2192 3543 vel
2219 3489 2265 3542 si
2290 3488 2478 3560 plures
2508 3505 2711 3543 uxores
2737 3487 3079 3556 habuerunt,
3109 3490 3208 3541 aut
3233 3486 3277 3540 si
3308 3483 3538 3557 sangui-

1913 3596 2042 3636 nem
2068 3581 2542 3652 Christianorum,
2569 3582 2682 3635 sive
2698 3597 3055 3652 paganorum
3078 3580 3422 3650 effuderunt,
3451 3581 3540 3634 vel

1912 3675 2080 3730 etiam
2107 3675 2228 3730 aliis
2255 3674 2530 3747 capitulis,
2573 3675 2778 3746 quibus
2811 3673 3118 3728 canonibus
3159 3673 3414 3728 obviasse
3444 3689 3538 3728 re-

1911 3769 2122 3839 pererit
2151 3775 2248 3824 tua
2272 3769 2555 3838 sanctitas,
2582 3769 2738 3823 nulla
2763 3767 2987 3823 ratione
3017 3767 3323 3839 apostolica
3352 3772 3542 3823 aucto-

1911 3862 2077 3916 ritate
2114 3863 2404 3934 permittat
2447 3862 2762 3918 sacerdotio
2802 3861 2984 3933 fungi,
3033 3861 3171 3933 quia
3203 3862 3344 3917 tales
3377 3879 3411 3917 a
3435 3879 3539 3917 suo

1911 3957 2142 4027 proprio
2173 3973 2274 4012 ore
2304 3957 2431 4012 falsi
2456 3956 2830 4012 nominantur
2852 3955 3194 4024 sacerdotes,
3236 3960 3294 4011 et
3317 3957 3542 4028 pejores

1913 4065 1978 4103 ac
2005 4049 2324 4106 deteriores
2351 4051 2711 4107 saecularibus
2732 4066 2852 4106 esse
2879 4052 3211 4119 noscuntur,
3234 4049 3332 4122 qui
3355 4066 3416 4105 se
3445 4067 3542 4105 ne-

1912 4159 2021 4214 que
2043 4160 2076 4197 a
2103 4143 2594 4213 fornicationibus,
2627 4161 2817 4217 neque
2847 4161 2880 4198 a
2904 4144 3134 4199 nefariis
3157 4144 3542 4199 matrimoniis

1910 4235 2215 4306 abstinent,
2260 4254 2451 4310 neque
2501 4239 2570 4294 ab
2617 4239 2916 4294 hominum
2948 4237 3237 4309 sanguinis
3267 4236 3542 4292 effusione

1911 4345 2116 4384 manus
2147 4335 2371 4386 servant
2411 4333 2695 4402 innoxias,
2727 4333 2921 4404 quales
2961 4348 3020 4386 se
3064 4347 3184 4387 esse
3227 4330 3542 4387 sacerdotes

1911 4422 2259 4492 existimant,
2304 4429 2403 4480 aut
2445 4427 2583 4498 quid
2632 4427 2762 4483 inde
2800 4426 3074 4494 sentiunt,
3122 4425 3345 4480 dicente
3376 4425 3536 4479 Deo:

1913 4516 2242 4572 Sacerdotes
2271 4519 2385 4572 mei
2417 4520 2595 4574 semel
2622 4520 2860 4591 nubant,
2906 4523 2964 4576 et
2998 4519 3317 4592 Apostolus,
3367 4518 3542 4573 unius

181 4612 453 4683 sospitem
497 4615 571 4679 te,
611 4615 676 4665 ut
700 4628 930 4683 semper
958 4610 1239 4681 cupimns,
1269 4626 1390 4665 esse
1417 4611 1806 4682 cognovimus,
1829 4609 1887 4680 D
1911 4611 2105 4665 uxoris
2133 4611 2341 4682 virum,
2373 4616 2429 4667 et
2458 4616 2665 4667 czetera
2695 4615 2821 4682 (Tit.
2855 4631 2894 4682 1,
2924 4616 2997 4684 6),
3044 4617 3101 4670 et
3142 4615 3247 4669 hoc
3282 4617 3412 4668 ante
3443 4628 3537 4666 su-

183 4704 566 4777 omnipotenti
593 4722 658 4759 ac
684 4703 1213 4760 misericordissimo
1229 4705 1342 4758 Deo
1361 4708 1551 4760 nostro
1572 4721 1810 4778 magnas

180 4799 485 4854 retulimus
511 4799 744 4871 gratias,
772 4799 868 4870 qui
894 4799 996 4854 tibi
1025 4799 1084 4854 in
1108 4799 1377 4854 omnibus
1396 4798 1561 4854 bonis
1583 4816 1809 4872 prospe-

176 4893 293 4948 rari
323 4892 610 4965 dignatur.
639 4893 899 4963 Magnam
929 4893 1084 4948 enim
1113 4893 1171 4948 in
1203 4893 1468 4948 cordibus
1496 4893 1701 4949 nostris
1727 4894 1807 4949 in-

174 4986 364 5042 fundis
389 4986 666 5056 laetitiam,
697 4986 922 5058 quoties
949 4987 1109 5042 nobis
1138 4987 1446 5043 sanctitatis
1466 4993 1581 5042 tuae
1603 4988 1808 5060 scripta

174 5081 501 5150 mittuntur,
526 5081 755 5152 quando
777 5082 1096 5153 reperimus
1122 5099 1251 5155 qua:
1274 5081 1344 5137 ad
1373 5083 1615 5137 salutem
1636 5083 1810 5154 respi-

176 5175 335 5229 ciunt
377 5174 726 5242 animarum,
775 5175 910 5230 dum
950 5176 1205 5246 quotidie
1247 5176 1307 5230 in
1343 5175 1560 5246 gremio
1601 5180 1807 5232 sanctae

177 5268 376 5322 matris
402 5268 684 5335 Ecclesiae,
715 5285 818 5340 per
846 5275 1002 5324 tuam
1028 5269 1525 5342 praedicationem,
1556 5272 1685 5325 novi
1710 5287 1808 5342 po-

177 5361 296 5432 puli
326 5362 632 5417 adduntur.
659 5363 762 5418 Ubi
790 5367 846 5416 et
867 5366 979 5417 tres
999 5363 1294 5435 episcopos
1314 5380 1420 5435 per
1439 5365 1562 5418 loco
1582 5365 1808 5436 singula

175 5456 490 5511 secundum
517 5455 723 5512 seriem
765 5455 1114 5527 syllabarum
1162 5461 1392 5513 tuarum
1423 5460 1479 5512 te
1514 5457 1806 5514 ordinasse

173 5549 565 5619 cognovimus,
595 5551 692 5622 qui
723 5550 908 5606 eidem
937 5551 1172 5621 populo,
1205 5567 1377 5622 quem
1403 5551 1508 5605 sibi
1532 5551 1808 5607 Dominus

172 5647 316 5699 Deus
333 5648 528 5699 noster
540 5661 646 5715 per
660 5648 820 5699 tuam
837 5643 1188 5700 sanctitatem
1204 5660 1519 5716 aggregare
1538 5644 1807 5716 dignatus

172 5742 254 5793 est
285 5753 526 5809 praeesse
553 5737 800 5794 debeant
829 5741 887 5793 et
912 5737 1124 5810 petisti,
1175 5742 1240 5792 ut
1268 5755 1374 5808 per
1405 5737 1805 5794 auctoritatem

174 5835 380 5887 nostra;
436 5831 585 5887 sedis
635 5833 979 5904 episcopales
1027 5831 1238 5887 ibidem
1285 5831 1444 5886 sedes
1482 5833 1800 5887 firmentur.

176 5925 278 5978 Sed
339 5928 437 5981 tua
479 5929 666 5981 sancta
719 5926 1045 5981 fraternitas
1096 5927 1396 5997 pertracto!
1451 5927 1692 5991 mature,
1750 5928 1804 5978 et

1910 4709 2165 4775 sceptum
2212 4706 2617 4774 sacerdotium,
2663 4707 2745 4762 uti
2795 4707 3016 4762 licitum
3067 4713 3170 4764 est.
3216 4709 3357 4763 Nam
3385 4723 3418 4760 a
3451 4705 3540 4760 die

1910 4798 2153 4869 suscepti
2193 4799 2488 4854 sacerdotii
2519 4799 2696 4854 etiam
2725 4800 2796 4855 ab
2842 4801 2966 4873 ipso
2999 4802 3236 4874 proprio
3276 4800 3542 4873 conjugio

1907 4892 2250 4963 prohibendi
2269 4896 2420 4948 sunt.
2447 4893 2754 4957 Quomodo
2772 4895 3088 4950 sacerdotio
3113 4895 3278 4967 fungi
3293 4893 3544 4951 conside-

1910 4991 2056 5054 rant,
2089 4987 2186 5058 qui
2215 4986 2424 5042 talibus
2451 4987 2759 5042 sceleribus
2795 4987 3032 5043 involuti
3073 5005 3193 5045 esse
3218 4993 3539 5045 monstran-

1909 5085 2022 5148 tur,
2051 5086 2114 5136 ut
2135 5097 2319 5153 neque
2348 5081 2647 5153 saeculares
2670 5080 2870 5136 ﬁdeles
2890 5081 2977 5136 his
3008 5082 3352 5139 facinoribus
3371 5083 3542 5138 obvo-

1909 5175 2061 5230 lutos
2087 5178 2348 5246 optemus
2367 5175 2394 5230 ‘?
2416 5175 2726 5246 [Quomodo
2766 5191 2880 5230 non
2911 5176 3325 5245 pertimescunt
3349 5177 3544 5232 divina

1912 5270 2182 5341 mysteria
2206 5268 2565 5342 contingere,
2601 5274 2699 5325 aut
2721 5268 3013 5340 quomodo
3031 5270 3103 5323 ad
3131 5270 3414 5326 orandum
3441 5287 3544 5342 pro

1909 5364 2150 5434 peccatis
2179 5364 2376 5436 populi
2406 5363 2673 5420 accedere
2701 5366 3080 5436 praesumunt,
3115 5364 3254 5419 dum
3283 5365 3428 5419 sacri
3456 5381 3545 5418 ca-

1908 5473 2110 5529 nones,
2144 5475 2332 5530 neque
2357 5473 2568 5530 purum
2597 5457 2886 5525 clericum,
2910 5456 3000 5512 cui
3022 5457 3406 5513 sacerdotium
3426 5473 3541 5512 non

1908 5555 2014 5620 est,
2048 5552 2310 5607 secundis
2336 5551 2590 5625 copulari
2615 5551 2828 5624 nuptiis
2857 5549 3198 5624 praecipiunt
3217 5551 3245 5606 τ
3268 5550 3363 5608 Isti
3390 5551 3542 5606 enim

1907 5661 1937 5699 e
1983 5646 2288 5715 contrario,
2341 5663 2456 5702 non
2503 5646 2685 5702 solum
2729 5651 2856 5718 post
2901 5648 3223 5718 susceptum
3279 5645 3540 5701 sacerdo-

1907 5739 2051 5794 tium
2095 5757 2154 5794 se
2197 5740 2482 5797 abstinere
2539 5741 2609 5797 ab
2637 5757 2750 5796 una
2776 5757 2955 5797 uxore
2985 5741 3206 5809 nolunt,
3236 5739 3353 5794 imo
3378 5739 3540 5795 luxo-

1903 5832 2003 5888 riae
2031 5833 2283 5888 obvolnti
2315 5834 2511 5904 pejora
2539 5835 2894 5892 saecularium
2919 5836 3130 5891 scelera
3154 5832 3538 5900 committunt,

1907 5929 1968 5981 ut
1991 5926 2180 6004 plures
2213 5942 2414 5983 uxores
2443 5927 2654 5984 habere
2703 5933 3074 6000 praesumant,
3117 5929 3320 6002 quibus
3354 5944 3539 6001 neque
