4050 6322
460 396 474 445 ’1
499 397 593 446 1721

889 394 1168 447 ΑΡΡΕΝΙ).
1211 394 1296 446 ΑΙ)
1337 394 1494 446 ὃΑέΙΟ.
1540 393 1624 446 IX.
1659 421 1724 429 ——
1766 391 2007 445 ISIDORI
2046 391 2093 444 Μ

2199 389 2470 444 CATORIS
2498 387 2965 442 DECRETALIUM
3005 385 3387 442 COLI.ECTIO.

3691 387 3828 437 H76

455 516 627 553 unam
673 513 1001 553 concessum
1041 501 1128 552 est
1164 501 1293 569 post
1334 502 1662 570 susceptum
1703 497 2087 553 ministerium
2109 496 2467 583 Asanguine
2497 512 2618 550 esse
2658 495 3004 564 redemptos,
3039 495 3097 547 et
3124 509 3242 547 non
3273 495 3473 562 sponte
3503 506 3561 546 se
3586 496 3824 546 contra-

451 596 770 648 attrectare.
823 591 933 646 Sed
983 590 1091 646 ista
1127 591 1618 662 parvipendentes,
1655 595 1824 663 atque
1872 591 2084 646 011110-

454 685 717 741 cundiam
745 687 1138 756 provocantes,
1165 685 1388 756 majora
1413 684 1779 740 committunt
1808 684 2081 750 facinora,

453 780 589 834 dum
626 778 874 850 propriis
917 778 1179 832 manibus
1223 777 1568 834 Christianos
1611 784 1781 850 atque
1833 794 2087 850 paganos

457 871 716 926 homines
769 876 994 926 necant.
1044 873 1109 925 Et
1155 870 1220 926 ﬁt
1261 875 1326 925 ut
1367 871 1571 943 quibus
1606 871 1665 925 in
1695 872 2090 927 remissionem

454 969 820 1036 peccatorum
849 965 1172 1020 debuerunt
1199 964 1484 1019 lavacrum
1512 965 1960 1036 regenerationis
1985 965 2090 1019 im-

457 1059 729 1130 pendere,
763 1063 935 1130 atque
965 1058 1171 1114 Christi
1206 1061 1623 1114 sacramentum
1659 1059 1892 1125 donare,
1934 1075 2002 1113 ne
2028 1060 2086 1113 in

462 1155 742 1207 reternum
757 1151 1032 1223 perirent,
1053 1152 1385 1206 eorumdem
1403 1152 1686 1222 sacrilegis
1705 1153 1963 1207 manibus
1985 1153 2091 1224 ipsi

459 1245 914 1316 exstinguantur.
969 1245 1105 1309 Quis
1140 1245 1295 1300 enim
1332 1245 1554 1316 sapiens
1595 1245 1811 1300 habens
1849 1262 1948 1300 cor
1993 1261 2090 1301 eos

461 1338 703 1393 aestimet
758 1338 1103 1404 sacerdotes,
1165 1338 1264 1409 qui
1312 1354 1498 1410 neque
1542 1355 1574 1392 a
1623 1338 2090 1393 fornicationibus

462 1432 766 1499 abstinent,
797 1447 985 1503 neque
1003 1431 1072 1486 ab
1091 1431 1366 1486 effusione
1385 1432 1731 1502 sanguinum
1749 1449 1952 1486 manus
1971 1450 2086 1486 ser-

460 1531 596 1580 vant
621 1524 915 1579 innoxias?
949 1524 1151 1590 Quisve
1180 1541 1377 1580 eorum
1399 1525 1684 1580 sacriﬁciis
1707 1526 1886 1580 Deum
1912 1527 2093 1581 credit

464 1635 585 1673 esse
613 1618 923 1689 placatum,
954 1618 1176 1674 dicente
1208 1619 1492 1689 Propheta
1524 1636 1536 1672 :
1573 1641 1601 1668 «
1631 1619 1825 1673 Virum
1855 1619 2089 1690 sangui-

460 1713 674 1781 num:et
694 1711 954 1766 dolosum
970 1710 1391 1766 abominabitur
1406 1711 1675 1766 Dominus
1695 1711 1864 1784 (Psal.
1889 1729 1942 1780 v,
1964 1714 2036 1783 7).
2058 1735 2086 1763 »

463 1805 557 1859 lsti
584 1821 850 1877 namque,
873 1808 939 1859 ut
957 1805 1229 1876 praemisi,
1262 1821 1332 1859 ne
1354 1805 1668 1860 sacerdotio
1691 1805 1852 1876 fungi
1875 1806 2090 1877 patian-

468 1901 579 1965 tur,
624 1914 812 1969 neque
852 1897 1040 1952 divina
1082 1898 1412 1970 contingere
1444 1898 1716 1970 mysteria
1762 1915 2090 1954 commone-
2113 1879 2169 1950 B

464 2007 613 2046 mus.
645 1990 932 2062 Quidquid
962 2007 1097 2045 vero
1121 1990 1298 2060 aliud,
1330 1994 1391 2045 ut
1416 1991 1630 2046 dictum
1657 1996 1758 2058 est,
1785 2007 1879 2046 eos
1899 1997 2095 2047 contra

463 2083 898 2139 ecclesiasticam
944 2085 1199 2155 regulam
1249 2083 1549 2140 excessisse
1584 2085 1885 2155 repereris,
1924 2103 2093 2140 eano-

464 2193 582 2246 nes,
628 2177 743 2232 sive
783 2177 1038 2232 instituta
1083 2179 1334 2244 Patrum,
1383 2194 1502 2248 prae
1548 2178 1811 2231 manibus
1859 2179 2091 2248 habeto,

456 2271 620 2340 juxta
647 2269 800 2342 quod
828 2269 888 2324 in
930 2270 1010 2324 eis
1035 2270 1266 2325 edoctus
1294 2269 1468 2325 fueris
1489 2270 1763 2326 discerne.
1799 2274 1873 2326 De
1907 2288 1972 2327 eo
1992 2290 2093 2326 au-

466 2369 583 2419 tem
615 2363 768 2435 quod
799 2363 901 2417 tibi
934 2379 1319 2418 successorem
1351 2364 1725 2419 constitueres
1771 2364 1974 2433 dixisti,
2010 2369 2094 2431 ut,

465 2462 520 2512 te
545 2457 808 2527 jubente,
839 2457 899 2511 in
925 2460 1024 2511 tuo
1049 2458 1174 2511 loco
1203 2456 1444 2528 eligatur
1470 2458 1784 2530 episcopus,
1810 2459 1916 2512 1100
1941 2460 2098 2513 nulla

465 2550 687 2605 ratione
714 2550 947 2605 concedi
979 2551 1247 2621 patimur,
1280 2551 1411 2622 quia
1442 2555 1640 2606 contra
1668 2568 1901 2606 omnem
1928 2553 2098 2606 eccle-

463 2645 751 2699 siasticam
791 2645 1073 2715 regulam,
1113 2645 1199 2698 vel
1231 2645 1488 2700 instituta
1514 2647 1742 2700 Patrum
1775 2661 1894 2700 esse
1922 2662 2087 2699 mon-

466 2740 694 2807 stratur,
741 2737 839 2792 sed
889 2737 1148 2792 volumus
1203 2743 1266 2792 ut
1311 2738 1412 2793 tibi
1472 2738 1776 2806 ministret,
1821 2743 1878 2793 et
1918 2739 1990 2793 sit
2039 2739 2096 2793 in

469 2831 840 2902 Evangelium
865 2831 1074 2886 Christi
1099 2831 1346 2902 adjutor,
1381 2832 1604 2886 dicente
1634 2833 1901 2903 Apostolo
1933 2850 1946 2887 :
1983 2853 2010 2882 «
2041 2832 2097 2888 Si

467 2925 592 2996 quis
615 2925 758 2979 bene
778 2925 1202 2993 ministraverit,
1225 2925 1467 2994 gradum
1486 2925 1590 2979 sibi
1611 2925 1826 2980 bonum
1843 2925 2100 2997 acquiret

470 3018 517 3086 (Ι
544 3019 682 3071 Tim.
713 3033 792 3083 III,
831 3020 935 3086 13).
966 3037 992 3066 ››
1027 3017 1206 3071 Nimis
1236 3018 1388 3072 enim
1427 3018 1875 3089 reprehensibile
1919 3019 2098 3073 mani-

471 3110 679 3165 festum
728 3112 831 3175 est,
875 3113 939 3163 ut
974 3114 1031 3164 te
1079 3109 1302 3165 vivente
1335 3110 1440 3164 tibi
1469 3109 1645 3164 alium
1675 3111 2096 3166 substituamus.

471 3203 576 3258 Sec
599 3203 704 3257 hoc
728 3217 1160 3258 commonemus
1189 3205 1269 3268 ut,
1301 3203 1554 3274 quandiu
1573 3208 1629 3258 te
1655 3203 1845 3258 divina
1869 3204 2100 3275 jusserit

471 3297 775 3352 clementia
819 3313 1134 3368 superesse,
1167 3297 1288 3351 sine
1324 3296 1744 3352 intermissione
1786 3315 1953 3352 orare
1981 3315 2098 3353 non

467 3406 667 3457 cesses,
717 3394 777 3444 ut
820 3390 924 3445 tibi
967 3389 1113 3445 Deus
1157 3390 1319 3444 illum
1364 3407 1749 3446 successorem
1799 3392 2095 3458 concedat,

465 3483 563 3555 qui
595 3483 648 3536 ei
675 3483 849 3554 possit
877 3499 997 3538 esse
1040 3483 1353 3554 placabilis,
1387 3487 1444 3538 et
1477 3485 1774 3556 populum,
1819 3502 1993 3557 quem
2026 3485 2099 3539 ad

467 3593 630 3632 suam
661 3576 904 3647 gratiam
930 3593 1034 3648 per
1055 3582 1284 3632 aeternae
1310 3578 1624 3633 sanctitatis
1652 3577 1989 3634 industriam
2009 3595 2101 3633 vo-

467 3686 597 3724 care
622 3671 801 3724 voluit
824 3670 1400 3741 irreprehensibiliter
1446 3687 1648 3742 regere
1682 3672 1887 3739 valeat,
1931 3677 2100 3743 atque

470 3764 536 3818 ad
563 3765 714 3819 viam
743 3763 870 3818 vitae
892 3764 1145 3819 elaboret
1163 3765 1497 3834 perducere.
1516 3766 1656 3819 Nam
1675 3766 1956 3837 quomodo
1977 3766 2100 3820 haec

465 3873 593 3927 quae
626 3857 946 3927 poposcisti,
980 3857 1024 3911 si
1053 3861 1108 3912 et
1150 3857 1518 3925 voluerimus,
1553 3860 1882 3927 concedere,
1908 3876 2099 3930 possu-

467 3967 615 4018 mus,
663 3951 799 4004 dum
832 3967 934 4004 nos
967 3951 1196 4021 fragiles
1236 3951 1500 4006 homines
1545 3952 1865 4022 existentes,
1899 3958 1955 4008 et
1996 3954 2098 4008 sub

467 4043 791 4097 conditione
813 4043 1013 4096 mortis
1042 4043 1354 4110 constituti,
1380 4045 1726 4114 ignorantes,
1752 4047 1888 4117 quid
1909 4064 2101 4118 super-

471 4139 710 4190 ventura
738 4135 856 4189 dies
882 4135 1088 4206 pariat,
1111 4152 1224 4190 non
1252 4137 1503 4191 valentes
1530 4137 1871 4210 investigare
1900 4141 1997 4210 qui
2031 4141 2100 4196 de

468 4229 631 4284 nobis
678 4229 833 4301 prior
873 4229 944 4284 de
971 4230 1237 4301 praesenti
1267 4231 1472 4285 szeculo
1503 4230 1732 4302 migret.
1775 4233 1874 4288 Sin
1907 4237 2097 4289 autem

469 4329 525 4378 et
554 4325 822 4379 eumdem
852 4324 1039 4378 divina
1066 4324 1304 4378 voluerit
1331 4325 1632 4379 clementia
1657 4326 1814 4397 prius
1834 4327 1916 4381 tui
1943 4329 2097 4382 diem

471 4418 743 4472 transitus
789 4433 1106 4488 superesse,
1151 4418 1195 4471 si
1239 4434 1372 4472 eum
1417 4423 1614 4489 aptum
1655 4422 2004 4491 cognoveris,
2045 4425 2101 4476 et

470 4513 526 4566 in
554 4515 650 4566 tua
676 4512 963 4566 voluntate
992 4511 1165 4565 fuerit
1189 4511 1507 4579 deﬁnitum,
1536 4530 1598 4568 ea
1627 4514 1771 4569 hora
1803 4530 1914 4586 qua
1942 4519 1995 4569 te
2029 4515 2099 4568 de

2189 591 2348 657 dant,
2398 590 2498 644 nisi
2548 589 2618 642 ab
2657 589 2778 658 ipso
2825 587 3162 642 recesserint
3204 586 3418 640 11100510
3448 585 3827 639 matrimonio

2187 683 2396 738 diaboli
2422 681 2710 754 potestati,
2735 697 2836 735 seu
2863 680 3047 750 magis
3089 680 3172 733 illi
3208 679 3322 733 Deo
3356 685 3412 733 et
3447 678 3668 734 Christo
3705 677 3831 732 ﬁlio

2189 778 2329 848 ejus,
2356 775 2589 846 Spiritui
2609 778 2802 828 sancto
2819 790 3046 845 quoque
3068 773 3126 827 in
3147 773 3306 844 cujus
3324 772 3558 826 nomine
3580 772 3650 825 ab
3672 771 3832 825 illius

2187 869 2404 941 antiqui
2424 869 2604 924 hostis
2625 867 2805 938 erepti
2821 870 2953 921 sunt
2965 869 3264 938 potestate.
3289 865 3527 920 Elabora
3551 881 3830 935 namque,

2190 963 2539 1018 sanctissime
2564 962 2756 1030 frater,
2790 961 2847 1014 in
2878 961 2978 1030 eis,
3009 959 3142 1031 quia
3169 959 3442 1030 scriptum
3471 958 3774 1030 cognoscis
3813 975 3827 1011 :

2193 1080 2218 1106 «
2241 1057 2346 1122 Qui
2365 1056 2617 1111 converti
2637 1055 2831 1109 fecerit
2853 1057 3210 1124 peccatorem
3233 1053 3304 1108 ab
3325 1068 3515 1108 errore
3534 1052 3662 1106 vita:
3683 1068 3829 1119 suae,

2191 1150 2430 1205 salvabit
2449 1149 2701 1204 animam
2723 1149 2772 1219 ej
2782 1165 2844 1202 us
2865 1164 2897 1202 a
2918 1150 3126 1216 morte,
3153 1151 3209 1202 et
3230 1162 3461 1201 suorum
3477 1145 3661 1217 operit
3680 1145 3833 1200 mul-

2189 1243 2494 1298 titudinem
2519 1244 2884 1314 peccatorum
2911 1243 3040 1310 (Jac.
3064 1257 3118 1306 v,
3145 1243 3254 1310 20);
3278 1241 3422 1294 Nam
3453 1243 3508 1294 et
3530 1255 3630 1293 nos
3649 1238 3702 1294 ei
3724 1255 3834 1309 pro

2191 1339 2297 1391 hoc
2320 1336 2755 1391 commonitoria
2783 1334 2988 1405 scripta
3017 1333 3347 1389 direximus.

2263 1429 2455 1502 292
2483 1431 2557 1483 De
2584 1428 2843 1483 Kalendis
2869 1444 2998 1482 vero
3024 1427 3322 1496 Januariis,
3357 1427 3442 1482 vel
3469 1427 3692 1481 caeteris
3724 1444 3830 1481 au-

2191 1525 2389 1595 guriis,
2419 1522 2782 1594 phylacteriis
2811 1525 2868 1576 et
2894 1520 3400 1587 incantationibus,
3440 1521 3528 1575 vel
3565 1520 3688 1575 aliis
3737 1521 3830 1575 di-

2190 1618 2364 1672 versis
2411 1616 2919 1682 observationibus,
2962 1631 3090 1686 quae
3121 1614 3320 1685 gentili
3350 1631 3508 1669 more
3541 1615 3833 1668 observari

2194 1712 2381 1766 dixisti
2408 1711 2562 1781 apud
2595 1710 2822 1764 beatum
2850 1711 3082 1763 Petrum
3108 1708 3446 1779 apostolum,
3481 1709 3568 1762 vel
3598 1708 3656 1762 in
3683 1708 3830 1762 urbe

2192 1808 2390 1872 Roma,
2426 1805 2530 1858 hoc
2560 1821 2593 1857 a
2618 1803 2781 1858 nobis
2810 1805 2866 1856 et
2907 1801 3174 1856 omnibus
3211 1801 3543 1856 Christianis
3575 1802 3823 1856 detesta-

2194 1899 2306 1954 bile
2352 1901 2411 1952 et
2452 1897 2834 1968 perniciosum
2871 1912 2992 1950 esse
3029 1895 3368 1966 judicamus,
3415 1895 3638 1950 dicente
3665 1896 3826 1948 Deo:

2157 1994 2173 2078 l
2199 2014 2225 2039 ‹‹
2238 1993 2361 2046 Non
2377 2009 2446 2047 au
2455 1990 2822 2062 gurabimini,
2836 1989 2924 2044 vel
2938 1994 3086 2044 certe
3098 2005 3215 2043 non
3224 1988 3589 2043 observabitis
3601 1989 3831 2043 somnia

2200 2088 2337 2155 (ch.
2371 2102 2479 2154 χιχ,
2507 2083 2615 2155 26).
2653 2104 2678 2133 »
2708 2085 2775 2137 Et
2800 2083 3009 2137 iterum
3040 2100 3052 2136 :
3092 2104 3119 2130 ‹‹
3148 2082 3268 2136 Νο11
3302 2087 3385 2136 051
3425 2082 3734 2152 augurium
3765 2082 3829 2135 in

2197 2179 2387 2247 Israel,
2433 2195 2536 2232 nec
2579 2176 2895 2231 observatio
2942 2176 3000 2229 in
3045 2176 3214 2230 domo
3249 2175 3412 2230 Jacob
3453 2177 3635 2246 (Num.
3672 2191 3827 2241 XXIII,

2196 2273 2304 2343 23),
2330 2291 2356 2323 »
2400 2271 2474 2326 ita
2514 2275 2569 2325 et
2604 2287 2636 2324 a
2674 2270 2835 2324 nobis
2873 2269 3186 2324 cavendum
3238 2285 3357 2323 esse
3399 2285 3716 2335 censemus,
3765 2274 3833 2323 ut

2199 2366 2368 2420 nullis
2401 2365 2654 2436 auguriis
2679 2364 2766 2418 vel
2790 2363 3268 2418 observationibus
3288 2363 3664 2431 attendamus,
3695 2363 3832 2432 quia

2199 2460 2392 2515 omnia
2431 2459 2555 2512 haec
2585 2457 2824 2512 abscissa
2866 2473 2984 2511 esse
3029 2474 3061 2510 a
3101 2457 3357 2510 Patribus
3389 2472 3584 2510 sumus
3617 2456 3828 2510 edocti.

2198 2556 2264 2608 Et
2281 2553 2417 2624 quia
2433 2569 2533 2624 per
2559 2551 2988 2623 instigationem
3011 2550 3219 2605 diaboli
3243 2549 3450 2604 iterum
3466 2549 3832 2621 pullulabant

2197 2665 2229 2701 a
2274 2647 2365 2701 die
2407 2663 2520 2717 qua
2565 2662 2667 2700 nos
2696 2645 2866 2716 jussit
2900 2645 3086 2698 divina
3133 2644 3454 2712 clementia,
3501 2659 3830 2715 quanquam

2199 2739 2470 2794 immeriti
2503 2739 2908 2802 existimamus,
2949 2738 3183 2810 apostoli
3214 2738 3394 2792 vicem
3427 2753 3647 2808 gerere,
3674 2737 3830 2792 illico

2199 2834 2392 2889 omnia
2407 2835 2525 2888 hinc
2541 2832 2980 2904 amputavimus.
2998 2831 3125 2886 Pari
3139 2831 3350 2886 etenim
3372 2832 3540 2885 modo
3561 2831 3827 2885 volumus

2199 2932 2357 2982 tuam
2401 2926 2760 2981 sanctitatem
2798 2923 3021 2996 populis
3069 2924 3173 2978 sibi
3219 2923 3455 2978 subditis
3493 2923 3831 2995 prmdicare,

2200 3025 2369 3092 atque
2423 3021 2495 3074 ad
2550 3020 2700 3074 viam
2757 3021 2987 3074 aeterna}
3031 3018 3340 3089 perducere
3382 3017 3526 3072 vitaz.
3589 3019 3729 3072 Nam
3776 3023 3833 3073 01

2200 3117 2410 3169 sanctae
2439 3113 2848 3168 recordationis
2878 3111 3300 3183 praedecessoris
3341 3116 3509 3182 atque
3537 3111 3835 3166 nutritoris

2119 3248 2172 3322 Ο
2199 3208 2376 3262 nostri
2430 3207 2652 3261 Domini
2701 3206 2958 3277 Gregorii
3003 3221 3165 3277 papa:
3204 3205 3604 3260 constitutione
3640 3205 3834 3259 omnia

2202 3303 2315 3322 Lu-
2367 3301 2451 3322 _.2-
2504 3317 2557 3322 Α-
2605 3299 2847 3322 Ω]-13ι-..
2896 3303 3178 3322 -.....--ι-ι-
3216 3302 3339 3322 ,--..ι
3395 3301 3440 3322 ..ι
3484 3299 3583 3322 -11-
3619 3299 3828 3322 J:---.._-

2200 3303 2319 3355 lucc
2367 3301 2456 3372 pie
2500 3317 2562 3355 ac
2605 3299 2848 3355 ﬁdeliter
2893 3303 3185 3370 amputata
3214 3302 3362 3366 sunt,
3391 3301 3447 3353 01
3482 3299 3590 3352 0110
3615 3299 3835 3353 diversa

2200 3412 2373 3466 quam
2407 3395 2572 3465 plura
2597 3410 2726 3465 qua:
2756 3393 2980 3448 diabolo
3008 3397 3350 3464 suggerente
3390 3391 3746 3462 pullulabant
3775 3393 3832 3446 in

2199 3489 2405 3544 Christi
2441 3487 2591 3556 ovili,
2625 3487 2784 3558 cujus
2807 3487 2985 3540 instar
3014 3503 3118 3557 pro
3140 3485 3290 3540 illius
3313 3486 3506 3557 populi
3535 3487 3717 3539 salute
3746 3485 3831 3540 di-

2203 3583 2387 3652 rigere
2416 3581 2852 3635 maturavimus.
2886 3581 3023 3634 Nam
3061 3579 3130 3634 de
3173 3579 3551 3634 sacerdotibus
3591 3577 3702 3632 illis
3737 3579 3836 3650 qui

2200 3675 2343 3730 falsa
2371 3675 2698 3745 opinantur,
2740 3674 2836 3744 qui
2875 3673 3050 3727 etiam
3089 3672 3334 3727 adulteri
3370 3675 3428 3726 et
3465 3672 3834 3727 fornicatores

2201 3769 2536 3840 probantur,
2570 3772 2627 3822 et
2653 3768 2758 3821 sibi
2779 3767 2849 3820 ab
2879 3766 3185 3837 apostolica
3215 3766 3348 3822 sede
3379 3765 3662 3820 indultum
3689 3782 3833 3830 esse,

2200 3868 2255 3916 et
2282 3879 2311 3916 e
2344 3861 2623 3916 contrario
2647 3861 2753 3914 sibi
2785 3861 3071 3915 licentiam
3105 3859 3524 3930 praedicationis
3562 3858 3834 3929 largitam

2200 3972 2342 4021 esse,
2370 3956 2472 4009 hoc
2501 3955 2659 4009 nulla
2675 3954 2895 4009 ratione
2915 3953 3110 4008 credat
3135 3957 3230 4007 tua
3255 3957 3452 4008 sancta
3478 3953 3830 4021 fraternitas,

2201 4050 2294 4102 sed
2338 4048 2598 4114 similiter
2639 4047 2697 4102 in
2742 4048 2819 4102 cis
2862 4047 3189 4102 canonicam
3237 4063 3433 4102 exerce
3490 4047 3829 4114 vindictam,

2198 4111 2686 4214 quemadniodum
2701 4141 2770 4195 de
2786 4141 2872 4195 his
2883 4141 3088 4212 quibus
3106 4140 3364 4211 superius
3377 4157 3410 4194 a
3423 4139 3585 4194 nobis
3600 4140 3835 4194 edoctus

2199 4236 2556 4291 monstraris.
2587 4237 2707 4289 Non
2736 4235 2890 4288 enim
2922 4233 3073 4288 aliud
3102 4240 3157 4288 te
3187 4251 3359 4304 agere
3390 4235 3652 4288 volumus
3682 4251 3834 4305 pra!-

2203 4335 2464 4401 terquam
2491 4345 2618 4400 quae
2641 4328 2780 4382 sacri
2802 4328 3138 4398 praecipiunt
3157 4343 3417 4394 canones,
3446 4327 3534 4381 vel
3556 4327 3733 4382 etiam
3766 4328 3837 4380 ab

2201 4425 2304 4477 1100
2334 4422 2640 4493 apostolica
2670 4422 2800 4476 sede
2827 4422 3132 4475 instructus
3171 4437 3293 4474 esse
3337 4420 3705 4491 dignosceris.
3739 4421 3838 4475 Se-

2200 4517 2450 4571 cundum
2470 4521 2585 4570 tua!
2604 4531 2854 4586 namque
2879 4514 3186 4569 sanctitatis
3205 4514 3542 4586 petitionem
3577 4517 3634 4567 et
3657 4514 3840 4568 tribus

470 4605 734 4676 praesenti
763 4606 967 4660 saeculo
1002 4605 1384 4676 migraturum
1415 4609 1766 4677 cognoveris,
1802 4610 2094 4679 9110501111-
2116 4618 2175 4690 [)
2198 4610 2472 4682 episcopis
2498 4609 2608 4664 tuis
2634 4610 2882 4680 singulas
2902 4608 3346 4663 conﬁrmationis
3374 4609 3638 4678 epistolas
3667 4608 3829 4661 misi-

473 4701 576 4752 bus
602 4699 815 4754 cunctis
846 4700 945 4753 tibi
978 4716 1354 4754 successorem
1387 4701 1642 4772 designa,
1678 4706 1738 4755 ut
1770 4703 1880 4756 huc
1910 4704 2104 4758 veniat

469 4793 838 4862 ordinandus,
873 4793 1027 4864 quod
1060 4793 1205 4847 nulli
1244 4793 1337 4847 alii
1370 4796 1604 4850 concedi
1643 4796 1913 4866 patimur,
1947 4797 2103 4868 quod

471 4886 570 4941 tibi
589 4886 866 4940 charitate
885 4891 1124 4957 cogente
1144 4887 1337 4957 largiri
1354 4888 1696 4943 censuimus.
1724 4890 1804 4943 De
1824 4889 1924 4944 illo
1946 4906 2104 4944 nam-

469 4997 578 5051 que
613 4979 708 5051 qui
747 4980 975 5035 viduam
1009 4981 1272 5035 avunculi
1305 4981 1409 5051 sui,
1440 4999 1567 5053 quae
1594 4985 1650 5037 et
1679 4983 1801 5054 ipsa
1825 4983 1933 5037 fuit
1957 5001 2105 5037 uxor

472 5074 797 5129 consobrini
844 5075 950 5141 sui,
1004 5077 1062 5128 et
1109 5092 1332 5129 sacrum
1378 5077 1637 5132 velamen
1683 5077 1898 5132 habere
1943 5093 2100 5132 mon-

469 5172 646 5222 strata
671 5175 771 5237 est,
804 5173 858 5223 et
888 5185 920 5221 a
950 5168 1128 5222 beata:
1153 5169 1444 5223 memoriae
1474 5172 1885 5241 praedecessore
1911 5174 2105 5225 nostro

469 5261 573 5315 sibi
603 5261 889 5315 licentiam
917 5279 1240 5317 concessam
1271 5278 1390 5318 esse
1427 5264 1752 5335 divulgavit,
1788 5268 1847 5318 ut
1886 5282 2014 5319 eam
2045 5267 2102 5319 in

470 5354 788 5426 pernicioso
812 5355 1176 5411 matrimonio
1199 5373 1485 5412 assumere
1509 5358 1812 5424 debuisset,
1836 5358 1982 5413 absit
2001 5360 2106 5414 hoc

469 5454 534 5504 ut
559 5449 947 5520 praedecessor
972 5454 1170 5504 noster
1197 5451 1274 5506 ita
1303 5451 1659 5522 prmciperet.
1702 5455 1809 5507 Nec
1857 5453 2010 5508 enim
2036 5454 2106 5509 ab

470 5543 774 5614 apostolica
818 5543 953 5598 sede
991 5544 1087 5598 illa
1132 5545 1478 5616 diriguntur,
1519 5562 1646 5616 qum
1673 5547 1958 5601 contraria
1985 5563 2105 5602 esse

471 5637 718 5703 Patrum,
749 5637 861 5691 sive
883 5654 1170 5692 canonum
1185 5639 1457 5692 institutis
1479 5639 1874 5710 perhibentur.
1899 5640 2104 5695 Admo-

471 5745 630 5795 nere,
657 5730 971 5798 adhortari,
995 5731 1291 5800 increpare
1307 5747 1422 5798 eos,
1443 5732 1637 5798 frater,
1660 5749 1732 5786 ne
1756 5750 1958 5801 cesses,
1976 5750 2108 5803 qua-

472 5826 640 5873 tenus
686 5839 718 5874 a
769 5823 862 5875 tali
911 5824 1146 5876 scelesto
1180 5823 1448 5876 recedant
1481 5825 1865 5890 matrimonio,
1905 5828 1967 5878 ut
1992 5841 2109 5880 non

478 5913 532 5964 in
569 5915 848 5966 internum
882 5920 1139 5983 pereant.
1171 5915 1630 5969 Reminiscantur
1650 5917 1805 5971 enim
1830 5933 1886 5972 se
1907 5918 2108 5973 Christi

2202 4721 2346 4772 mus,
2380 4720 2521 4774 quas
2552 4720 2658 4774 per
2681 4706 2794 4757 tute
2825 4702 3134 4757 sanctitatis
3161 4719 3367 4756 manus
3394 4701 3472 4756 eis
3506 4701 3701 4772 largiri
3735 4719 3836 4756 vo-

2204 4799 2413 4852 lumus.
2440 4799 2505 4851 Et
2525 4797 2908 4852 Carlomanno
2931 4796 3046 4850 ﬁlio
3071 4801 3260 4850 nostro
3281 4795 3388 4849 alia
3406 4795 3616 4866 scripta
3630 4795 3839 4849 direxi-

2205 4909 2349 4958 mus,
2386 4897 2448 4946 ut
2476 4907 2604 4962 qua:
2636 4890 2734 4945 tibi
2763 4890 3024 4961 promisit
3050 4889 3362 4960 adimplere
3385 4888 3631 4954 festinet,
3667 4893 3836 4960 atque

2209 4984 2552 5039 adminicula
2585 4988 2837 5055 praestet.
2869 4985 2979 5038 Sed
3008 4984 3148 5052 haec,
3181 4983 3355 5037 frater
3381 4982 3731 5050 charissime,
3771 4983 3838 5036 de

2209 5079 2470 5133 omnibus
2500 5078 2760 5149 superius
2787 5077 3216 5148 comprehensis
3247 5075 3523 5146 capitulis,
3554 5081 3618 5130 ut
3642 5075 3836 5129 Domi-

2208 5189 2314 5226 nus
2337 5172 2590 5239 donavit,
2617 5172 3032 5242 respondemus
3053 5170 3126 5224 ad
3145 5170 3336 5224 omnia
3361 5168 3707 5240 amputanda
3728 5169 3843 5222 dia-

2206 5265 2403 5320 bolica!
2432 5265 2648 5319 fraudis
2681 5265 2962 5320 scandala.
2989 5266 3103 5318 Tua
3133 5279 3263 5318 vero
3295 5267 3489 5318 sancta
3514 5262 3842 5316 fraternitas

2207 5360 2253 5413 si
2281 5359 2416 5430 quid
2462 5359 2534 5413 de
2579 5364 2781 5413 caetero
2827 5358 3094 5426 evenerit,
3136 5360 3198 5410 ut
3240 5357 3382 5411 50011
3427 5357 3632 5411 docent
3673 5372 3838 5410 cano-

2209 5469 2326 5519 nes,
2360 5452 2583 5506 studeat
2609 5452 2916 5506 emendare
2943 5452 3000 5506 in
3028 5451 3288 5522 plebibus
3331 5451 3437 5504 sibi
3467 5468 3500 5503 a
3539 5452 3652 5504 Deo
3681 5466 3838 5503 com-

2207 5547 2409 5600 missis.
2458 5547 2579 5600 Non
2629 5545 2784 5600 enim
2829 5546 2981 5600 aliud
3027 5545 3189 5599 nobis
3219 5543 3482 5599 convenit
3513 5543 3840 5614 praedicare,

2207 5643 2417 5710 praeter
2437 5639 2586 5710 quod
2618 5655 2650 5692 a
2673 5638 2876 5693 sanctis
2896 5638 3158 5694 Patribus
3183 5654 3378 5692 sumus
3401 5636 3599 5692 edocti.
3631 5636 3689 5691 Si
3712 5652 3840 5690 vero

2209 5739 2266 5788 ct
2320 5733 2449 5786 novi
2498 5731 2713 5804 aliquid
2763 5732 2978 5788 inimici
3019 5733 3225 5787 astutia
3279 5735 3505 5802 agente,
3555 5730 3841 5795 acciderit,

2209 5826 2361 5898 quod
2409 5830 2502 5880 tua
2547 5830 2738 5880 sancta
2785 5826 3113 5881 fraternitas
3153 5825 3393 5880 minime
3428 5841 3532 5896 per
3561 5839 3840 5878 canonum

2211 5919 2466 5974 instituta
2495 5919 2815 5974 discernere
2851 5920 3044 5990 possit,
3077 5920 3183 5975 hoc
3215 5919 3377 5974 nobis
3423 5935 3537 5975 non
3563 5918 3755 5989 pigeat
3784 5915 3840 5972 in
