4050 6308
207 315 342 363 H77

1230 307 1299 362 M.
1343 309 1400 362 V.
1443 305 1717 363 PROBUS.
1750 335 1817 344 ——
1856 306 2122 361 NOTITIA
2163 305 2534 361 HISTORICA.

3429 315 3564 366 H78

203 418 898 488 sinuare,quatenus,Deo
913 417 1624 488 juvante,quaacunquead
1645 433 1834 472 emen-
1856 430 1914 501 Α
1935 417 2086 470 Deus
2112 415 2483 487 diligentibus
2513 431 2570 470 se
2612 415 2746 486 (Jac.
2777 432 2835 482 ιι,
2867 417 2938 484 5).
2971 417 3038 471 Et
3069 433 3174 472 nos
3202 417 3332 472 licet
3373 435 3569 489 pecca-

201 511 494 565 dationem
513 526 672 564 nova:
695 509 872 581 plebis
891 526 1012 564 esse
1030 513 1290 581 possunt,
1313 510 1418 565 tibi
1438 511 1648 582 absque
1669 509 1838 565 tardi-

202 609 318 658 tate
339 604 686 674 respondere
717 609 1088 659 maturemus.
1116 605 1429 674 Cognoscat
1455 603 1627 671 enim,
1661 604 1838 658 frater

205 697 556 764 charissime,
599 702 692 752 tua
735 701 928 752 sancta
967 697 1294 752 fraternitas
1339 697 1417 750 ita
1469 697 1836 752 dilectionem

203 795 364 844 tuam
397 807 501 844 nos
539 790 750 844 habere
789 789 849 844 in
876 789 1085 844 nostris
1113 790 1458 860 praecordiis,
1495 794 1555 844 ut
1591 793 1647 844 te
1687 807 1834 860 prae-

203 884 521 938 sentialiter
547 883 800 955 quotidie
833 883 1023 938 videre
1057 883 1469 950 desideremus,
1496 887 1552 938 et
1587 883 1663 937 ita
1693 887 1750 937 te
1777 883 1836 938 in

203 983 400 1031 nostro
433 976 721 1032 consortio
751 977 1084 1044 habeamus,
1112 981 1176 1031 ut
1201 981 1352 1032 certe
1381 977 1706 1031 ministrum
1735 976 1835 1030 Dei

203 1075 263 1124 et
309 1071 758 1140 dispensatorem
795 1069 1170 1124 Ecclesiarum
1218 1070 1444 1125 Christi.
1499 1071 1580 1124 De
1629 1073 1834 1124 caetero

205 1179 452 1234 namque
479 1163 797 1218 confortare
818 1163 878 1216 in
903 1163 1164 1230 Domino,
1191 1163 1366 1218 frater
1395 1163 1746 1230 charissime,
1781 1165 1837 1216 et

205 1259 324 1310 esto
351 1257 617 1311 robustus
655 1257 828 1327 (Deut.
861 1273 1010 1323 xm,
1040 1257 1111 1326 7),
1145 1261 1201 1311 et
1231 1256 1462 1311 elabora
1499 1257 1559 1310 in
1591 1273 1733 1326 opus
1766 1255 1836 1309 ad

205 1350 362 1420 quod
386 1353 442 1404 te
471 1349 660 1404 divina
685 1349 864 1404 voluit
878 1365 1110 1404 evocare
1128 1350 1450 1404 clementia.
1464 1351 1667 1420 Magna
1683 1349 1836 1402 enim

205 1446 262 1496 te
309 1459 435 1513 spes
471 1443 950 1499 remunerationis
993 1447 1300 1514 exspectat,
1347 1459 1518 1514 quam
1581 1441 1838 1512 promisit

1936 513 2084 563 tores
2128 508 2459 578 existamus,
2503 513 2696 564 tamen
2741 507 2840 562 Dei
2881 509 3058 562 nostri
3115 527 3232 565 non
3287 527 3568 566 cessamus

1937 602 2152 672 absque
2191 601 2612 656 intermissione
2653 601 2992 656 immensam
3036 619 3273 658 exorare
3313 605 3566 658 clemen-

1936 695 2094 760 tiam,
2123 695 2310 764 utqui
2348 694 2518 764 coepit
2555 695 2614 747 in
2658 694 2818 748 vobis
2859 695 3114 764 perﬁciat
3156 713 3298 768 opus
3350 697 3570 752 bonum

1935 804 2110 858 usque
2153 787 2338 842 adhuc
2386 789 2601 857 (Philip.
2647 805 2686 856 1,
2721 790 2791 857 6).
2840 789 2908 842 Et
2945 789 3141 843 beatus
3179 790 3570 860 apostolorum

1935 881 2197 952 princeps
2233 882 2429 936 Petrus
2473 883 2810 952 cooperetur
2844 882 2946 936 tibi
2991 883 3048 936 in
3091 883 3356 938 omnibus
3403 884 3568 938 bonis

1935 991 2064 1045 quas
2088 974 2138 1028 ei
2163 991 2366 1044 parare
2396 974 2700 1028 desideras.
2734 976 2880 1029 Deus
2909 979 2965 1030 te
2995 976 3340 1031 incolumem
3373 981 3561 1032 custo-

1937 1067 2074 1134 diat,
2104 1067 2568 1123 reverendissime
2601 1073 2654 1122 et
2687 1069 3038 1124 sanctissime
3063 1071 3252 1124 frater.
3278 1072 3416 1125 Data
3443 1073 3562 1124 Kal.

1935 1161 2161 1232 Aprilis,
2205 1161 2522 1232 imperante
2563 1162 2797 1216 domino
2836 1163 3087 1233 piissimo
3131 1167 3382 1234 Augusto
3419 1165 3564 1218 Con-

1937 1255 2203 1324 stantino,
2225 1271 2258 1308 a
2283 1255 2394 1308 Deo
2421 1259 2689 1308 coronato
2707 1271 2917 1325 magno
2933 1255 3294 1328 imperatore,
3308 1273 3458 1311 anno
3473 1259 3562 1324 24,

1937 1346 2165 1417 imperii
2193 1347 2313 1417 ejus
2342 1363 2492 1401 anno
2521 1351 2574 1412 2,
2601 1347 2916 1402 indictione
2948 1353 3032 1402 Η.

205 1587 358 1641 Habe
391 1589 634 1658 gratiam
655 1588 934 1657 studiosis,
959 1589 1159 1643 Lector
1185 1588 1456 1656 studiose,
1480 1588 1633 1658 quod
1659 1603 1810 1640 nunc
1830 1585 1904 1659 ad
1925 1601 2159 1659 manum
2186 1585 2414 1659 habeas,
2433 1591 2550 1659 tam
2577 1587 2954 1659 conciliorum
2979 1592 3100 1642 acta
3120 1603 3292 1658 quam
3311 1588 3546 1659 pontiﬁ-

277 1656 429 1724 cum,
460 1675 587 1728 quae.
614 1675 680 1714 ex
713 1656 1038 1713 Grmcorum
1066 1665 1120 1714 et
1147 1659 1475 1712 Latinorum
1501 1656 1922 1730 promptuariis
1943 1656 2004 1710 in
2031 1673 2208 1730 unum
2241 1657 2825 1730 recollegitvoluinen
2846 1657 3101 1730 ilsidorus
3131 1656 3488 1730 flispalensis,

351 1727 628 1800 adju’nctis
659 1731 1047 1802 sanctionibus
1067 1730 1401 1802 pontificum
1420 1727 1802 1802 summorum,
1831 1727 2082 1802 Gregorii
2106 1728 2360 1802 secundi,
2391 1727 2672 1802 Vitaliani,
2699 1729 2942 1802 Martini,
2961 1727 3418 1802 Gregorii—tertii,

319 1833 324 1836 -
419 1797 594 1871 atque
623 1801 922 1856 Zachariae.
957 1797 1172 1865 Quibus
1207 1801 1381 1855 linem
1415 1801 1689 1871 imposuit
1729 1799 1904 1853 solers
1934 1797 2404 1871 chaleographus
2432 1803 2487 1852 et
2523 1799 2797 1871 honestus
2825 1799 2959 1854 civis
2999 1797 3353 1855 Coloniensis

991 1875 1188 1927 Petrus
1215 1869 1566 1941 Quentellus,
1601 1887 1752 1925 anno
1781 1869 2009 1924 Domini
2036 1870 2276 1936 MDXXX,
2311 1885 2370 1924 ul
2397 1869 2514 1923 Kal.
2549 1869 2794 1940 Aprilis;

754 2274 1370 2400 MARCUS
1462 2273 2243 2399 VALERIUS
2355 2273 3007 2400 PROBUS.

1387 2707 1776 2786 NOTITIA

1861 2703 2382 2784 HISTORICA.

1676 2889 2050 2900 -_—_—

279 3026 354 3078 De
381 3025 559 3078 Marco
584 3023 802 3078 Valerio
831 3025 1010 3078 Probo
1034 3025 1158 3078 haec
1185 3026 1455 3094 leguntur
1481 3025 1540 3078 in
1565 3023 1810 3078 editione
1838 3021 2092 3094 opusculi
2114 3023 2189 3076 De
2213 3019 2362 3094 notis
2392 3021 2642 3094 antiquis
2668 3019 2892 3094 Parisiis
2911 3021 3043 3094 data
3067 3023 3399 3094 annogl’olio,
3433 3037 3558 3094 pro-

207 3097 442 3149 curante
472 3095 789 3149 Godefredo
815 3096 980 3150 Torin
1007 3113 1019 3150 :
1042 3117 1068 3144 «
1089 3091 1306 3150 Marcus
1335 3095 1586 3150 Valerius
1611 3095 1846 3160 Probus,
1869 3091 2176 3164 Berrytius,
2197 3093 2292 3147 diu
2315 3092 2692 3164 centuriatum
2711 3091 2875 3164 petiit
2895 3091 3076 3146 donec
3095 3092 3266 3164 taedio
3287 3093 3356 3164 ad
3374 3093 3564 3164 studia

210 3191 236 3213 ι(
281 3183 340 3220 se
368 3167 628 3220 contulit.
659 3167 894 3236 Legerat
918 3167 976 3220 in
1003 3165 1300 3220 Provincia
1325 3166 1598 3236 quosdam
1639 3171 1857 3219 veteres
1884 3162 2096 3218 libellos
2125 3165 2277 3234 apud
2305 3163 2785 3236 grammatistam,
2812 3162 3058 3236 durante
3095 3163 3282 3236 adhuc
3309 3163 3387 3236 ibi
3414 3164 3558 3217 anti-

211 3263 235 3286 u
279 3253 526 3307 quorum
555 3233 855 3304 memoria,
882 3239 1126 3292 necdum
1154 3233 1386 3291 omnino
1409 3238 1617 3291 abolita
1637 3238 1779 3290 sicut
1803 3238 2001 3290 Roma.
2030 3237 2136 3307 Hos
2159 3233 2286 3307 eum
2311 3234 2640 3307 diligentius
2667 3235 2923 3307 repetere
2947 3238 3116 3307 atque
3137 3234 3275 3307 alios
3296 3233 3562 3307 deinceps

211 3331 236 3356 ι(
279 3303 622 3378 ἑοειιοεοθνρ
646 3315 896 3378 cuperet,
921 3308 1185 3379 quamvis
1207 3325 1264 3362 se
1286 3308 1569 3362 contemni
1590 3309 1883 3379 magisque
1903 3305 2208 3376 opprobrio
2227 3303 2548 3379 legentibus
2570 3320 2746 3373 quam
2770 3303 2968 3379 gloriae
2990 3307 3047 3357 et
3068 3304 3279 3379 fructui
3301 3320 3420 3358 esse
3445 3305 3566 3357 ani-

210 3402 236 3428 ‹‹
283 3373 682 3453 madverteret,
703 3373 1148 3453 nihilominusin
1169 3380 1457 3453 proposito
1480 3373 1713 3445 mansit,
1729 3373 2403 3453 multaquecxempla‘ria
2421 3378 2714 3453 contracta
2730 3373 3038 3453 emendare
3059 3391 3123 3453 ac
3141 3374 3488 3453 distinguere
3507 3381 3562 3428 et

210 3473 236 3498 α
279 3451 550 3505 adnotare
577 3445 791 3505 curavit
819 3468 832 3504 :
861 3451 961 3504 soli
997 3451 1126 3504 huic
1163 3445 1404 3504 nec-ulli
1445 3455 1725 3519 praeterea
1764 3445 2164 3517 grammatices
2197 3447 2344 3519 parti
2373 3446 2613 3500 deditus.
2644 3445 2740 3519 Hic
2768 3449 3026 3519 nontam
3054 3445 3364 3519 discipulos
3388 3461 3560 3516 quam

210 3544 236 3570 ‹‹
280 3525 584 3576 sectatores
619 3522 838 3592 aliquot
879 3522 1094 3589 habuit,
1143 3515 1562 3591 nunquam-ita
1606 3515 1798 3592 docuit
1831 3521 1904 3592 _ut
1940 3515 2210 3592 magistri
2250 3533 2556 3592 personam
2601 3515 2920 3592 sustineret.
2955 3517 3155 3592 Unum
3184 3515 3271 3571 vel
3317 3515 3562 3592 alterum

209 3613 234 3644 «
277 3595 362 3646 vel
391 3610 519 3646 cum
545 3586 813 3664 plurimos
833 3598 946 3647 tres
979 3586 1090 3647 aut.
1119 3586 1368 3664 quatuor
1394 3590 1804 3662 pomeridianis
1820 3589 1982 3664 horis
2007 3586 2575 3664 admitteresolebat,
2599 3586 2942 3664 cubansque,
2967 3586 3125 3664 inter
3141 3589 3424 3664 longosac
3446 3587 3565 3640 vnl-

211 3687 237 3712 ε(
282 3680 443 3734 gares
464 3657 770 3732 sermones,
795 3664 986 3733 legere
1009 3657 1288 3734 quaedam,
1314 3657 1483 3733 idque
1503 3679 1758 3734 perraro,
1775 3660 1945 3734 nimis
1967 3676 2144 3734 pauca
2163 3665 2218 3714 et
2240 3659 2446 3730 exigua
2465 3659 2535 3712 de
2553 3657 2901 3734 quibusdam
2923 3658 3160 3713 minutis
3184 3657 3560 3730 qumstiuncu-

211 3759 236 3784 ί(
281 3728 344 3789 lis
377 3735 569 3790 edidit.
600 3728 1060 3806 Reliq'uit'autem
1089 3751 1207 3790 non
1234 3728 1578 3789 mediocrem
1609 3733 1806 3788 silvam
1839 3728 2294 3787 Observationum
2320 3728 2596 3786 sermonis
2626 3728 2866 3798 antiqui.
2896 3749 2926 3776 ν)

791 4081 1302 4148 GODOFREDUS
1347 4080 1688 4146 TORINUS
1727 4077 2163 4153 BITURICUS,
2213 4075 2542 4142 LECTORI
2587 4075 2977 4143 SALUTEM.

280 4265 321 4318 E
348 4279 461 4333 quo
491 4269 748 4333 tempore
775 4263 1024 4316 Probum
1059 4263 1344 4316 Valerium
1379 4261 1707 4332 imprimere
1735 4259 1930 4333 bonis,
1965 4263 2026 4313 ut
2051 4259 2425 4333 reo_r,_avibus
2455 4259 2680 4333 incoepi,
2719 4275 2786 4312 ne
2828 4258 2971 4333 liber
3004 4261 3174 4333 unius
3199 4265 3297 4313 aut
3321 4259 3562 4333 duo_rum

280 4281 321 4318 1‘;
387 4281 461 4317 uo
491 4281 748 4333 tempore
775 4281 1024 4316 Pronum
1067 4281 1344 4316 valerium
1379 4281 1707 4332 lmprlmere
1744 4281 1930 4328 DUIllS,
1965 4281 2026 4313 UL
2051 4281 2201 4326 I'BUI',
2231 4281 2425 4313 ukus
2455 4281 2680 4328 incwpi,
2719 4281 2786 4312 ne
2828 4281 2971 4312 uuer
3009 4281 3174 4312 unius
3199 4281 3297 4313 aut
3321 4281 3558 4313 UUOI'UIII

211 4357 240 4388 (ι
281 4281 542 4390 codicum
569 4333 878 4388 enchiridio
906 4334 1094 4388 minus
1121 4337 1283 4404 aptus
1312 4333 1506 4400 exiret,
1537 4332 1789 4412 pluscula
1824 4330 1966 4386 scitu
1991 4347 2107 4384 non
2135 4329 2372 4454 indigna
2405 4329 2782 4399 comprimere
2807 4330 2962 4383 venit
3001 4330 3058 4383 in
3093 4333 3367 4411 mentem.
3397 4331 3558 4383 Trac-

211 4411 393 4454 Latum
423 4406 492 4454 de
517 4405 864 4454 nnnderihns
890 4409 946 4454 et
973 4405 1258 4454 mensuris
1287 4422 1350 4454 ex
1382 4405 1697 4454 Prisciano:
1727 4401 2218 4454 quemadmodum
2299 4406 2407 4454 atae
2449 4401 2652 4454 forma:
2685 4416 2954 4454 agrorum
2995 4406 3184 4454 metiri
3219 4400 3459 4454 debeant
3497 4419 3558 4454 ex

207 4411 395 4483 tatum
423 4406 492 4483 de
517 4405 864 4483 ponderibus
890 4409 946 4459 et
973 4401 1258 4483 mensuris
1287 4422 1352 4458 ex
1381 4401 1697 4470 Prisciano;
1727 4401 2218 4483 quemadmodum

2299 4406 2407 4454 atae
2449 4401 2652 4454 forma:
2685 4416 2954 4468 agrorum
2995 4400 3184 4454 metiri
3219 4400 3459 4455 debeant
3497 4419 3562 4454 ex

209 4471 582 4532 Columellal.
612 4479 710 4546 Da,
745 4493 962 4548 precor,
991 4477 1142 4530 bone
1169 4477 1358 4543 lector,
1391 4491 1622 4546 operam
1656 4491 1728 4529 ne
1745 4471 1883 4543 tibi,
1924 4473 2074 4545 quod
2105 4473 2279 4527 etiam
2318 4471 2676 4543 mnigmatice
2703 4471 2932 4526 Plautus
2957 4472 3015 4524 in
3043 4471 3210 4526 Milite
3241 4472 3319 4526 ait
3352 4489 3363 4526 :
3393 4473 3562 4529 Glau-

211 4565 362 4604 coma
388 4549 451 4603 ob
476 4550 650 4604 oculos
669 4549 966 4617 objecm‘m.
991 4548 1143 4601 Vale.

1201 4837 1547 4905 EJUSDEM
1591 4839 1974 4905 EPISTOLA
2017 4835 2567 4903 DEDICATORIA.

287 5021 896 5094 Godofredus'l‘ionmus
933 5019 1223 5094 Bituricus,
1254 5019 1639 5094 ornatissimos
1669 5019 2042 5094 Philibertum
2079 5020 2294 5074 BABOUM
2341 5024 2396 5072 et
2436 5020 2718 5072 Joannem
2754 5019 3053 5074 ALEMANUM
3077 5017 3387 5094 juniorem,
3420 5023 3566 5084 cives

215 5093 510 5160 Bituricos,
533 5093 656 5163 pari
687 5093 836 5146 inter
863 5109 921 5146 se
950 5092 1204 5146 amicitia
1229 5090 1742 5163 coniunctissimos,
1773 5092 1994 5146 salutat.

289 5159 733 5231 Debetur-vobis,
760 5163 864 5217 viri
890 5164 1162 5234 singulari
1183 5159 1753 5235 virtuteplenissimi,
1773 5179 1970 5235 omnes
1997 5178 2135 5235 quos
2165 5165 2222 5215 et
2245 5163 2420 5235 noctu
2443 5165 2498 5214 et
2523 5159 2774 5235 interdiu
2796 5174 3090 5235 assumere
3112 5177 3343 5235 possum
3374 5170 3566 5235 (etiam

217 5237 288 5290 de
321 5235 614 5305 industria)
643 5235 877 5289 labores.
913 5231 1066 5300 Ecce,
1097 5234 1230 5305 quia
1255 5231 1512 5288 moribus
1540 5231 1804 5305 antiquis,
1834 5233 1892 5286 id
1915 5237 2017 5297 est,
2045 5231 2296 5305 honestis
2323 5235 2378 5305 et
2403 5247 2536 5305 vere
2560 5231 2918 5305 bonis,haud
2941 5231 3302 5305 medidcriter
3341 5231 3564 5296 utimini

213 5312 271 5361 et
297 5306 576 5376 gaudetis,
599 5301 854 5360 Probum
880 5301 1165 5360 Valeriufn
1194 5306 1603 5385 scripturarum
1633 5301 1999 5374 antiquarum
2027 5306 2082 5356 et
2111 5302 2619 5368 abbreviationum,
2651 5319 2778 5374 quae
2805 5301 2864 5356 in
2891 5303 3268 5376 numismatis,
3295 5325 3355 5362 se
3401 5312 3565 5367 ulcris

215 5381 275 5431 et
299 5377 520 5432 tabellis
550 5377 862 5434 antiquitus
887 5377 1138 5434 perbelle
1170 5375 1668 5434 consmnabantur,
1694 5373 2196 5434 diligentissimum
2223 5375 2693 5434 coacervatorem,
2725 5373 3221 5434 certissimumque
3243 5327 3565 5434 exnianato-

215 5381 275 5431 et
299 5373 520 5451 tabellis
550 5373 862 5451 antiquitus
887 5377 1138 5448 perbelle
1170 5373 2196 5451 consignabantur,_diligentissimum
2223 5373 2693 5451 coacervatoreni,
2725 5373 3221 5451 certissimumque
3243 5373 3348 5451 exp

3373 5387 3568 5439 anato-

215 5465 338 5504 rem
371 5448 474 5502 sub
507 5443 858 5520 vestro—milii
883 5443 1108 5520 semper
1133 5443 1375 5502 amando
1399 5446 1650 5520 nomine,
1673 5443 1892 5512 lubens,
1920 5445 2096 5520 utvel
2122 5443 2410 5520 tantilium
2435 5443 2759 5520 reipublicae
2786 5444 3006 5520 valeam
3035 5443 3332 5520 pro—desse;
3345 5453 3570 5511 charac-

217 5520 430 5574 teribus
472 5524 528 5574 et
567 5513 1031 5590 impressionibus
1071 5535 1201 5596 cum
1237 5525 1447 5596 nostra,
1483 5517 1702 5596 utinam
1751 5521 1867 5596 tam
1912 5515 2060 5596 felici
2099 5531 2274 5586 quam
2318 5513 3119 5596 diligenti,recognitiuncula
3149 5513 3330 5596 trado.
3369 5525 3568 5596 Sinite,

218 5607 426 5662 quaeso,
450 5584 757 5652 auctorem,
790 5607 1070 5662 perquam
1097 5584 1722 5662 singularem-primum
1749 5587 1808 5662 in
1838 5594 2066 5662 vestras,
2102 5584 2437 5662 omne_r_n_a_d
2461 5584 2728 5640 virtutem
2760 5584 3096 5655 aptissimas,
3133 5589 3337 5647 deinde
3367 5584 3572 5652 studio:

218 5655 421 5718 serum
440 5662 696 5716 omnium
720 5655 961 5716 alibruin
984 5655 1509 5716 manus'commod'e
1527 5661 1648 5732 jam
1681 5664 1738 5715 et
1763 5658 2036 5716 festiviter
2063 5659 2232 5714 exire.
2265 5655 2472 5710 Valete.

361 5750 654 5806 Parrhisiis
673 5751 824 5822 apud
843 5751 1148 5824 collegium
1177 5751 1576 5822 Plesseiacum,
1603 5767 1655 5804 v1
1686 5749 1835 5805 ldus.

580 5841 750 5896 Maias
782 5845 936 5897 1510.

2471 5837 2619 5891 Cms
