4050 6304
217 321 236 372 1
255 318 346 372 181
1335 316 1731 376 OPUSCULUM
1771 319 1814 374 D

1966 319 2088 374 )TlS
2125 319 2453 387 ANTIQUIS.
3433 327 3565 382 1182

288 425 423 479 Β.Μ.
455 423 623 478 bonae
667 423 982 492 memoriae,
1011 425 1094 480 vel
1141 424 1287 479 bene
1336 427 1542 496 meriti,
1572 427 1658 480 vel
1697 425 1842 480 bene
1863 438 1923 510 Α
2013 428 2120 483 CN.
2143 428 2305 481 ABR.
2333 431 2518 483 Cneus
2546 428 2760 483 Arrius.

215 517 482 573 merenti.
2012 520 2134 575 C.C.
2189 520 2493 575 concilium
2552 520 2737 592 coepit,
2785 522 2869 575 vel
2935 526 3136 590 cessat,
3195 526 3280 579 vel
3346 526 3570 596 cognita

285 610 417 664 B.A.
445 609 659 664 bonam
685 610 991 665 actionem.
1943 631 2128 670 causa.

284 705 408 757 B.P.
436 702 586 758 bona
625 705 922 775 possessio.
2012 710 2144 765 C.H.
2175 710 2449 764 Creticus.

285 798 482 853 B.M.F.
519 798 669 853 Bene
689 798 936 853 merenti
977 798 1129 853 fecit.
2011 802 2198 857 CONS.
2228 802 2602 858 consiliarius.

283 891 484 946 B.M.P.
517 891 664 946 bene
692 891 942 946 merenti
966 892 1171 962 posuit.
2012 894 2142 949 C.V.
2171 895 2611 951 centumvirum.

283 986 408 1039 B.P.
434 985 654 1040 bonum
676 985 970 1056 publicum
990 987 1075 1040 vel
1101 984 1253 1038 bona
1280 988 1538 1055 paterna.
2012 988 2169 1044 COM.
2204 988 2312 1042 OB.
2347 989 2582 1044 comicia
2610 990 2880 1046 obchiaca
2922 994 3006 1047 vel
3048 993 3329 1064 obdriaca,
3358 997 3440 1050 vel
3465 997 3564 1049 0])-

283 1078 410 1132 B.F.
440 1077 586 1133 bene
614 1078 764 1133 fecit.
1942 1081 2119 1135 diaca.

282 1171 481 1225 B.A.V.
515 1171 680 1226 bonis
716 1170 980 1242 auspiciis
1008 1172 1092 1225 vel
1117 1169 1278 1225 bonis
1305 1170 1518 1224 avibus.
2009 1174 2148 1228 CES.
2177 1177 2244 1229 A.
2279 1175 2525 1230 censoris
2555 1177 2849 1233 arbitratu.

284 1265 412 1319 ΒΝ.
442 1264 626 1318 bonus
652 1263 756 1317 vir.
2007 1267 2162 1321 COH.
2196 1268 2416 1322 cohors.

281 1357 406 1411 B.F.
436 1357 586 1411 bona
613 1357 845 1411 femina.
2011 1360 2160 1415 COS.
2190 1362 2332 1416 DES.
2367 1365 2623 1419 consules
2654 1365 2957 1436 designati.

279 1450 549 1504 B.R.P.N.
577 1450 725 1504 bono
754 1449 1080 1520 reipublicae
1113 1453 1264 1504 nato.
2006 1454 2132 1508 C.F.
2159 1453 2280 1509 Caii
2308 1455 2476 1511 ﬁlius.

283 1543 470 1597 B.F.P.
502 1543 664 1597 bonae
690 1543 825 1597 ﬁdei
854 1559 1163 1614 possessor.
2006 1548 2114 1602 CR.
2144 1547 2391 1618 Crispus.

894 1659 1142 1713 Αάἀίιίο,
2007 1657 2108 1708 ζΠ.
2143 1640 2274 1694 Caia
2312 1641 2535 1696 liberta.

275 1752 405 1805 3,1}.
436 1750 720 1806 bonorum
748 1755 956 1806 rector.
2008 1749 2158 1802 [ΠΧ.
2183 1733 2328 1787 Caiee
2358 1735 2576 1790 libertze
2603 1737 2970 1794 charissimae.

279 1846 401 1900 ΒΕ,
433 1845 596 1900 bonis
625 1845 807 1900 cessit.
1853 1809 1910 1878 Β
2004 1827 2157 1881 CVR.
2187 1827 2514 1894 eurionum,
2546 1831 2629 1884 vel
2655 1831 2966 1901 curiarum,
2995 1835 3081 1888 vel
3104 1851 3319 1891 cursor.

276 1939 408 1993 ΒΑ),
436 1939 654 1993 bonum
687 1939 905 1993 datum.
2002 1920 2198 1974 CENT.
2224 1922 2618 1976 centenarium
2638 1927 2724 1978 vel
2746 1927 3025 1996 centurio,
3044 1929 3127 1994 vel
3144 1930 3416 1997 centuria,
3438 1947 3566 1985 cen-

276 2033 405 2086 B.G.
435 2033 588 2087 bona
629 2031 832 2102 gratia.
1935 2011 2246 2067 turionum.

276 2127 404 2179 Β.Η.
431 2125 609 2180 bonus
636 2126 826 2192 homo,
855 2127 938 2180 vel
965 2126 1114 2181 bona
1144 2125 1526 2180 hmreditaria.
2001 2107 2242 2160 CENTN-
2282 2108 2665 2164 centurione-‘3-

275 2221 381 2273 8.],
408 2219 628 2274 bonum
652 2218 955 2289 judicium,
2003 2200 2086 2253 CA
2115 2200 2200 2253 vel
2231 2200 2387 2255 CAM.
2418 2201 2705 2257 Camillus.

277 2313 332 2366 Β⁸
364 2314 420 2366 ι,
457 2313 607 2366 bona
634 2313 742 2368 lex.
2001 2292 2192 2347 CENS.
2220 2294 2304 2346 vel
2337 2294 2528 2350 CNSP.
2574 2312 2772 2351 censor
2811 2302 3143 2369 perpetuus,
3177 2303 3259 2354 vel
3302 2305 3560 2373 peregri-

272 2407 424 2461 B.l.l.
457 2406 668 2460 bonum
691 2406 899 2476 judicis
924 2405 1224 2476 judicium.
1932 2403 2058 2440 nllS-
2973 2411 2988 2422 ε

274 2499 400 2553 Β.Ν.
433 2499 650 2554 bonum
678 2516 908 2564 nomen,
935 2500 1020 2554 vel
1046 2500 1195 2553 bona
1230 2503 1435 2552 nostra.
2001 2480 2099 2535 CL-
2134 2479 2295 2534 Gaius
2320 2480 2576 2536 libertus-

273 2593 398 2647 B.0.
430 2593 575 2647 bene
606 2593 840 2664 optime_
1999 2572 2262 2627 CONLIB.
2293 2574 2657 2646 conlibertus.

272 2685 406 2749 B.Q.
438 2685 588 2739 bona
617 2686 871 2755 qumsita.
2618 2692 2862 2745 Additio.

270 2779 456 2833 B.S.F.
488 2779 633 2833 bene
661 2778 946 2834 satisfecit.
1047 2763 1062 2778 ‘
1998 2758 2137 2814 CEs.
2171 2759 2425 2830 Caspius.

271 2873 393 2926 B.T.
423 2871 702 2926 bonorum
734 2877 906 2927 tutor.
1996 2853 2222 2907 CAESS-
2252 2855 2522 2909 CiBSares.

269 2966 418 3020 ΒΗΤ.
452 2965 824 3019 Britannicus.

1995 2946 2090 3000 CS.
2123 2945 2497 3001 consiliarius.

269 3059 422 3113 BEN.
449 3059 560 3113 ME.
601 3059 744 3115 bene
779 3059 1040 3114 merenti.
1996 3038 2129 3094 CSS-
2165 3039 2496 3094 CODSiliarii.

271 3153 396 3206 B.V.
421 3152 565 3207 bene
594 3153 746 3207 vixit.
1843 3176 1896 3247 Ο
1991 3131 2321 3247 E-np-

993 3250 1031 3302 Β
1845 3225 1896 3247 υ
1991 3226 2121 3279 C.R.
2156 3225 2324 3280 Caius
2356 3227 2552 3280 Rufus.

269 3320 329 3372 C.
365 3318 544 3372 Caius.
1992 3318 2094 3373 CV.
2125 3317 2469 3372 clarissimus
2500 3319 2584 3372 vir
2615 3322 2698 3375 vel
2727 3323 3054 3378 consularis.

267 3411 362 3466 CS.
405 3411 702 3465 consulum
737 3411 1036 3465 sententia.
1991 3411 2140 3464 CEN.
2173 3411 2282 3466 AR.
2313 3413 2559 3466 censoris
2585 3414 2878 3470 arbitratu.

265 3507 366 3560 CL.
399 3504 679 3559 Claudius.
1990 3504 2144 3558 CAR.
2177 3504 2526 3560 carissimus.

266 3599 433 3654 ClPP.
466 3598 713 3669 cippum.
1993 3597 2125 3652 C.N.
2157 3596 2320 3651 Caius
2346 3603 2534 3653 noster
2563 3601 2646 3654 vel
2674 3600 2808 3655 civis
2837 3608 3052 3659 noster.

266 3693 374 3747 CM.
406 3693 582 3747 comis
610 3693 693 3746 vel
722 3708 928 3746 comes.
1993 3689 2140 3744 CVL.
2169 3691 2426 3746 cultores.

267 3787 372 3841 CN.
401 3785 643 3840 Cnevius
663 3787 746 3840 vel
771 3788 975 3841 Cneus.
1994 3784 2121 3840 C.D.
2145 3784 2331 3855 capite
2345 3784 2681 3856 diminutus,
2695 3789 2959 3845 velCaius
2979 3793 3199 3864 Dacius,
3223 3798 3304 3851 vel
3320 3798 3550 3854 Drusus.

269 3880 424 3935 COB.
458 3880 768 3934 Cornelius.
983 3949 994 3956 _
1993 3877 2286 3933 CONTUB.
2319 3879 2766 3936 contubernalis.

269 3973 450 4028 CAES.
484 3973 687 4028 Caesar.
1994 3971 2122 4026 C.O.
2153 3970 2344 4026 civitas
2369 3973 2574 4028 omnis.

269 4066 459 4122 CAES.
492 4070 553 4133 A,
584 4068 668 4121 vel
693 4067 846 4120 AVG.
877 4067 1060 4120 Caesar
1087 4068 1392 4136 Augustus.
1994 4064 2099 4119 CA.
2128 4065 2416 4134 Camillus,
2444 4068 2528 4123 vel
2554 4068 2727 4137 canis,
2758 4072 2840 4125 vel
2872 4072 3029 4127 Cato.

269 4161 376 4214 CB.
405 4163 780 4214 contractum.
1995 4158 2121 4212 C.B.
2153 4174 2457 4214 commune
2482 4160 2715 4217 bonum.

265 4255 323 4307 C.
352 4254 460 4310 CR.
492 4253 961 4310 CT.Contrarium
991 4255 1373 4308 contractum.
1993 4250 2179 4306 C.C.C.
2211 4268 2375 4306 censa
2400 4252 2608 4308 civium
2636 4256 2838 4326 capita.

271 4363 326 4416 ξ).
361 4347 491 4403 Caia
518 4349 602 4401 vel
631 4363 761 4401 con.
1991 4345 2124 4399 C.H.
2155 4348 2342 4399 custos
2376 4346 2694 4402 haeredum.

266 4440 373 4511 30.
404 4441 486 4495 vel
517 4455 575 4510 ζ).
602 4442 1007 4497 controversia.
1997 4437 2184 4493 C.F.C.
2219 4439 2364 4493 clam
2393 4438 2650 4510 fugiendi
2693 4458 2877 4498 causa.

268 4535 366 4589 CC.
403 4535 633 4589 circum.
1843 4547 1902 4619 D
1994 4532 2231 4588 COLLE.
2284 4534 2482 4589 FABR.
2535 4534 2651 4589 ΜΒ.
2703 4535 2940 4608 collegio
2992 4540 3280 4599 fabrorum
3341 4549 3557 4607 militiae

268 4628 350 4682 CA
363 4668 375 4681 .
407 4644 596 4683 causa.
1928 4628 2289 4683 Ravennatis.

268 4722 398 4776 C.M.
430 4723 513 4777 vel
541 4723 737 4778 C.A.M.
771 4739 937 4778 causa
962 4721 1158 4777 mortis
1184 4722 1270 4775 vel
1296 4721 1464 4776 Caius
1492 4724 1715 4780 Marius.
1999 4721 2198 4776 COER.
2237 4721 2488 4777 coeravit.

270 4816 470 4872 C.H.C.
503 4816 663 4886 cujus
688 4817 770 4871 rei
798 4833 985 4873 causa.
1997 4815 2148 4870 CVR.
2183 4817 2359 4871 VIAR.
2390 4817 2616 4872 curator
2646 4817 2884 4873 viarum.

269 4909 532 4966 C.H.C.P.
563 4911 723 4980 cujus
749 4911 832 4964 rei
866 4927 1113 4980 causam,
1141 4910 1222 4965 vel
1252 4924 1420 4964 causa
1445 4909 1751 4981 promittis.
1997 4908 2145 4964 COS.
2173 4909 2239 4963 Il.
2269 4911 2463 4964 consul
2504 4909 2734 4966 iterum.

276 5003 420 5059 COS.
455 5004 670 5059 consul.
1998 5002 2142 5056 COS.
2173 5003 2261 5057 Ill.
2292 5005 2485 5058 consul
2514 5005 2766 5060 tertium.

273 5097 460 5152 COSS.
493 5099 770 5153 consules.
1995 5095 2150 5150 CON.
2183 5095 2328 5150 SEN.
2363 5098 2465 5152 ET.
2495 5099 2605 5162 EQ.
2634 5100 2746 5155 OB.
2776 5101 2976 5164 P.Q.B.
3008 5119 3285 5160 consensu
3326 5115 3551 5165 senatus

273 5191 397 5246 C.L.
427 5191 510 5246 vel
536 5191 663 5246 LIB.
693 5192 858 5248 Caius
887 5191 1117 5248 libertus
1143 5191 1228 5247 vel
1254 5191 1501 5247 libertas.
1930 5192 1988 5242 et
2013 5189 2288 5258 equestris
2308 5190 2523 5246 ordinis
2555 5195 2862 5265 populique
2903 5196 3163 5252 Romani.

273 5284 425 5340 CON.
459 5285 788 5340 consularis.
2726 5311 2767 5364 ι)

273 5379 406 5434 C.H.
432 5379 564 5433 civis
588 5380 901 5434 Romanus.
2004 5377 2062 5428 D.
2087 5372 2265 5432 divus.

273 5472 422 5528 COL.
453 5473 674 5526 colonia
704 5473 786 5528 vel
816 5473 1081 5540 coloniae;
1113 5475 1294 5529 coloni
1336 5477 1418 5530 vel
1448 5476 1684 5545 collega.
2005 5473 2063 5525 Β.
2096 5471 2183 5525 vel
2211 5471 2270 5525 C.
2301 5469 2448 5524 diva.

273 5567 468 5622 COLL.
494 5567 710 5638 collega
729 5568 812 5622 vel
836 5566 1098 5637 collegia,
1123 5571 1208 5622 vel
1227 5569 1557 5639 collegium,
1580 5571 1663 5623 vel
1684 5569 1833 5623 colo-
2001 5565 2189 5620 DEST.
2219 5563 2517 5620 destinato.

203 5661 331 5725 nim,
360 5662 443 5714 vel
475 5660 680 5715 coloni.
2006 5661 2172 5713 D.PP.
2199 5659 2310 5713 Deo
2336 5659 2630 5729 perpetuo.

278 5755 378 5822 οι..
409 5753 754 5809 conlibertus
777 5757 862 5810 vel
884 5755 1215 5810 conliberta.
2007 5751 2131 5806 D.P.
2161 5754 2270 5807 Deo
2297 5754 2595 5824 perpetuo.

275 5849 377 5904 CO.
406 5849 492 5901 vel
519 5848 736 5902 COIUX.
769 5845 973 5920 conjux
1001 5850 1084 5904 vel
1114 5848 1422 5920 conjunxit.
2006 5847 2132 5901 D.P.
2163 5845 2320 5902 divus
2343 5845 2473 5900 Pius
2501 5847 2586 5902 vel
2613 5848 2724 5902 Diis
2754 5847 3074 5907 Penatibus.
