4050 6352
331 307 338 312 ’
447 345 578 397 1183

514 451 576 503 D.
600 449 858 503 devotus.

516 543 654 596 D.D.
689 543 800 596 Deo
826 539 1049 606 dicavit,
1076 539 1160 594 vel
1189 539 1303 594 Diis
1334 537 1619 593 dantibus.

516 635 668 689 DEC.
696 635 916 689 Decius.

515 730 644 783 D.D.
680 727 825 781 dotis
859 727 1052 795 dictio,
1081 728 1166 782 vel
1195 726 1310 781 Diis
1357 725 1643 795 dantibus,
1669 723 1753 778 vel
1793 722 1941 776 dono
1975 721 2073 774 de-

454 808 554 862 dit.

518 901 630 955 DD.
663 900 1088 956 dedicaverunt.

516 995 646 1049 D.V.
677 995 908 1049 devotus
935 994 1041 1062 vir,
1069 995 1153 1049 vel
1179 998 1379 1062 vester,
1403 994 1489 1048 vel
1525 991 1634 1046 Diis
1659 988 1988 1046 volentibus.

522 1088 673 1143 DOT.
705 1088 922 1144 dotem.

524 1184 654 1236 D.P.
683 1182 876 1237 dotem
901 1182 1086 1254 petiit,
1114 1183 1198 1236 vel
1237 1181 1350 1235 Diis
1379 1179 1653 1250 paternis.

525 1276 652 1330 D.F.
684 1276 877 1330 dotem
906 1275 1059 1345 fecit,
1086 1277 1171 1330 vel
1199 1275 1419 1343 dolum,
1448 1272 1798 1337 vel-donum,
1821 1269 1903 1324 vel
1933 1266 2081 1323 Decii

457 1355 625 1409 ﬁlius.

528 1449 667 1503 D.M.
695 1449 782 1503 vel
805 1450 918 1504 DM.
955 1449 1153 1504 dolum
1189 1450 1426 1514 malum,
1454 1447 1538 1502 vel
1570 1444 1808 1500 dubium
1846 1442 2082 1508 malum,

455 1529 538 1583 vel
568 1528 682 1582 Diis
709 1529 984 1598 Manibus,
1011 1531 1097 1585 vel
1125 1530 1330 1585 domus
1355 1527 1587 1582 mortui.

537 1622 685 1677 DDS.
719 1623 831 1677 Diis
860 1623 1074 1678 deabus
1115 1623 1299 1677 sacris.

531 1716 682 1772 DMS.
715 1716 833 1770 Diis
853 1717 1107 1772 Manibus
1138 1733 1379 1770 sacrum.

534 1810 640 1863 DT.
671 1811 965 1865 duntaxat.

533 1903 642 1956 DN.
678 1903 963 1958 dominus.

532 1997 668 2050 DNN
679 2038 692 2051 .
725 1997 994 2052 dominis.

533 2091 636 2144 DL.
671 2090 890 2162 delego.

533 2185 638 2238 DF.
675 2184 992 2240 defunctus.

545 2284 672 2340 DIC.
706 2281 968 2336 dictator.

536 2381 667 2437 DIL.
697 2374 1115 2432 dilectissimus.

537 2474 692 2529 DUL.
721 2469 1097 2526 dulcissimus.

539 2568 675 2631 D.Q.
708 2564 821 2618 Diis
851 2559 1256 2626 Quirinalibus.

543 2660 752 2724 D.Q.R.
782 2657 850 2712 de
879 2672 991 2726 qua
1026 2670 1108 2708 re.

535 2752 735 2817 D.Q.S.
761 2750 832 2804 de
861 2766 976 2820 quo
1005 2763 1196 2817 supra.

539 2848 732 2905 D.G.S.
764 2845 834 2899 de
866 2841 1162 2897 consulum
1189 2837 1490 2893 sententia.

540 2940 748 2996 DIG.M.
778 2938 984 3008 dignus
1010 2934 1308 2989 memoria.

540 3031 826 3090 D.PEC.R.
854 3030 924 3082 de
951 3026 1207 3099 pecuniis
1233 3023 1581 3096 repetundis.

541 3125 800 3182 D.’I‘.S.P.
835 3122 986 3176 diem
1013 3119 1243 3174 tertium
1270 3117 1385 3172 sive
1418 3112 1706 3186 perendie.

544 3221 674 3276 D.V.
708 3217 824 3272 Diis
850 3213 1187 3269 volentibus.

544 3312 749 3370 D.L.R.
783 3309 896 3363 Diis
919 3306 1151 3361 Laribus
1178 3320 1427 3360 sacrum.

546 3409 658 3462 ΠΒ.
688 3408 917 3461 Drusus.

544 3502 680 3556 D.N.
710 3497 982 3553 Dominus
1009 3496 1222 3549 noster.

546 3597 654 3649 DD.
689 3594 800 3648 NN.
834 3589 1084 3646 dominis
1111 3585 1339 3642 nostris.

1686 338 1752 391 Μ.
1794 337 1854 388 ν.
1899 333 2095 390 PROBI

2262 328 2546 388 .MMATICI
3673 323 3692 373 l
3712 321 3820 374 184

2092 464 2151 536 Α
2240 441 2373 495 D.G.
2403 439 2559 494 dedit
2585 438 2780 509 gratis.

2249 534 2380 588 D.H.
2411 532 2566 588 dedit
2591 529 2929 586 hazredibus.

2248 628 2356 683 D.I.
2391 625 2503 680 Diis
2531 623 2970 690 immortalibus,
2998 621 3081 675 vel
3107 618 3227 674 dari
3263 617 3449 688 jussit.

2249 721 2376 774 D.L.
2408 718 2644 774 donavit
2668 718 2860 772 locum
2885 716 2971 771 vel
2993 713 3143 768 Decii
3171 711 3428 766 libertus.

2249 812 2457 868 D.Q.M.
2508 813 2618 866 Deo
2665 810 2894 882 Optimo
2943 807 3202 874 Maximo,
3246 806 3330 859 vel
3383 803 3497 858 Diis
3539 800 3824 857 omnibus

2179 907 2450 963 Manibus.

2253 1001 2456 1055 D.H.F.
2487 1017 2537 1053 v.
2573 1016 2621 1056 c.
2656 999 2772 1054 doli
2801 996 2935 1052 mali
2963 995 3245 1050 fraudisve
3279 1007 3466 1047 causa.

2253 1094 2720 1148 D.P.S.D.L.D.P.
2753 1090 3014 1162 deposuit
3041 1088 3144 1143 sibi
3176 1086 3292 1141 Diis
3321 1086 3504 1140 locum
3534 1083 3697 1138 dedit
3717 1098 3825 1152 pu-

2183 1187 2348 1242 blice.

2257 1283 2318 1335 D.
2347 1280 2676 1352 quingenta,
2704 1279 2789 1332 vel
2831 1277 3047 1345 Decius,
3078 1276 3311 1341 Drusus,
3341 1273 3598 1339 devotus,
3633 1269 3822 1323 dedit.

2258 1374 2449 1429 D.S.P.
2484 1374 2552 1428 de
2582 1389 2684 1427 sua
2711 1371 2971 1443 pecunia.

2255 1467 2585 1523 D.S.P.L.D.
2617 1466 2686 1521 de
2714 1483 2813 1520 sua
2846 1463 3090 1536 pecunia
3119 1461 3336 1518 laribus
3361 1459 3499 1514 dant
3524 1459 3610 1512 vel
3639 1455 3825 1511 dedit.

2260 1562 2522 1615 D.L.A.P.
2556 1560 2770 1614 donum
2800 1559 2980 1614 libens
3011 1556 3202 1612 animo
3232 1554 3438 1626 posuit.

2263 1655 2410 1710 DEC.
2441 1654 2687 1709 decurio.

2263 1749 2394 1802 D.V.
2425 1747 2546 1802 dies
2570 1747 2822 1818 quintus.

2109 1837 2164 1907 B
2261 1840 2411 1895 DES.
2443 1840 2788 1910 designatus.

2261 1934 2573 1990 D.E.R.I.C.
2603 1933 2673 1987 de
2721 1950 2789 1986 ea
2831 1948 2893 1985 re
2945 1930 3023 1984 ita
3067 1931 3348 1995 curatum,
3375 1927 3460 1979 vel
3501 1924 3826 1979 consultum

2192 2035 2292 2084 est.

2989 2119 3027 2170 E

2265 2217 2326 2270 E.
2358 2221 2458 2269 est.

2269 2311 2373 2362 EE.
2402 2324 2544 2363 esse.

2268 2404 2378 2456 ER.
2408 2402 2578 2456 erunt
2601 2399 2684 2452 vel
2716 2397 2842 2463 erit,
2869 2397 2953 2452 vel
2983 2395 3189 2450 aerarii.

2269 2500 2429 2555 ELM.
2457 2498 2547 2552 vel
2577 2497 2713 2551 E.M.
2747 2495 3050 2566 ejusmodi.

2269 2594 2400 2648 Ε.Ν.
2431 2591 2775 2647 etiamnunc.

2273 2687 2382 2742 EG.
2411 2701 2566 2756 eger.

2270 2780 2447 2835 EP.M.
2483 2776 2783 2849 epistolam
2808 2774 2982 2829 misit.

2273 2874 2475 2938 E.Q.R.
2510 2885 2682 2941 eques
2709 2870 3009 2923 Romanus.

2272 2967 2470 3021 E.X.R.
2503 2963 2712 3018 exactis
2757 2961 3008 3032 regibus.

2273 3061 2427 3117 EOR.
2457 3074 2673 3114 eorum.

2274 3155 2403 3209 E.F.
2434 3153 2555 3223 ejus
2581 3151 2748 3206 ﬁlius.

2273 3249 2382 3302 ΕΙ).
2416 3247 2571 3302 CVR.
2601 3245 2778 3300 aedilis
2804 3242 3035 3298 curulis.

2895 3358 3139 3414 Additio.

2273 3437 2333 3490 E.
2367 3434 2600 3489 Ennius.

2272 3530 2470 3594 E.Q.P.
2514 3527 2730 3598 equalis
2772 3525 2855 3579 vel
2900 3521 3176 3595 equestris
3222 3535 3479 3591 persona,
3521 3518 3605 3572 vel
3657 3532 3839 3587 equus

549 3623 654 3649 υυο
690 3623 800 3648 l‘l‘o
834 3623 1084 3646 uuxuuua
1113 3623 1339 3642 ιιυῠιιιῡο
2281 3623 2354 3678 b1.

543 3689 740 3744 D.D.D.
790 3685 953 3739 datus
998 3683 1222 3737 decreto
1258 3695 1356 3734 seu
1405 3678 1554 3732 dono
1599 3674 1992 3739 decurionum,
2020 3673 2104 3727 vel
2202 3640 2478 3744 pungcuf;

476 3770 628 3825 dono
654 3765 833 3832 dedit,
860 3763 1064 3819 dicavit
1090 3761 1344 3816 decurio.

544 3862 772 3920 D.M../E.
805 3860 919 3913 Deo
949 3872 1164 3928 magno
1194 3858 1432 3910 aeterno.

549 3958 682 4010 D.D.
714 3957 828 4009 Deo
859 3951 1194 4005 domestico.

551 4048 742 4104 DIL.S.
774 4043 1172 4099 dilectissimus
1212 4056 1424 4095 servus.

551 4141 701 4196 DEC.
725 4138 876 4192 DEC.
899 4135 1097 4191 decem
1119 4132 1343 4201 decani,
1364 4133 1447 4187 vel
1465 4131 1694 4185 decreto
1713 4128 2103 4197 decurionum,

479 4223 562 4280 vel
587 4217 941 4276 decuriones.

552 4317 660 4371 DL.
692 4313 792 4367 dat
815 4310 1032 4366 laudes.

556 4409 707 4465 DES.
738 4403 1080 4476 designavit.

553 4505 689 4559 D.D.
719 4501 828 4556 LM.
860 4499 1012 4554 dono
1039 4495 1195 4551 dedit
1221 4495 1400 4550 libero
1428 4510 1686 4550 munere.

555 4598 691 4653 D.G.
725 4595 883 4650 divus
907 4595 1114 4650 Caesar.

552 4690 746 4746 D.P.S.
775 4689 886 4742 Deo
915 4685 1104 4758 posuit
1133 4683 1258 4738 sibi.

554 4783 823 4840 D.L.M.P.
853 4780 966 4835 Diis
1003 4780 1193 4833 locum
1223 4776 1380 4830 dedit
1407 4775 1650 4846 publice.

553 4876 861 4934 DVC.DVC.
889 4875 1101 4928 ducum
1141 4870 1398 4936 ductore,
1431 4870 1513 4922 vel
1551 4869 1851 4922 ductorum
1893 4867 2108 4922 ductor.

556 4969 833 5029 D.IMM.S.
867 4967 981 5022 Diis
1010 4962 1433 5018 immortalibus
1459 4977 1698 5016 sacrum.

557 5065 740 5122 D.I.M.
769 5061 882 5116 Diis
912 5058 1110 5113 inferis
1136 5055 1472 5110 maledictis.

558 5157 833 5213 D.D.D.D.
866 5155 980 5209 Deo
1006 5151 1246 5222 dignum
1270 5151 1416 5204 dono
1440 5149 1684 5204 donavit.

560 5254 666 5306 DV.
696 5251 928 5305 devotus
957 5248 1157 5301 Vestae.

561 5348 626 5401 D.
658 5344 816 5400 AUG.
845 5341 972 5396 divo
1002 5341 1277 5410 Augusto.

561 5441 756 5495 D.G.A.
786 5436 944 5490 divus
982 5436 1162 5490 Ctesar
1196 5435 1505 5503 Augustus.

560 5533 788 5590 DOMIC.
835 5529 984 5585 COS.
1036 5530 1166 5584 XIII.
1211 5528 1363 5581 LVD.
1415 5527 1612 5582 SACB.
1662 5527 1718 5580 F.
1749 5526 1806 5580 C.
1839 5525 2116 5580 Domitius

487 5615 684 5672 consul
708 5611 943 5668 tertium
971 5609 1154 5663 decim
1197 5608 1358 5662 ludos
1386 5624 1572 5662 sacros
1605 5623 1703 5661 seu
1729 5609 2021 5660 saeculares
2042 5606 2117 5660 fa-

491 5696 752 5751 ciendum
781 5690 1015 5746 curavit.

1183 5781 1426 5837 Additio.

566 5883 698 5944 D.D.
727 5880 885 5936 divus
910 5881 1174 5952 quaestor.

2273 3719 2385 3772 ER.
2415 3716 2564 3770 COL.
2601 3730 2696 3769 ere
2737 3714 2953 3768 collato.

2276 3811 2515 3866 EDIL.P.
2547 3808 2707 3864 edilis
2735 3806 2936 3878 plebis.

2276 3905 2452 3958 ER.P.
2483 3919 2575 3956 ere
2605 3901 2846 3973 publico.

2277 4000 2407 4052 E.B.
2439 3997 2560 4067 ejus
2585 3996 2756 4049 bona.

2279 4093 2407 4146 E.D.
2439 4089 2561 4160 ejus
2595 4090 2815 4143 domus.

2279 4187 2408 4240 E.E.
2439 4184 2560 4254 ejus
2585 4187 2740 4237 aetas.

2280 4281 2411 4334 E.H.
2441 4278 2562 4348 ejus
2588 4277 2787 4330 haeres.

2282 4374 2412 4428 E.L.
2439 4371 2594 4426 edita
2626 4371 2740 4423 lex.

2284 4468 2439 4522 EMP.
2469 4467 2682 4535 empta.

2283 4558 2587 4616 EX.S.C.D.
2620 4573 2687 4612 ex
2714 4551 3216 4640 senatusconsulto
3261 4555 3318 4606 et
3356 4550 3602 4605 decreto.

2283 4653 2555 4718 EQ.AVB.
2586 4666 2761 4721 eques
2792 4653 3040 4704 auratus.

2285 4746 2524 4802 E.M.SP.
2557 4744 2815 4816 equitum
2845 4742 3118 4814 magister
3145 4739 3383 4812 Spurius
3414 4736 3741 4807 Pompeius.

3011 4861 3048 4912 F

2284 4937 2342 4990 F.
2377 4936 2464 4989 vel
2496 4935 2622 4988 FIL.
2653 4932 2821 4987 ﬁlius.

2288 5031 2326 5084 F
2358 5029 2445 5084 vel
2474 5045 2532 5098 Α.
2565 5028 2701 5082 ﬁlia.

2287 5124 2454 5178 F.FA.
2489 5123 2635 5177 filius
2659 5121 2921 5177 familias.

2287 5217 2404 5272 F.S.
2440 5216 2662 5271 fratres.

2287 5311 2460 5366 FR.F.
2488 5310 2676 5365 fratris
2722 5309 2886 5362 ﬁlius.

2285 5405 2440 5459 FOR.
2475 5404 2632 5458 Foris
2665 5403 2750 5457 vel
2780 5402 2946 5469 foras,
2976 5402 3164 5456 forum
3190 5399 3333 5453 forte
3364 5397 3616 5451 fortuna.

2291 5500 2510 5554 FR.L.I.
2542 5499 2728 5551 forum
2764 5496 2966 5550 Lilium
2994 5498 3050 5550 et
3074 5494 3306 5550 Julium.

2288 5593 2478 5648 F.F.F.
2525 5591 2722 5646 fortior
2773 5591 3000 5646 fortuna
3055 5590 3194 5657 fato,
3234 5588 3316 5641 vel
3366 5583 3567 5640 fortius
3619 5582 3843 5636 fortuna

2215 5688 2419 5743 fatum.

2290 5781 2423 5836 F.M.
2451 5779 2554 5834 fati
2579 5795 2810 5845 munus,
2838 5780 2924 5834 vel
2948 5776 3069 5832 ﬁeri
3097 5775 3413 5830 mandavit.

2290 5874 2467 5929 F.M.I.
2499 5873 2597 5928 fati
2629 5889 2836 5928 munus
2863 5870 3139 5943 implevit.
