4050 6320
182 369 318 422 H89
1317 382 1721 440 OPUSCULUM
1761 385 1851 442 DE
1887 387 2078 444 NOTIS
2112 389 2436 458 ANTIQUIS.
3416 400 3550 453 1190

250 476 449 531 L.V.D.
480 478 643 533 ludus
668 482 755 535 vel
782 483 917 537 ludi.
1834 508 1893 578 Α
1984 495 2050 549 M.
2082 498 2144 552 X.
2174 513 2400 555 menses
2428 499 2652 554 decem.

250 568 552 626 LVD.SEC.
581 572 702 628 ludi
731 576 1049 633 saeculares.
1834 568 1893 578 "
1983 590 2186 649 MAXX.
2219 593 2455 650 maximi
2480 594 2539 649 in
2560 596 2946 653 multitudine.

246 662 767 723 LVD.SEC.FAC.C.
812 669 976 725 ludOs
1015 674 1317 732 saeculares
1360 676 1687 735 faciendum
1728 682 1814 735 vel
1978 683 2133 741 MET.
2160 687 2379 744 Metius.

171 754 461 813 faciendos
491 760 728 817 curavit.
1978 778 2144 835 MAN.
2175 781 2414 838 Manius.

243 849 460 906 LEG.X.
490 852 735 924 legionis
764 856 1022 914 decimae.
1978 871 2181 929 MILIT.
2203 876 2491 932 militavit.

242 942 490 1001 LEGJII.
521 946 769 1018 legionis
795 951 1001 1007 tertiae.
2699 959 2743 1012 Ν

241 1036 664 1095 LAT.P.VIII.S.
689 1042 871 1098 latum
900 1045 1072 1116 pedes
1104 1052 1231 1104 octo
1260 1055 1319 1105 et
1338 1052 1525 1106 semis.
1979 1061 2042 1114 N.
2065 1062 2277 1117 Nonius
2304 1064 2387 1119 vel
2415 1080 2553 1133 non,
2583 1067 2801 1131 noster,
2835 1080 3028 1137 nepos.

240 1129 619 1194 L.Q.ET.LIB.
648 1135 982 1209 libertisque
1012 1145 1069 1196 et
1096 1140 1425 1199 libertabus.
1976 1154 2110 1210 N.L.
2141 1156 2393 1211 nominis
2423 1129 2629 1215 Latini.

239 1224 365 1280 l..C.
393 1225 580 1282 Latini
606 1228 813 1298 coloni,
839 1234 925 1287 vel
943 1234 1145 1290 Lucius
1169 1237 1482 1295 Cornelius.
1977 1249 2179 1305 N.C.C.
2207 1266 2326 1305 non
2354 1252 2652 1308 calumniae
2683 1270 2869 1309 causa.

237 1317 365 1373 L.D.
396 1319 583 1391 legem
611 1321 712 1377 dat
740 1326 825 1380 vel
847 1325 1005 1381 locus
1032 1328 1277 1385 divinus.
1976 1341 2136 1397 NON.
2164 1342 2481 1399 Nonarum.
2690 1354 2695 1360 ‘

237 1411 364 1467 L.P.
396 1411 554 1468 locus
582 1417 798 1487 populi.
1974 1436 2038 1492 N.
2073 1436 2430 1493 numismatis
2455 1441 2540 1494 vel
2564 1456 2855 1496 nummus.

236 1504 362 1561 L.S.
391 1506 546 1562 locus
574 1510 659 1563 vel
684 1510 847 1566 lucus
876 1530 1052 1569 sacer.
1972 1530 2035 1584 Ν.
2064 1535 2259 1587 nostro
2285 1533 2370 1587 vel
2393 1532 2670 1604 Neptuno.

236 1598 486 1654 L.D.DD.
516 1600 709 1657 locum
735 1603 888 1661 dono
918 1607 1095 1662 dedit.
1971 1624 2171 1679 N.F.N.
2204 1625 2380 1680 nobili
2410 1598 2622 1682 familia
2653 1631 2841 1684 natus.
2927 1694 2933 1699 ,

234 1692 455 1748 l..PUB.
486 1695 687 1751 Lucius
716 1699 966 1755 Publius.
1970 1718 2142 1774 N.CL.
2172 1720 2320 1774 Nero
2348 1720 2639 1777 Claudius.

235 1785 363 1839 L.H.
393 1787 550 1842 locus
576 1789 877 1847 hasredum
912 1796 997 1849 vel
1021 1796 1210 1851 locum
1244 1798 1578 1855 liasredibus.
1819 1881 1857 1884 _
1968 1812 2103 1867 N.G.
2133 1813 2337 1867 nobilis
2363 1829 2597 1884 genere.

956 1917 1004 1971 Μ
1819 1881 1874 1951 Β
1967 1905 2246 1961 N.MACR.
2279 1881 2473 1962 Nonus
2501 1909 2793 1964 Macrinus.

231 2019 300 2073 Μ.
349 2021 581 2075 Marcus.
629 2025 717 2075 vel
768 2033 1230 2075 monumentum,
1293 2035 1375 2075 sm]
1428 2035 1638 2075 Mnninn
1713 2040 1798 2075 qm]
1968 1998 2182 2054 NEP‘S‘
2215 1999 2461 2071 Neptuni
2487 2002 2775 2057 sacellum'

231 2025 300 2073 M.
350 2025 581 2091 Marcus,
629 2025 717 2078 vel
768 2033 1233 2097 monumentum,
1293 2035 1375 2086 vel
1427 2035 1657 2103 Mucius,
1713 2040 1798 2092 vel
1968 2025 2182 2054 “nr‘D‘
2215 2025 2775 2107 “”P‘“"‘”°e“_“"f'

226 2111 337 2167 ille_
365 2116 450 2167 υρι
473 2121 722 2167 moneta
1967 2092 2187 2148 NN.PP.
2218 2096 2546 2150 nostrorum
2578 2112 2923 2167 principum.

158 2113 337 2180 mille,
365 2116 450 2170 vel
473 2121 722 2172 moneta.

229 2206 390 2261 MAX.
419 2209 707 2265 Maximus.
1967 2186 2119 2242 NEG-
2143 2187 2489 2259 negotiator-

226 2300 344 2354 MA.
376 2301 676 2359 Macuvius,
1965 2280 2093 2335 N.L.
2122 2296 2237 2336 non
2266 2281 2417 2337 licet.

227 2392 389 2448 MVN.
412 2396 724 2469 municipia
751 2401 839 2455 vel
864 2401 1182 2476 municeps.
1962 2374 2116 2485 E03:
2147 2374 2370 2485 nabilis'
2525 2472 2540 2485 ,
2673 2474 2682 2485 ,
2802 2472 2833 2485 η
2856 2472 2871 2485 .
2918 2472 2928 2482 .
3156 2476 3166 2485 .

725 2493 736 2504 .
841 2495 852 2505 .
1096 2468 1114 2508 :
1152 2498 1162 2509 .
1214 2499 1243 2509 ..
1962 2468 2132 2524 N.FC.
2167 2474 2424 2525 nostrum
2454 2472 2540 2526 vel
2563 2474 2773 2526 nostrae
2798 2472 2931 2528 ﬁdei
2961 2476 3345 2532 commissum.

225 2486 436 2543 M.E.M.
464 2505 775 2554 municipia
804 2509 926 2554 elus
951 2513 1266 2554 munlcmll.

681 2509 775 2563 pla
804 2509 926 2565 eJus
951 2513 1205 2570 mummp

224 2579 500 2647 MAG.EQ.
523 2585 793 2657 magister
831 2563 1108 2660 equitum.
1170 2563 1185 2570 -
2131 2579 2455 2660 ηυηίῖῑξθιων
2484 2580 2756 2635 nequam,
2789 2568 2875 2623 υθῖ
2897 2583 3201 2640 nusquam-

225 2672 365 2729 ΜΝ.
390 2656 641 2732 Μυιίυες
881 2656 901 2660 ”
1960 2656 2094 2711 Ν.Η.
2125 2661 2295 2713 notus
2325 2658 2521 2713 homo.

227 2766 362 2821 M.F.
385 2769 551 2824 Marci
577 2771 744 2828 ﬁlius.

1958 2750 2113 2805 NAT.
2144 2750 2369 2821 natalis,
2398 2753 2611 2808 natalia
2634 2757 2720 2809 vel
2745 2756 3020 2812 natalitia.

1958 2844 2115 2899 NAV.
2142 2860 2315 2901 naves
2336 2847 2422 2901 vel
2447 2852 2640 2902 nauta.

222 2860 359 2915 M.L.
387 2863 552 2918 Marci
578 2865 786 2937 liberti,
809 2871 894 2924 vel
912 2871 1107 2927 militis
1134 2875 1305 2948 locus,
1334 2878 1419 2931 vel
1451 2878 1604 2933 mille
1627 2880 1786 2950 quin-

152 2954 450 3025 quaginta.

220 3048 361 3104 M.N.
391 3066 520 3107 meo
547 3055 802 3111 nomine.

220 3142 334 3196 MV.
367 3143 423 3197 [θ’.
453 3145 609 3201 Mutii
634 3148 801 3204 ﬁlius.

1956 2938 2109 2993 NVP.
2140 2938 2377 3011 nuptiae.
2556 2992 2561 2999 .

1955 3031 2206 3088 NATOR.
2236 3036 2527 3090 natorum.

1955 3125 2251 3180 N.FA.NA.
2280 3127 2463 3182 nobili
2495 3128 2716 3185 familia
2747 3132 2930 3186 natus.

219 3250 285 3304 Ν.
316 3236 537 3293 mulier.
1806 3256 1859 3329 ρ
2576 3260 2824 3316 Additz'o.

218 3329 352 3385 M.S.
380 3334 671 3390 mensibus
699 3339 783 3393 vel
807 3355 1051 3397 menses.
1955 3341 2106 3395 ΝΕΡ-
2129 3340 2443 3412 Neptunus.

213 3423 436 3480 MNF.L.
468 3429 806 3486 manifestus
835 3433 1010 3490 locus.
1954 3434 2067 3488 ΝΒ·
2100 3434 2268 3489 Nero-

216 3517 351 3573 M.P.
378 3521 463 3575 vel
487 3521 636 3578 POS.
668 3541 924 3581 mensam
963 3531 1168 3600 posuit.
1952 3528 2104 3583 NAC-
2136 3532 2356 3583 nactus-

213 3611 348 3667 MlL.
377 3614 559 3670 miles.
1950 3622 2263 3677 NEP.RED.
2297 3622 2559 3693 Neptuno
2588 3624 2804 3678 reduci.

211 3705 345 3762 ΜΒ.
376 3715 822 3768 monumentum
848 3717 1099 3774 condidit
1128 3723 1211 3774 vel
1235 3725 1597 3779 consecravit.
1948 3716 2080 3771 N-L-
2105 3731 2223 3770 Ποη
2246 3715 2447 3787 liquet.

210 3799 256 3853 Μ
266 3800 449 3856 .MAN.
485 3804 700 3859 Marcus
726 3806 980 3864 Manlius.
1947 3809 2104 3865 ΝΟΝ.
2130 3808 2320 3864 Nonis-

208 3893 350 3949 M.N.
379 3896 556 3951 millia
586 3914 978 3959 nummorum.
1254 3965 1267 3977 κ
1946 3903 2054 4005 NV.
2084 3903 2289 3959 Numa.
2350 3984 2358 4005 Ι

209 3987 352 4042 M.R.
384 3989 585 4045 militia
610 3993 975 4052 Ravennatis.
1945 3998 2008 4051 Ν.
2043 4013 2336 4053 numerus.

207 4080 429 4137 M.POP.
464 4084 679 4142 Marcus
706 4089 971 4161 POpilius.
1944 4092 2262 4147 NON.APR.
2293 4091 2465 4147 Nonis
2490 4092 2719 4165 Aprilis.

204 4175 440 4231 M.AEM.
469 4179 684 4235 Marcus
712 4184 985 4242 Emilius.

1175 4380 1416 4451 Lepidus
1486 4384 1765 4442 civitatem
1932 4350 2116 4451 .O_i_vel
2138 4350 2242 4405 0p.
2278 4350 2513 4421 Optimo,
2533 4350 2617 4404 vel
2642 4350 2805 4421 ordo,
2832 4353 2918 4406 vel
2943 4357 3226 4424 opertum,
3255 4362 3499 4415 mortem

132 4456 293 4527 Regii
323 4458 672 4518 instauravit.
1252 4443 1265 4451 ’
1866 4443 2055 4499 ευδίίῐο

2670 4240 2712 4293 Ο

202 4551 402 4606 M.C.F‘.
437 4557 640 4611 mortis
665 4576 836 4616 causa
859 4562 1008 4621 fecit.
1780 4628 1839 4699 D
1932 4538 2349 4703 gg'POp:;:;;O
2375 4629 2617 4703 principi

817 4689 1069 4748 Additio.
1780 4689 1831 4699 ”
1934 4726 2048 4781 on.
2079 4689 2298 4781 ornato.

196 4790 356 4847 MAG.
391 4794 667 4866 magister
684 4800 770 4854 vel
793 4803 1179 4874 magistratus.
1931 4818 2184 4875 OB.M.E.
2216 4819 2289 4873 ob
2321 4818 2527 4874 merita
2557 4818 2699 4889 ejus.

194 4884 314 4940 MO.
344 4895 786 4948 monumentum
806 4898 893 4951 vel
918 4904 1165 4957 moneta.
1932 4914 2312 4968 OB.M.P.E.C.
2341 4912 2413 4967 ob
2442 4884 2649 4967 merita
2677 4912 2905 4983 pietatis
2929 4918 2984 4969 et
3011 4919 3344 4973 concordiae.

193 4979 331 5035 M.P.
359 4981 571 5039 Marcus
595 4986 886 5045 Pacuvius.
1930 5007 2181 5063 OM.V.F.
2215 5006 2483 5062 omnibus
2511 5005 2644 5061 viris
2662 4979 2815 5061 fecit.

192 5073 327 5129 M.C.
356 5075 573 5133 Marcus
597 5080 791 5138 Cicero
820 5086 906 5140 vel
930 5089 1066 5144 Cato
1087 5091 1171 5146 vel
1197 5090 1552 5165 Calpurnius.
1926 5101 2034 5157 OB.
2068 5100 2268 5157 obiter.

192 5166 419 5225 MER.S.
447 5172 723 5231 Mercurio
753 5195 998 5237 sacrum.
1926 5196 2111 5252 0R.M.
2142 5194 2285 5250 ordo
2310 5194 2582 5251 militum.

191 5260 239 5314 Μ
249 5261 333 5316 .Η.
363 5279 605 5337 magnus
630 5269 820 5327 homo.
1924 5290 2244 5346 ORB.PAR.
2274 5288 2460 5344 orbati
2487 5293 2773 5361 parentes.

188 5355 304 5412 M.l.
335 5360 587 5416 maximo
614 5365 757 5421 Jovi.
1924 5384 2121 5439 O.V.D.
2155 5383 2313 5439 omni
2341 5355 2536 5438 virtuti
2563 5383 2782 5439 dedito.

188 5449 331 5506 M.R.
359 5452 525 5510 miles
554 5456 862 5517 Romanus.
2542 5477 2788 5534 Additio.

186 5543 388 5600 M.S.P.
418 5560 863 5612 monumentum
892 5575 1057 5615 suum
1085 5564 1171 5618 vel
1194 5569 1482 5625 memoriae
1511 5588 1626 5626 suae
1658 5591 1751 5645 ρο·
1921 5574 2060 5629 Ο.Μ.
2094 5572 2343 5645 optimus
2367 5571 2670 5628 maximus.

118 5637 246 5693 εαίῐ·
1658 5637 1673 5645 ’
1922 5637 2365 5738 O.P.F..optimo
2391 5665 2635 5738 principi
2662 5665 2815 5733 fecit,
2848 5667 2933 5721 vel
2968 5668 3238 5739 patrono,
3267 5671 3350 5725 vel
3379 5690 3480 5745 pa-

184 5732 321 5789 M.B.
348 5738 435 5791 vel
460 5738 687 5798 MVL.B.
716 5746 924 5803 mulier
948 5748 1117 5806 bona.
1849 5767 1997 5817 truo.
2184 5732 2201 5738 ’
2393 5732 2412 5738 ’
2580 5732 2621 5787 ἠ

184 5826 417 5886 M.AVR.
441 5832 653 5890 Marcus
671 5838 951 5899 Aurelius.
1918 5855 2067 5909 OPP.
2087 5856 2382 5927 oppidum.

188 5920 327 5978 M.M.
362 5925 586 5982 milites.
1919 5920 2342 6004 O.V.F.-omnia
2368 5949 2559 6003 vivens
2590 5922 2741 6005 fecit.
