4050 6316
272 376 405 427 “97

1532 369 1661 422 :EVI
1699 365 2013 422 CAROLlNl
2049 365 2366 420 CARMINA.

3493 362 3622 412 “98

267 481 426 535 Hunc
485 477 832 551 pulchreque
885 493 1122 548 gregem
1183 476 1392 532 librum
1444 477 1596 532 intra
1650 475 1896 531 scribere
1917 486 1977 559 Α
1995 473 2145 538 Quos
2175 475 2231 527 te
2257 472 2426 527 corde
2448 474 2546 525 tuo
2573 471 2706 526 satis
2732 472 3057 541 acceptasse
3083 469 3298 524 fateris.

1608 572 1624 641 [
1633 570 1655 641 j
1666 570 1821 628 ussit.

269 666 448 736 Ipsius
474 665 667 720 ornari
691 682 830 720 auro
863 669 922 720 et
948 666 1182 737 picturis
1205 665 1553 731 venerande,

270 762 339 814 Ut
365 763 568 813 notum
590 759 761 814 faciat
785 764 1064 831 quantum
1091 759 1271 830 pollet
1294 759 1446 813 locus
1472 758 1585 813 ille.

270 854 380 908 Sed
410 853 655 924 Sigilaus
684 869 887 924 parens
910 853 1079 924 jussis
1103 853 1256 924 regis
1297 851 1544 906 studiose

268 949 383 1001 Hoc
416 947 786 1018 Evangelium
811 947 925 1002 illic
957 951 1141 1002 totum
1168 946 1417 1001 scribere
1435 946 1628 1016 jussit.

269 1041 586 1112 Praescripti
616 1046 787 1113 atque
819 1041 1012 1113 gregis
1040 1041 1216 1096 voluit
1239 1043 1416 1096 frater
1439 1040 1557 1094 fore
1582 1042 1786 1105 Caesar,

269 1133 493 1190 Scilicet
521 1137 581 1188 ut
605 1135 835 1190 humilis
857 1135 1072 1189 donum
1092 1134 1393 1206 capiatque
1415 1150 1748 1205 supernum.

271 1230 484 1300 Nempe
510 1229 631 1299 ipse
655 1245 798 1300 grex
823 1233 940 1284 toto
967 1229 1094 1284 nisu
1117 1228 1602 1300 cunctipotentem

265 1325 374 1377 Pro
409 1321 615 1377 virtute
644 1323 885 1395 Augusti
913 1327 970 1378 et
993 1323 1369 1395 prosperitate
1392 1323 1656 1394 perenni,

267 1419 374 1471 Pro
405 1417 730 1472 veneranda
761 1421 817 1473 et
842 1418 1083 1488 conjuge
1109 1433 1333 1472 necnon
1356 1418 1514 1488 prole
1544 1421 1819 1488 precatur.

268 1511 456 1565 Pictus
482 1511 725 1565 habetur
751 1510 821 1566 ob
847 1511 956 1566 hoc
985 1527 1206 1567 necnon
1236 1527 1335 1566 rex
1362 1511 1568 1582 pagina
1597 1511 1655 1564 in
1677 1510 1804 1578 ista,

267 1605 340 1659 Ut
388 1603 642 1676 quisquis
691 1606 910 1660 vultum
961 1605 1200 1676 Augusti
1254 1605 1343 1660 hic
1398 1604 1758 1675 conspexerit
1799 1620 1896 1659 un-

1608 1697 1822 1770 [quam,

270 1794 525 1865 Supplex
550 1794 670 1865 ipse
696 1796 808 1850 Deo
837 1795 984 1850 dicat
1002 1794 1220 1867 [:Laus]
1254 1792 1677 1865 Cunctipotenti
1703 1810 1716 1860 ;

268 1888 562 1942 Lotharius
584 1888 839 1960 requiem
867 1892 1155 1944 mereatur
1178 1888 1390 1944 habere
1416 1903 1752 1960 perennem,

267 1983 374 2036 Per
412 1982 714 2038 Dominum
751 1986 1010 2038 nostrum
1057 1983 1365 2050 Christum,
1405 1983 1502 2054 qui
1542 1984 1746 2054 regnat
1773 1979 1894 2036 ubi-

1671 2076 1803 2148 [que
1821 2124 1823 2126 -

1043 2160 1117 2222 Il.

1998 566 2242 638 Corripis
2269 571 2325 622 et
2347 564 2610 638 reprimi:
2639 580 2784 637 quos
2808 563 3065 636 corrigis,
3093 563 3268 635 erigis
3300 578 3480 634 eaque.

2000 663 2236 717 Exerces
2271 665 2506 716 cunctos
2535 660 2731 715 animo
2757 676 2902 732 quos
2933 653 3121 730 diligis
3145 658 3296 712 almo
3328 674 3340 712 :

1999 755 2220 810 Viribus
2247 757 2302 810 et
2329 754 2527 811 validis
2552 755 2788 810 virtutes
2819 756 2978 825 grata
3007 751 3312 807 ministras.

1999 849 2361 921 Displicuisse
2399 854 2604 921 putant
2629 847 2820 904 stolidi
2847 864 2987 919 quos
3025 845 3214 917 diligis
3242 846 3376 899 imo.

1998 945 2115 999 Rex
2146 944 2416 999 Salomon
2448 944 2720 1015 quoniam
2754 947 2923 1014 potus
2947 947 3046 997 tua
3072 941 3220 996 dona
3246 939 3463 1011 petivit,

1999 1040 2068 1093 Ut
2091 1037 2311 1109 sapiens
2338 1041 2526 1110 posset
2550 1037 2695 1108 ﬁeri,
2724 1036 3044 1108 praecelsior
3073 1034 3200 1088 ullis

1998 1132 2246 1204 Regibus
2276 1132 2545 1202 existens,
2579 1131 2780 1204 opibus
2809 1130 3052 1203 pollebat
3077 1128 3303 1200 opimis,

1995 1231 2322 1304 Judicioque
2348 1234 2476 1287 rato
2505 1236 2693 1286 tecum
2720 1232 2872 1286 bona
2897 1229 3146 1301 plurima
3171 1227 3374 1293 sanxit,

1997 1326 2370 1397 Doctrinaque
2398 1329 2495 1380 tua
2524 1325 2803 1380 mundum
2832 1323 3119 1380 redimivit
3145 1320 3396 1387 abunde,

1995 1420 2290 1475 Miriﬁcum
2310 1419 2780 1491 Domino:meruit
2798 1435 3027 1491 quoque
3053 1417 3302 1473 condere
3323 1414 3626 1486 templum,

1996 1517 2040 1569 A
2066 1519 2122 1569 te
2151 1513 2441 1581 secedens,
2472 1514 2531 1568 in
2557 1531 2615 1570 se
2644 1512 2944 1584 dispendia
2970 1529 3184 1584 passus,

1995 1611 2216 1680 Dogma
2243 1608 2399 1680 quod
2424 1607 2686 1664 exhausit
2710 1607 2782 1661 de
2811 1611 2885 1675 te,
2909 1622 3012 1678 per
3039 1607 3243 1660 saecula
3263 1606 3435 1659 lucet.

1995 1706 2220 1775 Ergone
2250 1706 2369 1758 tute
2397 1706 2566 1756 tuum
2594 1701 2863 1757 Carolum
2895 1717 3011 1755 non
3044 1699 3228 1772 diligis
3259 1699 3405 1753 ultro
3425 1699 3452 1752 ‘1’

1995 1801 2080 1854 An
2107 1796 2408 1852 hominum
2435 1796 2705 1867 cuiquam
2734 1795 2939 1850 humili
2959 1795 3023 1849 ﬁt
3042 1793 3213 1848 corde
3233 1792 3511 1848 secundus
3532 1791 3558 1844 ?

1916 1870 1973 1942 Β
1996 1894 2080 1947 An
2101 1892 2315 1963 pietate
2342 1891 2488 1945 calet
2516 1889 2804 1961 caluitque
2831 1891 2990 1943 tanta
3015 1888 3104 1943 vel
3129 1887 3270 1942 alter
3297 1886 3324 1940 ‘?

1993 1986 2099 2050 Qui
2128 2000 2452 2040 memorans
2484 1984 2624 2038 adeo
2654 1987 2982 2037 cunctarum
3014 1986 3243 2052 pectore
3273 1997 3466 2035 rerum

1994 2081 2064 2134 Ut
2089 2078 2232 2134 nihil
2259 2077 2517 2133 auditum
2543 2077 2629 2132 vel
2654 2077 2837 2131 visum
2867 2075 3075 2130 oblivio
3102 2078 3312 2146 carpat.

1996 2173 2231 2246 Propria
2256 2172 2373 2227 sola
2397 2173 2538 2227 latet
2562 2170 2754 2226 delata
2777 2169 2992 2241 injuria
3021 2173 3234 2224 mente.

283 2275 509 2336 Versus
561 2277 628 2337 in
669 2277 886 2354 fronte
927 2275 1294 2339 Bibliorum
1331 2276 1534 2355 positi
1574 2283 1646 2355 et,
1679 2275 1898 2336 aureis
1996 2270 2082 2322 An
2120 2267 2190 2322 de
2215 2266 2451 2337 iustitiae
2478 2265 2662 2320 dicam
2694 2264 2962 2319 δίὶθθῐηνθ
2989 2267 3187 2318 tenore
3213 2264 3241 2317 ‘-’

349 2355 576 2434 litteris
632 2357 894 2417 exarati
933 2357 1002 2417 in
1047 2354 1477 2418 vetustissimo
1524 2354 1736 2416 codice
1774 2371 1893 2416 ms.

348 2435 988 2529 monasterizlsagzcti
1033 2436 1358 2529 Dionysii,
1413 2436 1533 2516 qui
1576 2453 1748 2496 nunc
1795 2453 1898 2496 ex-

346 2523 474 2578 stat
509 2517 578 2578 in
617 2515 996 2579 bibliotheca
1039 2515 1266 2596 Regia.

872 2620 1107 2689 [Baluz.,
1134 2621 1294 2690 ibid.]

267 2738 557 2793 Biblorum
580 2737 788 2793 seriem
808 2737 1036 2792 Carolus
1063 2753 1167 2792 rex
1189 2737 1434 2808 inclytus
1464 2737 1626 2792 istam

267 2830 537 2888 Contexit
559 2831 760 2902 chryso
785 2830 957 2886 corde
983 2831 1174 2886 colens
1199 2831 1453 2886 catharo.

265 2927 310 2981 Ο
332 2924 594 2980 miranda
617 2924 789 2979 nimis
818 2925 1044 2979 Domini
1077 2925 1356 2996 sapientia
1379 2926 1608 2992 summi,

262 3023 398 3083 Quae
422 3035 672 3090 praesens
702 3019 898 3074 aderat
924 3019 1064 3073 dum
1091 3020 1257 3074 coelos
1287 3019 1410 3090 ipse
1439 3019 1714 3089 parabat!

267 3115 378 3168 Nec
402 3112 704 3183 spectanda
732 3112 922 3167 minus
948 3112 1104 3184 quod
1132 3112 1208 3167 sic
1235 3112 1536 3184 disponere
1566 3117 1764 3169 cuncta

265 3207 478 3262 Ordine
505 3207 816 3278 composito
846 3206 1026 3261 nostri
1053 3207 1157 3261 sub
1176 3207 1309 3278 jure
1335 3211 1553 3278 coapto.

263 3303 343 3355 Tu
371 3299 556 3355 stellas
581 3300 754 3354 stellis
782 3299 1187 3371 interposuisse
1217 3300 1445 3367 videris,

265 3395 532 3449 Sidereas
554 3394 708 3449 vario
739 3410 1079 3465 expungens
1106 3394 1428 3449 discrimine
1458 3397 1654 3456 metas,

265 3487 598 3542 Luminibus
623 3487 839 3542 cunctis
865 3490 1115 3543 statuens
1140 3503 1472 3559 praeponere
1497 3489 1696 3542 solem.

263 3585 345 3636 'l‘u
371 3597 601 3653 quoque
630 3581 908 3636 circuiens
933 3581 1060 3636 caeli
1087 3581 1166 3635 sic
1191 3581 1445 3652 undique
1474 3597 1698 3652 gyrum,

265 3675 476 3730 Nexisti
506 3675 756 3730 mediam
781 3673 1030 3730 convexo
1060 3674 1283 3729 climate
1311 3678 1544 3728 terram.

263 3773 344 3824 Tu
368 3786 527 3825 mare
553 3769 892 3825 ﬂuctiﬂuum
915 3768 1096 3823 divisa
1121 3773 1280 3840 parte
1305 3769 1519 3823 locasti.

265 3864 516 3918 Diversas
541 3867 739 3934 gentes
769 3863 994 3919 habitus
1019 3863 1098 3916 sic
1129 3878 1370 3934 mosque
1397 3868 1710 3918 reservant.

263 3957 372 4014 Sed
392 3962 452 4013 tu
479 3957 789 4029 primatum
818 3957 1034 4012 cunctis
1060 3957 1118 4011 in
1157 3957 1420 4028 gentibus
1452 3973 1680 4028 aequum

264 4053 391 4108 Sola
422 4055 603 4118 tenes,
631 4052 862 4122 propria
886 4052 1209 4122 reprimans
1234 4051 1442 4106 virtute
1471 4052 1757 4123 superbos.

265 4145 516 4217 Regibus
549 4152 604 4198 et
630 4143 825 4213 regnis
855 4159 1077 4214 semper
1104 4147 1166 4199 tu
1188 4146 1324 4216 jura
1351 4145 1586 4214 dedisti;

263 4238 456 4293 Paruit
479 4242 646 4308 atque
675 4236 787 4290 tuis
813 4237 1067 4309 quisquis
1093 4237 1163 4293 de
1193 4239 1426 4309 regibus
1451 4240 1611 4307 orsis,

264 4332 522 4388 Culmine
553 4330 780 4386 sublimi
805 4332 1007 4387 micuit
1029 4332 1326 4387 sublimior
1359 4333 1497 4402 ipse.

265 4427 473 4481 Felices
498 4425 652 4494 dicti,
678 4425 868 4480 felices
894 4429 1026 4480 sunt
1053 4443 1280 4497 quoque
1310 4426 1459 4478 facti.

265 4521 486 4590 Quique
512 4520 726 4575 haesere
759 4519 882 4588 tibi,
912 4524 1008 4573 tua
1037 4519 1154 4573 laus
1181 4524 1237 4573 et
1277 4519 1456 4589 gloria
1480 4522 1744 4589 regnant.

263 4614 549 4669 Biblorum
577 4615 720 4670 serie
747 4614 817 4669 de
847 4612 1039 4667 multis
1066 4613 1246 4666 multa
1268 4612 1553 4666 feruntur.

263 4707 540 4764 Correctis
566 4707 711 4772 aliis,
740 4706 1059 4779 reprobatis
1083 4706 1330 4777 denique
1357 4705 1567 4760 multis.

261 4802 544 4866 Quosdam
573 4800 826 4873 gloriﬁco
850 4800 1050 4856 rexisti
1074 4799 1306 4856 nomine
1334 4815 1516 4870 reges.

262 4895 370 4951 Sed
397 4911 644 4949 servasse
675 4899 838 4949 tuum
867 4894 1093 4952 tibimet
1119 4894 1438 4967 specialiter
1465 4909 1644 4948 unum

260 4994 337 5043 Ac
365 4989 660 5060 proprium
687 4989 953 5044 Carolum
978 4991 1152 5046 claret
1180 4988 1526 5061 sapientibus
1549 4988 1719 5056 orbis,

266 5084 446 5146 Quem
477 5083 655 5138 solem
682 5084 868 5138 solum
896 5084 1081 5154 regali
1106 5083 1393 5139 schemate
1420 5083 1656 5151 clarum,

266 5176 501 5231 Lumine
529 5177 903 5248 conspicuum
931 5178 1113 5249 ponis,
1143 5177 1442 5249 sapientia,
1481 5178 1747 5248 primum.

266 5273 422 5326 Nunc
447 5272 579 5326 licet
601 5275 772 5342 atque
799 5271 938 5326 libet
966 5272 1205 5326 scrutari
1234 5271 1490 5327 funditus
1518 5271 1680 5326 illum

267 5364 390 5420 Rite
415 5365 648 5420 modum
676 5381 840 5436 reges
868 5365 970 5419 tibi
995 5381 1106 5436 quo
1133 5366 1410 5436 placuisse
1443 5366 1701 5420 sciuntur
1725 5383 1737 5419 :

265 5459 467 5531 Sicque
495 5465 623 5514 tuus
649 5459 755 5515 dici
785 5458 1014 5514 Carolus
1039 5460 1125 5512 vel
1157 5459 1337 5530 possit
1363 5460 1585 5528 haberi,

268 5554 556 5609 Pandatur
579 5553 782 5609 saltem
811 5551 1003 5624 paucis
1031 5553 1376 5625 rudibusque
1403 5553 1662 5623 loquelis.

271 5648 446 5703 Fortis
472 5663 722 5719 namque
748 5645 917 5702 David
945 5663 1050 5719 per
1079 5650 1133 5701 te
1160 5647 1424 5718 regnavit
1447 5649 1507 5700 et
1532 5646 1668 5717 egit,

268 5743 443 5796 Arma
463 5741 785 5811 beatorum,
813 5757 1036 5797 necnon
1066 5742 1124 5795 et
1149 5757 1353 5795 norma
1377 5756 1632 5809 reorum,

272 5837 430 5891 Stare
475 5835 678 5890 docens
717 5839 961 5903 sanctos,
1008 5851 1317 5905 rursusque
1357 5848 1660 5904 resurgere
1693 5835 1896 5905 lapsos.

269 5930 388 5983 Non
418 5928 622 6001 pateris
651 5930 892 5985 humiles
919 5930 1145 6005 penitus
1176 5932 1255 5997 tu,
1288 5931 1498 5994 sancta,
1532 5928 1737 6000 perire,

1917 3249 1971 3322 C

1998 2362 2056 2418 Si
2088 2361 2228 2434 quid
2253 2361 2398 2416 forte
2427 2360 2638 2428 minus,
2666 2358 2864 2425 fateor,
2893 2356 3183 2412 miseratio
3209 2356 3381 2412 vincit

1997 2457 2095 2511 Eia
2125 2472 2250 2527 age,
2287 2471 2487 2526 prome
2533 2469 2766 2508 manum
2807 2453 3045 2523 largam,
3078 2467 3188 2506 vox
3213 2451 3396 2506 libera
3427 2450 3579 2506 dictu
3615 2469 3628 2505 :

1995 2549 2175 2605 Testis
2208 2549 2317 2604 erit
2340 2564 2505 2604 verax
2530 2563 2683 2602 nunc
2711 2546 3003 2618 orphanus
3026 2550 3196 2617 atque
3225 2544 3492 2616 pupillus.

1998 2644 2088 2699 Sic
2113 2642 2319 2698 merito
2344 2644 2581 2697 cunctos
2611 2641 2853 2697 istorum
2872 2639 3104 2695 nomine
3124 2639 3306 2711 signo,

1996 2740 2148 2792 Dum
2176 2753 2291 2792 non
2323 2735 2602 2808 excipitur
2620 2735 2943 2808 quisquam,
2974 2750 3080 2790 nec
3106 2733 3339 2806 pellitur
3364 2749 3625 2805 usquam.

1997 2834 2110 2886 Nec
2136 2846 2293 2886 mare
2318 2832 2598 2902 praeterea
2625 2829 2852 2885 fervens
2880 2828 2939 2883 in
2979 2829 3208 2900 gurgite
3237 2831 3396 2882 vasto

1998 2927 2156 2981 Hanc
2171 2925 2422 2980 retinere
2442 2940 2677 2979 manum
2697 2922 2881 2994 potuit
2899 2922 3225 2994 poteritque
3246 2922 3336 2977 vel
3354 2937 3626 2994 unquam.

1997 3021 2239 3075 Diversa:
2267 3019 2377 3074 hoc
2401 3018 2612 3090 linguae
2639 3017 2862 3072 diversa
2889 3020 3051 3088 parte
3075 3017 3388 3088 loquuntur
3422 3032 3434 3070 :

1999 3114 2214 3170 Diversi
2243 3129 2435 3168 mores
2459 3111 2698 3168 laudant
2728 3111 3083 3167 concorditer
3110 3111 3318 3182 ipsam.

1999 3208 2146 3264 Felix
2175 3224 2312 3279 ergo
2340 3223 2566 3274 manus,
2590 3207 2688 3261 sed
2715 3221 2878 3261 mens
2903 3204 3146 3260 feliciter
3169 3205 3343 3276 hujus

1997 3304 2216 3372 Pauper
2238 3317 2366 3372 quae
2393 3301 2579 3372 potius
2611 3315 2804 3354 secum
2833 3297 2970 3370 quin
2996 3301 3219 3354 constat
3248 3315 3448 3370 egena,

1996 3398 2116 3451 Non
2147 3395 2342 3450 inﬂata
2370 3397 2600 3449 tumens
2629 3393 2838 3465 regalis
2865 3394 3162 3448 stemmate
3183 3392 3320 3464 typi.

1997 3489 2106 3544 Sed
2135 3505 2263 3543 caro
2292 3487 2430 3543 dum
2460 3487 2707 3558 gemmis
2732 3503 2987 3558 auroque
3017 3489 3220 3541 ornata
3249 3486 3516 3557 refulget,

1996 3583 2124 3637 Haec
2153 3598 2345 3637 secum
2369 3597 2598 3653 semper
2625 3580 2937 3636 meditatur
2961 3583 3126 3636 nocte
3151 3580 3376 3652 dieque,

1997 3676 2258 3731 Lucidior
2281 3676 2505 3734 Christo
2531 3691 2646 3747 quo
2674 3676 2795 3730 sole
2823 3674 3186 3746 resplendeat
3209 3675 3355 3747 ipso.

1997 3770 2198 3842 Sicque
2219 3775 2383 3825 tuum
2411 3770 2674 3826 Carolum
2695 3769 2858 3838 facis,
2884 3785 2918 3823 o
2947 3769 3250 3840 sapientia,
3282 3770 3481 3826 solem.

1996 3865 2209 3935 Nempe
2235 3863 2334 3918 ubi
2361 3864 2684 3930 thesaurus,
2722 3879 2817 3916 cor
2843 3863 2921 3917 ibi
2963 3863 3084 3916 fore
3122 3862 3230 3918 rite
3258 3864 3550 3935 probatur,

1995 3957 2163 4022 Quod
2189 3957 2358 4029 hujus
2387 3957 2623 4013 domino
2661 3972 2890 4027 semper
2915 3962 3238 4012 constanter
3263 3959 3514 4014 adhaeret
3535 3977 3551 4027 ;

1996 4054 2059 4108 In
2085 4069 2199 4125 quo
2228 4051 2506 4124 quidquid
2533 4051 2728 4120 habet,
2761 4051 2908 4106 dulci
2936 4051 3147 4122 pietate
3175 4052 3444 4107 recondit.

1997 4147 2145 4211 Quid
2173 4147 2220 4201 si
2246 4163 2398 4201 nunc
2423 4146 2614 4218 ipsum
2641 4145 2808 4200 terris
2833 4145 2892 4199 in
2920 4162 3089 4201 carne
3115 4146 3337 4200 videret
3364 4146 3391 4200 ?

1996 4241 2117 4304 Quo
2143 4241 2246 4294 sub
2271 4256 2467 4294 amore
2499 4240 2689 4310 pedes,
2722 4255 2836 4309 quo
2860 4244 2990 4294 voto
3015 4239 3218 4309 figeret
3246 4240 3350 4305 ori,

1993 4333 2228 4397 Quando
2256 4333 2444 4387 datam
2470 4333 2660 4403 legem
2687 4335 2846 4386 tanto
2871 4337 3170 4388 veneratur
3197 4334 3446 4401 honore;

1996 4426 2143 4490 Quid
2167 4427 2236 4481 de
2262 4425 2592 4496 evangelico
2618 4428 2779 4480 textu
2808 4425 3100 4496 replicabo
3129 4427 3366 4482 colendo
3387 4429 3414 4480 ?

1995 4521 2076 4574 En
2103 4519 2254 4590 ipsos
2278 4517 2466 4589 apices
2493 4519 2740 4589 gemmis
2763 4519 3079 4574 circumdat
3099 4523 3156 4574 et
3177 4536 3340 4575 auro.

1912 4619 1972 4690 D
1994 4615 2036 4670 Ο
2062 4616 2276 4685 quanto
2307 4613 2596 4668 Christum
2629 4629 2794 4667 mens
2819 4612 3033 4667 fervida
3060 4611 3246 4684 diligit
3275 4614 3401 4681 ista,

1993 4708 2163 4779 Cujus
2187 4723 2383 4763 amore
2415 4706 2522 4761 sibi
2551 4707 2826 4761 vilescunt
2852 4707 3041 4761 omnia
3064 4707 3265 4762 mundi
3290 4708 3302 4761 ι

1993 4803 2088 4855 Est
2111 4802 2310 4856 modus
2357 4805 2418 4855 ut
2458 4817 2564 4856 nec
2594 4800 2808 4855 habens
2832 4800 3058 4869 habeat,
3091 4817 3195 4857 nec
3225 4801 3436 4857 habere
3465 4803 3623 4874 cupi-

3383 4897 3519 4968 [scat
3543 4915 3556 4963 ;

1994 4993 2091 5047 Est
2109 4995 2164 5046 et
2192 4990 2408 5046 habens
2435 4989 2580 5045 sicut
2607 5005 2711 5044 nec
2741 4989 2978 5059 habens,
3011 4989 3110 5045 sed
3139 4995 3196 5046 et
3223 4992 3422 5061 erogat
3450 4991 3620 5046 ultro.

1997 5087 2101 5139 Ista
2125 5084 2311 5139 virum
2335 5084 2513 5138 virtus
2543 5083 2826 5155 condigno
2850 5083 3083 5139 nomine
3113 5084 3310 5139 comit.

1999 5180 2138 5233 Ecce
2169 5181 2332 5250 patet
2361 5179 2629 5233 Salomon
2659 5178 2951 5250 quoniam,
2982 5195 3015 5232 ο
3042 5178 3342 5250 sapientia,
3376 5185 3549 5236 temet

1998 5275 2120 5328 Non
2147 5274 2274 5344 plus
2301 5271 2495 5328 dilexit
2519 5272 2718 5327 Carolo
2749 5273 2871 5327 sine
2897 5273 3009 5327 fine
3039 5272 3283 5328 beando.

1997 5370 2078 5423 Tu
2106 5381 2331 5439 quoque
2355 5382 2459 5421 nec
2489 5366 2661 5421 David
2688 5365 2968 5437 tantisper
2988 5382 3231 5438 quaeque
3252 5367 3517 5439 probasti.

2002 5464 2152 5517 Inter
2180 5477 2308 5533 quae
2337 5461 2604 5533 quaedam
2635 5460 2705 5514 de
2734 5461 2984 5530 quodam
3021 5461 3200 5532 gratia
3234 5463 3382 5517 facto

2000 5556 2169 5610 Multa
2196 5554 2296 5609 tibi
2324 5558 2440 5610 toto
2468 5554 2712 5610 debetur
2737 5552 2909 5608 corde
2943 5554 3199 5610 ferenda.

2000 5648 2205 5704 Amisit
2234 5649 2409 5705 David
2436 5663 2683 5720 regnum
2707 5663 3018 5719 rursusque
3043 5649 3274 5719 recepit.

2002 5744 2176 5798 Morte
2203 5747 2396 5798 tamen
2418 5741 2594 5814 geniti
2617 5741 2872 5797 tristatus
2889 5741 3054 5796 valde
3081 5741 3344 5798 dolebat:

2002 5838 2195 5906 Tuque
2222 5840 2318 5891 tuo
2343 5838 2546 5893 Carolo
2574 5836 2849 5908 reparasti
2874 5852 3050 5906 regna
3091 5841 3346 5907 paterna.

2001 5929 2112 5986 Nec
2144 5928 2304 5985 dolor
2326 5932 2575 6002 accessit,
2609 5931 2704 5988 sed
2735 5947 2902 5986 amor
2932 5931 3223 5987 fraternus
3253 5931 3511 5989 adhaesit.
