4050 6316
419 360 548 411 1199

406 467 563 523 Unde
595 472 760 523 tuum
789 468 1055 523 Carolum
1085 484 1315 539 semper
1344 468 1593 524 servabis
1618 470 1847 541 ubique.

406 563 555 633 Ergo
586 578 689 618 nec
718 562 870 618 hunc
895 561 1087 631 David,
1119 578 1226 617 nec
1248 564 1275 618 ,Ι
1281 563 1354 618 ob
1384 563 1569 635 magis
1595 579 1714 619 esse
1740 564 2002 636 probatos

406 659 654 728 Apparet
677 656 867 728 plane,
899 673 1003 728 pro
1032 660 1088 713 te
1117 672 1220 713 nec
1246 656 1407 729 plura
1440 657 1655 714 tulisse.

410 750 631 814 Quanta
662 752 790 807 tuus
819 751 1070 821 Carolus,
1101 750 1277 819 mitis,
1308 750 1436 822 pius
1461 755 1637 823 atque
1662 752 1965 824 benignus,

481 867 699 923 sobrius
861 868 1083 939 sapiens
1265 868 1426 923 fortis
1561 873 1728 940 atque
1797 870 2003 941 justus.

406 961 754 1011 ΝΗΦΔΔΕΟΟ
789 961 1125 1011 ΦΡΟΝΙΜΟΟ
1151 962 1514 1013 (ΞΠΟΥΔΛΙΟΟ
1550 965 1744 1012 ΚΑΙΔΕ
1791 962 2043 1014 AIKAIOC

413 1077 715 1150 :Equivoco
735 1078 931 1133 Carolo
964 1078 1270 1133 frustratus
1304 1080 1567 1150 germine
1596 1079 1788 1150 digno,

411 1171 645 1227 Indulsit
664 1188 770 1244 pro
799 1178 854 1228 te
875 1188 1023 1227 saevo
1054 1188 1349 1245 scaevoque
1380 1176 1621 1243 tyranno
1643 1191 1659 1243 ;

407 1265 684 1321 Omnibus
713 1271 885 1338 atque
913 1266 1029 1321 suis
1054 1282 1233 1337 regno
1260 1265 1611 1338 privantibus
1637 1266 1828 1337 ipsum

406 1361 547 1414 'I‘am
573 1359 833 1415 bonitate
858 1359 1056 1431 proba,
1086 1364 1245 1415 tanta
1270 1360 1479 1431 pietate
1506 1360 1773 1431 pepercit.

410 1454 558 1519 Quin
596 1453 862 1525 pervalde
888 1453 1004 1509 suis
1034 1453 1285 1508 inimicis
1310 1453 1561 1509 maxima
1590 1471 1784 1509 rursus

408 1548 624 1604 Praedia
649 1548 917 1616 restituit,
948 1548 1167 1603 donans
1193 1565 1259 1603 ac
1285 1549 1446 1619 plura
1473 1548 1838 1620 quibusdam.

405 1642 549 1706 Quid
576 1645 866 1697 mereatur
884 1643 1060 1697 herus
1089 1642 1288 1710 sancti,
1320 1642 1618 1714 sapientia,
1648 1644 1858 1698 tantus.

401 1734 618 1790 Judicio
646 1738 841 1790 nostro
869 1736 1090 1807 primus
1116 1751 1235 1806 pra:
1261 1724 1493 1806 regibus
1524 1738 1722 1791 exstat.

408 1832 713 1900 Pragmate
737 1845 911 1900 posco
939 1828 1055 1901 pio,
1085 1828 1425 1900 populorum
1452 1833 1680 1900 pectora
1704 1829 1914 1903 pando.

408 1923 661 1978 Praccluo
690 1922 873 1995 prosit
900 1922 1216 1995 perprobra
1242 1922 1577 1995 proprietas.

1172 2060 1275 2123 IIl.

426 2172 651 2236 Versus
682 2175 751 2236 in
773 2175 990 2253 fronte
1016 2173 1382 2238 Bz'blz'orum
1407 2176 1627 2237 aureis
1657 2176 2045 2239 characteri-

491 2254 608 2315 bus
652 2254 914 2316 exarati
959 2255 1028 2316 in
1071 2255 1508 2317 vetustissimo
1543 2255 1757 2318 codice
1784 2275 1904 2319 ms.
1944 2257 2040 2319 bi-

494 2333 821 2416 bliothecae
866 2333 1275 2416 Colbertz'nw,
1327 2335 1447 2416 qui
1479 2335 1615 2415 fuit
1646 2337 1855 2400 sancti
1894 2336 2039 2402 Ste-

480 2413 701 2495 phani
723 2413 1044 2478 Metensz's.

861 2516 1063 2590 [Baluz.
1094 2519 1251 2581 ibid.,
1280 2520 1387 2574 col.
1424 2520 1600 2590 l568.]

410 2631 531 2685 llcx
555 2630 876 2700 bcncdicte,
906 2630 1012 2685 tibi
1052 2630 1176 2686 haec
1214 2631 1433 2703 placeat
1466 2631 1830 2700 bibliotheca,
1861 2632 2038 2700 Carle,

482 2726 847 2781 Testamenta
872 2724 986 2781 duo
1018 2741 1148 2797 qua:
1176 2725 1483 2797 relegenda
1511 2725 1676 2798 gerit.

410 2818 540 2873 Fert
581 2818 732 2890 quod
781 2835 961 2889 amas,
1011 2819 1164 2891 quod
1210 2835 1400 2875 amare
1447 2819 1601 2888 velis,
1636 2820 1789 2891 quod
1828 2819 2043 2876 discere

1748 2912 1969 2985 [prosit,

482 3006 648 3069 Quod
674 3006 882 3076 capias,
916 3009 1129 3075 teneas,
1160 3006 1429 3078 quodque
1455 3007 1786 3079 frequenter
1815 3024 1969 3078 agas.

409 3099 676 3170 Corrigit,
701 3099 981 3167 hortatur,
1014 3098 1214 3168 reficit,
1244 3099 1498 3171 castigat,
1528 3100 1809 3169 honestat,

489 3192 713 3265 Arguit,
740 3193 1015 3263 obsecrat,
1050 3192 1325 3265 increpat,
1354 3198 1537 3264 ornat,
1569 3194 1688 3250 alit.

418 3288 736 3360 Eloquium,
769 3303 977 3355 mores,
1013 3287 1266 3344 studium
1293 3287 1590 3360 componit
1614 3292 1673 3343 et
1697 3293 1887 3357 actus;

481 3383 691 3453 Estque
717 3382 895 3451 cibus,
925 3385 1113 3454 potus,
1143 3398 1366 3453 norma,
1396 3383 1501 3449 via,
1534 3399 1711 3453 arma,
1746 3384 1914 3438 salus.

412 3475 686 3531 Interiora
712 3476 958 3532 hominis
981 3477 1210 3547 promit,
1242 3477 1486 3532 coelestia
1513 3477 1731 3548 pandit,

480 3573 645 3641 Aptat
672 3574 980 3641 utrumque
1012 3569 1117 3624 sibi
1146 3586 1387 3626 munere
1416 3572 1587 3642 plena
1611 3570 1731 3639 Dei,

412 3664 473 3717 Et
501 3680 753 3734 praesens
778 3667 1062 3719 transacta
1088 3664 1257 3729 canit,
1286 3664 1588 3736 praesentia
1610 3668 1951 3719 monstrans.

484 3756 722 3829 Singula
740 3758 875 3828 jura
901 3757 1049 3827 silet,
1078 3758 1301 3829 singula
1332 3758 1431 3814 sed
1457 3761 1707 3813 resonat.

409 3850 734 3905 lnstabilem
767 3851 1026 3921 quamvis
1062 3851 1327 3907 stabilem
1367 3855 1494 3922 post
1523 3851 1730 3906 reddet
1758 3856 2047 3909 amantem

484 3943 556 3998 Se
584 3942 628 3997 si
661 3942 733 3997 sit
755 3942 917 3998 fassis
944 3944 1169 3999 deditus
1192 3944 1289 3999 ille
1315 3944 1450 3999 suis.

416 4079 428 4091 .
475 4078 487 4090 .
539 4078 551 4090 .
600 4080 607 4088 .
657 4079 666 4088 .
717 4078 726 4089 .
766 4053 829 4090 us
855 4039 919 4090 ut
945 4052 1142 4092 verum
1182 4037 1378 4091 credat
1420 4039 1575 4107 quod
1603 4039 1857 4094 continet
1879 4057 2048 4096 omne

487 4129 620 4185 Inde
651 4144 890 4201 sequens
917 4130 1035 4184 veri
1065 4148 1191 4201 spes
1220 4131 1319 4185 ﬁat
1341 4147 1505 4203 aequa
1530 4132 1629 4202 pii.

414 4223 599 4278 Dulcis
630 4239 794 4278 amor
818 4222 1062 4279 nimium
1089 4240 1218 4279 mox
1248 4224 1354 4281 rite
1382 4225 1605 4281 duobus
1635 4227 1694 4280 in
1722 4227 1845 4281 ollis

477 4317 699 4373 'I‘crtius
723 4318 974 4386 incedat,
999 4318 1211 4390 jungat
1237 4323 1294 4373 et
1318 4318 1438 4391 ipse
1468 4319 1594 4375 tria.

411 4414 535 4467 Jam
561 4411 805 4467 subeant
832 4412 1011 4467 menti
1031 4413 1243 4468 fuerint
1266 4429 1395 4485 quae
1418 4414 1587 4469 noxia
1609 4416 1810 4485 culpae,

481 4507 585 4561 Per
608 4506 889 4577 lacrymas
917 4507 1142 4576 genitus
1182 4523 1398 4579 perque
1431 4508 1641 4563 doloris
1667 4525 1828 4579 opus.

412 4600 501 4655 Sic
532 4600 615 4654 sic
644 4616 773 4654 cum
806 4601 1067 4671 precibus
1096 4605 1389 4673 quaeratur
1410 4602 1595 4672 gratia
1625 4603 1859 4671 Christi,

482 4693 729 4748 Muneris
757 4697 843 4748 cst
871 4695 1032 4765 cujus
1060 4694 1337 4766 quidquid
1366 4694 1427 4749 in
1452 4695 1587 4751 orbe
1615 4696 1747 4750 boni
1783 4712 1795 4749 :

414 4787 557 4852 Quid
590 4788 871 4857 volumus,
911 4789 1177 4859 petimus,
1206 4787 1487 4858 :facimus,
1521 4788 1656 4859 quid
1683 4790 1910 4858 scimus,
1953 4790 2048 4843 lia-

1737 4881 1976 4953 [hemus,

484 4974 620 5029 Inde
649 4975 818 5029 datur
847 4976 1049 5030 nostris
1075 4974 1210 5030 utile
1239 4991 1353 5030 non
1383 4975 1622 5045 meritis,

412 5069 521 5121 Aut
548 5084 758 5123 vanum
787 5071 884 5123 aut
933 5084 1168 5123 vacuum
1212 5074 1310 5124 aut
1347 5068 1423 5123 nil
1469 5074 1566 5124 aut
1606 5069 1882 5125 laudabile
1925 5089 2051 5126 nus-

1790 5163 1981 5235 [quam

482 5252 722 5323 Spiritus
748 5259 946 5308 auctor
984 5271 1160 5325 agens
1180 5256 1268 5309 cui
1295 5256 1400 5310 nisi
1422 5261 1646 5311 sanctus
1672 5262 1780 5313 eat.

414 5348 538 5411 Quo
567 5347 709 5402 duce
738 5363 829 5400 res
855 5347 1129 5419 adaperta
1158 5354 1318 5421 patet
1353 5366 1482 5422 quae
1503 5352 1690 5408 clausa
1713 5353 1940 5422 latebat,

482 5441 662 5495 Antea
689 5456 755 5495 eo
781 5446 922 5496 nutu
951 5441 1096 5498 hanc
1128 5448 1414 5500 reserante
1448 5462 1580 5501 suo:

412 5535 551 5589 Cum
578 5551 693 5607 quo
722 5552 883 5591 mens
910 5536 1102 5607 pollet,
1145 5538 1266 5593 sine
1312 5557 1425 5611 quo
1472 5541 1809 5596 tenebrascit
1834 5541 1891 5596 in
1926 5559 2046 5595 um-

1821 5636 1978 5705 [ιη-ἥδ,

482 5724 599 5777 Ceu
632 5729 822 5779 careat
840 5726 961 5780 luce
984 5727 1068 5781 vel
1096 5726 1329 5781 rationis
1352 5745 1477 5798 ope.

407 5814 685 5870 Praeterea
714 5834 921 5891 corpus
948 5820 1216 5876 minuant
1235 5820 1315 5892 jej
1327 5821 1460 5876 unia
1485 5822 1657 5893 digne

474 5906 632 5959 Casta
663 5912 833 5981 atque
864 5914 1111 5972 excubiae
1142 5914 1321 5973 noctis
1345 5913 1555 5988 ubique
1589 5915 1753 5973 bene.

1614 362 1945 417 APPENDIX
1984 362 2071 417 AD
2110 362 2437 418 SrECllLUM
2479 364 2563 417 IX.

2068 3230 2122 3304 C

3647 366 3790 420 I200

2060 482 2117 555 Α
2137 472 2425 536 Quatenus
2451 472 2749 542 ingenium
2776 475 3098 528 concrescat
3123 472 3386 526 acumine
3411 487 3631 537 sensus,

2215 568 2357 620 Cum
2382 580 2511 620 caro
2536 566 2718 637 putris
2743 565 2880 634 abit,
2908 582 3039 621 cum
3066 568 3299 620 tenuata
3338 565 3502 636 perit.

2140 659 2317 713 Carne
2350 658 2605 729 fatigata,
2634 658 2991 730 pedetentim
3019 659 3206 730 gliscit
3236 674 3475 714 acumen

2213 753 2431 822 Cordis,
2456 755 2515 808 et
2534 752 2763 808 initium
2789 752 2966 808 sumit
2999 754 3216 808 habere
3238 752 3455 808 datum.

2141 847 2246 900 Cos
2285 847 2439 901 acuit
2461 846 2698 916 ferrum,
2732 846 2878 903 mihi
2906 846 3095 917 crede,
3130 862 3322 903 secare
3346 847 3634 918 capillum,

2214 940 2440 995 Radere
2458 957 2556 996 seu
2583 940 2801 1013 pariter
2826 941 3043 1013 absque
3069 940 3263 996 labore
3283 946 3467 1013 caput.

2142 1035 2252 1091 Nec
2283 1034 2473 1090 minus
2501 1034 2767 1091 affectum
2789 1036 2944 1107 justo
2966 1034 3367 1091 moderamine
3394 1051 3599 1107 corpus

2214 1128 2569 1185 Intellectum
2599 1128 2781 1200 eﬂ'ert,
2811 1134 2979 1185 sanat
3002 1133 3059 1185 et
3083 1133 3255 1201 auget
3272 1144 3424 1184 eum.

2143 1222 2393 1294 Denique
2418 1222 2555 1278 dum
2585 1227 2860 1295 superent
2879 1238 3055 1295 gazae,
3082 1223 3220 1278 dum
3244 1224 3401 1294 larga
3419 1222 3675 1289 facultas,

2213 1317 2358 1371 Dum
2385 1316 2608 1388 majora
2631 1316 2839 1386 inhies,
2868 1317 3008 1371 dum
3035 1316 3266 1371 utiliora
3290 1332 3476 1387 roges,

2142 1414 2221 1466 Da
2247 1411 2401 1482 quod
2430 1414 2602 1483 egent
2629 1410 2871 1481 miseris,
2895 1411 3170 1467 miserum
3196 1410 3446 1466 defensio
3479 1410 3609 1479 tito;

2213 1507 2457 1577 Pauper,
2485 1520 2723 1577 egenus,
2752 1505 2917 1577 inops
2941 1508 2998 1561 te
3023 1504 3331 1561 miserante
3355 1503 3504 1560 boet.

2142 1601 2217 1655 Te
2246 1598 2556 1655 miserante
2585 1599 2720 1656 boet
2747 1599 2894 1655 vivat
2917 1599 3242 1671 quicunque
3270 1598 3544 1666 misellus,

2210 1694 2285 1748 Te
2309 1693 2588 1747 auxilium
2617 1694 2744 1749 vita:
2773 1694 3027 1765 postulat
3054 1709 3177 1748 esse
3214 1709 3349 1747 sum.

2144 1788 2273 1842 Esto
2312 1791 2491 1858 pater,
2532 1786 2729 1855 frater,
2758 1792 2961 1855 mater,
2990 1802 3168 1857 soror,
3197 1803 3382 1858 agnus
3410 1787 3701 1858 utrinque,

2062 1858 2118 1928 Β
2213 1879 2497 1936 Debilibus
2523 1896 2670 1951 spes,
2698 1896 2807 1949 res,
2844 1880 3026 1953 gloria
3046 1896 3285 1948 summa,
3316 1879 3454 1934 dies.

2141 1973 2318 2045 Dilige
2341 1973 2645 2045 justitiam,
2671 1974 2827 2029 callis
2858 1974 3163 2030 comitetur
3193 1972 3409 2029 amicus

2211 2067 2448 2123 Iustitiae
2476 2071 2666 2123 tecum
2693 2067 2911 2139 primus
2935 2067 3008 2123 ad
3036 2083 3210 2123 omne
3234 2067 3467 2122 bonum.

2142 2162 2357 2229 Exalta,
2380 2161 2562 2228 muni,
2593 2161 2833 2229 custodi,
2876 2161 3095 2233 collige,
3127 2160 3319 2229 lauda,

2214 2255 2470 2311 Sublima
2495 2255 2711 2310 clerum
2730 2272 2833 2310 seu
2858 2271 3127 2311 venerare
3155 2258 3341 2310 tuum.

2142 2349 2376 2405 lEdibus
2404 2353 2461 2404 et
2485 2348 2657 2404 sacris
2686 2349 2922 2405 meritos
2949 2349 3025 2403 sic
3054 2348 3215 2404 defer
3246 2349 3493 2403 honores

2215 2442 2454 2498 Sedibus
2477 2443 2537 2498 in
2558 2442 2767 2498 sanctis
2785 2447 2852 2498 ut
2876 2443 3148 2499 merearis
3169 2457 3358 2514 opem.

2142 2539 2415 2609 Tempore
2441 2536 2747 2604 manduca,
2775 2536 2925 2607 bibe,
2953 2536 3157 2605 dormi,
3193 2552 3383 2607 surge,
3416 2535 3631 2601 labora,

2215 2632 2358 2686 Sunt
2377 2630 2636 2686 facienda
2665 2629 2780 2686 suis
2812 2630 3006 2685 omnia
3031 2629 3401 2701 temporibus.

2143 2724 2237 2780 His
2266 2724 2469 2779 habitis
2496 2724 2736 2796 aliisque
2762 2724 2923 2780 bonis
2949 2724 3010 2779 in
3040 2723 3276 2778 nomine
3302 2722 3455 2778 trino

2213 2816 2664 2889 Cunctipotentis
2690 2817 2814 2871 heri
2841 2832 2972 2871 cum
3001 2816 3211 2871 deitate
3239 2816 3345 2882 sui,

2142 2912 2321 2982 Hujus
2348 2910 2418 2965 ab
2447 2910 2608 2966 initio
2626 2910 2764 2966 torni
2794 2909 3121 2979 scrutarier,
3148 2925 3272 2978 oro,

2216 3005 2349 3076 Ejus
2374 3004 2582 3076 scripta
2604 3004 2699 3075 pia
2723 3008 2934 3074 mente,
2963 3019 3157 3076 opere,
3189 3003 3323 3073 ﬁde,
3352 3020 3473 3059 oro.

2145 3099 2242 3153 Hic
2275 3099 2420 3167 fons,
2453 3098 2546 3153 hic
2574 3097 2831 3153 doctrina
2858 3102 3080 3169 potens,
3116 3097 3209 3152 hic
3233 3096 3473 3153 ﬂumina
3494 3097 3695 3169 opima

2220 3192 2479 3247 Ecclesiae
2506 3197 2713 3248 sanctae
2744 3191 3068 3247 candidiora
3094 3191 3243 3247 nive.

2148 3286 2371 3343 Scilicet
2395 3285 2693 3342 alticanori
2718 3286 2974 3358 quinque
2998 3285 3290 3340 volumina
3317 3286 3490 3356 Moysi

2213 3382 2239 3436 J
2246 3383 2414 3436 uncta
2440 3379 2624 3437 nitent
2643 3383 2892 3435 mortem
2918 3378 3070 3434 illius
3095 3394 3278 3451 usque
3295 3384 3517 3434 canant.

2143 3479 2308 3532 Iosue
2333 3475 2445 3531 dux
2465 3475 2677 3530 ducens
2706 3474 2998 3545 consurgit
3023 3472 3183 3529 fortis
3200 3473 3262 3528 in
3282 3472 3460 3528 armis

2215 3572 2277 3625 In
2304 3569 2545 3641 patriam
2564 3568 2840 3641 pepulum
2864 3568 2997 3640 jure
3018 3570 3252 3623 tenente
3278 3567 3487 3623 locum.

2147 3664 2433 3736 Septimus
2462 3679 2591 3719 ecce
2623 3663 2790 3719 Liber
2814 3677 3114 3718 censorum
3139 3661 3374 3717 nomina
3401 3661 3552 3716 fatur

2219 3758 2474 3822 Quorum
2505 3756 2741 3813 Hebraea
2765 3756 2875 3812 fuit
2903 3756 3007 3811 sub
3034 3756 3252 3812 ditione
3276 3771 3497 3810 manus.

2146 3854 2361 3908 Horum
2406 3851 2576 3920 facta,
2616 3866 2817 3922 genus,
2846 3855 3094 3922 tempus,
3126 3850 3269 3913 loca,
3299 3849 3468 3919 bella,
3503 3848 3785 3919 triumphi

2218 3948 2364 4001 Sunt
2389 3945 2602 4001 inserta
2637 3943 2745 3999 sibi
2776 3943 2968 3999 debito
2996 3944 3219 3999 honore
3246 3943 3351 3998 sui.

2149 4038 2381 4096 Femina
2404 4038 2532 4111 quis
2562 4036 2770 4094 sociata
2800 4038 2958 4094 sedet
2984 4038 3137 4095 Ruth
3162 4036 3367 4093 nobilis
3394 4053 3531 4105 una,

2221 4134 2402 4198 Quam
2426 4132 2526 4188 Job
2554 4131 2780 4187 eximiae
2811 4132 3183 4203 consequitur
3211 4131 3365 4187 ﬁdei.

2150 4228 2305 4282 Hunc
2337 4226 2565 4281 imitare
2588 4225 2793 4295 libens,
2822 4224 3098 4298 quoniam
3125 4225 3401 4297 patientia
3430 4240 3569 4296 pura

2222 4320 2463 4389 Exstitit,
2494 4336 2557 4374 ac
2583 4319 2750 4375 nobis
2778 4335 2992 4392 magna
3020 4319 3206 4391 ﬁgura
3228 4318 3358 4375 fuit.

2148 4416 2423 4479 Quattuor
2448 4417 2505 4468 et
2530 4414 2752 4485 Regum
2781 4412 2938 4468 libris
2966 4412 3057 4469 his
3084 4417 3210 4469 octo
3235 4412 3543 4485 prophetas

2220 4512 2389 4576 Ante,
2411 4506 2617 4579 quibus
2636 4505 2813 4562 David
2831 4506 3097 4579 jungitur
3116 4505 3459 4579 hymniﬁcus
3480 4523 3497 4576 5

2071 4606 2129 4677 D
2153 4601 2429 4673 Hymnica
2458 4600 2813 4655 Psalmorum
2844 4600 3050 4655 cecinit
3074 4600 3173 4672 qui
3200 4599 3457 4656 carmina
3485 4600 3678 4667 David,

2223 4694 2476 4750 Plurima
2501 4694 2570 4750 de
2602 4693 2825 4750 Christo
2853 4693 3093 4766 mystica
3119 4709 3267 4765 saepe
3294 4694 3570 4765 loquens;

2152 4787 2369 4844 Prodiit
2388 4803 2453 4843 ex
2478 4787 2639 4859 cujus
2668 4787 2848 4860 regali
2874 4788 3033 4860 virgo
3063 4788 3236 4844 Maria

2225 4881 2475 4950 Semine,
2503 4897 2630 4954 quae
2660 4881 2883 4953 peperit
2906 4882 3063 4953 virgo
3090 4882 3258 4936 beata
3288 4882 3484 4937 Deum.

2153 4975 2420 5031 Paciﬁcus
2444 4975 2733 5045 Salomon,
2763 4992 2988 5031 necnon
3019 4974 3310 5047 Sapientia
3335 4975 3513 5046 juxta,

2222 5070 2442 5127 Tertius
2472 5074 2555 5126 est
2573 5072 2731 5127 Jesus
2757 5069 3121 5126 continuatus
3148 5070 3251 5125 eis.

2152 5167 2280 5221 Post
2308 5164 2803 5236 Paralipomenon,
2838 5165 3002 5219 Ezras
3028 5179 3276 5237 quoque,
3302 5161 3414 5219 sive
3440 5162 3686 5230 Nemias,

2224 5259 2360 5315 Hinc
2390 5261 2570 5328 Ester,
2598 5258 2814 5329 Iudith,
2840 5263 2897 5313 et
2915 5258 3111 5313 Tobias
3134 5256 3352 5314 recinit.

2156 5355 2365 5425 Inclyta
2391 5353 2541 5409 bella
2568 5353 2774 5408 deinde
2803 5355 3004 5407 tonant
3028 5350 3325 5408 Machabea
3349 5350 3643 5423 quondam

2218 5449 2323 5503 Pro
2347 5447 2474 5518 lege
2498 5462 2563 5503 ac
2592 5444 2776 5518 patria
2796 5461 3013 5518 proque
3034 5446 3211 5501 salute
3234 5444 3385 5501 data.

2153 5544 2279 5597 Haec
2307 5541 2600 5613 Scriptura
2628 5539 2862 5611 quidem
2888 5539 3137 5596 breviter
3153 5541 3476 5595 memorata
3495 5542 3713 5594 vetusta

2222 5638 2360 5704 Stat,
2395 5648 2722 5707 quanquam
2753 5633 2977 5690 modico
3004 5633 3388 5707 rusticuloque
3417 5634 3578 5705 stylo.

2154 5729 2383 5785 Initiant
2406 5728 2755 5784 Testamenti
2780 5732 3067 5801 praecepta
3094 5728 3308 5785 Novelli

2220 5823 2311 5879 Bis
2337 5823 2450 5878 duo
2480 5822 2750 5879 concordi
2777 5822 2995 5879 famine
3022 5822 3372 5890 sanctivomi,

2149 5918 2465 5985 Matthaeus,
2495 5918 2732 5989 Marcus,
2764 5918 2939 5973 Lucas
2960 5918 3253 5990 celsusque
3278 5919 3544 5986 Joannes,
