4050 6316
198 366 317 420 1201

261 478 318 528 In
345 492 516 529 sensu
544 475 710 546 parili
741 477 950 546 dogma
980 482 1229 536 tonando
1259 483 1356 538 Dei
1387 501 1397 537 :

188 571 449 624 Personae
484 586 729 640 quorum
761 570 947 638 variae,
977 573 1231 628 doctrina
1263 578 1360 630 sed
1390 594 1524 647 una,

259 666 412 719 Unus
435 664 689 737 utrisque
715 669 897 734 tenor,
926 682 1044 722 una
1069 670 1354 740 sequenda
1384 672 1489 726 via.

187 758 249 812 Hi
278 759 433 830 quid,
459 760 545 814 vel
574 776 720 831 quae,
750 765 960 832 quanta
991 777 1088 817 seu
1115 765 1200 818 vel
1225 764 1468 834 qualiter
1493 768 1610 838 egit

252 855 299 906 Α
325 855 486 909 Patre
514 854 864 910 descendens
891 856 1085 923 Natus,
1112 857 1320 930 ubique
1349 860 1576 915 docent.

182 947 322 1001 Ilinc
351 947 596 1002 hominis
623 947 809 1019 primo
845 950 1017 1005 facies
1047 952 1370 1019 ascribitur,
1402 971 1562 1009 orsus

253 1043 365 1106 Est,
398 1041 530 1114 quia
557 1046 642 1097 sat
666 1044 890 1099 Domini
919 1046 1136 1101 ccelitus
1167 1065 1232 1101 ex
1262 1048 1484 1103 Genesi.

181 1137 380 1190 Forma
405 1137 583 1191 leonis
611 1137 760 1192 inest
782 1139 1018 1211 pulchre
1047 1140 1293 1196 formata
1320 1144 1590 1210 secundo,

255 1230 418 1294 Quod
445 1231 632 1302 tetigit
657 1249 789 1287 rura
815 1234 978 1288 devia
1002 1251 1140 1290 voce
1165 1252 1284 1290 sua.

178 1323 367 1379 Rebus
393 1325 472 1380 ait
501 1325 671 1380 sacris
699 1327 984 1398 siquidem
1016 1331 1150 1400 quia
1177 1331 1396 1400 tertius,
1428 1333 1555 1386 inde

250 1420 407 1473 Nunc
436 1419 532 1474 olli
556 1421 769 1492 species
800 1421 1153 1493 imprimitur
1181 1425 1341 1479 vituli

173 1514 323 1567 More
352 1513 558 1585 aquilae
585 1515 851 1584 quoniam
890 1518 1238 1574 transcendit
1263 1519 1442 1574 sidera
1472 1524 1731 1592 quartus,

247 1606 378 1676 Ejus
404 1607 474 1661 ob
503 1607 559 1660 id
590 1608 878 1678 specimen
911 1611 1207 1666 stemnatis
1233 1612 1356 1682 ipse
1387 1613 1554 1684 gerit.

175 1699 310 1762 Quis
336 1705 393 1755 et
417 1701 756 1772 apostolicos
785 1703 957 1757 Lucas
1001 1721 1140 1775 quos
1184 1705 1360 1760 edidit
1386 1708 1555 1762 Actus

244 1793 461 1863 Subdit,
491 1794 588 1848 ubi
616 1798 768 1850 totus
795 1796 1098 1852 instruitur
1125 1802 1383 1870 populus.

171 1887 472 1942 Catholicae
498 1888 632 1944 hinc
661 1893 884 1960 septem
912 1892 1175 1947 redolent
1205 1894 1464 1950 mirabile
1493 1897 1722 1962 chartae,

241 1983 470 2037 Format
493 1983 832 2054 apostolicus
858 2002 998 2056 quas
1025 1989 1314 2060 operando
1352 1991 1548 2059 stylus.

166 2076 262 2130 His
291 2076 514 2131 haerent
535 2075 621 2130 bis
648 2080 866 2148 septem
894 2080 1048 2133 Pauli
1085 2082 1296 2152 scripta
1322 2083 1548 2149 deinde,

235 2172 382 2224 Ante
414 2171 609 2241 lupina
638 2171 728 2225 cui
757 2189 883 2242 vox,
914 2173 1087 2227 modo
1119 2176 1286 2230 ovina
1315 2176 1510 2231 micat.

167 2265 280 2318 Hoc
307 2265 596 2320 concludit
621 2283 762 2337 opus
780 2267 902 2337 jam
932 2267 1070 2321 visio
1099 2272 1288 2323 sancta
1314 2271 1564 2339 Joannis,

240 2358 386 2413 Visio
413 2362 603 2414 sancta
630 2360 765 2414 satis
795 2378 856 2414 ac
889 2364 1261 2418 memoranda
1290 2365 1478 2418 nimis.

168 2455 292 2507 Haec
325 2469 470 2508 nova
495 2453 600 2509 rite
626 2454 761 2509 cluit
790 2454 959 2509 series
989 2456 1289 2526 subjuncta
1330 2459 1522 2528 priori,

235 2547 446 2601 Umbra
467 2547 623 2618 prior
648 2565 894 2618 quarum
926 2565 1206 2621 causaque
1242 2552 1542 2622 posterior.

166 2642 314 2712 Ergo
342 2641 447 2696 iter
475 2645 561 2696 est
586 2643 796 2713 duplex
825 2644 1122 2714 utriusque
1150 2644 1382 2700 effectus
1415 2648 1472 2700 in
1504 2663 1615 2701 uno

237 2736 356 2798 Quo
382 2733 667 2789 tribuente
692 2737 855 2791 datur
883 2737 1099 2792 scansio
1132 2740 1282 2793 celsa
1309 2739 1425 2810 poli
1458 2758 1469 2794 :

165 2828 263 2882 llic
285 2829 424 2900 ’quia
454 2827 660 2883 divitias
692 2833 921 2884 aeterna:
948 2831 1140 2886 vitalia
1169 2847 1363 2887 mense

238 2923 482 2993 lmplent
509 2922 740 2977 omnino
770 2928 997 2978 nectare
1031 2930 1342 2996 perpetuo;

164 3017 284 3084 llic,
314 3015 590 3087 paradise,
624 3021 754 3070 tuus
783 3016 958 3070 nitida
987 3018 1208 3072 ratione
1241 3021 1476 3089 patescit

236 3109 598 3164 Multimodus
623 3111 840 3165 fructus
873 3110 1298 3182 melliferaxque
1327 3114 1500 3166 locus.

164 3205 263 3258 Hic
294 3203 488 3258 sitiens
522 3209 740 3274 potum,
769 3204 1020 3258 esuriens
1044 3220 1274 3275 panem,
1303 3207 1502 3260 anxius
1530 3224 1687 3279 azque

238 3297 514 3352 Laetitiam
553 3298 823 3363 inveniet,
857 3300 1017 3352 laetus
1045 3303 1099 3352 et
1127 3299 1259 3353 inde
1286 3298 1402 3353 fiet.

166 3393 292 3445 Haec
318 3395 507 3445 tamen
534 3393 592 3445 in
620 3393 728 3446 hoc
757 3392 978 3446 mortali
1007 3392 1144 3446 dum
1177 3409 1411 3463 corpore
1437 3393 1687 3466 quisquis

237 3485 398 3553 Degit
436 3484 722 3556 habetque
751 3485 953 3556 magis,
983 3486 1108 3556 plus
1138 3487 1208 3540 ab
1237 3502 1430 3542 amore
1460 3487 1612 3541 velit.

163 3577 253 3631 Sic
278 3579 324 3631 si
353 3577 510 3647 ligna
537 3579 722 3648 magis
749 3579 974 3644 dentur,
1006 3579 1186 3650 magis
1216 3583 1415 3634 aestuat
1445 3579 1612 3650 ignis.

234 3671 324 3725 Sic
355 3688 519 3740 mage
546 3671 679 3726 vina
705 3671 825 3726 sitit
855 3676 1022 3744 prout
1048 3689 1214 3743 mage
1240 3673 1482 3744 quisque
1522 3673 1680 3729 bibit.

161 3768 303 3819 (ium
329 3781 463 3818 vero
493 3781 620 3834 spes
648 3782 737 3819 res
767 3766 953 3830 fuerit,
989 3770 1122 3820 tunc
1150 3767 1392 3837 pleniter
1417 3767 1628 3822 horum

230 3859 436 3912 Plenus
463 3862 688 3912 amator
716 3859 841 3926 erit,
864 3861 984 3930 jam
1013 3860 1246 3914 satiatus
1275 3877 1395 3914 ero.

160 3952 242 4006 Ad
272 3951 426 4022 quod
451 3951 574 4005 haec
601 3951 823 4019 domus,
851 3954 972 4008 haec
1000 3953 1278 4020 doctrina,
1310 3955 1431 4010 haec
1459 3957 1656 4010 semita
1679 3960 1798 4010 tan-

1587 4049 1724 4121 [tum

230 4141 379 4194 Mens
409 4141 577 4194 instet
606 4156 734 4193 vere
766 4141 870 4192 sub
912 4142 1137 4194 deitatis
1164 4159 1291 4211 ope.

161 4237 217 4289 In
248 4233 510 4305 physicis,
543 4231 758 4303 logicis,
791 4231 966 4286 etiam
1009 4233 1316 4288 moralibus
1346 4236 1508 4290 isthic

233 4328 438 4383 Omnia
463 4331 613 4395 sunt,
642 4326 835 4392 lector,
870 4326 928 4380 in
959 4327 1232 4381 brevitate
1257 4328 1378 4381 tibi.

161 4422 257 4476 Hic
295 4421 385 4475 hic
413 4425 736 4491 argentum,
767 4435 991 4489 aurum,
1023 4436 1290 4489 gemmae,
1321 4422 1563 4487 vascula,
1594 4427 1791 4489 vestes,

234 4517 299 4569 Et
326 4513 604 4586 quidquid
635 4517 800 4568 terrae
831 4513 1016 4567 carius
1043 4530 1164 4566 esse
1193 4514 1354 4567 valet.

161 4609 258 4662 Hic
291 4610 348 4662 et
373 4609 460 4662 lex
495 4607 762 4678 pretiosa.
795 4607 942 4660 Nihil
972 4607 1256 4677 pretiosus
1287 4606 1383 4660 illa

230 4705 343 4755 Aut
374 4705 477 4769 est,
508 4706 608 4756 aut
631 4702 802 4771 viget,
834 4703 932 4754 aut
965 4699 1129 4768 ridet,
1166 4701 1345 4755 oletve
1379 4717 1550 4755 sacre.

158 4798 314 4850 .lusta
335 4795 564 4865 jubens,
593 4795 808 4865 injusta
834 4799 1050 4863 vetans,
1081 4794 1232 4849 mala
1258 4797 1459 4848 cuncta
1488 4794 1786 4865 repellens,

231 4892 506 4947 Omnibus
533 4891 707 4963 inque
734 4892 899 4947 bonis
926 4891 1220 4948 nobilitate
1253 4896 1472 4963 potens.

161 4985 491 5053 Discidium,
522 4987 700 5054 furor,
735 4986 836 5055 ira,
872 4986 1058 5053 dolus,
1096 4986 1397 5053 discordia,
1430 4985 1552 5040 rixa

229 5079 478 5134 Concilio
511 5081 674 5151 Legis
703 5079 874 5150 hujus
905 5080 1064 5135 obire
1095 5085 1334 5152 queunt.

160 5173 360 5228 Erudit
384 5173 655 5240 indoctos,
688 5175 964 5245 quosdam
994 5173 1342 5245 sapientibus
1372 5190 1621 5246 sequaris,

231 5267 549 5322 Contribuit
575 5267 780 5322 mediis
809 5268 1021 5338 dogma
1051 5267 1248 5324 salutis
1276 5268 1373 5322 ita.

157 5363 355 5432 Magna
382 5361 525 5431 pluit
549 5361 796 5431 magnis,
827 5361 1079 5432 disponit
1112 5362 1346 5432 parvula
1371 5362 1570 5433 parvis.

233 5456 323 5508 Est
351 5454 408 5508 in
435 5460 675 5526 utroque
704 5455 882 5525 stylus
903 5453 1142 5523 justitiae
1169 5455 1403 5510 validus.

160 5547 425 5602 Notitiam
450 5549 473 5602 J
481 5565 577 5603 esu
603 5547 823 5619 praebet
849 5547 1122 5602 confessio
1149 5549 1380 5603 munda.

230 5643 420 5696 Exstat
442 5658 507 5696 ea
536 5659 608 5696 en
630 5641 848 5696 homini
876 5642 961 5696 lex
983 5642 1313 5696 veneranda
1339 5642 1464 5697 sibi.

163 5738 349 5790 Exstat
379 5752 444 5788 ea
470 5751 540 5790 en
579 5735 802 5790 homini
827 5735 1020 5790 lumen
1049 5751 1150 5804 per
1175 5735 1424 5807 compita
1451 5735 1648 5790 mundi

226 5829 480 5884 Terribili
504 5845 636 5884 voce
663 5829 759 5883 lux
789 5832 846 5883 et
877 5829 1036 5899 origo
1065 5829 1171 5882 sui.

159 5922 386 5976 Artibus
411 5921 674 5993 ingenuis
705 5921 978 5994 praecellit
1018 5921 1245 5992 dignius
1274 5919 1394 5976 ista.

1439 376 1566 429 .‘EVI
1604 375 1916 432 CAROLINI
1957 380 2275 435 CARMINA.

3408 391 3540 444 1202

1834 499 1892 571 Α
1983 491 2104 556 Ars,
2139 504 2366 558 genere,
2404 492 2652 562 eloquio,
2683 493 2755 559 vi,
2789 493 3032 563 ratione,
3064 495 3205 550 vicc.

1917 581 2060 636 Utile
2082 582 2198 636 sive
2228 583 2435 638 decens
2465 602 2689 640 necnon
2713 587 3050 659 perstringit
3073 590 3396 646 honestum.

1984 675 2210 746 Imbuit,
2245 681 2500 746 exornat,
2535 679 2784 748 instruit,
2814 684 3022 748 armat,
3051 685 3225 737 amat.

1913 770 2040 824 Haec
2065 771 2250 842 aperit
2278 774 2430 825 totus
2455 777 2754 844 postquam
2785 776 3087 831 mutaverit
3112 776 3260 830 orbis

1983 863 2127 927 Quid
2155 865 2226 918 sit
2251 865 2329 918 ibi
2359 866 2602 920 Ecclesia
2627 883 2759 922 mox
2785 869 3041 924 reditura
3063 869 3239 925 citim.

1911 958 2105 1012 Terret
2133 957 2211 1011 ibi
2237 960 2451 1030 plures,
2484 961 2764 1030 quosdam
2787 962 3071 1018 demulcet
3102 968 3158 1018 et
3181 963 3294 1018 illic

1983 1049 2112 1106 Fixa
2145 1052 2336 1107 futura
2371 1057 2572 1108 notans
2602 1071 2706 1110 nec
2735 1056 2987 1111 dubitate
3019 1057 3274 1127 quidem.

1910 1145 2053 1199 Ante
2081 1147 2274 1200 tamen
2303 1150 2522 1202 reserat
2553 1149 2703 1202 clare
2738 1149 3049 1220 primordia
3079 1151 3280 1218 cosmi,

1981 1239 2048 1292 Et
2072 1254 2172 1308 per
2199 1255 2374 1310 quam
2409 1239 2560 1295 illius
2589 1257 2706 1296 csse
2731 1243 2838 1298 fuit
2864 1243 3148 1314 sophiam.

1909 1333 1968 1386 In
2002 1331 2201 1402 primis
2230 1333 2352 1388 coeli
2391 1337 2670 1406 terraeque
2701 1337 2984 1408 marisque
3015 1340 3252 1406 creator,

1978 1426 2155 1496 Ipsius
2185 1431 2241 1481 et
2269 1428 2462 1494 Natus,
2493 1428 2734 1499 Spiritus
2767 1435 2938 1502 atque
2964 1431 3146 1502 agius.

1907 1519 2082 1590 Hujus
2114 1521 2184 1574 ab
2218 1537 2385 1575 amne
2412 1522 2538 1576 ﬂuit
2568 1523 2760 1578 divina
2787 1524 3018 1580 scientia
3047 1526 3178 1590 late,

1976 1614 2244 1668 Mundum
2272 1615 2557 1685 pestiferis
2584 1617 2898 1688 exspolians
2942 1618 3215 1684 tenebris,

1907 1707 2145 1778 Quoque
2170 1708 2343 1762 modo
2374 1709 2630 1781 quisquis
2658 1715 2856 1765 caveat
2875 1712 3130 1766 munitus
3159 1713 3229 1766 ab
3259 1712 3432 1766 armis

1977 1801 2154 1856 Hostis
2180 1803 2427 1872 perversi
2456 1804 2566 1858 tela
2592 1804 2820 1859 inimica
2846 1805 3034 1859 nimis.

1824 1872 1877 1942 Β
1904 1893 2277 1957 Quadrivium
2312 1895 2499 1966 gignit
2529 1896 2748 1952 virtutis
2777 1898 2964 1953 nobile
2992 1916 3151 1968 sane,

1973 1988 2350 2059 Terrigenum
2396 1989 2574 2044 mittit
2610 2007 2712 2061 per
2741 1993 2894 2061 quod
2921 1992 2981 2046 in
3013 1995 3161 2046 astra
3192 2009 3390 2062 genus.

1903 2083 2031 2136 Haec
2060 2098 2229 2153 quam
2261 2082 2560 2154 multiplici
2589 2099 2851 2139 sermone
2877 2085 3124 2140 salubria
3150 2102 3372 2156 semper

1973 2176 2218 2230 Attrahit
2250 2181 2420 2248 atque
2443 2182 2658 2248 monet,
2683 2178 2798 2232 sive
2826 2179 3114 2234 monendo
3135 2180 3318 2250 jubet.

1901 2271 2028 2323 Haec
2047 2270 2235 2339 jubet,
2267 2273 2386 2325 atra
2413 2271 2591 2342 fugat,
2625 2271 2831 2326 dehinc
2860 2272 3086 2327 fallacia
3113 2273 3292 2343 pellit,

1971 2365 2110 2418 Vera
2136 2380 2387 2434 superna
2420 2365 2576 2436 cupit
2615 2382 2626 2418 :
2659 2366 2779 2419 haec
2818 2365 2970 2435 facit,
3005 2367 3101 2420 illa
3126 2367 3289 2436 fugit.

1901 2457 2066 2510 Exsul
2094 2456 2162 2511 ab
2193 2457 2387 2512 exsilio
2413 2458 2654 2529 dapibus
2683 2459 2898 2513 solatur
2925 2459 3149 2530 opimis,

1967 2552 2106 2605 Cum
2132 2549 2274 2621 legit
2305 2555 2402 2606 aut
2433 2551 2656 2622 relegit,
2690 2568 2935 2623 cumque
2965 2554 3179 2608 relecta
3206 2555 3365 2624 sapit.

1898 2645 2024 2697 Hzec
2053 2645 2204 2698 mala
2232 2643 2340 2699 vile
2365 2645 2522 2700 vehit
2547 2645 2806 2700 coeuntia
2837 2647 3109 2716 temporis
3142 2647 3330 2716 hujus,

1969 2739 2075 2791 Nec
2104 2737 2282 2809 digna
2311 2739 2541 2793 aeternis
2570 2739 2817 2794 aestimat
2842 2755 2962 2794 esse
2987 2740 3170 2806 bonis,

1897 2834 2008 2884 Aut
2040 2847 2107 2886 ea
2132 2847 2302 2887 cerne
2331 2832 2511 2899 timet,
2535 2835 2756 2886 tantum
2782 2833 3053 2887 formidat
3075 2850 3248 2888 am..a

1965 2926 2249 2988 Quantum
2273 2941 2346 2979 ne
2379 2942 2497 2980 non
2524 2926 2597 2980 sit
2624 2927 2857 2981 coetibus
2883 2927 2944 2981 in
2976 2928 3214 2998 superis.
3271 2961 3284 2970 -

1897 3017 1991 3072 Hic
2017 3017 2292 3072 Dominus
2318 3018 2592 3089 loquitur,
2624 3019 2713 3074 hic
2743 3036 2846 3074 nos
2869 3019 2923 3074 ei
2948 3020 3115 3075 corde
3142 3021 3457 3092 loquamur,

1966 3112 2088 3175 Quo
2120 3111 2200 3166 nil
2229 3112 2412 3182 majus
2437 3112 2574 3180 adit,
2606 3112 2685 3166 nil
2713 3114 2800 3167 vel
2824 3113 2981 3168 adire
3012 3118 3213 3183 potest.

1815 3244 1867 3316 Ο
1894 3206 2152 3277 Quisquis
2196 3222 2254 3260 es
2284 3205 2595 3260 instructus
2624 3207 2928 3261 mundanis
2961 3207 3150 3262 usibus
3179 3207 3350 3272 hisce,

1967 3298 2103 3363 Quis
2130 3299 2400 3353 Salomon
2433 3299 2636 3369 opibus
2667 3300 2834 3354 ditior
2863 3300 3113 3368 emicuit,

1896 3394 2004 3446 Hoc
2032 3407 2294 3446 concessa
2322 3391 2412 3446 cui
2439 3392 2594 3447 dives
2623 3393 2901 3463 sapientia
2928 3393 3079 3459 fecit,

1968 3485 2216 3557 Regibus
2243 3501 2308 3539 ac
2334 3486 2551 3540 cunctis
2576 3487 2728 3540 hunc
2758 3503 2826 3540 ea
2853 3489 3182 3558 praeposuit.

1896 3581 1974 3632 Tu
2000 3594 2227 3650 quoque
2260 3577 2356 3650 qui
2379 3595 2437 3632 es
2464 3578 2718 3646 humilis,
2743 3580 3013 3649 prudens,
3041 3580 3283 3635 intentio
3313 3585 3526 3648 sancta,

1967 3672 2031 3726 Se
2064 3675 2294 3742 propter
2332 3671 2594 3742 sophiam
2630 3671 2829 3742 dilige,
2861 3689 3049 3742 posce,
3083 3690 3242 3744 cape.

1898 3769 2099 3819 Annon
2132 3766 2259 3835 plus
2291 3765 2345 3819 id
2373 3782 2475 3836 pro
2504 3782 2619 3836 quo
2647 3765 2799 3820 aliud
2820 3765 2891 3820 sit
2912 3783 3082 3837 quam
3114 3766 3258 3821 actio
3287 3783 3413 3838 quae
3439 3768 3525 3820 sit.

1969 3859 2036 3913 Sc
2066 3862 2262 3912 tamen
2295 3858 2416 3912 haec
2444 3858 2642 3929 sophia
2669 3860 2793 3929 plus
2819 3875 2923 3913 nec
2953 3859 3161 3914 habere
3188 3861 3349 3931 quiit.

1897 3954 2045 4023 Ergo
2072 3952 2216 4007 Deus
2254 3951 2457 4028 trinus,
2493 3970 2622 4024 pax,
2654 3969 2750 4007 seu
2777 3953 3058 4024 sapientia
3091 3971 3243 4020 vera,

1967 4047 2120 4102 Ultra
2149 4062 2263 4101 non
2292 4046 2436 4114 laus,
2460 4063 2566 4101 nec
2593 4046 2920 4102 versiticalis
2949 4063 3114 4118 apex.

1901 4140 2037 4195 Huic
2067 4141 2227 4211 operi
2257 4157 2471 4213 magno
2497 4142 2724 4212 magnis
2743 4145 2800 4194 te
2831 4141 3044 4196 nisibus
3068 4146 3246 4213 aptas,
3340 4167 3344 4170 -

1968 4235 2179 4306 lnclyte
2212 4251 2315 4289 rex
2339 4235 2552 4302 Carole,
2586 4235 2801 4289 lumine
2830 4236 3000 4290 chare
3028 4252 3218 4306 mage,

1897 4330 1966 4381 Es
1995 4328 2263 4398 splendor
2290 4327 2508 4398 populi,
2540 4327 2632 4380 lux
2660 4327 2885 4397 mundi,
2916 4328 3098 4398 gloria
3130 4329 3312 4399 regni,

1968 4422 2033 4474 Et
2060 4420 2308 4475 bonitate
2339 4419 2514 4491 prior,
2544 4437 2647 4475 nec
2679 4420 2890 4491 pietate
2927 4422 3138 4491 minor,

1899 4515 2055 4568 Nunc
2081 4513 2252 4568 etiam
2277 4514 2496 4568 cunctis
2524 4514 2793 4584 praelatus
2826 4515 3036 4584 justius
3063 4517 3211 4570 alme

1814 4611 1872 4683 D
1968 4610 2027 4661 In
2060 4623 2271 4678 genere
2297 4607 2547 4660 humano
2580 4606 2727 4673 nisu,
2760 4623 2950 4678 opere,
2985 4612 3125 4676 arte,
3154 4608 3283 4664 ﬁde.

1891 4700 1954 4754 Vi
1981 4700 2177 4768 David,
2207 4701 2498 4755 intellectu
2532 4699 2796 4755 Salomon
2825 4700 3145 4768 benedicto,

1961 4795 2020 4848 In
2050 4793 2237 4863 specie
2274 4794 2503 4864 Joseph,
2531 4809 2627 4864 spe
2659 4793 3033 4865 induperator
3062 4811 3250 4849 ovans.

1890 4888 1993 4951 Qui
2022 4903 2200 4954 mare,
2234 4887 2332 4958 qui
2357 4892 2588 4955 terram,
2619 4887 2720 4959 qui
2749 4871 2927 4942 totum
2957 4888 3206 4942 continet
3235 4889 3452 4953 orbem,

1962 4982 2036 5034 Te
2057 4982 2373 5048 conservet,
2405 4987 2578 5047 amet,
2610 4981 2776 5036 ducat
2805 4981 3061 5052 adusque
3091 4981 3310 5052 polum.

1893 5073 1973 5128 Sit
2005 5073 2103 5128 tibi
2129 5074 2332 5143 honor,
2364 5090 2491 5144 pax,
2525 5075 2688 5140 ordo,
2719 5075 2906 5144 decus,
2938 5075 3232 5145 patientia,
3259 5091 3522 5147 regnum,

1964 5166 2313 5238 Prosperitas
2344 5167 2549 5234 omnis,
2583 5170 2641 5223 et
2667 5167 2787 5223 sine
2814 5169 2928 5222 fine
2957 5169 3092 5224 vale.

2301 5321 2362 5372 In
2389 5320 2570 5384 fronte
2595 5319 2733 5373 Novi
2769 5321 3110 5374 Testamenti.

1896 5452 2121 5508 Exsulta
2148 5454 2337 5507 laetare
2365 5451 2516 5519 satis,
2546 5468 2642 5507 rex
2683 5453 2891 5525 inclyte
2933 5453 3099 5510 David

1965 5545 2194 5618 Egregii
2223 5545 2334 5600 voti
2363 5561 2597 5617 compos
2625 5546 2836 5618 ubique
2866 5547 2968 5601 tui.

1891 5641 2051 5694 Carlc
2083 5641 2254 5694 decus
2279 5639 2466 5711 regni,
2495 5639 2588 5694 fax
2625 5639 2819 5708 cosmi,
2855 5641 3034 5712 gloria
3064 5641 3216 5705 cleri,

1964 5733 2224 5789 Ecclesiae
2250 5734 2437 5789 fautor
2466 5733 2798 5805 militiaeque
2830 5735 3020 5790 decor.

1892 5829 1974 5882 En
1995 5827 2115 5897 jam
2142 5827 2284 5882 lecta
2315 5826 2418 5882 tibi
2447 5827 2621 5883 series
2651 5830 2934 5884 transacta
2960 5831 3199 5895 vetusta,

1965 5919 2075 5973 Sed
2103 5935 2244 5974 nova
2271 5921 2377 5976 rite
2413 5937 2656 5994 sequens
2688 5922 2794 5977 ista
2823 5922 3065 5995 legenda
3092 5925 3266 5995 patet.
