  <div class='ocr_page' id='page_1' title='image "/cluster/home/n/w/nwhite01/storage/ocr_20150623/130/umn.319510024774230/683.png"; bbox 0 0 4050 6330; ppageno 0'>
   <div class='ocr_carea' id='block_1_1' title="bbox 490 407 618 462">
    <p class='ocr_par' dir='ltr' id='par_1_1' title="bbox 490 407 618 462">
     <span class='ocr_line' id='line_1_1' title="bbox 490 407 618 462; baseline 0 -5"><span class='ocrx_word' id='word_1_1' title='bbox 490 408 502 457; x_wconf 81' lang='grc' dir='ltr'><strong>Ι</strong></span> <span class='ocrx_word' id='word_1_2' title='bbox 518 407 618 462; x_wconf 83' lang='grc'><strong>203</strong></span> 
     </span>
    </p>
   </div>
   <div class='ocr_carea' id='block_1_2' title="bbox 483 510 1612 584">
    <p class='ocr_par' dir='ltr' id='par_1_2' title="bbox 483 510 1612 584">
     <span class='ocr_line' id='line_1_2' title="bbox 483 510 1612 584; baseline -0.003 -17"><span class='ocrx_word' id='word_1_3' title='bbox 483 513 653 584; x_wconf 88' lang='lat' dir='ltr'>Cujus</span> <span class='ocrx_word' id='word_1_4' title='bbox 678 513 738 568; x_wconf 89' lang='lat' dir='ltr'><strong>in</strong></span> <span class='ocrx_word' id='word_1_5' title='bbox 763 512 924 567; x_wconf 85' lang='lat' dir='ltr'><strong>initio</strong></span> <span class='ocrx_word' id='word_1_6' title='bbox 947 514 1097 566; x_wconf 89' lang='lat' dir='ltr'><strong>clare</strong></span> <span class='ocrx_word' id='word_1_7' title='bbox 1122 510 1438 582; x_wconf 86' lang='lat' dir='ltr'><strong>primordia</strong></span> <span class='ocrx_word' id='word_1_8' title='bbox 1461 511 1612 565; x_wconf 88' lang='lat' dir='ltr'><strong>clara</strong></span> 
     </span>
    </p>
   </div>
   <div class='ocr_carea' id='block_1_3' title="bbox 553 604 1720 663">
    <p class='ocr_par' dir='ltr' id='par_1_3' title="bbox 553 604 1720 663">
     <span class='ocr_line' id='line_1_3' title="bbox 553 604 1720 663; baseline -0.003 0"><span class='ocrx_word' id='word_1_9' title='bbox 553 607 852 663; x_wconf 65' lang='lat' dir='ltr'><strong>Mattheus</strong></span> <span class='ocrx_word' id='word_1_10' title='bbox 878 604 1099 660; x_wconf 88' lang='lat' dir='ltr'><strong>Domini</strong></span> <span class='ocrx_word' id='word_1_11' title='bbox 1126 604 1373 659; x_wconf 88' lang='lat' dir='ltr'><strong>concinit</strong></span> <span class='ocrx_word' id='word_1_12' title='bbox 1403 620 1473 660; x_wconf 86' lang='lat' dir='ltr'><strong>ex</strong></span> <span class='ocrx_word' id='word_1_13' title='bbox 1499 605 1720 660; x_wconf 86' lang='lat' dir='ltr'><strong>Genesi.</strong></span> 
     </span>
    </p>
   </div>
   <div class='ocr_carea' id='block_1_4' title="bbox 482 699 1897 772">
    <p class='ocr_par' dir='ltr' id='par_1_4' title="bbox 482 699 1897 772">
     <span class='ocr_line' id='line_1_4' title="bbox 482 699 1897 772; baseline -0.002 -14"><span class='ocrx_word' id='word_1_14' title='bbox 482 705 594 758; x_wconf 84' lang='lat' dir='ltr'><strong>Ceu</strong></span> <span class='ocrx_word' id='word_1_15' title='bbox 621 702 712 755; x_wconf 92' lang='lat' dir='ltr'><strong>leo</strong></span> <span class='ocrx_word' id='word_1_16' title='bbox 738 715 843 772; x_wconf 92' lang='lat' dir='ltr'><strong>per</strong></span> <span class='ocrx_word' id='word_1_17' title='bbox 870 700 1111 764; x_wconf 87' lang='lat' dir='ltr'><strong>deserta,</strong></span> <span class='ocrx_word' id='word_1_18' title='bbox 1142 699 1337 754; x_wconf 88' lang='lat' dir='ltr'><strong>fremit</strong></span> <span class='ocrx_word' id='word_1_19' title='bbox 1363 699 1589 754; x_wconf 89' lang='lat' dir='ltr'><strong>deserta</strong></span> <span class='ocrx_word' id='word_1_20' title='bbox 1619 699 1897 755; x_wconf 91' lang='lat' dir='ltr'><strong>minando</strong></span> 
     </span>
    </p>
   </div>
   <div class='ocr_carea' id='block_1_5' title="bbox 553 794 1789 865">
    <p class='ocr_par' dir='ltr' id='par_1_5' title="bbox 553 794 1789 865">
     <span class='ocr_line' id='line_1_5' title="bbox 553 794 1789 865; baseline -0.002 -15"><span class='ocrx_word' id='word_1_21' title='bbox 553 797 671 850; x_wconf 88' lang='lat' dir='ltr'><strong>Vox</strong></span> <span class='ocrx_word' id='word_1_22' title='bbox 696 797 815 862; x_wconf 91' lang='lat' dir='ltr'><strong>tua,</strong></span> <span class='ocrx_word' id='word_1_23' title='bbox 841 795 1045 862; x_wconf 86' lang='lat' dir='ltr'><strong>Marce,</strong></span> <span class='ocrx_word' id='word_1_24' title='bbox 1079 810 1180 849; x_wconf 92' lang='lat' dir='ltr'><strong>suo</strong></span> <span class='ocrx_word' id='word_1_25' title='bbox 1203 794 1344 850; x_wconf 88' lang='lat' dir='ltr'><strong>fulta</strong></span> <span class='ocrx_word' id='word_1_26' title='bbox 1369 809 1624 865; x_wconf 88' lang='lat' dir='ltr'><strong>perenne</strong></span> <span class='ocrx_word' id='word_1_27' title='bbox 1652 794 1789 848; x_wconf 91' lang='lat' dir='ltr'><strong>Deo.</strong></span> 
     </span>
    </p>
   </div>
   <div class='ocr_carea' id='block_1_6' title="bbox 485 887 1903 961">
    <p class='ocr_par' dir='ltr' id='par_1_6' title="bbox 485 887 1903 961">
     <span class='ocr_line' id='line_1_6' title="bbox 485 887 1903 961; baseline -0.001 -17"><span class='ocrx_word' id='word_1_28' title='bbox 485 889 712 961; x_wconf 86' lang='lat' dir='ltr'><strong>Mystica</strong></span> <span class='ocrx_word' id='word_1_29' title='bbox 741 904 899 943; x_wconf 90' lang='lat' dir='ltr'><strong>sacra</strong></span> <span class='ocrx_word' id='word_1_30' title='bbox 923 904 1097 944; x_wconf 75' lang='lat' dir='ltr'><strong>sacrae</strong></span> <span class='ocrx_word' id='word_1_31' title='bbox 1122 893 1308 960; x_wconf 90' lang='lat' dir='ltr'><strong>partes</strong></span> <span class='ocrx_word' id='word_1_32' title='bbox 1328 905 1434 960; x_wconf 90' lang='lat' dir='ltr'><strong>per</strong></span> <span class='ocrx_word' id='word_1_33' title='bbox 1455 890 1727 960; x_wconf 83' lang='lat' dir='ltr'><strong>quattuor</strong></span> <span class='ocrx_word' id='word_1_34' title='bbox 1751 887 1903 942; x_wconf 91' lang='lat' dir='ltr'><strong>orbis</strong></span> 
     </span>
    </p>
   </div>
   <div class='ocr_carea' id='block_1_7' title="bbox 557 982 1722 1054">
    <p class='ocr_par' dir='ltr' id='par_1_7' title="bbox 557 982 1722 1054">
     <span class='ocr_line' id='line_1_7' title="bbox 557 982 1722 1054; baseline 0.002 -18"><span class='ocrx_word' id='word_1_35' title='bbox 557 984 687 1038; x_wconf 81' lang='lat' dir='ltr'><strong>Fert</strong></span> <span class='ocrx_word' id='word_1_36' title='bbox 711 983 963 1038; x_wconf 90' lang='lat' dir='ltr'><strong>studium</strong></span> <span class='ocrx_word' id='word_1_37' title='bbox 989 984 1152 1038; x_wconf 66' lang='lat' dir='ltr'><strong>Lucae</strong></span> <span class='ocrx_word' id='word_1_38' title='bbox 1179 983 1318 1037; x_wconf 90' lang='lat' dir='ltr'><strong>lucis</strong></span> <span class='ocrx_word' id='word_1_39' title='bbox 1345 982 1415 1037; x_wconf 91' lang='lat' dir='ltr'><strong>ab</strong></span> <span class='ocrx_word' id='word_1_40' title='bbox 1438 998 1566 1038; x_wconf 86' lang='lat' dir='ltr'><strong>arce</strong></span> <span class='ocrx_word' id='word_1_41' title='bbox 1593 983 1722 1054; x_wconf 63' lang='lat' dir='ltr'><strong>piae.</strong></span> 
     </span>
    </p>
   </div>
   <div class='ocr_carea' id='block_1_8' title="bbox 484 1077 2008 1148">
    <p class='ocr_par' dir='ltr' id='par_1_8' title="bbox 484 1077 2008 1148">
     <span class='ocr_line' id='line_1_8' title="bbox 484 1077 2008 1148; baseline -0.001 -16"><span class='ocrx_word' id='word_1_42' title='bbox 484 1078 568 1132; x_wconf 87' lang='lat' dir='ltr'><strong>Ad</strong></span> <span class='ocrx_word' id='word_1_43' title='bbox 597 1077 862 1133; x_wconf 87' lang='lat' dir='ltr'><strong>Genitum</strong></span> <span class='ocrx_word' id='word_1_44' title='bbox 891 1078 1070 1133; x_wconf 81' lang='lat' dir='ltr'><strong>Patris</strong></span> <span class='ocrx_word' id='word_1_45' title='bbox 1099 1092 1269 1148; x_wconf 90' lang='lat' dir='ltr'><strong>super</strong></span> <span class='ocrx_word' id='word_1_46' title='bbox 1295 1077 1530 1144; x_wconf 65' lang='lat' dir='ltr'><strong>aethera,</strong></span> <span class='ocrx_word' id='word_1_47' title='bbox 1567 1077 1712 1132; x_wconf 88' lang='lat' dir='ltr'><strong>celse</strong></span> <span class='ocrx_word' id='word_1_48' title='bbox 1747 1078 2008 1141; x_wconf 82' lang='lat' dir='ltr'><strong>Joannes,</strong></span> 
     </span>
    </p>
   </div>
   <div class='ocr_carea' id='block_1_9' title="bbox 556 1171 1864 1241">
    <p class='ocr_par' dir='ltr' id='par_1_9' title="bbox 556 1171 1864 1241">
     <span class='ocr_line' id='line_1_9' title="bbox 556 1171 1864 1241; baseline -0.001 -15"><span class='ocrx_word' id='word_1_49' title='bbox 556 1171 810 1241; x_wconf 89' lang='lat' dir='ltr'><strong>Scandis,</strong></span> <span class='ocrx_word' id='word_1_50' title='bbox 840 1175 897 1227; x_wconf 89' lang='lat' dir='ltr'><strong>et</strong></span> <span class='ocrx_word' id='word_1_51' title='bbox 922 1188 987 1226; x_wconf 90' lang='lat' dir='ltr'><strong>ex</strong></span> <span class='ocrx_word' id='word_1_52' title='bbox 1013 1172 1193 1226; x_wconf 87' lang='lat' dir='ltr'><strong>Verbo</strong></span> <span class='ocrx_word' id='word_1_53' title='bbox 1219 1171 1395 1226; x_wconf 90' lang='lat' dir='ltr'><strong>verba</strong></span> <span class='ocrx_word' id='word_1_54' title='bbox 1425 1171 1663 1226; x_wconf 92' lang='lat' dir='ltr'><strong>colenda</strong></span> <span class='ocrx_word' id='word_1_55' title='bbox 1691 1171 1864 1226; x_wconf 92' lang='lat' dir='ltr'><strong>canis.</strong></span> 
     </span>
    </p>
   </div>
   <div class='ocr_carea' id='block_1_10' title="bbox 487 1264 1709 1338">
    <p class='ocr_par' dir='ltr' id='par_1_10' title="bbox 487 1264 1709 1338">
     <span class='ocr_line' id='line_1_10' title="bbox 487 1264 1709 1338; baseline -0.001 -18"><span class='ocrx_word' id='word_1_56' title='bbox 487 1264 688 1320; x_wconf 88' lang='lat' dir='ltr'><strong>Eximii</strong></span> <span class='ocrx_word' id='word_1_57' title='bbox 717 1265 774 1320; x_wconf 92' lang='lat' dir='ltr'><strong>hi</strong></span> <span class='ocrx_word' id='word_1_58' title='bbox 793 1266 1019 1338; x_wconf 89' lang='lat' dir='ltr'><strong>jaciunt</strong></span> <span class='ocrx_word' id='word_1_59' title='bbox 1043 1266 1150 1320; x_wconf 87' lang='lat' dir='ltr'><strong>late</strong></span> <span class='ocrx_word' id='word_1_60' title='bbox 1181 1266 1450 1337; x_wconf 86' lang='lat' dir='ltr'><strong>mysteria</strong></span> <span class='ocrx_word' id='word_1_61' title='bbox 1479 1266 1709 1335; x_wconf 86' lang='lat' dir='ltr'><strong>Christi,</strong></span> 
     </span>
    </p>
   </div>
   <div class='ocr_carea' id='block_1_11' title="bbox 558 1359 1654 1432">
    <p class='ocr_par' dir='ltr' id='par_1_11' title="bbox 558 1359 1654 1432">
     <span class='ocr_line' id='line_1_11' title="bbox 558 1359 1654 1432; baseline -0.001 -18"><span class='ocrx_word' id='word_1_62' title='bbox 558 1361 617 1414; x_wconf 92' lang='lat' dir='ltr'><strong>ln</strong></span> <span class='ocrx_word' id='word_1_63' title='bbox 646 1375 814 1414; x_wconf 90' lang='lat' dir='ltr'><strong>sensu</strong></span> <span class='ocrx_word' id='word_1_64' title='bbox 843 1359 1011 1431; x_wconf 87' lang='lat' dir='ltr'><strong>parili</strong></span> <span class='ocrx_word' id='word_1_65' title='bbox 1041 1359 1496 1432; x_wconf 85' lang='lat' dir='ltr'><strong>conveniuntque</strong></span> <span class='ocrx_word' id='word_1_66' title='bbox 1528 1359 1654 1414; x_wconf 89' lang='lat' dir='ltr'><strong>sibi.</strong></span> 
     </span>
    </p>
   </div>
   <div class='ocr_carea' id='block_1_12' title="bbox 487 1452 2113 1524">
    <p class='ocr_par' dir='ltr' id='par_1_12' title="bbox 487 1452 2113 1524">
     <span class='ocr_line' id='line_1_12' title="bbox 487 1452 2113 1524; baseline 0 -17"><span class='ocrx_word' id='word_1_67' title='bbox 487 1453 684 1508; x_wconf 88' lang='lat' dir='ltr'><strong>Plusve</strong></span> <span class='ocrx_word' id='word_1_68' title='bbox 704 1452 961 1509; x_wconf 86' lang='lat' dir='ltr'><strong>minusve</strong></span> <span class='ocrx_word' id='word_1_69' title='bbox 974 1454 1060 1509; x_wconf 92' lang='lat' dir='ltr'><strong>vel</strong></span> <span class='ocrx_word' id='word_1_70' title='bbox 1076 1469 1239 1524; x_wconf 67' lang='lat' dir='ltr'><strong>azqua</strong></span> <span class='ocrx_word' id='word_1_71' title='bbox 1257 1453 1452 1522; x_wconf 91' lang='lat' dir='ltr'><strong>boant,</strong></span> <span class='ocrx_word' id='word_1_72' title='bbox 1469 1469 1569 1508; x_wconf 88' lang='lat' dir='ltr'><strong>sua</strong></span> <span class='ocrx_word' id='word_1_73' title='bbox 1586 1452 1776 1524; x_wconf 87' lang='lat' dir='ltr'><strong>sicque</strong></span> <span class='ocrx_word' id='word_1_74' title='bbox 1793 1453 2113 1510; x_wconf 90' lang='lat' dir='ltr'><strong>dehiscunt.</strong></span> 
     </span>
    </p>
   </div>
   <div class='ocr_carea' id='block_1_13' title="bbox 558 1547 1778 1620">
    <p class='ocr_par' dir='ltr' id='par_1_13' title="bbox 558 1547 1778 1620">
     <span class='ocr_line' id='line_1_13' title="bbox 558 1547 1778 1620; baseline 0 -19"><span class='ocrx_word' id='word_1_75' title='bbox 558 1550 822 1604; x_wconf 77' lang='lat' dir='ltr'><strong>Attamen</strong></span> <span class='ocrx_word' id='word_1_76' title='bbox 847 1547 1076 1603; x_wconf 84' lang='lat' dir='ltr'><strong>effectus</strong></span> <span class='ocrx_word' id='word_1_77' title='bbox 1105 1563 1257 1602; x_wconf 92' lang='lat' dir='ltr'><strong>unus</strong></span> <span class='ocrx_word' id='word_1_78' title='bbox 1284 1547 1556 1620; x_wconf 90' lang='lat' dir='ltr'><strong>utrinque</strong></span> <span class='ocrx_word' id='word_1_79' title='bbox 1585 1563 1778 1601; x_wconf 89' lang='lat' dir='ltr'><strong>novus.</strong></span> 
     </span>
    </p>
   </div>
   <div class='ocr_carea' id='block_1_14' title="bbox 487 1641 1848 1714">
    <p class='ocr_par' dir='ltr' id='par_1_14' title="bbox 487 1641 1848 1714">
     <span class='ocr_line' id='line_1_14' title="bbox 487 1641 1848 1714; baseline 0 -17"><span class='ocrx_word' id='word_1_80' title='bbox 487 1643 602 1697; x_wconf 86' lang='lat' dir='ltr'><strong>Hoc</strong></span> <span class='ocrx_word' id='word_1_81' title='bbox 629 1641 1002 1714; x_wconf 90' lang='lat' dir='ltr'><strong>Evangelium</strong></span> <span class='ocrx_word' id='word_1_82' title='bbox 1030 1647 1211 1710; x_wconf 89' lang='lat' dir='ltr'><strong>sanat,</strong></span> <span class='ocrx_word' id='word_1_83' title='bbox 1246 1642 1555 1709; x_wconf 86' lang='lat' dir='ltr'><strong>blanditur,</strong></span> <span class='ocrx_word' id='word_1_84' title='bbox 1589 1643 1848 1711; x_wconf 87' lang='lat' dir='ltr'><strong>honorat,</strong></span> 
     </span>
    </p>
   </div>
   <div class='ocr_carea' id='block_1_15' title="bbox 559 1735 1758 1808">
    <p class='ocr_par' dir='ltr' id='par_1_15' title="bbox 559 1735 1758 1808">
     <span class='ocr_line' id='line_1_15' title="bbox 559 1735 1758 1808; baseline 0 -18"><span class='ocrx_word' id='word_1_85' title='bbox 559 1735 826 1808; x_wconf 87' lang='lat' dir='ltr'><strong>Castigat,</strong></span> <span class='ocrx_word' id='word_1_86' title='bbox 855 1736 1056 1804; x_wconf 88' lang='lat' dir='ltr'><strong>reﬁcit,</strong></span> <span class='ocrx_word' id='word_1_87' title='bbox 1087 1736 1296 1802; x_wconf 88' lang='lat' dir='ltr'><strong>munit,</strong></span> <span class='ocrx_word' id='word_1_88' title='bbox 1325 1737 1610 1805; x_wconf 88' lang='lat' dir='ltr'><strong>honestat,</strong></span> <span class='ocrx_word' id='word_1_89' title='bbox 1640 1736 1758 1790; x_wconf 86' lang='lat' dir='ltr'><strong>alit.</strong></span> 
     </span>
    </p>
   </div>
   <div class='ocr_carea' id='block_1_16' title="bbox 489 1829 2007 1900">
    <p class='ocr_par' dir='ltr' id='par_1_16' title="bbox 489 1829 2007 1900">
     <span class='ocr_line' id='line_1_16' title="bbox 489 1829 2007 1900; baseline 0.001 -16"><span class='ocrx_word' id='word_1_90' title='bbox 489 1830 586 1884; x_wconf 85' lang='lat' dir='ltr'><strong>Hic</strong></span> <span class='ocrx_word' id='word_1_91' title='bbox 617 1830 821 1885; x_wconf 91' lang='lat' dir='ltr'><strong>modus</strong></span> <span class='ocrx_word' id='word_1_92' title='bbox 859 1829 1087 1900; x_wconf 82' lang='lat' dir='ltr'><strong>eﬂ&#39;andi,</strong></span> <span class='ocrx_word' id='word_1_93' title='bbox 1115 1830 1207 1884; x_wconf 91' lang='lat' dir='ltr'><strong>hic</strong></span> <span class='ocrx_word' id='word_1_94' title='bbox 1240 1829 1439 1896; x_wconf 89' lang='lat' dir='ltr'><strong>virtus,</strong></span> <span class='ocrx_word' id='word_1_95' title='bbox 1470 1829 1560 1884; x_wconf 92' lang='lat' dir='ltr'><strong>hic</strong></span> <span class='ocrx_word' id='word_1_96' title='bbox 1591 1829 1737 1884; x_wconf 90' lang='lat' dir='ltr'><strong>actio</strong></span> <span class='ocrx_word' id='word_1_97' title='bbox 1770 1830 2007 1900; x_wconf 88' lang='lat' dir='ltr'><strong>munda,</strong></span> 
     </span>
    </p>
   </div>
   <div class='ocr_carea' id='block_1_17' title="bbox 561 1923 1838 1995">
    <p class='ocr_par' dir='ltr' id='par_1_17' title="bbox 561 1923 1838 1995">
     <span class='ocr_line' id='line_1_17' title="bbox 561 1923 1838 1995; baseline 0 -17"><span class='ocrx_word' id='word_1_98' title='bbox 561 1923 658 1978; x_wconf 88' lang='lat' dir='ltr'><strong>Hic</strong></span> <span class='ocrx_word' id='word_1_99' title='bbox 683 1924 859 1994; x_wconf 91' lang='lat' dir='ltr'><strong>cibus,</strong></span> <span class='ocrx_word' id='word_1_100' title='bbox 889 1924 982 1978; x_wconf 92' lang='lat' dir='ltr'><strong>hic</strong></span> <span class='ocrx_word' id='word_1_101' title='bbox 1007 1927 1196 1995; x_wconf 92' lang='lat' dir='ltr'><strong>potus,</strong></span> <span class='ocrx_word' id='word_1_102' title='bbox 1226 1923 1316 1978; x_wconf 92' lang='lat' dir='ltr'><strong>hic</strong></span> <span class='ocrx_word' id='word_1_103' title='bbox 1345 1923 1643 1979; x_wconf 86' lang='lat' dir='ltr'><strong>benedicta</strong></span> <span class='ocrx_word' id='word_1_104' title='bbox 1671 1924 1838 1978; x_wconf 90' lang='lat' dir='ltr'><strong>salus.</strong></span> 
     </span>
    </p>
   </div>
   <div class='ocr_carea' id='block_1_18' title="bbox 492 2017 2009 2090">
    <p class='ocr_par' dir='ltr' id='par_1_18' title="bbox 492 2017 2009 2090">
     <span class='ocr_line' id='line_1_18' title="bbox 492 2017 2009 2090; baseline 0.002 -18"><span class='ocrx_word' id='word_1_105' title='bbox 492 2018 588 2073; x_wconf 90' lang='lat' dir='ltr'><strong>Hic</strong></span> <span class='ocrx_word' id='word_1_106' title='bbox 611 2017 741 2085; x_wconf 91' lang='lat' dir='ltr'><strong>vita,</strong></span> <span class='ocrx_word' id='word_1_107' title='bbox 771 2017 1033 2086; x_wconf 86' lang='lat' dir='ltr'><strong>charitas,</strong></span> <span class='ocrx_word' id='word_1_108' title='bbox 1060 2018 1172 2086; x_wconf 90' lang='lat' dir='ltr'><strong>via,</strong></span> <span class='ocrx_word' id='word_1_109' title='bbox 1201 2034 1348 2089; x_wconf 90' lang='lat' dir='ltr'><strong>spes,</strong></span> <span class='ocrx_word' id='word_1_110' title='bbox 1375 2034 1705 2090; x_wconf 90' lang='lat' dir='ltr'><strong>verumque,</strong></span> <span class='ocrx_word' id='word_1_111' title='bbox 1735 2018 2009 2090; x_wconf 85' lang='lat' dir='ltr'><strong>ﬁdesque,</strong></span> 
     </span>
    </p>
   </div>
   <div class='ocr_carea' id='block_1_19' title="bbox 560 2111 1842 2184">
    <p class='ocr_par' dir='ltr' id='par_1_19' title="bbox 560 2111 1842 2184">
     <span class='ocr_line' id='line_1_19' title="bbox 560 2111 1842 2184; baseline -0.001 -16"><span class='ocrx_word' id='word_1_112' title='bbox 560 2113 668 2168; x_wconf 90' lang='lat' dir='ltr'><strong>Seu</strong></span> <span class='ocrx_word' id='word_1_113' title='bbox 697 2111 847 2166; x_wconf 89' lang='lat' dir='ltr'><strong>bona</strong></span> <span class='ocrx_word' id='word_1_114' title='bbox 871 2116 1071 2168; x_wconf 90' lang='lat' dir='ltr'><strong>cuncta</strong></span> <span class='ocrx_word' id='word_1_115' title='bbox 1090 2112 1257 2166; x_wconf 91' lang='lat' dir='ltr'><strong>simul</strong></span> <span class='ocrx_word' id='word_1_116' title='bbox 1284 2112 1603 2167; x_wconf 89' lang='lat' dir='ltr'><strong>consociata</strong></span> <span class='ocrx_word' id='word_1_117' title='bbox 1629 2112 1842 2184; x_wconf 86' lang='lat' dir='ltr'><strong>vigent.</strong></span> 
     </span>
    </p>
   </div>
   <div class='ocr_carea' id='block_1_20' title="bbox 491 2206 2011 2277">
    <p class='ocr_par' dir='ltr' id='par_1_20' title="bbox 491 2206 2011 2277">
     <span class='ocr_line' id='line_1_20' title="bbox 491 2206 2011 2277; baseline -0.001 -15"><span class='ocrx_word' id='word_1_118' title='bbox 491 2206 584 2262; x_wconf 86' lang='lat' dir='ltr'><strong>His</strong></span> <span class='ocrx_word' id='word_1_119' title='bbox 608 2221 864 2261; x_wconf 88' lang='lat' dir='ltr'><strong>assuesce</strong></span> <span class='ocrx_word' id='word_1_120' title='bbox 893 2206 1010 2274; x_wconf 92' lang='lat' dir='ltr'><strong>diu,</strong></span> <span class='ocrx_word' id='word_1_121' title='bbox 1044 2207 1168 2262; x_wconf 85' lang='lat' dir='ltr'><strong>haec</strong></span> <span class='ocrx_word' id='word_1_122' title='bbox 1196 2206 1491 2274; x_wconf 90' lang='lat' dir='ltr'><strong>meditare,</strong></span> <span class='ocrx_word' id='word_1_123' title='bbox 1516 2207 1634 2261; x_wconf 66' lang='lat' dir='ltr'><strong>haec</strong></span> <span class='ocrx_word' id='word_1_124' title='bbox 1670 2206 1862 2277; x_wconf 83' lang='lat' dir='ltr'><strong>dilige,</strong></span> <span class='ocrx_word' id='word_1_125' title='bbox 1897 2207 2011 2261; x_wconf 86' lang='lat' dir='ltr'><strong>sive</strong></span> 
     </span>
    </p>
   </div>
   <div class='ocr_carea' id='block_1_21' title="bbox 559 2299 1759 2370">
    <p class='ocr_par' dir='ltr' id='par_1_21' title="bbox 559 2299 1759 2370">
     <span class='ocr_line' id='line_1_21' title="bbox 559 2299 1759 2370; baseline -0.001 -16"><span class='ocrx_word' id='word_1_126' title='bbox 559 2302 621 2354; x_wconf 92' lang='lat' dir='ltr'><strong>1n</strong></span> <span class='ocrx_word' id='word_1_127' title='bbox 649 2315 909 2355; x_wconf 91' lang='lat' dir='ltr'><strong>sermone</strong></span> <span class='ocrx_word' id='word_1_128' title='bbox 936 2316 1109 2370; x_wconf 89' lang='lat' dir='ltr'><strong>opere</strong></span> <span class='ocrx_word' id='word_1_129' title='bbox 1140 2299 1261 2354; x_wconf 70' lang='lat' dir='ltr'><strong>haec</strong></span> <span class='ocrx_word' id='word_1_130' title='bbox 1287 2299 1546 2355; x_wconf 84' lang='lat' dir='ltr'><strong>habitare</strong></span> <span class='ocrx_word' id='word_1_131' title='bbox 1575 2300 1759 2354; x_wconf 88' lang='lat' dir='ltr'><strong>stude.</strong></span> 
     </span>
    </p>
   </div>
   <div class='ocr_carea' id='block_1_22' title="bbox 494 2393 2118 2465">
    <p class='ocr_par' dir='ltr' id='par_1_22' title="bbox 494 2393 2118 2465">
     <span class='ocr_line' id='line_1_22' title="bbox 494 2393 2118 2465; baseline -0.001 -15"><span class='ocrx_word' id='word_1_132' title='bbox 494 2397 611 2451; x_wconf 86' lang='lat' dir='ltr'><strong>Rex</strong></span> <span class='ocrx_word' id='word_1_133' title='bbox 634 2394 807 2462; x_wconf 90' lang='lat' dir='ltr'><strong>bone,</strong></span> <span class='ocrx_word' id='word_1_134' title='bbox 840 2409 940 2448; x_wconf 87' lang='lat' dir='ltr'><strong>rex</strong></span> <span class='ocrx_word' id='word_1_135' title='bbox 966 2394 1207 2465; x_wconf 87' lang='lat' dir='ltr'><strong>sapiens,</strong></span> <span class='ocrx_word' id='word_1_136' title='bbox 1232 2409 1334 2448; x_wconf 90' lang='lat' dir='ltr'><strong>rex</strong></span> <span class='ocrx_word' id='word_1_137' title='bbox 1364 2393 1635 2464; x_wconf 89' lang='lat' dir='ltr'><strong>prudens,</strong></span> <span class='ocrx_word' id='word_1_138' title='bbox 1663 2409 1762 2450; x_wconf 85' lang='lat' dir='ltr'><strong>rex</strong></span> <span class='ocrx_word' id='word_1_139' title='bbox 1782 2394 2118 2464; x_wconf 86' lang='lat' dir='ltr'><strong>venerande,</strong></span> 
     </span>
    </p>
   </div>
   <div class='ocr_carea' id='block_1_23' title="bbox 563 2487 1835 2560">
    <p class='ocr_par' dir='ltr' id='par_1_23' title="bbox 563 2487 1835 2560">
     <span class='ocr_line' id='line_1_23' title="bbox 563 2487 1835 2560; baseline 0 -18"><span class='ocrx_word' id='word_1_140' title='bbox 563 2489 675 2542; x_wconf 83' lang='lat' dir='ltr'><strong>Rex</strong></span> <span class='ocrx_word' id='word_1_141' title='bbox 703 2488 901 2543; x_wconf 89' lang='lat' dir='ltr'><strong>Carole</strong></span> <span class='ocrx_word' id='word_1_142' title='bbox 925 2489 1096 2556; x_wconf 88' lang='lat' dir='ltr'><strong>alme,</strong></span> <span class='ocrx_word' id='word_1_143' title='bbox 1124 2489 1247 2543; x_wconf 88' lang='lat' dir='ltr'><strong>vale</strong></span> <span class='ocrx_word' id='word_1_144' title='bbox 1275 2504 1406 2542; x_wconf 92' lang='lat' dir='ltr'><strong>cum</strong></span> <span class='ocrx_word' id='word_1_145' title='bbox 1447 2487 1679 2560; x_wconf 90' lang='lat' dir='ltr'><strong>pietatis</strong></span> <span class='ocrx_word' id='word_1_146' title='bbox 1709 2505 1835 2560; x_wconf 90' lang='lat' dir='ltr'><strong>ope.</strong></span> 
     </span>
    </p>
   </div>
   <div class='ocr_carea' id='block_1_24' title="bbox 491 2581 1977 2654">
    <p class='ocr_par' dir='ltr' id='par_1_24' title="bbox 491 2581 1977 2654">
     <span class='ocr_line' id='line_1_24' title="bbox 491 2581 1977 2654; baseline -0.001 -17"><span class='ocrx_word' id='word_1_147' title='bbox 491 2585 594 2638; x_wconf 86' lang='lat' dir='ltr'><strong>Det</strong></span> <span class='ocrx_word' id='word_1_148' title='bbox 619 2581 719 2636; x_wconf 89' lang='lat' dir='ltr'><strong>tibi</strong></span> <span class='ocrx_word' id='word_1_149' title='bbox 749 2586 969 2653; x_wconf 89' lang='lat' dir='ltr'><strong>sceptra</strong></span> <span class='ocrx_word' id='word_1_150' title='bbox 989 2582 1170 2654; x_wconf 86' lang='lat' dir='ltr'><strong>patris</strong></span> <span class='ocrx_word' id='word_1_151' title='bbox 1194 2584 1371 2651; x_wconf 86' lang='lat' dir='ltr'><strong>Jesus,</strong></span> <span class='ocrx_word' id='word_1_152' title='bbox 1405 2581 1718 2652; x_wconf 88' lang='lat' dir='ltr'><strong>conﬁrmet,</strong></span> <span class='ocrx_word' id='word_1_153' title='bbox 1748 2582 1977 2652; x_wconf 88' lang='lat' dir='ltr'><strong>adunet,</strong></span> 
     </span>
    </p>
   </div>
   <div class='ocr_carea' id='block_1_25' title="bbox 562 2676 1797 2732">
    <p class='ocr_par' dir='ltr' id='par_1_25' title="bbox 562 2676 1797 2732">
     <span class='ocr_line' id='line_1_25' title="bbox 562 2676 1797 2732; baseline 0 -1"><span class='ocrx_word' id='word_1_154' title='bbox 562 2676 800 2732; x_wconf 68' lang='lat' dir='ltr'><strong>Praemia</strong></span> <span class='ocrx_word' id='word_1_155' title='bbox 825 2680 1154 2732; x_wconf 88' lang='lat' dir='ltr'><strong>sanctorum</strong></span> <span class='ocrx_word' id='word_1_156' title='bbox 1180 2682 1243 2732; x_wconf 93' lang='lat' dir='ltr'><strong>ut</strong></span> <span class='ocrx_word' id='word_1_157' title='bbox 1270 2676 1562 2732; x_wconf 90' lang='lat' dir='ltr'><strong>merearis.</strong></span> <span class='ocrx_word' id='word_1_158' title='bbox 1592 2680 1797 2731; x_wconf 84' lang='lat' dir='ltr'><strong>Amen.</strong></span> 
     </span>
    </p>
   </div>
   <div class='ocr_carea' id='block_1_26' title="bbox 1084 2828 1524 2896">
    <p class='ocr_par' dir='ltr' id='par_1_26' title="bbox 1084 2828 1524 2896">
     <span class='ocr_line' id='line_1_26' title="bbox 1084 2828 1524 2896; baseline -0.002 -14"><span class='ocrx_word' id='word_1_159' title='bbox 1084 2831 1147 2882; x_wconf 88' lang='lat' dir='ltr'><strong>1n</strong></span> <span class='ocrx_word' id='word_1_160' title='bbox 1175 2831 1280 2896; x_wconf 80' lang='lat' dir='ltr'><strong>ﬁne</strong></span> <span class='ocrx_word' id='word_1_161' title='bbox 1307 2828 1524 2882; x_wconf 76' lang='lat' dir='ltr'><strong>codicis.</strong></span> 
     </span>
    </p>
   </div>
   <div class='ocr_carea' id='block_1_27' title="bbox 493 2961 1991 3032">
    <p class='ocr_par' dir='ltr' id='par_1_27' title="bbox 493 2961 1991 3032">
     <span class='ocr_line' id='line_1_27' title="bbox 493 2961 1991 3032; baseline -0.002 -15"><span class='ocrx_word' id='word_1_162' title='bbox 493 2964 536 3017; x_wconf 92' lang='grc' dir='ltr'><strong>Ο</strong></span> <span class='ocrx_word' id='word_1_163' title='bbox 569 2963 760 3031; x_wconf 91' lang='lat' dir='ltr'><strong>decus,</strong></span> <span class='ocrx_word' id='word_1_164' title='bbox 790 2979 823 3016; x_wconf 96' lang='lat' dir='ltr'><strong>o</strong></span> <span class='ocrx_word' id='word_1_165' title='bbox 851 2962 1178 3017; x_wconf 89' lang='lat' dir='ltr'><strong>veneranda</strong></span> <span class='ocrx_word' id='word_1_166' title='bbox 1205 2961 1372 3029; x_wconf 90' lang='lat' dir='ltr'><strong>salus,</strong></span> <span class='ocrx_word' id='word_1_167' title='bbox 1402 2979 1434 3016; x_wconf 94' lang='lat' dir='ltr'><strong>o</strong></span> <span class='ocrx_word' id='word_1_168' title='bbox 1463 2962 1763 3032; x_wconf 89' lang='lat' dir='ltr'><strong>splendide</strong></span> <span class='ocrx_word' id='word_1_169' title='bbox 1794 2961 1991 3031; x_wconf 87' lang='lat' dir='ltr'><strong>David,</strong></span> 
     </span>
    </p>
   </div>
   <div class='ocr_carea' id='block_1_28' title="bbox 565 3055 1871 3127">
    <p class='ocr_par' dir='ltr' id='par_1_28' title="bbox 565 3055 1871 3127">
     <span class='ocr_line' id='line_1_28' title="bbox 565 3055 1871 3127; baseline -0.001 -17"><span class='ocrx_word' id='word_1_170' title='bbox 565 3057 676 3111; x_wconf 87' lang='lat' dir='ltr'><strong>Rex</strong></span> <span class='ocrx_word' id='word_1_171' title='bbox 703 3055 902 3111; x_wconf 90' lang='lat' dir='ltr'><strong>Carole</strong></span> <span class='ocrx_word' id='word_1_172' title='bbox 927 3055 1073 3109; x_wconf 85' lang='lat' dir='ltr'><strong>alme</strong></span> <span class='ocrx_word' id='word_1_173' title='bbox 1103 3055 1234 3125; x_wconf 88' lang='lat' dir='ltr'><strong>vige</strong></span> <span class='ocrx_word' id='word_1_174' title='bbox 1273 3055 1716 3127; x_wconf 89' lang='lat' dir='ltr'><strong>cunctipotentis</strong></span> <span class='ocrx_word' id='word_1_175' title='bbox 1744 3071 1871 3127; x_wconf 91' lang='lat' dir='ltr'><strong>ope.</strong></span> 
     </span>
    </p>
   </div>
   <div class='ocr_carea' id='block_1_29' title="bbox 491 3147 2123 3218">
    <p class='ocr_par' dir='ltr' id='par_1_29' title="bbox 491 3147 2123 3218">
     <span class='ocr_line' id='line_1_29' title="bbox 491 3147 2123 3218; baseline -0.001 -13"><span class='ocrx_word' id='word_1_176' title='bbox 491 3149 698 3217; x_wconf 87' lang='lat' dir='ltr'><strong>Gloria,</strong></span> <span class='ocrx_word' id='word_1_177' title='bbox 726 3149 870 3216; x_wconf 89' lang='lat' dir='ltr'><strong>laus,</strong></span> <span class='ocrx_word' id='word_1_178' title='bbox 893 3148 1096 3218; x_wconf 91' lang='lat' dir='ltr'><strong>honor,</strong></span> <span class='ocrx_word' id='word_1_179' title='bbox 1121 3164 1291 3202; x_wconf 92' lang='lat' dir='ltr'><strong>omne</strong></span> <span class='ocrx_word' id='word_1_180' title='bbox 1318 3149 1544 3218; x_wconf 90' lang='lat' dir='ltr'><strong>decens,</strong></span> <span class='ocrx_word' id='word_1_181' title='bbox 1566 3149 1853 3204; x_wconf 89' lang='lat' dir='ltr'><strong>miseratio</strong></span> <span class='ocrx_word' id='word_1_182' title='bbox 1873 3147 2123 3205; x_wconf 89' lang='lat' dir='ltr'><strong>clemens</strong></span> 
     </span>
    </p>
   </div>
   <div class='ocr_carea' id='block_1_30' title="bbox 562 3240 1692 3299">
    <p class='ocr_par' dir='ltr' id='par_1_30' title="bbox 562 3240 1692 3299">
     <span class='ocr_line' id='line_1_30' title="bbox 562 3240 1692 3299; baseline -0.002 -1"><span class='ocrx_word' id='word_1_183' title='bbox 562 3244 747 3299; x_wconf 89' lang='lat' dir='ltr'><strong>Pictus</strong></span> <span class='ocrx_word' id='word_1_184' title='bbox 775 3260 833 3298; x_wconf 91' lang='lat' dir='ltr'><strong>es</strong></span> <span class='ocrx_word' id='word_1_185' title='bbox 867 3243 959 3297; x_wconf 91' lang='lat' dir='ltr'><strong>hic</strong></span> <span class='ocrx_word' id='word_1_186' title='bbox 985 3240 1171 3297; x_wconf 91' lang='lat' dir='ltr'><strong>studio</strong></span> <span class='ocrx_word' id='word_1_187' title='bbox 1200 3241 1337 3296; x_wconf 90' lang='lat' dir='ltr'><strong>artis</strong></span> <span class='ocrx_word' id='word_1_188' title='bbox 1365 3242 1434 3296; x_wconf 90' lang='lat' dir='ltr'><strong>ab</strong></span> <span class='ocrx_word' id='word_1_189' title='bbox 1463 3241 1692 3298; x_wconf 84' lang='lat' dir='ltr'><strong>eximio.</strong></span> 
     </span>
    </p>
   </div>
   <div class='ocr_carea' id='block_1_31' title="bbox 1686 403 2639 460">
    <p class='ocr_par' dir='ltr' id='par_1_31' title="bbox 1686 403 2639 460">
     <span class='ocr_line' id='line_1_31' title="bbox 1686 403 2639 460; baseline 0.001 -4"><span class='ocrx_word' id='word_1_190' title='bbox 1686 403 2016 458; x_wconf 67' lang='lat' dir='ltr'><strong>Al’PENDlX</strong></span> <span class='ocrx_word' id='word_1_191' title='bbox 2055 404 2143 459; x_wconf 84' lang='lat' dir='ltr'><strong>AD</strong></span> <span class='ocrx_word' id='word_1_192' title='bbox 2184 404 2512 460; x_wconf 82' lang='lat' dir='ltr'><strong>S/ECULUM</strong></span> <span class='ocrx_word' id='word_1_193' title='bbox 2554 405 2639 458; x_wconf 83' lang='lat' dir='ltr'><strong>1X.</strong></span> 
     </span>
    </p>
   </div>
   <div class='ocr_carea' id='block_1_32' title="bbox 2137 1908 2194 1980">
    <p class='ocr_par' dir='ltr' id='par_1_32' title="bbox 2137 1908 2194 1980">
     <span class='ocr_line' id='line_1_32' title="bbox 2137 1908 2194 1980; baseline 0 -2"><span class='ocrx_word' id='word_1_194' title='bbox 2137 1908 2194 1980; x_wconf 90' lang='lat' dir='ltr'><strong>B</strong></span> 
     </span>
    </p>
   </div>
   <div class='ocr_carea' id='block_1_33' title="bbox 3705 403 3854 454">
    <p class='ocr_par' dir='ltr' id='par_1_33' title="bbox 3705 403 3854 454">
     <span class='ocr_line' id='line_1_33' title="bbox 3705 403 3854 454; baseline 0.007 -1"><span class='ocrx_word' id='word_1_195' title='bbox 3705 403 3854 454; x_wconf 65' lang='lat' dir='ltr'><strong>120i</strong></span> 
     </span>
    </p>
   </div>
   <div class='ocr_carea' id='block_1_34' title="bbox 2134 509 3482 599">
    <p class='ocr_par' dir='ltr' id='par_1_34' title="bbox 2134 509 3482 599">
     <span class='ocr_line' id='line_1_34' title="bbox 2134 509 3482 599; baseline -0.004 -31"><span class='ocrx_word' id='word_1_196' title='bbox 2134 526 2192 599; x_wconf 76' lang='grc' dir='ltr'><strong>Α</strong></span> <span class='ocrx_word' id='word_1_197' title='bbox 2282 515 2355 568; x_wconf 91' lang='lat' dir='ltr'><strong>Te</strong></span> <span class='ocrx_word' id='word_1_198' title='bbox 2388 513 2616 568; x_wconf 90' lang='lat' dir='ltr'><strong>laudare</strong></span> <span class='ocrx_word' id='word_1_199' title='bbox 2643 515 2828 582; x_wconf 82' lang='lat' dir='ltr'><strong>potest</strong></span> <span class='ocrx_word' id='word_1_200' title='bbox 2862 510 3106 582; x_wconf 89' lang='lat' dir='ltr'><strong>pleniter</strong></span> <span class='ocrx_word' id='word_1_201' title='bbox 3138 513 3237 564; x_wconf 88' lang='lat' dir='ltr'><strong>aut</strong></span> <span class='ocrx_word' id='word_1_202' title='bbox 3261 509 3482 564; x_wconf 79' lang='lat' dir='ltr'><strong>merito.</strong></span> 
     </span>
    </p>
   </div>
   <div class='ocr_carea' id='block_1_35' title="bbox 2215 604 3774 680">
    <p class='ocr_par' dir='ltr' id='par_1_35' title="bbox 2215 604 3774 680">
     <span class='ocr_line' id='line_1_35' title="bbox 2215 604 3774 680; baseline -0.003 -16"><span class='ocrx_word' id='word_1_203' title='bbox 2215 609 2325 664; x_wconf 91' lang='lat' dir='ltr'><strong>Ceu</strong></span> <span class='ocrx_word' id='word_1_204' title='bbox 2351 607 2652 680; x_wconf 89' lang='lat' dir='ltr'><strong>plumbum</strong></span> <span class='ocrx_word' id='word_1_205' title='bbox 2669 609 2930 677; x_wconf 88' lang='lat' dir='ltr'><strong>argento,</strong></span> <span class='ocrx_word' id='word_1_206' title='bbox 2955 621 3031 660; x_wconf 65' lang='lat' dir='ltr'><strong>aes</strong></span> <span class='ocrx_word' id='word_1_207' title='bbox 3056 621 3216 672; x_wconf 91' lang='lat' dir='ltr'><strong>auro,</strong></span> <span class='ocrx_word' id='word_1_208' title='bbox 3244 620 3341 658; x_wconf 93' lang='lat' dir='ltr'><strong>rus</strong></span> <span class='ocrx_word' id='word_1_209' title='bbox 3370 604 3554 660; x_wconf 89' lang='lat' dir='ltr'><strong>sidere</strong></span> <span class='ocrx_word' id='word_1_210' title='bbox 3579 604 3774 675; x_wconf 84' lang='lat' dir='ltr'><strong>distat,</strong></span> 
     </span>
    </p>
   </div>
   <div class='ocr_carea' id='block_1_36' title="bbox 2287 700 3639 771">
    <p class='ocr_par' dir='ltr' id='par_1_36' title="bbox 2287 700 3639 771">
     <span class='ocr_line' id='line_1_36' title="bbox 2287 700 3639 771; baseline -0.001 -13"><span class='ocrx_word' id='word_1_211' title='bbox 2287 704 2524 759; x_wconf 88' lang='lat' dir='ltr'><strong>Gemma</strong></span> <span class='ocrx_word' id='word_1_212' title='bbox 2553 703 2718 769; x_wconf 90' lang='lat' dir='ltr'><strong>vitro,</strong></span> <span class='ocrx_word' id='word_1_213' title='bbox 2747 700 2966 756; x_wconf 87' lang='lat' dir='ltr'><strong>scandit</strong></span> <span class='ocrx_word' id='word_1_214' title='bbox 2989 701 3116 771; x_wconf 89' lang='lat' dir='ltr'><strong>plus</strong></span> <span class='ocrx_word' id='word_1_215' title='bbox 3140 705 3241 755; x_wconf 89' lang='lat' dir='ltr'><strong>tua</strong></span> <span class='ocrx_word' id='word_1_216' title='bbox 3268 701 3420 755; x_wconf 90' lang='lat' dir='ltr'><strong>fama</strong></span> <span class='ocrx_word' id='word_1_217' title='bbox 3449 701 3639 756; x_wconf 90' lang='lat' dir='ltr'><strong>modo.</strong></span> 
     </span>
    </p>
   </div>
   <div class='ocr_carea' id='block_1_37' title="bbox 2217 795 3419 854">
    <p class='ocr_par' dir='ltr' id='par_1_37' title="bbox 2217 795 3419 854">
     <span class='ocr_line' id='line_1_37' title="bbox 2217 795 3419 854; baseline -0.003 0"><span class='ocrx_word' id='word_1_218' title='bbox 2217 799 2363 854; x_wconf 83' lang='lat' dir='ltr'><strong>Ante</strong></span> <span class='ocrx_word' id='word_1_219' title='bbox 2391 797 2542 853; x_wconf 90' lang='lat' dir='ltr'><strong>Brito</strong></span> <span class='ocrx_word' id='word_1_220' title='bbox 2572 796 2782 852; x_wconf 86' lang='lat' dir='ltr'><strong>stabilis</strong></span> <span class='ocrx_word' id='word_1_221' title='bbox 2807 796 2909 850; x_wconf 83' lang='lat' dir='ltr'><strong>fiet</strong></span> <span class='ocrx_word' id='word_1_222' title='bbox 2935 796 3022 851; x_wconf 89' lang='lat' dir='ltr'><strong>vel</strong></span> <span class='ocrx_word' id='word_1_223' title='bbox 3051 796 3237 850; x_wconf 91' lang='lat' dir='ltr'><strong>musio</strong></span> <span class='ocrx_word' id='word_1_224' title='bbox 3268 795 3419 850; x_wconf 90' lang='lat' dir='ltr'><strong>muri</strong></span> 
     </span>
    </p>
   </div>
   <div class='ocr_carea' id='block_1_38' title="bbox 2291 889 3737 964">
    <p class='ocr_par' dir='ltr' id='par_1_38' title="bbox 2291 889 3737 964">
     <span class='ocr_line' id='line_1_38' title="bbox 2291 889 3737 964; baseline -0.006 -14"><span class='ocrx_word' id='word_1_225' title='bbox 2291 896 2396 950; x_wconf 85' lang='lat' dir='ltr'><strong>Pax</strong></span> <span class='ocrx_word' id='word_1_226' title='bbox 2419 893 2570 948; x_wconf 89' lang='lat' dir='ltr'><strong>bona</strong></span> <span class='ocrx_word' id='word_1_227' title='bbox 2597 907 2773 964; x_wconf 91' lang='lat' dir='ltr'><strong>quam</strong></span> <span class='ocrx_word' id='word_1_228' title='bbox 2801 906 3015 946; x_wconf 89' lang='lat' dir='ltr'><strong>nomen</strong></span> <span class='ocrx_word' id='word_1_229' title='bbox 3040 889 3184 945; x_wconf 90' lang='lat' dir='ltr'><strong>desit</strong></span> <span class='ocrx_word' id='word_1_230' title='bbox 3210 891 3509 961; x_wconf 88' lang='lat' dir='ltr'><strong>honosque</strong></span> <span class='ocrx_word' id='word_1_231' title='bbox 3552 894 3737 944; x_wconf 89' lang='lat' dir='ltr'><strong>tuum.</strong></span> 
     </span>
    </p>
   </div>
   <div class='ocr_carea' id='block_1_39' title="bbox 2216 984 3528 1060">
    <p class='ocr_par' dir='ltr' id='par_1_39' title="bbox 2216 984 3528 1060">
     <span class='ocr_line' id='line_1_39' title="bbox 2216 984 3528 1060; baseline -0.004 -16"><span class='ocrx_word' id='word_1_232' title='bbox 2216 993 2336 1045; x_wconf 90' lang='lat' dir='ltr'><strong>Jam</strong></span> <span class='ocrx_word' id='word_1_233' title='bbox 2358 990 2481 1060; x_wconf 89' lang='lat' dir='ltr'><strong>jam</strong></span> <span class='ocrx_word' id='word_1_234' title='bbox 2508 1003 2609 1059; x_wconf 90' lang='lat' dir='ltr'><strong>pro</strong></span> <span class='ocrx_word' id='word_1_235' title='bbox 2634 990 2809 1054; x_wconf 88' lang='lat' dir='ltr'><strong>tanto,</strong></span> <span class='ocrx_word' id='word_1_236' title='bbox 2843 1001 2946 1057; x_wconf 91' lang='lat' dir='ltr'><strong>pro</strong></span> <span class='ocrx_word' id='word_1_237' title='bbox 2973 984 3072 1040; x_wconf 86' lang='lat' dir='ltr'><strong>tali</strong></span> <span class='ocrx_word' id='word_1_238' title='bbox 3103 1000 3239 1055; x_wconf 89' lang='lat' dir='ltr'><strong>rege</strong></span> <span class='ocrx_word' id='word_1_239' title='bbox 3270 985 3528 1056; x_wconf 88' lang='lat' dir='ltr'><strong>profusas</strong></span> 
     </span>
    </p>
   </div>
   <div class='ocr_carea' id='block_1_40' title="bbox 2289 1079 3559 1154">
    <p class='ocr_par' dir='ltr' id='par_1_40' title="bbox 2289 1079 3559 1154">
     <span class='ocr_line' id='line_1_40' title="bbox 2289 1079 3559 1154; baseline -0.003 -16"><span class='ocrx_word' id='word_1_240' title='bbox 2289 1083 2452 1138; x_wconf 90' lang='lat' dir='ltr'><strong>Orbis</strong></span> <span class='ocrx_word' id='word_1_241' title='bbox 2479 1086 2611 1154; x_wconf 91' lang='lat' dir='ltr'><strong>agat</strong></span> <span class='ocrx_word' id='word_1_242' title='bbox 2640 1096 2870 1136; x_wconf 91' lang='lat' dir='ltr'><strong>mecum</strong></span> <span class='ocrx_word' id='word_1_243' title='bbox 2895 1082 3048 1134; x_wconf 91' lang='lat' dir='ltr'><strong>totus</strong></span> <span class='ocrx_word' id='word_1_244' title='bbox 3077 1079 3301 1135; x_wconf 88' lang='lat' dir='ltr'><strong>abunde</strong></span> <span class='ocrx_word' id='word_1_245' title='bbox 3341 1095 3559 1150; x_wconf 87' lang='lat' dir='ltr'><strong>preces,</strong></span> 
     </span>
    </p>
   </div>
   <div class='ocr_carea' id='block_1_41' title="bbox 2219 1173 3489 1248">
    <p class='ocr_par' dir='ltr' id='par_1_41' title="bbox 2219 1173 3489 1248">
     <span class='ocr_line' id='line_1_41' title="bbox 2219 1173 3489 1248; baseline -0.004 -15"><span class='ocrx_word' id='word_1_246' title='bbox 2219 1179 2290 1233; x_wconf 88' lang='lat' dir='ltr'><strong>Ut</strong></span> <span class='ocrx_word' id='word_1_247' title='bbox 2314 1179 2518 1246; x_wconf 87' lang='lat' dir='ltr'><strong>valeat,</strong></span> <span class='ocrx_word' id='word_1_248' title='bbox 2550 1176 2763 1248; x_wconf 82' lang='lat' dir='ltr'><strong>vigeat,</strong></span> <span class='ocrx_word' id='word_1_249' title='bbox 2797 1175 2948 1229; x_wconf 90' lang='lat' dir='ltr'><strong>vivat</strong></span> <span class='ocrx_word' id='word_1_250' title='bbox 2971 1191 3072 1246; x_wconf 91' lang='lat' dir='ltr'><strong>per</strong></span> <span class='ocrx_word' id='word_1_251' title='bbox 3102 1174 3307 1229; x_wconf 63' lang='lat' dir='ltr'><strong>saecula</strong></span> <span class='ocrx_word' id='word_1_252' title='bbox 3333 1173 3489 1242; x_wconf 83' lang='lat' dir='ltr'><strong>felix,</strong></span> 
     </span>
    </p>
   </div>
   <div class='ocr_carea' id='block_1_42' title="bbox 2287 1269 3331 1343">
    <p class='ocr_par' dir='ltr' id='par_1_42' title="bbox 2287 1269 3331 1343">
     <span class='ocr_line' id='line_1_42' title="bbox 2287 1269 3331 1343; baseline -0.004 -17"><span class='ocrx_word' id='word_1_253' title='bbox 2287 1273 2491 1326; x_wconf 89' lang='lat' dir='ltr'><strong>Utatur</strong></span> <span class='ocrx_word' id='word_1_254' title='bbox 2515 1287 2675 1343; x_wconf 90' lang='lat' dir='ltr'><strong>pace,</strong></span> <span class='ocrx_word' id='word_1_255' title='bbox 2702 1269 3086 1342; x_wconf 86' lang='lat' dir='ltr'><strong>prosperitate</strong></span> <span class='ocrx_word' id='word_1_256' title='bbox 3113 1269 3331 1338; x_wconf 88' lang='lat' dir='ltr'><strong>fruens,</strong></span> 
     </span>
    </p>
   </div>
   <div class='ocr_carea' id='block_1_43' title="bbox 2219 1361 3677 1437">
    <p class='ocr_par' dir='ltr' id='par_1_43' title="bbox 2219 1361 3677 1437">
     <span class='ocr_line' id='line_1_43' title="bbox 2219 1361 3677 1437; baseline -0.002 -17"><span class='ocrx_word' id='word_1_257' title='bbox 2219 1368 2485 1437; x_wconf 83' lang='lat' dir='ltr'><strong>Regnum</strong></span> <span class='ocrx_word' id='word_1_258' title='bbox 2514 1365 2739 1432; x_wconf 90' lang='lat' dir='ltr'><strong>habeat,</strong></span> <span class='ocrx_word' id='word_1_259' title='bbox 2772 1367 2982 1432; x_wconf 86' lang='lat' dir='ltr'><strong>teneat,</strong></span> <span class='ocrx_word' id='word_1_260' title='bbox 3017 1363 3231 1429; x_wconf 82' lang='lat' dir='ltr'><strong>dilatet,</strong></span> <span class='ocrx_word' id='word_1_261' title='bbox 3261 1361 3474 1432; x_wconf 91' lang='lat' dir='ltr'><strong>fulciat,</strong></span> <span class='ocrx_word' id='word_1_262' title='bbox 3498 1365 3677 1428; x_wconf 90' lang='lat' dir='ltr'><strong>ornet,</strong></span> 
     </span>
    </p>
   </div>
   <div class='ocr_carea' id='block_1_44' title="bbox 2291 1456 3278 1530">
    <p class='ocr_par' dir='ltr' id='par_1_44' title="bbox 2291 1456 3278 1530">
     <span class='ocr_line' id='line_1_44' title="bbox 2291 1456 3278 1530; baseline -0.003 -17"><span class='ocrx_word' id='word_1_263' title='bbox 2291 1459 2472 1514; x_wconf 83' lang='lat' dir='ltr'><strong>Addat</strong></span> <span class='ocrx_word' id='word_1_264' title='bbox 2502 1459 2554 1514; x_wconf 92' lang='lat' dir='ltr'><strong>ei</strong></span> <span class='ocrx_word' id='word_1_265' title='bbox 2583 1459 2718 1530; x_wconf 88' lang='lat' dir='ltr'><strong>jura</strong></span> <span class='ocrx_word' id='word_1_266' title='bbox 2743 1458 2882 1530; x_wconf 83' lang='lat' dir='ltr'><strong>legis</strong></span> <span class='ocrx_word' id='word_1_267' title='bbox 2909 1458 2980 1512; x_wconf 89' lang='lat' dir='ltr'><strong>ab</strong></span> <span class='ocrx_word' id='word_1_268' title='bbox 3009 1472 3135 1512; x_wconf 89' lang='lat' dir='ltr'><strong>arce</strong></span> <span class='ocrx_word' id='word_1_269' title='bbox 3162 1456 3278 1528; x_wconf 90' lang='lat' dir='ltr'><strong>pia,</strong></span> 
     </span>
    </p>
   </div>
   <div class='ocr_carea' id='block_1_45' title="bbox 2223 1550 3708 1625">
    <p class='ocr_par' dir='ltr' id='par_1_45' title="bbox 2223 1550 3708 1625">
     <span class='ocr_line' id='line_1_45' title="bbox 2223 1550 3708 1625; baseline -0.002 -18"><span class='ocrx_word' id='word_1_270' title='bbox 2223 1555 2457 1625; x_wconf 88' lang='lat' dir='ltr'><strong>Insuper</strong></span> <span class='ocrx_word' id='word_1_271' title='bbox 2484 1552 2572 1607; x_wconf 88' lang='lat' dir='ltr'><strong>his</strong></span> <span class='ocrx_word' id='word_1_272' title='bbox 2599 1552 2808 1608; x_wconf 90' lang='lat' dir='ltr'><strong>habitis</strong></span> <span class='ocrx_word' id='word_1_273' title='bbox 2840 1551 3112 1624; x_wconf 75' lang='lat' dir='ltr'><strong>praeclare</strong></span> <span class='ocrx_word' id='word_1_274' title='bbox 3137 1550 3197 1605; x_wconf 89' lang='lat' dir='ltr'><strong>in</strong></span> <span class='ocrx_word' id='word_1_275' title='bbox 3224 1553 3480 1622; x_wconf 89' lang='lat' dir='ltr'><strong>tempore</strong></span> <span class='ocrx_word' id='word_1_276' title='bbox 3506 1551 3708 1605; x_wconf 88' lang='lat' dir='ltr'><strong>mortis</strong></span> 
     </span>
    </p>
   </div>
   <div class='ocr_carea' id='block_1_46' title="bbox 2288 1645 3596 1720">
    <p class='ocr_par' dir='ltr' id='par_1_46' title="bbox 2288 1645 3596 1720">
     <span class='ocr_line' id='line_1_46' title="bbox 2288 1645 3596 1720; baseline -0.002 -18"><span class='ocrx_word' id='word_1_277' title='bbox 2288 1649 2631 1719; x_wconf 89' lang='lat' dir='ltr'><strong>Perpetuam</strong></span> <span class='ocrx_word' id='word_1_278' title='bbox 2658 1647 2914 1720; x_wconf 90' lang='lat' dir='ltr'><strong>requiem</strong></span> <span class='ocrx_word' id='word_1_279' title='bbox 2942 1645 3032 1700; x_wconf 86' lang='lat' dir='ltr'><strong>hic</strong></span> <span class='ocrx_word' id='word_1_280' title='bbox 3060 1647 3368 1702; x_wconf 91' lang='lat' dir='ltr'><strong>mereatur.</strong></span> <span class='ocrx_word' id='word_1_281' title='bbox 3397 1646 3596 1700; x_wconf 82' lang='lat' dir='ltr'><strong>Amen.</strong></span> 
     </span>
    </p>
   </div>
   <div class='ocr_carea' id='block_1_47' title="bbox 2219 1865 3860 1938">
    <p class='ocr_par' dir='ltr' id='par_1_47' title="bbox 2219 1865 3860 1938">
     <span class='ocr_line' id='line_1_47' title="bbox 2219 1865 3860 1938; baseline -0.005 -14"><span class='ocrx_word' id='word_1_282' title='bbox 2219 1872 2282 1924; x_wconf 88' lang='lat' dir='ltr'><strong>In</strong></span> <span class='ocrx_word' id='word_1_283' title='bbox 2311 1869 2504 1923; x_wconf 81' lang='lat' dir='ltr'><strong>ultima</strong></span> <span class='ocrx_word' id='word_1_284' title='bbox 2549 1867 2678 1921; x_wconf 80' lang='lat' dir='ltr'><strong>libri</strong></span> <span class='ocrx_word' id='word_1_285' title='bbox 2714 1869 2944 1938; x_wconf 85' lang='lat' dir='ltr'><strong>pagina,</strong></span> <span class='ocrx_word' id='word_1_286' title='bbox 2975 1872 3099 1920; x_wconf 81' lang='lat' dir='ltr'><strong>ante</strong></span> <span class='ocrx_word' id='word_1_287' title='bbox 3135 1868 3422 1933; x_wconf 81' lang='lat' dir='ltr'><strong>imaginem</strong></span> <span class='ocrx_word' id='word_1_288' title='bbox 3464 1865 3616 1932; x_wconf 82' lang='lat' dir='ltr'><strong>cujus</strong></span> <span class='ocrx_word' id='word_1_289' title='bbox 3657 1865 3860 1918; x_wconf 81' lang='lat' dir='ltr'><strong>mentio</strong></span> 
     </span>
    </p>
   </div>
   <div class='ocr_carea' id='block_1_48' title="bbox 2465 1945 3600 2015">
    <p class='ocr_par' dir='ltr' id='par_1_48' title="bbox 2465 1945 3600 2015">
     <span class='ocr_line' id='line_1_48' title="bbox 2465 1945 3600 2015; baseline -0.004 -14"><span class='ocrx_word' id='word_1_290' title='bbox 2465 1950 2618 2015; x_wconf 81' lang='lat' dir='ltr'><strong>facta</strong></span> <span class='ocrx_word' id='word_1_291' title='bbox 2654 1953 2731 2002; x_wconf 81' lang='lat' dir='ltr'><strong>est</strong></span> <span class='ocrx_word' id='word_1_292' title='bbox 2756 1949 2817 2001; x_wconf 87' lang='lat' dir='ltr'><strong>in</strong></span> <span class='ocrx_word' id='word_1_293' title='bbox 2853 1951 2984 2001; x_wconf 84' lang='lat' dir='ltr'><strong>nota</strong></span> <span class='ocrx_word' id='word_1_294' title='bbox 3009 1946 3084 2000; x_wconf 85' lang='lat' dir='ltr'><strong>ad</strong></span> <span class='ocrx_word' id='word_1_295' title='bbox 3105 1961 3319 2000; x_wconf 77' lang='lat' dir='ltr'><strong>carmen</strong></span> <span class='ocrx_word' id='word_1_296' title='bbox 3344 1945 3600 2015; x_wconf 82' lang='lat' dir='ltr'><strong>primum.</strong></span> 
     </span>
    </p>
   </div>
   <div class='ocr_carea' id='block_1_49' title="bbox 2225 2113 3534 2187">
    <p class='ocr_par' dir='ltr' id='par_1_49' title="bbox 2225 2113 3534 2187">
     <span class='ocr_line' id='line_1_49' title="bbox 2225 2113 3534 2187; baseline -0.004 -15"><span class='ocrx_word' id='word_1_297' title='bbox 2225 2120 2350 2172; x_wconf 66' lang='lat' dir='ltr'><strong>Haec</strong></span> <span class='ocrx_word' id='word_1_298' title='bbox 2381 2118 2554 2172; x_wconf 89' lang='lat' dir='ltr'><strong>etiam</strong></span> <span class='ocrx_word' id='word_1_299' title='bbox 2583 2117 2805 2187; x_wconf 86' lang='lat' dir='ltr'><strong>pictura</strong></span> <span class='ocrx_word' id='word_1_300' title='bbox 2832 2115 3071 2170; x_wconf 90' lang='lat' dir='ltr'><strong>recludit</strong></span> <span class='ocrx_word' id='word_1_301' title='bbox 3093 2115 3340 2187; x_wconf 89' lang='lat' dir='ltr'><strong>qualiter</strong></span> <span class='ocrx_word' id='word_1_302' title='bbox 3366 2113 3534 2168; x_wconf 91' lang='lat' dir='ltr'><strong>heros</strong></span> 
     </span>
    </p>
   </div>
   <div class='ocr_carea' id='block_1_50' title="bbox 2294 2210 3637 2281">
    <p class='ocr_par' dir='ltr' id='par_1_50' title="bbox 2294 2210 3637 2281">
     <span class='ocr_line' id='line_1_50' title="bbox 2294 2210 3637 2281; baseline -0.003 -16"><span class='ocrx_word' id='word_1_303' title='bbox 2294 2210 2473 2266; x_wconf 77' lang='lat' dir='ltr'><strong>Otfert</strong></span> <span class='ocrx_word' id='word_1_304' title='bbox 2496 2210 2763 2265; x_wconf 84' lang='lat' dir='ltr'><strong>Vivianus</strong></span> <span class='ocrx_word' id='word_1_305' title='bbox 2788 2226 2918 2264; x_wconf 91' lang='lat' dir='ltr'><strong>cum</strong></span> <span class='ocrx_word' id='word_1_306' title='bbox 2953 2225 3128 2281; x_wconf 84' lang='lat' dir='ltr'><strong>grege</strong></span> <span class='ocrx_word' id='word_1_307' title='bbox 3155 2226 3308 2264; x_wconf 88' lang='lat' dir='ltr'><strong>nunc</strong></span> <span class='ocrx_word' id='word_1_308' title='bbox 3343 2211 3451 2264; x_wconf 90' lang='lat' dir='ltr'><strong>hoc</strong></span> <span class='ocrx_word' id='word_1_309' title='bbox 3477 2224 3637 2280; x_wconf 91' lang='lat' dir='ltr'><strong>opus.</strong></span> 
     </span>
    </p>
   </div>
   <div class='ocr_carea' id='block_1_51' title="bbox 2223 2301 3780 2376">
    <p class='ocr_par' dir='ltr' id='par_1_51' title="bbox 2223 2301 3780 2376">
     <span class='ocr_line' id='line_1_51' title="bbox 2223 2301 3780 2376; baseline -0.004 -16"><span class='ocrx_word' id='word_1_310' title='bbox 2223 2308 2367 2360; x_wconf 81' lang='lat' dir='ltr'><strong>Ante</strong></span> <span class='ocrx_word' id='word_1_311' title='bbox 2398 2304 2494 2360; x_wconf 92' lang='lat' dir='ltr'><strong>ubi</strong></span> <span class='ocrx_word' id='word_1_312' title='bbox 2520 2308 2647 2376; x_wconf 90' lang='lat' dir='ltr'><strong>post</strong></span> <span class='ocrx_word' id='word_1_313' title='bbox 2673 2307 2894 2376; x_wconf 86' lang='lat' dir='ltr'><strong>patrem</strong></span> <span class='ocrx_word' id='word_1_314' title='bbox 2923 2303 3184 2375; x_wconf 88' lang='lat' dir='ltr'><strong>primites</strong></span> <span class='ocrx_word' id='word_1_315' title='bbox 3213 2304 3463 2359; x_wconf 90' lang='lat' dir='ltr'><strong>mundus</strong></span> <span class='ocrx_word' id='word_1_316' title='bbox 3489 2301 3780 2366; x_wconf 88' lang='lat' dir='ltr'><strong>amandus,</strong></span> 
     </span>
    </p>
   </div>
   <div class='ocr_carea' id='block_1_52' title="bbox 2293 2397 3463 2471">
    <p class='ocr_par' dir='ltr' id='par_1_52' title="bbox 2293 2397 3463 2471">
     <span class='ocr_line' id='line_1_52' title="bbox 2293 2397 3463 2471; baseline -0.003 -17"><span class='ocrx_word' id='word_1_317' title='bbox 2293 2399 2591 2471; x_wconf 91' lang='lat' dir='ltr'><strong>Sigualdus</strong></span> <span class='ocrx_word' id='word_1_318' title='bbox 2614 2399 2823 2470; x_wconf 90' lang='lat' dir='ltr'><strong>justus,</strong></span> <span class='ocrx_word' id='word_1_319' title='bbox 2857 2415 3113 2452; x_wconf 92' lang='lat' dir='ltr'><strong>summus</strong></span> <span class='ocrx_word' id='word_1_320' title='bbox 3137 2397 3463 2469; x_wconf 84' lang='lat' dir='ltr'><strong>Aregarius.</strong></span> 
     </span>
    </p>
   </div>
   <div class='ocr_carea' id='block_1_53' title="bbox 2225 2489 3857 2563">
    <p class='ocr_par' dir='ltr' id='par_1_53' title="bbox 2225 2489 3857 2563">
     <span class='ocr_line' id='line_1_53' title="bbox 2225 2489 3857 2563; baseline -0.003 -16"><span class='ocrx_word' id='word_1_321' title='bbox 2225 2493 2360 2558; x_wconf 87' lang='lat' dir='ltr'><strong>Quis</strong></span> <span class='ocrx_word' id='word_1_322' title='bbox 2383 2492 2564 2547; x_wconf 88' lang='lat' dir='ltr'><strong>tribus</strong></span> <span class='ocrx_word' id='word_1_323' title='bbox 2601 2495 2685 2547; x_wconf 90' lang='lat' dir='ltr'><strong>est</strong></span> <span class='ocrx_word' id='word_1_324' title='bbox 2713 2491 2985 2563; x_wconf 87' lang='lat' dir='ltr'><strong>probitas,</strong></span> <span class='ocrx_word' id='word_1_325' title='bbox 3015 2492 3197 2563; x_wconf 86' lang='lat' dir='ltr'><strong>pietas</strong></span> <span class='ocrx_word' id='word_1_326' title='bbox 3235 2508 3572 2562; x_wconf 89' lang='lat' dir='ltr'><strong>verumque,</strong></span> <span class='ocrx_word' id='word_1_327' title='bbox 3601 2489 3857 2562; x_wconf 86' lang='lat' dir='ltr'><strong>ﬁdesque</strong></span> 
     </span>
    </p>
   </div>
   <div class='ocr_carea' id='block_1_54' title="bbox 2295 2584 3599 2658">
    <p class='ocr_par' dir='ltr' id='par_1_54' title="bbox 2295 2584 3599 2658">
     <span class='ocr_line' id='line_1_54' title="bbox 2295 2584 3599 2658; baseline -0.003 -16"><span class='ocrx_word' id='word_1_328' title='bbox 2295 2588 2512 2642; x_wconf 75' lang='lat' dir='ltr'><strong>Caetera</strong></span> <span class='ocrx_word' id='word_1_329' title='bbox 2540 2587 2778 2642; x_wconf 86' lang='lat' dir='ltr'><strong>honesta</strong></span> <span class='ocrx_word' id='word_1_330' title='bbox 2802 2601 3028 2658; x_wconf 90' lang='lat' dir='ltr'><strong>quoque</strong></span> <span class='ocrx_word' id='word_1_331' title='bbox 3057 2585 3381 2640; x_wconf 89' lang='lat' dir='ltr'><strong>consociata</strong></span> <span class='ocrx_word' id='word_1_332' title='bbox 3409 2584 3599 2639; x_wconf 92' lang='lat' dir='ltr'><strong>simul.</strong></span> 
     </span>
    </p>
   </div>
   <div class='ocr_carea' id='block_1_55' title="bbox 2223 2678 3639 2750">
    <p class='ocr_par' dir='ltr' id='par_1_55' title="bbox 2223 2678 3639 2750">
     <span class='ocr_line' id='line_1_55' title="bbox 2223 2678 3639 2750; baseline -0.003 -14"><span class='ocrx_word' id='word_1_333' title='bbox 2223 2685 2464 2746; x_wconf 86' lang='lat' dir='ltr'><strong>Quartus</strong></span> <span class='ocrx_word' id='word_1_334' title='bbox 2491 2681 2578 2736; x_wconf 90' lang='lat' dir='ltr'><strong>his</strong></span> <span class='ocrx_word' id='word_1_335' title='bbox 2604 2681 2784 2735; x_wconf 62' lang='lat' dir='ltr'><strong>haeret</strong></span> <span class='ocrx_word' id='word_1_336' title='bbox 2800 2680 3032 2750; x_wconf 88' lang='lat' dir='ltr'><strong>junctus</strong></span> <span class='ocrx_word' id='word_1_337' title='bbox 3065 2679 3414 2734; x_wconf 88' lang='lat' dir='ltr'><strong>sanctissime</strong></span> <span class='ocrx_word' id='word_1_338' title='bbox 3448 2678 3639 2746; x_wconf 88' lang='lat' dir='ltr'><strong>David,</strong></span> 
     </span>
    </p>
   </div>
   <div class='ocr_carea' id='block_1_56' title="bbox 2296 2773 3354 2839">
    <p class='ocr_par' dir='ltr' id='par_1_56' title="bbox 2296 2773 3354 2839">
     <span class='ocr_line' id='line_1_56' title="bbox 2296 2773 3354 2839; baseline -0.002 -11"><span class='ocrx_word' id='word_1_339' title='bbox 2296 2775 2400 2839; x_wconf 87' lang='lat' dir='ltr'><strong>Qui</strong></span> <span class='ocrx_word' id='word_1_340' title='bbox 2429 2779 2483 2830; x_wconf 89' lang='lat' dir='ltr'><strong>te</strong></span> <span class='ocrx_word' id='word_1_341' title='bbox 2509 2775 2563 2828; x_wconf 91' lang='lat' dir='ltr'><strong>vi</strong></span> <span class='ocrx_word' id='word_1_342' title='bbox 2593 2777 2710 2829; x_wconf 90' lang='lat' dir='ltr'><strong>tota</strong></span> <span class='ocrx_word' id='word_1_343' title='bbox 2738 2773 2948 2828; x_wconf 89' lang='lat' dir='ltr'><strong>montis</strong></span> <span class='ocrx_word' id='word_1_344' title='bbox 2977 2789 3175 2827; x_wconf 87' lang='lat' dir='ltr'><strong>amore</strong></span> <span class='ocrx_word' id='word_1_345' title='bbox 3203 2773 3354 2827; x_wconf 92' lang='lat' dir='ltr'><strong>colit.</strong></span> 
     </span>
    </p>
   </div>
   <div class='ocr_carea' id='block_1_57' title="bbox 2227 2867 3464 2940">
    <p class='ocr_par' dir='ltr' id='par_1_57' title="bbox 2227 2867 3464 2940">
     <span class='ocr_line' id='line_1_57' title="bbox 2227 2867 3464 2940; baseline -0.003 -16"><span class='ocrx_word' id='word_1_346' title='bbox 2227 2870 2287 2924; x_wconf 86' lang='lat' dir='ltr'><strong>Hi</strong></span> <span class='ocrx_word' id='word_1_347' title='bbox 2315 2869 2484 2940; x_wconf 89' lang='lat' dir='ltr'><strong>proni</strong></span> <span class='ocrx_word' id='word_1_348' title='bbox 2513 2868 2739 2922; x_wconf 88' lang='lat' dir='ltr'><strong>tibimet</strong></span> <span class='ocrx_word' id='word_1_349' title='bbox 2768 2867 3008 2921; x_wconf 91' lang='lat' dir='ltr'><strong>Domino</strong></span> <span class='ocrx_word' id='word_1_350' title='bbox 3036 2867 3105 2921; x_wconf 89' lang='lat' dir='ltr'><strong>de</strong></span> <span class='ocrx_word' id='word_1_351' title='bbox 3126 2869 3286 2937; x_wconf 89' lang='lat' dir='ltr'><strong>parte</strong></span> <span class='ocrx_word' id='word_1_352' title='bbox 3314 2867 3464 2921; x_wconf 88' lang='lat' dir='ltr'><strong>beati</strong></span> 
     </span>
    </p>
   </div>
   <div class='ocr_carea' id='block_1_58' title="bbox 2296 2960 3600 3026">
    <p class='ocr_par' dir='ltr' id='par_1_58' title="bbox 2296 2960 3600 3026">
     <span class='ocr_line' id='line_1_58' title="bbox 2296 2960 3600 3026; baseline -0.002 -9"><span class='ocrx_word' id='word_1_353' title='bbox 2296 2962 2517 3017; x_wconf 84' lang='lat' dir='ltr'><strong>Martini</strong></span> <span class='ocrx_word' id='word_1_354' title='bbox 2543 2978 2608 3017; x_wconf 90' lang='lat' dir='ltr'><strong>ac</strong></span> <span class='ocrx_word' id='word_1_355' title='bbox 2632 2962 2874 3016; x_wconf 84' lang='lat' dir='ltr'><strong>fratrum</strong></span> <span class='ocrx_word' id='word_1_356' title='bbox 2907 2977 3034 3016; x_wconf 92' lang='lat' dir='ltr'><strong>ecce</strong></span> <span class='ocrx_word' id='word_1_357' title='bbox 3063 2961 3277 3016; x_wconf 90' lang='lat' dir='ltr'><strong>librum</strong></span> <span class='ocrx_word' id='word_1_358' title='bbox 3305 2960 3565 3015; x_wconf 89' lang='lat' dir='ltr'><strong>tribuunt</strong></span> <span class='ocrx_word' id='word_1_359' title='bbox 3589 2977 3600 3026; x_wconf 89' lang='lat'><strong>;</strong></span> 
     </span>
    </p>
   </div>
   <div class='ocr_carea' id='block_1_59' title="bbox 2226 3054 3724 3128">
    <p class='ocr_par' dir='ltr' id='par_1_59' title="bbox 2226 3054 3724 3128">
     <span class='ocr_line' id='line_1_59' title="bbox 2226 3054 3724 3128; baseline -0.003 -17"><span class='ocrx_word' id='word_1_360' title='bbox 2226 3057 2395 3128; x_wconf 85' lang='lat' dir='ltr'><strong>Cujus</strong></span> <span class='ocrx_word' id='word_1_361' title='bbox 2426 3057 2643 3111; x_wconf 88' lang='lat' dir='ltr'><strong>honore</strong></span> <span class='ocrx_word' id='word_1_362' title='bbox 2673 3061 2884 3126; x_wconf 88' lang='lat' dir='ltr'><strong>rogant</strong></span> <span class='ocrx_word' id='word_1_363' title='bbox 2909 3054 3148 3126; x_wconf 90' lang='lat' dir='ltr'><strong>placeat,</strong></span> <span class='ocrx_word' id='word_1_364' title='bbox 3182 3054 3466 3124; x_wconf 88' lang='lat' dir='ltr'><strong>laudetur,</strong></span> <span class='ocrx_word' id='word_1_365' title='bbox 3498 3056 3724 3109; x_wconf 91' lang='lat' dir='ltr'><strong>ametur</strong></span> 
     </span>
    </p>
   </div>
   <div class='ocr_carea' id='block_1_60' title="bbox 2296 3148 3367 3220">
    <p class='ocr_par' dir='ltr' id='par_1_60' title="bbox 2296 3148 3367 3220">
     <span class='ocr_line' id='line_1_60' title="bbox 2296 3148 3367 3220; baseline -0.003 -14"><span class='ocrx_word' id='word_1_366' title='bbox 2296 3151 2604 3219; x_wconf 88' lang='lat' dir='ltr'><strong>Scrutetur,</strong></span> <span class='ocrx_word' id='word_1_367' title='bbox 2633 3149 2830 3220; x_wconf 89' lang='lat' dir='ltr'><strong>prosit,</strong></span> <span class='ocrx_word' id='word_1_368' title='bbox 2861 3148 3192 3218; x_wconf 88' lang='lat' dir='ltr'><strong>auxilietur,</strong></span> <span class='ocrx_word' id='word_1_369' title='bbox 3223 3149 3367 3215; x_wconf 86' lang='lat' dir='ltr'><strong>alat;</strong></span> 
     </span>
    </p>
   </div>
   <div class='ocr_carea' id='block_1_61' title="bbox 2177 3242 3617 3323">
    <p class='ocr_par' dir='ltr' id='par_1_61' title="bbox 2177 3242 3617 3323">
     <span class='ocr_line' id='line_1_61' title="bbox 2177 3242 3617 3323; baseline -0.005 -23"><span class='ocrx_word' id='word_1_370' title='bbox 2177 3298 2196 3323; x_wconf 43' lang='grc' dir='ltr'><strong>η</strong></span> <span class='ocrx_word' id='word_1_371' title='bbox 2225 3249 2285 3301; x_wconf 70' lang='lat' dir='ltr'><strong>In</strong></span> <span class='ocrx_word' id='word_1_372' title='bbox 2312 3261 2423 3316; x_wconf 89' lang='lat' dir='ltr'><strong>quo</strong></span> <span class='ocrx_word' id='word_1_373' title='bbox 2455 3243 2534 3297; x_wconf 90' lang='lat' dir='ltr'><strong>nil</strong></span> <span class='ocrx_word' id='word_1_374' title='bbox 2562 3243 2718 3298; x_wconf 91' lang='lat' dir='ltr'><strong>aliud</strong></span> <span class='ocrx_word' id='word_1_375' title='bbox 2745 3259 2914 3314; x_wconf 89' lang='lat' dir='ltr'><strong>quam</strong></span> <span class='ocrx_word' id='word_1_376' title='bbox 2941 3244 3184 3297; x_wconf 86' lang='lat' dir='ltr'><strong>fratrum</strong></span> <span class='ocrx_word' id='word_1_377' title='bbox 3215 3244 3336 3297; x_wconf 91' lang='lat' dir='ltr'><strong>sola</strong></span> <span class='ocrx_word' id='word_1_378' title='bbox 3361 3242 3617 3296; x_wconf 86' lang='lat' dir='ltr'><strong>voluntas</strong></span> 
     </span>
    </p>
   </div>
   <div class='ocr_carea' id='block_1_62' title="bbox 491 3297 3426 3410">
    <p class='ocr_par' dir='ltr' id='par_1_62' title="bbox 491 3297 3426 3410">
     <span class='ocr_line' id='line_1_62' title="bbox 491 3297 3426 3410; baseline -0 -17"><span class='ocrx_word' id='word_1_379' title='bbox 491 3339 598 3393; x_wconf 87' lang='lat' dir='ltr'><strong>Sed</strong></span> <span class='ocrx_word' id='word_1_380' title='bbox 627 3337 762 3409; x_wconf 90' lang='lat' dir='ltr'><strong>quia</strong></span> <span class='ocrx_word' id='word_1_381' title='bbox 789 3341 907 3392; x_wconf 91' lang='lat' dir='ltr'><strong>tam</strong></span> <span class='ocrx_word' id='word_1_382' title='bbox 934 3337 1058 3392; x_wconf 68' lang='lat' dir='ltr'><strong>haec</strong></span> <span class='ocrx_word' id='word_1_383' title='bbox 1082 3337 1320 3391; x_wconf 89' lang='lat' dir='ltr'><strong>rutilans</strong></span> <span class='ocrx_word' id='word_1_384' title='bbox 1345 3336 1562 3408; x_wconf 90' lang='lat' dir='ltr'><strong>species</strong></span> <span class='ocrx_word' id='word_1_385' title='bbox 1601 3337 1645 3392; x_wconf 92' lang='lat' dir='ltr'><strong>it</strong></span> <span class='ocrx_word' id='word_1_386' title='bbox 1667 3335 1894 3392; x_wconf 89' lang='lat' dir='ltr'><strong>nonnisi</strong></span> <span class='ocrx_word' id='word_1_387' title='bbox 1921 3336 2054 3392; x_wconf 80' lang='lat' dir='ltr'><strong>fecit</strong></span> <span class='ocrx_word' id='word_1_388' title='bbox 2145 3297 2199 3369; x_wconf 59' lang='grc' dir='ltr'>ϐ</span> <span class='ocrx_word' id='word_1_389' title='bbox 2296 3297 2370 3392; x_wconf 45' lang='lat' dir='ltr'><strong>Elx</strong></span> <span class='ocrx_word' id='word_1_390' title='bbox 2399 3344 2496 3393; x_wconf 88' lang='lat' dir='ltr'><strong>tua</strong></span> <span class='ocrx_word' id='word_1_391' title='bbox 2524 3355 2666 3410; x_wconf 90' lang='lat' dir='ltr'><strong>quas</strong></span> <span class='ocrx_word' id='word_1_392' title='bbox 2691 3297 2836 3391; x_wconf 78' lang='lat' dir='ltr'><strong>villis</strong></span> <span class='ocrx_word' id='word_1_393' title='bbox 2867 3337 3049 3407; x_wconf 88' lang='lat' dir='ltr'><strong>jussio</strong></span> <span class='ocrx_word' id='word_1_394' title='bbox 3078 3337 3426 3392; x_wconf 89' lang='lat' dir='ltr'><strong>reddiderat.</strong></span> 
     </span>
    </p>
   </div>
   <div class='ocr_carea' id='block_1_63' title="bbox 563 3429 1696 3502">
    <p class='ocr_par' dir='ltr' id='par_1_63' title="bbox 563 3429 1696 3502">
     <span class='ocr_line' id='line_1_63' title="bbox 563 3429 1696 3502; baseline -0.001 -17"><span class='ocrx_word' id='word_1_395' title='bbox 563 3433 704 3486; x_wconf 88' lang='lat' dir='ltr'><strong>Vera</strong></span> <span class='ocrx_word' id='word_1_396' title='bbox 729 3431 812 3487; x_wconf 91' lang='lat' dir='ltr'><strong>tui</strong></span> <span class='ocrx_word' id='word_1_397' title='bbox 837 3430 1025 3486; x_wconf 90' lang='lat' dir='ltr'><strong>omnis</strong></span> <span class='ocrx_word' id='word_1_398' title='bbox 1055 3430 1144 3485; x_wconf 93' lang='lat' dir='ltr'><strong>cui</strong></span> <span class='ocrx_word' id='word_1_399' title='bbox 1175 3429 1322 3486; x_wconf 90' lang='lat' dir='ltr'><strong>cedit</strong></span> <span class='ocrx_word' id='word_1_400' title='bbox 1349 3430 1543 3502; x_wconf 87' lang='lat' dir='ltr'><strong>imago</strong></span> <span class='ocrx_word' id='word_1_401' title='bbox 1569 3430 1696 3498; x_wconf 92' lang='lat' dir='ltr'><strong>viri,</strong></span> 
     </span>
    </p>
   </div>
   <div class='ocr_carea' id='block_1_64' title="bbox 491 3523 1854 3596">
    <p class='ocr_par' dir='ltr' id='par_1_64' title="bbox 491 3523 1854 3596">
     <span class='ocr_line' id='line_1_64' title="bbox 491 3523 1854 3596; baseline -0.001 -17"><span class='ocrx_word' id='word_1_402' title='bbox 491 3528 561 3579; x_wconf 88' lang='lat' dir='ltr'><strong>Es</strong></span> <span class='ocrx_word' id='word_1_403' title='bbox 591 3525 749 3596; x_wconf 90' lang='lat' dir='ltr'><strong>prior</strong></span> <span class='ocrx_word' id='word_1_404' title='bbox 776 3524 986 3595; x_wconf 82' lang='lat' dir='ltr'><strong>efﬁgie,</strong></span> <span class='ocrx_word' id='word_1_405' title='bbox 1017 3540 1187 3578; x_wconf 90' lang='lat' dir='ltr'><strong>sensu</strong></span> <span class='ocrx_word' id='word_1_406' title='bbox 1213 3523 1390 3594; x_wconf 90' lang='lat' dir='ltr'><strong>prior,</strong></span> <span class='ocrx_word' id='word_1_407' title='bbox 1421 3524 1656 3594; x_wconf 87' lang='lat' dir='ltr'><strong>artibus,</strong></span> <span class='ocrx_word' id='word_1_408' title='bbox 1693 3524 1815 3579; x_wconf 93' lang='lat' dir='ltr'><strong>odis</strong></span> <span class='ocrx_word' id='word_1_409' title='bbox 1843 3542 1854 3578; x_wconf 76' lang='grc' dir='ltr'>ε</span> 
     </span>
    </p>
   </div>
   <div class='ocr_carea' id='block_1_65' title="bbox 563 3617 1727 3690">
    <p class='ocr_par' dir='ltr' id='par_1_65' title="bbox 563 3617 1727 3690">
     <span class='ocr_line' id='line_1_65' title="bbox 563 3617 1727 3690; baseline -0.002 -17"><span class='ocrx_word' id='word_1_410' title='bbox 563 3619 655 3673; x_wconf 83' lang='lat' dir='ltr'><strong>His</strong></span> <span class='ocrx_word' id='word_1_411' title='bbox 676 3619 834 3690; x_wconf 90' lang='lat' dir='ltr'><strong>prior</strong></span> <span class='ocrx_word' id='word_1_412' title='bbox 859 3620 958 3673; x_wconf 88' lang='lat' dir='ltr'><strong>aut</strong></span> <span class='ocrx_word' id='word_1_413' title='bbox 980 3617 1108 3686; x_wconf 90' lang='lat' dir='ltr'><strong>illis,</strong></span> <span class='ocrx_word' id='word_1_414' title='bbox 1137 3620 1310 3673; x_wconf 82' lang='lat' dir='ltr'><strong>restat</strong></span> <span class='ocrx_word' id='word_1_415' title='bbox 1336 3617 1396 3672; x_wconf 91' lang='lat' dir='ltr'><strong>in</strong></span> <span class='ocrx_word' id='word_1_416' title='bbox 1425 3617 1727 3689; x_wconf 89' lang='lat' dir='ltr'><strong>ambiguis.</strong></span> 
     </span>
    </p>
   </div>
   <div class='ocr_carea' id='block_1_66' title="bbox 490 3712 1760 3784">
    <p class='ocr_par' dir='ltr' id='par_1_66' title="bbox 490 3712 1760 3784">
     <span class='ocr_line' id='line_1_66' title="bbox 490 3712 1760 3784; baseline -0.002 -16"><span class='ocrx_word' id='word_1_417' title='bbox 490 3716 559 3768; x_wconf 87' lang='lat' dir='ltr'><strong>Et</strong></span> <span class='ocrx_word' id='word_1_418' title='bbox 586 3713 734 3768; x_wconf 90' lang='lat' dir='ltr'><strong>bene</strong></span> <span class='ocrx_word' id='word_1_419' title='bbox 759 3716 916 3784; x_wconf 87' lang='lat' dir='ltr'><strong>grata</strong></span> <span class='ocrx_word' id='word_1_420' title='bbox 940 3712 1056 3766; x_wconf 90' lang='lat' dir='ltr'><strong>tuis</strong></span> <span class='ocrx_word' id='word_1_421' title='bbox 1081 3713 1201 3766; x_wconf 68' lang='lat' dir='ltr'><strong>haec</strong></span> <span class='ocrx_word' id='word_1_422' title='bbox 1232 3712 1534 3782; x_wconf 87' lang='lat' dir='ltr'><strong>ignoratio,</strong></span> <span class='ocrx_word' id='word_1_423' title='bbox 1567 3712 1760 3780; x_wconf 89' lang='lat' dir='ltr'><strong>David,</strong></span> 
     </span>
    </p>
   </div>
   <div class='ocr_carea' id='block_1_67' title="bbox 562 3806 1689 3878">
    <p class='ocr_par' dir='ltr' id='par_1_67' title="bbox 562 3806 1689 3878">
     <span class='ocr_line' id='line_1_67' title="bbox 562 3806 1689 3878; baseline -0.003 -16"><span class='ocrx_word' id='word_1_424' title='bbox 562 3808 763 3878; x_wconf 84' lang='lat' dir='ltr'><strong>Fulget</strong></span> <span class='ocrx_word' id='word_1_425' title='bbox 787 3806 998 3878; x_wconf 91' lang='lat' dir='ltr'><strong>ubique</strong></span> <span class='ocrx_word' id='word_1_426' title='bbox 1028 3806 1186 3860; x_wconf 92' lang='lat' dir='ltr'><strong>locus</strong></span> <span class='ocrx_word' id='word_1_427' title='bbox 1222 3806 1431 3861; x_wconf 62' lang='lat' dir='ltr'><strong>laetitiae</strong></span> <span class='ocrx_word' id='word_1_428' title='bbox 1463 3806 1689 3860; x_wconf 88' lang='lat' dir='ltr'><strong>nimius.</strong></span> 
     </span>
    </p>
   </div>
   <div class='ocr_carea' id='block_1_68' title="bbox 491 3900 1926 3972">
    <p class='ocr_par' dir='ltr' id='par_1_68' title="bbox 491 3900 1926 3972">
     <span class='ocr_line' id='line_1_68' title="bbox 491 3900 1926 3972; baseline -0.002 -16"><span class='ocrx_word' id='word_1_429' title='bbox 491 3903 618 3957; x_wconf 88' lang='lat' dir='ltr'><strong>Fert</strong></span> <span class='ocrx_word' id='word_1_430' title='bbox 645 3905 702 3956; x_wconf 91' lang='lat' dir='ltr'><strong>et</strong></span> <span class='ocrx_word' id='word_1_431' title='bbox 729 3901 811 3956; x_wconf 91' lang='lat' dir='ltr'><strong>eis</strong></span> <span class='ocrx_word' id='word_1_432' title='bbox 838 3900 1138 3955; x_wconf 88' lang='lat' dir='ltr'><strong>manifeste</strong></span> <span class='ocrx_word' id='word_1_433' title='bbox 1166 3901 1320 3971; x_wconf 91' lang='lat' dir='ltr'><strong>quod</strong></span> <span class='ocrx_word' id='word_1_434' title='bbox 1346 3901 1421 3955; x_wconf 89' lang='lat' dir='ltr'><strong>sis</strong></span> <span class='ocrx_word' id='word_1_435' title='bbox 1447 3901 1629 3972; x_wconf 87' lang='lat' dir='ltr'><strong>major</strong></span> <span class='ocrx_word' id='word_1_436' title='bbox 1655 3900 1926 3970; x_wconf 89' lang='lat' dir='ltr'><strong>utrinque</strong></span> 
     </span>
    </p>
   </div>
   <div class='ocr_carea' id='block_1_69' title="bbox 563 3994 1748 4064">
    <p class='ocr_par' dir='ltr' id='par_1_69' title="bbox 563 3994 1748 4064">
     <span class='ocr_line' id='line_1_69' title="bbox 563 3994 1748 4064; baseline 0.003 -16"><span class='ocrx_word' id='word_1_437' title='bbox 563 3995 773 4064; x_wconf 85' lang='lat' dir='ltr'><strong>Magnis</strong></span> <span class='ocrx_word' id='word_1_438' title='bbox 807 3995 868 4047; x_wconf 89' lang='lat' dir='ltr'><strong>in</strong></span> <span class='ocrx_word' id='word_1_439' title='bbox 892 3995 1115 4048; x_wconf 89' lang='lat' dir='ltr'><strong>cunctis</strong></span> <span class='ocrx_word' id='word_1_440' title='bbox 1141 3994 1572 4048; x_wconf 71' lang='lat' dir='ltr'><strong>omnibus-orbe</strong></span> <span class='ocrx_word' id='word_1_441' title='bbox 1594 3995 1748 4051; x_wconf 89' lang='lat' dir='ltr'><strong>viris.</strong></span> 
     </span>
    </p>
   </div>
   <div class='ocr_carea' id='block_1_70' title="bbox 492 4086 1978 4157">
    <p class='ocr_par' dir='ltr' id='par_1_70' title="bbox 492 4086 1978 4157">
     <span class='ocr_line' id='line_1_70' title="bbox 492 4086 1978 4157; baseline -0.002 -14"><span class='ocrx_word' id='word_1_442' title='bbox 492 4090 643 4143; x_wconf 72' lang='lat' dir='ltr'><strong>Iusta</strong></span> <span class='ocrx_word' id='word_1_443' title='bbox 663 4087 852 4157; x_wconf 91' lang='lat' dir='ltr'><strong>jubes,</strong></span> <span class='ocrx_word' id='word_1_444' title='bbox 884 4086 1090 4157; x_wconf 87' lang='lat' dir='ltr'><strong>injusta</strong></span> <span class='ocrx_word' id='word_1_445' title='bbox 1120 4091 1297 4154; x_wconf 91' lang='lat' dir='ltr'><strong>vetas,</strong></span> <span class='ocrx_word' id='word_1_446' title='bbox 1329 4088 1476 4141; x_wconf 90' lang='lat' dir='ltr'><strong>mala</strong></span> <span class='ocrx_word' id='word_1_447' title='bbox 1505 4091 1704 4141; x_wconf 85' lang='lat' dir='ltr'><strong>cuncta</strong></span> <span class='ocrx_word' id='word_1_448' title='bbox 1730 4086 1934 4141; x_wconf 91' lang='lat' dir='ltr'><strong>recidis</strong></span> <span class='ocrx_word' id='word_1_449' title='bbox 1967 4104 1978 4140; x_wconf 89' lang='lat'>:</span> 
     </span>
    </p>
   </div>
   <div class='ocr_carea' id='block_1_71' title="bbox 562 4179 1619 4235">
    <p class='ocr_par' dir='ltr' id='par_1_71' title="bbox 562 4179 1619 4235">
     <span class='ocr_line' id='line_1_71' title="bbox 562 4179 1619 4235; baseline 0 -1"><span class='ocrx_word' id='word_1_450' title='bbox 562 4179 732 4235; x_wconf 89' lang='lat' dir='ltr'><strong>Dictis</strong></span> <span class='ocrx_word' id='word_1_451' title='bbox 757 4195 858 4235; x_wconf 90' lang='lat' dir='ltr'><strong>seu</strong></span> <span class='ocrx_word' id='word_1_452' title='bbox 883 4179 1045 4235; x_wconf 90' lang='lat' dir='ltr'><strong>factis</strong></span> <span class='ocrx_word' id='word_1_453' title='bbox 1071 4179 1118 4234; x_wconf 91' lang='lat' dir='ltr'><strong>is</strong></span> <span class='ocrx_word' id='word_1_454' title='bbox 1143 4179 1232 4234; x_wconf 82' lang='lat' dir='ltr'><strong>via</strong></span> <span class='ocrx_word' id='word_1_455' title='bbox 1257 4185 1454 4235; x_wconf 88' lang='lat' dir='ltr'><strong>sancta</strong></span> <span class='ocrx_word' id='word_1_456' title='bbox 1488 4179 1619 4234; x_wconf 88' lang='lat' dir='ltr'><strong>tuis.</strong></span> 
     </span>
    </p>
   </div>
   <div class='ocr_carea' id='block_1_72' title="bbox 494 4273 2126 4347">
    <p class='ocr_par' dir='ltr' id='par_1_72' title="bbox 494 4273 2126 4347">
     <span class='ocr_line' id='line_1_72' title="bbox 494 4273 2126 4347; baseline -0.001 -15"><span class='ocrx_word' id='word_1_457' title='bbox 494 4276 630 4341; x_wconf 69' lang='lat' dir='ltr'><strong>Quae</strong></span> <span class='ocrx_word' id='word_1_458' title='bbox 680 4273 839 4330; x_wconf 90' lang='lat' dir='ltr'><strong>canis</strong></span> <span class='ocrx_word' id='word_1_459' title='bbox 889 4273 1008 4347; x_wconf 92' lang='lat' dir='ltr'><strong>ipse</strong></span> <span class='ocrx_word' id='word_1_460' title='bbox 1056 4274 1213 4345; x_wconf 91' lang='lat' dir='ltr'><strong>facis,</strong></span> <span class='ocrx_word' id='word_1_461' title='bbox 1269 4290 1456 4347; x_wconf 92' lang='lat' dir='ltr'><strong>neque</strong></span> <span class='ocrx_word' id='word_1_462' title='bbox 1500 4274 1558 4329; x_wconf 90' lang='lat' dir='ltr'><strong>in</strong></span> <span class='ocrx_word' id='word_1_463' title='bbox 1617 4275 1706 4330; x_wconf 92' lang='lat' dir='ltr'><strong>his</strong></span> <span class='ocrx_word' id='word_1_464' title='bbox 1755 4274 2126 4346; x_wconf 90' lang='lat' dir='ltr'><strong>reprehensio</strong></span> 
     </span>
    </p>
   </div>
   <div class='ocr_carea' id='block_1_73' title="bbox 1894 4369 2123 4441">
    <p class='ocr_par' dir='ltr' id='par_1_73' title="bbox 1894 4369 2123 4441">
     <span class='ocr_line' id='line_1_73' title="bbox 1894 4369 2123 4441; baseline 0.004 -17"><span class='ocrx_word' id='word_1_465' title='bbox 1894 4369 2123 4441; x_wconf 89' lang='lat' dir='ltr'><strong>[sordet,</strong></span> 
     </span>
    </p>
   </div>
   <div class='ocr_carea' id='block_1_74' title="bbox 564 4463 1662 4536">
    <p class='ocr_par' dir='ltr' id='par_1_74' title="bbox 564 4463 1662 4536">
     <span class='ocr_line' id='line_1_74' title="bbox 564 4463 1662 4536; baseline -0.001 -17"><span class='ocrx_word' id='word_1_466' title='bbox 564 4467 676 4520; x_wconf 84' lang='lat' dir='ltr'><strong>Aut</strong></span> <span class='ocrx_word' id='word_1_467' title='bbox 700 4464 758 4520; x_wconf 91' lang='lat' dir='ltr'><strong>in</strong></span> <span class='ocrx_word' id='word_1_468' title='bbox 789 4467 1030 4536; x_wconf 92' lang='lat' dir='ltr'><strong>utroque</strong></span> <span class='ocrx_word' id='word_1_469' title='bbox 1055 4464 1167 4518; x_wconf 89' lang='lat' dir='ltr'><strong>nisi</strong></span> <span class='ocrx_word' id='word_1_470' title='bbox 1194 4463 1337 4518; x_wconf 91' lang='lat' dir='ltr'><strong>actio</strong></span> <span class='ocrx_word' id='word_1_471' title='bbox 1367 4480 1509 4536; x_wconf 90' lang='lat' dir='ltr'><strong>pura</strong></span> <span class='ocrx_word' id='word_1_472' title='bbox 1539 4465 1662 4519; x_wconf 91' lang='lat' dir='ltr'><strong>Dei.</strong></span> 
     </span>
    </p>
   </div>
   <div class='ocr_carea' id='block_1_75' title="bbox 497 4557 1844 4631">
    <p class='ocr_par' dir='ltr' id='par_1_75' title="bbox 497 4557 1844 4631">
     <span class='ocr_line' id='line_1_75' title="bbox 497 4557 1844 4631; baseline -0.002 -16"><span class='ocrx_word' id='word_1_473' title='bbox 497 4559 753 4615; x_wconf 81' lang='lat' dir='ltr'><strong>Ecclesiae</strong></span> <span class='ocrx_word' id='word_1_474' title='bbox 780 4558 990 4627; x_wconf 90' lang='lat' dir='ltr'><strong>fautor,</strong></span> <span class='ocrx_word' id='word_1_475' title='bbox 1018 4557 1185 4613; x_wconf 91' lang='lat' dir='ltr'><strong>cleris</strong></span> <span class='ocrx_word' id='word_1_476' title='bbox 1213 4557 1552 4631; x_wconf 89' lang='lat' dir='ltr'><strong>populisque</strong></span> <span class='ocrx_word' id='word_1_477' title='bbox 1581 4558 1844 4614; x_wconf 90' lang='lat' dir='ltr'><strong>levamen</strong></span> 
     </span>
    </p>
   </div>
   <div class='ocr_carea' id='block_1_76' title="bbox 567 4652 1941 4725">
    <p class='ocr_par' dir='ltr' id='par_1_76' title="bbox 567 4652 1941 4725">
     <span class='ocr_line' id='line_1_76' title="bbox 567 4652 1941 4725; baseline -0.002 -17"><span class='ocrx_word' id='word_1_478' title='bbox 567 4653 988 4724; x_wconf 89' lang='lat' dir='ltr'><strong>Ordinibusque</strong></span> <span class='ocrx_word' id='word_1_479' title='bbox 1015 4653 1190 4708; x_wconf 85' lang='lat' dir='ltr'><strong>sacris</strong></span> <span class='ocrx_word' id='word_1_480' title='bbox 1222 4669 1397 4725; x_wconf 90' lang='lat' dir='ltr'><strong>quam</strong></span> <span class='ocrx_word' id='word_1_481' title='bbox 1428 4669 1591 4707; x_wconf 91' lang='lat' dir='ltr'><strong>sacer</strong></span> <span class='ocrx_word' id='word_1_482' title='bbox 1619 4653 1756 4708; x_wconf 90' lang='lat' dir='ltr'><strong>ordo</strong></span> <span class='ocrx_word' id='word_1_483' title='bbox 1785 4652 1941 4706; x_wconf 89' lang='lat' dir='ltr'><strong>satis.</strong></span> 
     </span>
    </p>
   </div>
   <div class='ocr_carea' id='block_1_77' title="bbox 499 4747 1959 4819">
    <p class='ocr_par' dir='ltr' id='par_1_77' title="bbox 499 4747 1959 4819">
     <span class='ocr_line' id='line_1_77' title="bbox 499 4747 1959 4819; baseline -0.002 -17"><span class='ocrx_word' id='word_1_484' title='bbox 499 4751 600 4805; x_wconf 85' lang='lat' dir='ltr'><strong>Per</strong></span> <span class='ocrx_word' id='word_1_485' title='bbox 628 4751 684 4804; x_wconf 90' lang='lat' dir='ltr'><strong>te</strong></span> <span class='ocrx_word' id='word_1_486' title='bbox 714 4747 1012 4819; x_wconf 91' lang='lat' dir='ltr'><strong>pontiﬁces</strong></span> <span class='ocrx_word' id='word_1_487' title='bbox 1038 4762 1245 4819; x_wconf 90' lang='lat' dir='ltr'><strong>pueros</strong></span> <span class='ocrx_word' id='word_1_488' title='bbox 1273 4764 1406 4802; x_wconf 91' lang='lat' dir='ltr'><strong>cum</strong></span> <span class='ocrx_word' id='word_1_489' title='bbox 1434 4747 1739 4802; x_wconf 88' lang='lat' dir='ltr'><strong>chrismate</strong></span> <span class='ocrx_word' id='word_1_490' title='bbox 1766 4750 1959 4801; x_wconf 89' lang='lat' dir='ltr'><strong>sancto</strong></span> 
     </span>
    </p>
   </div>
   <div class='ocr_carea' id='block_1_78' title="bbox 567 4840 1809 4913">
    <p class='ocr_par' dir='ltr' id='par_1_78' title="bbox 567 4840 1809 4913">
     <span class='ocr_line' id='line_1_78' title="bbox 567 4840 1809 4913; baseline -0.002 -15"><span class='ocrx_word' id='word_1_491' title='bbox 567 4842 802 4898; x_wconf 90' lang='lat' dir='ltr'><strong>Nomine</strong></span> <span class='ocrx_word' id='word_1_492' title='bbox 831 4843 902 4898; x_wconf 91' lang='lat' dir='ltr'><strong>de</strong></span> <span class='ocrx_word' id='word_1_493' title='bbox 929 4840 1138 4898; x_wconf 86' lang='lat' dir='ltr'><strong>Christi</strong></span> <span class='ocrx_word' id='word_1_494' title='bbox 1163 4841 1272 4895; x_wconf 90' lang='lat' dir='ltr'><strong>rite</strong></span> <span class='ocrx_word' id='word_1_495' title='bbox 1316 4857 1527 4896; x_wconf 90' lang='lat' dir='ltr'><strong>novare</strong></span> <span class='ocrx_word' id='word_1_496' title='bbox 1559 4844 1809 4913; x_wconf 86' lang='lat' dir='ltr'><strong>queunt;</strong></span> 
     </span>
    </p>
   </div>
   <div class='ocr_carea' id='block_1_79' title="bbox 501 4935 1953 5002">
    <p class='ocr_par' dir='ltr' id='par_1_79' title="bbox 501 4935 1953 5002">
     <span class='ocr_line' id='line_1_79' title="bbox 501 4935 1953 5002; baseline -0.004 -10"><span class='ocrx_word' id='word_1_497' title='bbox 501 4937 637 5002; x_wconf 91' lang='lat' dir='ltr'><strong>Quis</strong></span> <span class='ocrx_word' id='word_1_498' title='bbox 662 4937 868 4993; x_wconf 89' lang='lat' dir='ltr'><strong>tribuis</strong></span> <span class='ocrx_word' id='word_1_499' title='bbox 899 4936 1132 4991; x_wconf 88' lang='lat' dir='ltr'><strong>meritos</strong></span> <span class='ocrx_word' id='word_1_500' title='bbox 1169 4936 1378 4991; x_wconf 87' lang='lat' dir='ltr'><strong>merito</strong></span> <span class='ocrx_word' id='word_1_501' title='bbox 1420 4935 1644 4992; x_wconf 90' lang='lat' dir='ltr'><strong>deitatis</strong></span> <span class='ocrx_word' id='word_1_502' title='bbox 1685 4935 1953 5001; x_wconf 89' lang='lat' dir='ltr'><strong>honores,</strong></span> 
     </span>
    </p>
   </div>
   <div class='ocr_carea' id='block_1_80' title="bbox 572 5027 1915 5102">
    <p class='ocr_par' dir='ltr' id='par_1_80' title="bbox 572 5027 1915 5102">
     <span class='ocr_line' id='line_1_80' title="bbox 572 5027 1915 5102; baseline -0.004 -16"><span class='ocrx_word' id='word_1_503' title='bbox 572 5033 718 5088; x_wconf 90' lang='lat' dir='ltr'><strong>Dum</strong></span> <span class='ocrx_word' id='word_1_504' title='bbox 749 5035 806 5086; x_wconf 92' lang='lat' dir='ltr'><strong>te</strong></span> <span class='ocrx_word' id='word_1_505' title='bbox 849 5030 1040 5086; x_wconf 90' lang='lat' dir='ltr'><strong>subdis</strong></span> <span class='ocrx_word' id='word_1_506' title='bbox 1068 5031 1150 5085; x_wconf 90' lang='lat' dir='ltr'><strong>eis</strong></span> <span class='ocrx_word' id='word_1_507' title='bbox 1176 5030 1370 5098; x_wconf 91' lang='lat' dir='ltr'><strong>corde,</strong></span> <span class='ocrx_word' id='word_1_508' title='bbox 1405 5046 1598 5102; x_wconf 87' lang='lat' dir='ltr'><strong>opere,</strong></span> <span class='ocrx_word' id='word_1_509' title='bbox 1633 5045 1752 5098; x_wconf 90' lang='lat' dir='ltr'><strong>ore,</strong></span> <span class='ocrx_word' id='word_1_510' title='bbox 1783 5027 1915 5082; x_wconf 87' lang='lat' dir='ltr'><strong>ﬁde.</strong></span> 
     </span>
    </p>
   </div>
   <div class='ocr_carea' id='block_1_81' title="bbox 504 5123 1742 5196">
    <p class='ocr_par' dir='ltr' id='par_1_81' title="bbox 504 5123 1742 5196">
     <span class='ocr_line' id='line_1_81' title="bbox 504 5123 1742 5196; baseline -0.005 -14"><span class='ocrx_word' id='word_1_511' title='bbox 504 5126 619 5182; x_wconf 91' lang='lat' dir='ltr'><strong>Scis</strong></span> <span class='ocrx_word' id='word_1_512' title='bbox 643 5125 772 5181; x_wconf 89' lang='lat' dir='ltr'><strong>ideo</strong></span> <span class='ocrx_word' id='word_1_513' title='bbox 803 5141 992 5180; x_wconf 90' lang='lat' dir='ltr'><strong>servas</strong></span> <span class='ocrx_word' id='word_1_514' title='bbox 1018 5124 1173 5196; x_wconf 91' lang='lat' dir='ltr'><strong>quod</strong></span> <span class='ocrx_word' id='word_1_515' title='bbox 1205 5125 1393 5196; x_wconf 86' lang='lat' dir='ltr'><strong>portio</strong></span> <span class='ocrx_word' id='word_1_516' title='bbox 1423 5124 1628 5179; x_wconf 88' lang='lat' dir='ltr'><strong>debeat</strong></span> <span class='ocrx_word' id='word_1_517' title='bbox 1657 5123 1742 5177; x_wconf 88' lang='lat' dir='ltr'><strong>ire</strong></span> 
     </span>
    </p>
   </div>
   <div class='ocr_carea' id='block_1_82' title="bbox 571 5215 1774 5290">
    <p class='ocr_par' dir='ltr' id='par_1_82' title="bbox 571 5215 1774 5290">
     <span class='ocr_line' id='line_1_82' title="bbox 571 5215 1774 5290; baseline -0.004 -16"><span class='ocrx_word' id='word_1_518' title='bbox 571 5219 762 5274; x_wconf 90' lang='lat' dir='ltr'><strong>Prima</strong></span> <span class='ocrx_word' id='word_1_519' title='bbox 788 5219 875 5273; x_wconf 91' lang='lat' dir='ltr'><strong>tui</strong></span> <span class='ocrx_word' id='word_1_520' title='bbox 901 5219 1153 5288; x_wconf 89' lang='lat' dir='ltr'><strong>Domini,</strong></span> <span class='ocrx_word' id='word_1_521' title='bbox 1185 5219 1283 5290; x_wconf 91' lang='lat' dir='ltr'><strong>qui</strong></span> <span class='ocrx_word' id='word_1_522' title='bbox 1312 5218 1471 5274; x_wconf 85' lang='lat' dir='ltr'><strong>dedit</strong></span> <span class='ocrx_word' id='word_1_523' title='bbox 1500 5233 1619 5272; x_wconf 89' lang='lat' dir='ltr'><strong>esse</strong></span> <span class='ocrx_word' id='word_1_524' title='bbox 1657 5215 1774 5270; x_wconf 89' lang='lat' dir='ltr'><strong>tibi.</strong></span> 
     </span>
    </p>
   </div>
   <div class='ocr_carea' id='block_1_83' title="bbox 501 5309 2131 5386">
    <p class='ocr_par' dir='ltr' id='par_1_83' title="bbox 501 5309 2131 5386">
     <span class='ocr_line' id='line_1_83' title="bbox 501 5309 2131 5386; baseline -0.004 -17"><span class='ocrx_word' id='word_1_525' title='bbox 501 5316 741 5386; x_wconf 88' lang='lat' dir='ltr'><strong>Pauper,</strong></span> <span class='ocrx_word' id='word_1_526' title='bbox 794 5329 1032 5384; x_wconf 88' lang='lat' dir='ltr'><strong>egenus,</strong></span> <span class='ocrx_word' id='word_1_527' title='bbox 1083 5313 1268 5384; x_wconf 91' lang='lat' dir='ltr'><strong>inops,</strong></span> <span class='ocrx_word' id='word_1_528' title='bbox 1314 5311 1504 5377; x_wconf 91' lang='lat' dir='ltr'><strong>vidua,</strong></span> <span class='ocrx_word' id='word_1_529' title='bbox 1553 5309 1862 5381; x_wconf 87' lang='lat' dir='ltr'><strong>orphanus,</strong></span> <span class='ocrx_word' id='word_1_530' title='bbox 1911 5309 2131 5375; x_wconf 88' lang='lat' dir='ltr'><strong>anxius,</strong></span> 
     </span>
    </p>
   </div>
   <div class='ocr_carea' id='block_1_84' title="bbox 1849 5402 2060 5474">
    <p class='ocr_par' dir='ltr' id='par_1_84' title="bbox 1849 5402 2060 5474">
     <span class='ocr_line' id='line_1_84' title="bbox 1849 5402 2060 5474; baseline 0.005 -17"><span class='ocrx_word' id='word_1_531' title='bbox 1849 5402 2060 5474; x_wconf 91' lang='lat' dir='ltr'><strong>[orbus,</strong></span> 
     </span>
    </p>
   </div>
   <div class='ocr_carea' id='block_1_85' title="bbox 572 5496 1808 5574">
    <p class='ocr_par' dir='ltr' id='par_1_85' title="bbox 572 5496 1808 5574">
     <span class='ocr_line' id='line_1_85' title="bbox 572 5496 1808 5574; baseline -0.006 -16"><span class='ocrx_word' id='word_1_532' title='bbox 572 5503 666 5558; x_wconf 87' lang='lat' dir='ltr'><strong>His</strong></span> <span class='ocrx_word' id='word_1_533' title='bbox 694 5502 934 5574; x_wconf 89' lang='lat' dir='ltr'><strong>aliisque</strong></span> <span class='ocrx_word' id='word_1_534' title='bbox 965 5503 1130 5556; x_wconf 90' lang='lat' dir='ltr'><strong>datus</strong></span> <span class='ocrx_word' id='word_1_535' title='bbox 1155 5517 1214 5557; x_wconf 91' lang='lat' dir='ltr'><strong>es</strong></span> <span class='ocrx_word' id='word_1_536' title='bbox 1240 5504 1405 5572; x_wconf 90' lang='lat' dir='ltr'><strong>pater</strong></span> <span class='ocrx_word' id='word_1_537' title='bbox 1431 5503 1601 5569; x_wconf 88' lang='lat' dir='ltr'><strong>atque</strong></span> <span class='ocrx_word' id='word_1_538' title='bbox 1633 5496 1808 5552; x_wconf 91' lang='lat' dir='ltr'><strong>cibus.</strong></span> 
     </span>
    </p>
   </div>
   <div class='ocr_carea' id='block_1_86' title="bbox 501 5592 1603 5662">
    <p class='ocr_par' dir='ltr' id='par_1_86' title="bbox 501 5592 1603 5662">
     <span class='ocr_line' id='line_1_86' title="bbox 501 5592 1603 5662; baseline -0.003 -13"><span class='ocrx_word' id='word_1_539' title='bbox 501 5597 704 5652; x_wconf 72' lang='lat' dir='ltr'><strong>iudicii</strong></span> <span class='ocrx_word' id='word_1_540' title='bbox 729 5597 909 5653; x_wconf 91' lang='lat' dir='ltr'><strong>volvis</strong></span> <span class='ocrx_word' id='word_1_541' title='bbox 947 5595 1159 5650; x_wconf 89' lang='lat' dir='ltr'><strong>totiens</strong></span> <span class='ocrx_word' id='word_1_542' title='bbox 1191 5599 1444 5651; x_wconf 89' lang='lat' dir='ltr'><strong>extrema</strong></span> <span class='ocrx_word' id='word_1_543' title='bbox 1473 5592 1603 5662; x_wconf 90' lang='lat' dir='ltr'><strong>diei,</strong></span> 
     </span>
    </p>
   </div>
   <div class='ocr_carea' id='block_1_87' title="bbox 572 5687 1954 5764">
    <p class='ocr_par' dir='ltr' id='par_1_87' title="bbox 572 5687 1954 5764">
     <span class='ocr_line' id='line_1_87' title="bbox 572 5687 1954 5764; baseline -0.005 -17"><span class='ocrx_word' id='word_1_544' title='bbox 572 5692 853 5764; x_wconf 91' lang='lat' dir='ltr'><strong>Quodque</strong></span> <span class='ocrx_word' id='word_1_545' title='bbox 881 5688 1062 5762; x_wconf 90' lang='lat' dir='ltr'><strong>putris</strong></span> <span class='ocrx_word' id='word_1_546' title='bbox 1088 5705 1219 5745; x_wconf 92' lang='lat' dir='ltr'><strong>caro</strong></span> <span class='ocrx_word' id='word_1_547' title='bbox 1245 5689 1312 5744; x_wconf 86' lang='lat' dir='ltr'><strong>ﬁs</strong></span> <span class='ocrx_word' id='word_1_548' title='bbox 1337 5705 1401 5745; x_wconf 90' lang='lat' dir='ltr'><strong>ac</strong></span> <span class='ocrx_word' id='word_1_549' title='bbox 1444 5688 1734 5762; x_wconf 88' lang='lat' dir='ltr'><strong>periturus</strong></span> <span class='ocrx_word' id='word_1_550' title='bbox 1759 5687 1954 5742; x_wconf 90' lang='lat' dir='ltr'><strong>homo.</strong></span> 
     </span>
    </p>
   </div>
   <div class='ocr_carea' id='block_1_88' title="bbox 505 5782 2063 5857">
    <p class='ocr_par' dir='ltr' id='par_1_88' title="bbox 505 5782 2063 5857">
     <span class='ocr_line' id='line_1_88' title="bbox 505 5782 2063 5857; baseline -0.004 -18"><span class='ocrx_word' id='word_1_551' title='bbox 505 5789 809 5857; x_wconf 81' lang='lat' dir='ltr'><strong>Propterea</strong></span> <span class='ocrx_word' id='word_1_552' title='bbox 836 5803 896 5840; x_wconf 91' lang='lat' dir='ltr'><strong>es</strong></span> <span class='ocrx_word' id='word_1_553' title='bbox 925 5785 1135 5856; x_wconf 90' lang='lat' dir='ltr'><strong>justus,</strong></span> <span class='ocrx_word' id='word_1_554' title='bbox 1165 5783 1442 5856; x_wconf 87' lang='lat' dir='ltr'><strong>prudens,</strong></span> <span class='ocrx_word' id='word_1_555' title='bbox 1473 5783 1656 5854; x_wconf 89' lang='lat' dir='ltr'><strong>fortis,</strong></span> <span class='ocrx_word' id='word_1_556' title='bbox 1689 5782 2021 5838; x_wconf 89' lang='lat' dir='ltr'><strong>moderatus</strong></span> <span class='ocrx_word' id='word_1_557' title='bbox 2053 5797 2063 5833; x_wconf 93' lang='lat'>:</span> 
     </span>
    </p>
   </div>
   <div class='ocr_carea' id='block_1_89' title="bbox 578 5877 1779 5951">
    <p class='ocr_par' dir='ltr' id='par_1_89' title="bbox 578 5877 1779 5951">
     <span class='ocr_line' id='line_1_89' title="bbox 578 5877 1779 5951; baseline -0.002 -19"><span class='ocrx_word' id='word_1_558' title='bbox 578 5878 811 5948; x_wconf 88' lang='lat' dir='ltr'><strong>Semper</strong></span> <span class='ocrx_word' id='word_1_559' title='bbox 833 5879 991 5951; x_wconf 90' lang='lat' dir='ltr'><strong>larga</strong></span> <span class='ocrx_word' id='word_1_560' title='bbox 1021 5895 1249 5949; x_wconf 87' lang='lat' dir='ltr'><strong>manus,</strong></span> <span class='ocrx_word' id='word_1_561' title='bbox 1285 5882 1342 5933; x_wconf 89' lang='lat' dir='ltr'><strong>et</strong></span> <span class='ocrx_word' id='word_1_562' title='bbox 1364 5877 1588 5948; x_wconf 87' lang='lat' dir='ltr'><strong>pietatis</strong></span> <span class='ocrx_word' id='word_1_563' title='bbox 1617 5893 1779 5948; x_wconf 85' lang='lat' dir='ltr'><strong>opus.</strong></span> 
     </span>
    </p>
   </div>
   <div class='ocr_carea' id='block_1_90' title="bbox 509 5969 1997 6042">
    <p class='ocr_par' dir='ltr' id='par_1_90' title="bbox 509 5969 1997 6042">
     <span class='ocr_line' id='line_1_90' title="bbox 509 5969 1997 6042; baseline 0.002 -24"><span class='ocrx_word' id='word_1_564' title='bbox 509 5970 610 6031; x_wconf 84' lang='lat' dir='ltr'><strong>Qui</strong></span> <span class='ocrx_word' id='word_1_565' title='bbox 645 5970 850 6038; x_wconf 79' lang='lat' dir='ltr'><strong>pluviae</strong></span> <span class='ocrx_word' id='word_1_566' title='bbox 882 5977 1092 6039; x_wconf 88' lang='lat' dir='ltr'><strong>guttas,</strong></span> <span class='ocrx_word' id='word_1_567' title='bbox 1133 5988 1434 6028; x_wconf 89' lang='lat' dir='ltr'><strong>numerum</strong></span> <span class='ocrx_word' id='word_1_568' title='bbox 1468 5970 1565 6042; x_wconf 92' lang='lat' dir='ltr'><strong>qui</strong></span> <span class='ocrx_word' id='word_1_569' title='bbox 1606 5969 1761 6024; x_wconf 80' lang='lat' dir='ltr'><strong>novit.</strong></span> <span class='ocrx_word' id='word_1_570' title='bbox 1789 5985 1997 6037; x_wconf 67' lang='lat' dir='ltr'><strong>arenae,</strong></span> 
     </span>
    </p>
   </div>
   <div class='ocr_carea' id='block_1_91' title="bbox 2229 3430 3510 3502">
    <p class='ocr_par' dir='ltr' id='par_1_91' title="bbox 2229 3430 3510 3502">
     <span class='ocr_line' id='line_1_91' title="bbox 2229 3430 3510 3502; baseline -0.002 -16"><span class='ocrx_word' id='word_1_571' title='bbox 2229 3432 2433 3488; x_wconf 90' lang='lat' dir='ltr'><strong>Reddis</strong></span> <span class='ocrx_word' id='word_1_572' title='bbox 2458 3448 2568 3499; x_wconf 89' lang='lat' dir='ltr'><strong>eas,</strong></span> <span class='ocrx_word' id='word_1_573' title='bbox 2603 3432 2812 3497; x_wconf 74' lang='lat' dir='ltr'><strong>Caesar,</strong></span> <span class='ocrx_word' id='word_1_574' title='bbox 2839 3430 3059 3485; x_wconf 82' lang='lat' dir='ltr'><strong>Martini</strong></span> <span class='ocrx_word' id='word_1_575' title='bbox 3086 3447 3190 3502; x_wconf 88' lang='lat' dir='ltr'><strong>pro</strong></span> <span class='ocrx_word' id='word_1_576' title='bbox 3219 3434 3510 3496; x_wconf 88' lang='lat' dir='ltr'><strong>veneratu,</strong></span> 
     </span>
    </p>
   </div>
   <div class='ocr_carea' id='block_1_92' title="bbox 2298 3524 3552 3597">
    <p class='ocr_par' dir='ltr' id='par_1_92' title="bbox 2298 3524 3552 3597">
     <span class='ocr_line' id='line_1_92' title="bbox 2298 3524 3552 3597; baseline -0.002 -17"><span class='ocrx_word' id='word_1_577' title='bbox 2298 3527 2496 3581; x_wconf 91' lang='lat' dir='ltr'><strong>Domni</strong></span> <span class='ocrx_word' id='word_1_578' title='bbox 2526 3543 2622 3581; x_wconf 89' lang='lat' dir='ltr'><strong>seu</strong></span> <span class='ocrx_word' id='word_1_579' title='bbox 2657 3525 2920 3597; x_wconf 91' lang='lat' dir='ltr'><strong>precibus</strong></span> <span class='ocrx_word' id='word_1_580' title='bbox 2951 3539 3185 3596; x_wconf 88' lang='lat' dir='ltr'><strong>semper</strong></span> <span class='ocrx_word' id='word_1_581' title='bbox 3213 3524 3552 3580; x_wconf 88' lang='lat' dir='ltr'><strong>amabilibus</strong></span> 
     </span>
    </p>
   </div>
   <div class='ocr_carea' id='block_1_93' title="bbox 2228 3617 3533 3691">
    <p class='ocr_par' dir='ltr' id='par_1_93' title="bbox 2228 3617 3533 3691">
     <span class='ocr_line' id='line_1_93' title="bbox 2228 3617 3533 3691; baseline -0.002 -16"><span class='ocrx_word' id='word_1_582' title='bbox 2228 3621 2508 3691; x_wconf 77' lang='lat' dir='ltr'><strong>Perpetui,</strong></span> <span class='ocrx_word' id='word_1_583' title='bbox 2544 3635 2766 3674; x_wconf 90' lang='lat' dir='ltr'><strong>necnon</strong></span> <span class='ocrx_word' id='word_1_584' title='bbox 2795 3617 2994 3673; x_wconf 91' lang='lat' dir='ltr'><strong>Briccii</strong></span> <span class='ocrx_word' id='word_1_585' title='bbox 3025 3617 3306 3674; x_wconf 88' lang='lat' dir='ltr'><strong>tutamine</strong></span> <span class='ocrx_word' id='word_1_586' title='bbox 3333 3618 3533 3686; x_wconf 90' lang='lat' dir='ltr'><strong>sancti,</strong></span> 
     </span>
    </p>
   </div>
   <div class='ocr_carea' id='block_1_94' title="bbox 2298 3712 3499 3785">
    <p class='ocr_par' dir='ltr' id='par_1_94' title="bbox 2298 3712 3499 3785">
     <span class='ocr_line' id='line_1_94' title="bbox 2298 3712 3499 3785; baseline -0.002 -17"><span class='ocrx_word' id='word_1_587' title='bbox 2298 3716 2520 3785; x_wconf 88' lang='lat' dir='ltr'><strong>Proque</strong></span> <span class='ocrx_word' id='word_1_588' title='bbox 2550 3713 2674 3769; x_wconf 90' lang='lat' dir='ltr'><strong>aliis</strong></span> <span class='ocrx_word' id='word_1_589' title='bbox 2712 3712 2965 3784; x_wconf 89' lang='lat' dir='ltr'><strong>reliquis,</strong></span> <span class='ocrx_word' id='word_1_590' title='bbox 2999 3730 3030 3766; x_wconf 90' lang='grc' dir='ltr'>ο</span> <span class='ocrx_word' id='word_1_591' title='bbox 3058 3712 3337 3784; x_wconf 89' lang='lat' dir='ltr'><strong>paradise,</strong></span> <span class='ocrx_word' id='word_1_592' title='bbox 3370 3712 3499 3767; x_wconf 88' lang='lat' dir='ltr'><strong>tuis.</strong></span> 
     </span>
    </p>
   </div>
   <div class='ocr_carea' id='block_1_95' title="bbox 2227 3806 3465 3879">
    <p class='ocr_par' dir='ltr' id='par_1_95' title="bbox 2227 3806 3465 3879">
     <span class='ocr_line' id='line_1_95' title="bbox 2227 3806 3465 3879; baseline -0.002 -17"><span class='ocrx_word' id='word_1_593' title='bbox 2227 3811 2340 3862; x_wconf 91' lang='lat' dir='ltr'><strong>lmo</strong></span> <span class='ocrx_word' id='word_1_594' title='bbox 2369 3807 2552 3879; x_wconf 89' lang='lat' dir='ltr'><strong>magis</strong></span> <span class='ocrx_word' id='word_1_595' title='bbox 2580 3824 2686 3879; x_wconf 92' lang='lat' dir='ltr'><strong>pro</strong></span> <span class='ocrx_word' id='word_1_596' title='bbox 2713 3811 2792 3877; x_wconf 91' lang='lat' dir='ltr'><strong>te,</strong></span> <span class='ocrx_word' id='word_1_597' title='bbox 2819 3808 2948 3861; x_wconf 87' lang='lat' dir='ltr'><strong>Jesu</strong></span> <span class='ocrx_word' id='word_1_598' title='bbox 2979 3806 3234 3861; x_wconf 88' lang='lat' dir='ltr'><strong>Salvator</strong></span> <span class='ocrx_word' id='word_1_599' title='bbox 3261 3810 3465 3869; x_wconf 87' lang='lat' dir='ltr'><strong>amate,</strong></span> 
     </span>
    </p>
   </div>
   <div class='ocr_carea' id='block_1_96' title="bbox 2298 3900 3296 3971">
    <p class='ocr_par' dir='ltr' id='par_1_96' title="bbox 2298 3900 3296 3971">
     <span class='ocr_line' id='line_1_96' title="bbox 2298 3900 3296 3971; baseline -0.003 -15"><span class='ocrx_word' id='word_1_600' title='bbox 2298 3901 2384 3956; x_wconf 89' lang='lat' dir='ltr'><strong>Sis</strong></span> <span class='ocrx_word' id='word_1_601' title='bbox 2407 3906 2474 3956; x_wconf 92' lang='lat' dir='ltr'><strong>ut</strong></span> <span class='ocrx_word' id='word_1_602' title='bbox 2499 3902 2550 3956; x_wconf 91' lang='lat' dir='ltr'><strong>ei</strong></span> <span class='ocrx_word' id='word_1_603' title='bbox 2581 3901 2698 3956; x_wconf 91' lang='lat' dir='ltr'><strong>vita</strong></span> <span class='ocrx_word' id='word_1_604' title='bbox 2725 3900 2976 3971; x_wconf 91' lang='lat' dir='ltr'><strong>denique</strong></span> <span class='ocrx_word' id='word_1_605' title='bbox 3003 3904 3296 3971; x_wconf 88' lang='lat' dir='ltr'><strong>perpetua.</strong></span> 
     </span>
    </p>
   </div>
   <div class='ocr_carea' id='block_1_97' title="bbox 2226 3993 3537 4063">
    <p class='ocr_par' dir='ltr' id='par_1_97' title="bbox 2226 3993 3537 4063">
     <span class='ocr_line' id='line_1_97' title="bbox 2226 3993 3537 4063; baseline -0.002 -14"><span class='ocrx_word' id='word_1_606' title='bbox 2226 3998 2332 4049; x_wconf 91' lang='lat' dir='ltr'><strong>Pro</strong></span> <span class='ocrx_word' id='word_1_607' title='bbox 2362 3995 2590 4050; x_wconf 90' lang='lat' dir='ltr'><strong>famulis</strong></span> <span class='ocrx_word' id='word_1_608' title='bbox 2615 3993 2782 4049; x_wconf 88' lang='lat' dir='ltr'><strong>nobis</strong></span> <span class='ocrx_word' id='word_1_609' title='bbox 2810 3994 2985 4048; x_wconf 88' lang='lat' dir='ltr'><strong>etiam</strong></span> <span class='ocrx_word' id='word_1_610' title='bbox 3013 3994 3333 4048; x_wconf 90' lang='lat' dir='ltr'><strong>oratoribus</strong></span> <span class='ocrx_word' id='word_1_611' title='bbox 3372 3994 3537 4063; x_wconf 86' lang='lat' dir='ltr'><strong>aptis,</strong></span> 
     </span>
    </p>
   </div>
   <div class='ocr_carea' id='block_1_98' title="bbox 2300 4086 3571 4158">
    <p class='ocr_par' dir='ltr' id='par_1_98' title="bbox 2300 4086 3571 4158">
     <span class='ocr_line' id='line_1_98' title="bbox 2300 4086 3571 4158; baseline -0.002 -15"><span class='ocrx_word' id='word_1_612' title='bbox 2300 4089 2448 4153; x_wconf 91' lang='lat' dir='ltr'><strong>Quos</strong></span> <span class='ocrx_word' id='word_1_613' title='bbox 2479 4089 2598 4143; x_wconf 90' lang='lat' dir='ltr'><strong>sitis</strong></span> <span class='ocrx_word' id='word_1_614' title='bbox 2625 4088 2910 4156; x_wconf 89' lang='lat' dir='ltr'><strong>obruerat,</strong></span> <span class='ocrx_word' id='word_1_615' title='bbox 2939 4087 3121 4158; x_wconf 86' lang='lat' dir='ltr'><strong>frigus</strong></span> <span class='ocrx_word' id='word_1_616' title='bbox 3149 4090 3206 4140; x_wconf 89' lang='lat' dir='ltr'><strong>et</strong></span> <span class='ocrx_word' id='word_1_617' title='bbox 3233 4090 3356 4141; x_wconf 89' lang='lat' dir='ltr'><strong>atra</strong></span> <span class='ocrx_word' id='word_1_618' title='bbox 3376 4086 3571 4141; x_wconf 90' lang='lat' dir='ltr'><strong>fames.</strong></span> 
     </span>
    </p>
   </div>
   <div class='ocr_carea' id='block_1_99' title="bbox 2228 4179 3432 4250">
    <p class='ocr_par' dir='ltr' id='par_1_99' title="bbox 2228 4179 3432 4250">
     <span class='ocr_line' id='line_1_99' title="bbox 2228 4179 3432 4250; baseline -0.005 -12"><span class='ocrx_word' id='word_1_619' title='bbox 2228 4184 2271 4238; x_wconf 94' lang='grc' dir='ltr'><strong>Ο</strong></span> <span class='ocrx_word' id='word_1_620' title='bbox 2302 4199 2422 4250; x_wconf 87' lang='lat' dir='ltr'><strong>rex,</strong></span> <span class='ocrx_word' id='word_1_621' title='bbox 2453 4199 2486 4237; x_wconf 95' lang='lat' dir='ltr'><strong>o</strong></span> <span class='ocrx_word' id='word_1_622' title='bbox 2512 4182 2846 4249; x_wconf 90' lang='lat' dir='ltr'><strong>reverende,</strong></span> <span class='ocrx_word' id='word_1_623' title='bbox 2880 4181 2978 4237; x_wconf 90' lang='lat' dir='ltr'><strong>ﬁat</strong></span> <span class='ocrx_word' id='word_1_624' title='bbox 3008 4179 3299 4236; x_wconf 89' lang='lat' dir='ltr'><strong>renovatio</strong></span> <span class='ocrx_word' id='word_1_625' title='bbox 3327 4179 3432 4234; x_wconf 85' lang='lat' dir='ltr'><strong>ﬁxa</strong></span> 
     </span>
    </p>
   </div>
   <div class='ocr_carea' id='block_1_100' title="bbox 2299 4274 3249 4333">
    <p class='ocr_par' dir='ltr' id='par_1_100' title="bbox 2299 4274 3249 4333">
     <span class='ocr_line' id='line_1_100' title="bbox 2299 4274 3249 4333; baseline -0.001 -3"><span class='ocrx_word' id='word_1_626' title='bbox 2299 4279 2344 4330; x_wconf 85' lang='lat' dir='ltr'><strong>A</strong></span> <span class='ocrx_word' id='word_1_627' title='bbox 2370 4277 2626 4333; x_wconf 88' lang='lat' dir='ltr'><strong>mercede</strong></span> <span class='ocrx_word' id='word_1_628' title='bbox 2655 4280 2752 4330; x_wconf 89' lang='lat' dir='ltr'><strong>tua</strong></span> <span class='ocrx_word' id='word_1_629' title='bbox 2781 4275 2898 4330; x_wconf 91' lang='lat' dir='ltr'><strong>sive</strong></span> <span class='ocrx_word' id='word_1_630' title='bbox 2924 4274 3101 4329; x_wconf 90' lang='lat' dir='ltr'><strong>salute</strong></span> <span class='ocrx_word' id='word_1_631' title='bbox 3131 4280 3249 4329; x_wconf 87' lang='lat' dir='ltr'><strong>tua.</strong></span> 
     </span>
    </p>
   </div>
   <div class='ocr_carea' id='block_1_101' title="bbox 2228 4370 3650 4440">
    <p class='ocr_par' dir='ltr' id='par_1_101' title="bbox 2228 4370 3650 4440">
     <span class='ocr_line' id='line_1_101' title="bbox 2228 4370 3650 4440; baseline -0.004 -13"><span class='ocrx_word' id='word_1_632' title='bbox 2228 4372 2535 4427; x_wconf 63' lang='lat' dir='ltr'><strong>Praevaleat</strong></span> <span class='ocrx_word' id='word_1_633' title='bbox 2562 4370 2757 4440; x_wconf 89' lang='lat' dir='ltr'><strong>regale</strong></span> <span class='ocrx_word' id='word_1_634' title='bbox 2786 4370 2978 4437; x_wconf 90' lang='lat' dir='ltr'><strong>decus,</strong></span> <span class='ocrx_word' id='word_1_635' title='bbox 3017 4373 3362 4439; x_wconf 88' lang='lat' dir='ltr'><strong>superetque</strong></span> <span class='ocrx_word' id='word_1_636' title='bbox 3405 4373 3650 4439; x_wconf 87' lang='lat' dir='ltr'><strong>potestas</strong></span> 
     </span>
    </p>
   </div>
   <div class='ocr_carea' id='block_1_102' title="bbox 2299 4463 3468 4537">
    <p class='ocr_par' dir='ltr' id='par_1_102' title="bbox 2299 4463 3468 4537">
     <span class='ocr_line' id='line_1_102' title="bbox 2299 4463 3468 4537; baseline -0.004 -17"><span class='ocrx_word' id='word_1_637' title='bbox 2299 4467 2523 4537; x_wconf 89' lang='lat' dir='ltr'><strong>Regum</strong></span> <span class='ocrx_word' id='word_1_638' title='bbox 2553 4463 2621 4519; x_wconf 91' lang='lat' dir='ltr'><strong>de</strong></span> <span class='ocrx_word' id='word_1_639' title='bbox 2650 4479 2812 4518; x_wconf 90' lang='lat' dir='ltr'><strong>more</strong></span> <span class='ocrx_word' id='word_1_640' title='bbox 2844 4463 2942 4534; x_wconf 92' lang='lat' dir='ltr'><strong>qui</strong></span> <span class='ocrx_word' id='word_1_641' title='bbox 2973 4463 3200 4517; x_wconf 88' lang='lat' dir='ltr'><strong>coluero</strong></span> <span class='ocrx_word' id='word_1_642' title='bbox 3232 4463 3468 4516; x_wconf 91' lang='lat' dir='ltr'><strong>bonum.</strong></span> 
     </span>
    </p>
   </div>
   <div class='ocr_carea' id='block_1_103' title="bbox 2227 4555 3616 4630">
    <p class='ocr_par' dir='ltr' id='par_1_103' title="bbox 2227 4555 3616 4630">
     <span class='ocr_line' id='line_1_103' title="bbox 2227 4555 3616 4630; baseline -0.004 -16"><span class='ocrx_word' id='word_1_643' title='bbox 2227 4562 2581 4630; x_wconf 62' lang='lat' dir='ltr'><strong>Prseceptum</strong></span> <span class='ocrx_word' id='word_1_644' title='bbox 2622 4556 2920 4629; x_wconf 88' lang='lat' dir='ltr'><strong>genitoris,</strong></span> <span class='ocrx_word' id='word_1_645' title='bbox 2951 4557 3061 4623; x_wconf 86' lang='lat' dir='ltr'><strong>avi,</strong></span> <span class='ocrx_word' id='word_1_646' title='bbox 3091 4556 3288 4627; x_wconf 89' lang='lat' dir='ltr'><strong>proavi</strong></span> <span class='ocrx_word' id='word_1_647' title='bbox 3318 4555 3616 4610; x_wconf 86' lang='lat' dir='ltr'><strong>renovasti.</strong></span> 
     </span>
    </p>
   </div>
   <div class='ocr_carea' id='block_1_104' title="bbox 2146 4648 3644 4744">
    <p class='ocr_par' dir='ltr' id='par_1_104' title="bbox 2146 4648 3644 4744">
     <span class='ocr_line' id='line_1_104' title="bbox 2146 4648 3644 4744; baseline -0.004 -36"><span class='ocrx_word' id='word_1_648' title='bbox 2146 4673 2205 4744; x_wconf 85' lang='lat' dir='ltr'><strong>D</strong></span> <span class='ocrx_word' id='word_1_649' title='bbox 2299 4655 2412 4708; x_wconf 88' lang='lat' dir='ltr'><strong>Hoc</strong></span> <span class='ocrx_word' id='word_1_650' title='bbox 2436 4655 2564 4719; x_wconf 88' lang='lat' dir='ltr'><strong>stet,</strong></span> <span class='ocrx_word' id='word_1_651' title='bbox 2593 4651 2700 4706; x_wconf 91' lang='lat' dir='ltr'><strong>hoc</strong></span> <span class='ocrx_word' id='word_1_652' title='bbox 2730 4653 2980 4716; x_wconf 90' lang='lat' dir='ltr'><strong>maneat,</strong></span> <span class='ocrx_word' id='word_1_653' title='bbox 3011 4650 3120 4704; x_wconf 91' lang='lat' dir='ltr'><strong>hoc</strong></span> <span class='ocrx_word' id='word_1_654' title='bbox 3141 4665 3246 4744; x_wconf 81' lang='lat' dir='ltr'><strong>nec</strong></span> <span class='ocrx_word' id='word_1_655' title='bbox 3277 4648 3432 4703; x_wconf 89' lang='lat' dir='ltr'><strong>obire</strong></span> <span class='ocrx_word' id='word_1_656' title='bbox 3457 4654 3644 4744; x_wconf 84' lang='lat' dir='ltr'><strong>queat.</strong></span> 
     </span>
    </p>
   </div>
   <div class='ocr_carea' id='block_1_105' title="bbox 2230 4742 3724 4814">
    <p class='ocr_par' dir='ltr' id='par_1_105' title="bbox 2230 4742 3724 4814">
     <span class='ocr_line' id='line_1_105' title="bbox 2230 4742 3724 4814; baseline -0.003 -12"><span class='ocrx_word' id='word_1_657' title='bbox 2230 4747 2392 4812; x_wconf 92' lang='lat' dir='ltr'><strong>Quod</strong></span> <span class='ocrx_word' id='word_1_658' title='bbox 2421 4751 2516 4801; x_wconf 87' lang='lat' dir='ltr'><strong>tua</strong></span> <span class='ocrx_word' id='word_1_659' title='bbox 2550 4747 2742 4800; x_wconf 90' lang='lat' dir='ltr'><strong>sancta</strong></span> <span class='ocrx_word' id='word_1_660' title='bbox 2769 4761 2972 4799; x_wconf 87' lang='lat' dir='ltr'><strong>manus</strong></span> <span class='ocrx_word' id='word_1_661' title='bbox 2995 4759 3184 4814; x_wconf 89' lang='lat' dir='ltr'><strong>nuper</strong></span> <span class='ocrx_word' id='word_1_662' title='bbox 3208 4742 3453 4798; x_wconf 88' lang='lat' dir='ltr'><strong>ﬁrmavit</strong></span> <span class='ocrx_word' id='word_1_663' title='bbox 3483 4743 3724 4798; x_wconf 89' lang='lat' dir='ltr'><strong>honeste</strong></span> 
     </span>
    </p>
   </div>
   <div class='ocr_carea' id='block_1_106' title="bbox 2304 4837 3399 4912">
    <p class='ocr_par' dir='ltr' id='par_1_106' title="bbox 2304 4837 3399 4912">
     <span class='ocr_line' id='line_1_106' title="bbox 2304 4837 3399 4912; baseline -0.003 -17"><span class='ocrx_word' id='word_1_664' title='bbox 2304 4840 2577 4912; x_wconf 63' lang='lat' dir='ltr'><strong>Praecepti</strong></span> <span class='ocrx_word' id='word_1_665' title='bbox 2597 4838 2762 4907; x_wconf 90' lang='lat' dir='ltr'><strong>serie,</strong></span> <span class='ocrx_word' id='word_1_666' title='bbox 2795 4854 3026 4910; x_wconf 86' lang='lat' dir='ltr'><strong>prorsus</strong></span> <span class='ocrx_word' id='word_1_667' title='bbox 3053 4841 3147 4892; x_wconf 89' lang='lat' dir='ltr'><strong>eat</strong></span> <span class='ocrx_word' id='word_1_668' title='bbox 3177 4837 3399 4892; x_wconf 87' lang='lat' dir='ltr'><strong>stabile.</strong></span> 
     </span>
    </p>
   </div>
   <div class='ocr_carea' id='block_1_107' title="bbox 2233 4929 3351 5003">
    <p class='ocr_par' dir='ltr' id='par_1_107' title="bbox 2233 4929 3351 5003">
     <span class='ocr_line' id='line_1_107' title="bbox 2233 4929 3351 5003; baseline -0.005 -13"><span class='ocrx_word' id='word_1_669' title='bbox 2233 4934 2376 5000; x_wconf 91' lang='lat' dir='ltr'><strong>Quid</strong></span> <span class='ocrx_word' id='word_1_670' title='bbox 2403 4934 2611 4989; x_wconf 88' lang='lat' dir='ltr'><strong>facient</strong></span> <span class='ocrx_word' id='word_1_671' title='bbox 2639 4932 2733 4987; x_wconf 91' lang='lat' dir='ltr'><strong>alii</strong></span> <span class='ocrx_word' id='word_1_672' title='bbox 2761 4932 2915 5003; x_wconf 89' lang='lat' dir='ltr'><strong>regis</strong></span> <span class='ocrx_word' id='word_1_673' title='bbox 2943 4931 3182 4986; x_wconf 88' lang='lat' dir='ltr'><strong>mutatio</strong></span> <span class='ocrx_word' id='word_1_674' title='bbox 3209 4929 3351 4985; x_wconf 89' lang='lat' dir='ltr'><strong>tanti</strong></span> 
     </span>
    </p>
   </div>
   <div class='ocr_carea' id='block_1_108' title="bbox 2305 5024 3579 5096">
    <p class='ocr_par' dir='ltr' id='par_1_108' title="bbox 2305 5024 3579 5096">
     <span class='ocr_line' id='line_1_108' title="bbox 2305 5024 3579 5096; baseline -0.005 -14"><span class='ocrx_word' id='word_1_675' title='bbox 2305 5030 2366 5082; x_wconf 88' lang='lat' dir='ltr'><strong>In</strong></span> <span class='ocrx_word' id='word_1_676' title='bbox 2394 5029 2540 5082; x_wconf 88' lang='lat' dir='ltr'><strong>facto</strong></span> <span class='ocrx_word' id='word_1_677' title='bbox 2567 5029 2672 5082; x_wconf 94' lang='lat' dir='ltr'><strong>hoc</strong></span> <span class='ocrx_word' id='word_1_678' title='bbox 2697 5026 2870 5082; x_wconf 87' lang='lat' dir='ltr'><strong>fuerit</strong></span> <span class='ocrx_word' id='word_1_679' title='bbox 2895 5026 2940 5079; x_wconf 92' lang='lat' dir='ltr'><strong>si</strong></span> <span class='ocrx_word' id='word_1_680' title='bbox 2967 5027 3126 5080; x_wconf 88' lang='lat' dir='ltr'><strong>hoste</strong></span> <span class='ocrx_word' id='word_1_681' title='bbox 3150 5024 3379 5096; x_wconf 89' lang='lat' dir='ltr'><strong>vigente</strong></span> <span class='ocrx_word' id='word_1_682' title='bbox 3409 5026 3579 5079; x_wconf 89' lang='lat' dir='ltr'><strong>malo.</strong></span> 
     </span>
    </p>
   </div>
   <div class='ocr_carea' id='block_1_109' title="bbox 2237 5118 3868 5195">
    <p class='ocr_par' dir='ltr' id='par_1_109' title="bbox 2237 5118 3868 5195">
     <span class='ocr_line' id='line_1_109' title="bbox 2237 5118 3868 5195; baseline -0.002 -17"><span class='ocrx_word' id='word_1_683' title='bbox 2237 5126 2256 5178; x_wconf 95' lang='lat' dir='ltr'><strong>l</strong></span> <span class='ocrx_word' id='word_1_684' title='bbox 2286 5123 2483 5195; x_wconf 90' lang='lat' dir='ltr'><strong>procul</strong></span> <span class='ocrx_word' id='word_1_685' title='bbox 2512 5125 2682 5194; x_wconf 92' lang='lat' dir='ltr'><strong>atque</strong></span> <span class='ocrx_word' id='word_1_686' title='bbox 2707 5121 2908 5192; x_wconf 90' lang='lat' dir='ltr'><strong>procul</strong></span> <span class='ocrx_word' id='word_1_687' title='bbox 2938 5121 3118 5174; x_wconf 91' lang='lat' dir='ltr'><strong>scelus</strong></span> <span class='ocrx_word' id='word_1_688' title='bbox 3153 5120 3260 5174; x_wconf 87' lang='lat' dir='ltr'><strong>hoc</strong></span> <span class='ocrx_word' id='word_1_689' title='bbox 3299 5118 3524 5173; x_wconf 87' lang='lat' dir='ltr'><strong>crudele</strong></span> <span class='ocrx_word' id='word_1_690' title='bbox 3550 5135 3655 5190; x_wconf 89' lang='lat' dir='ltr'><strong>per</strong></span> <span class='ocrx_word' id='word_1_691' title='bbox 3679 5135 3868 5174; x_wconf 89' lang='lat' dir='ltr'><strong>omne.</strong></span> 
     </span>
    </p>
   </div>
   <div class='ocr_carea' id='block_1_110' title="bbox 2304 5212 3450 5288">
    <p class='ocr_par' dir='ltr' id='par_1_110' title="bbox 2304 5212 3450 5288">
     <span class='ocr_line' id='line_1_110' title="bbox 2304 5212 3450 5288; baseline -0.006 -17"><span class='ocrx_word' id='word_1_692' title='bbox 2304 5218 2382 5271; x_wconf 91' lang='lat' dir='ltr'><strong>Tu</strong></span> <span class='ocrx_word' id='word_1_693' title='bbox 2414 5232 2590 5288; x_wconf 91' lang='lat' dir='ltr'><strong>prope</strong></span> <span class='ocrx_word' id='word_1_694' title='bbox 2611 5213 2835 5287; x_wconf 88' lang='lat' dir='ltr'><strong>justitia</strong></span> <span class='ocrx_word' id='word_1_695' title='bbox 2861 5214 3022 5268; x_wconf 90' lang='lat' dir='ltr'><strong>vince</strong></span> <span class='ocrx_word' id='word_1_696' title='bbox 3049 5212 3264 5282; x_wconf 90' lang='lat' dir='ltr'><strong>nociva,</strong></span> <span class='ocrx_word' id='word_1_697' title='bbox 3295 5213 3450 5283; x_wconf 84' lang='lat' dir='ltr'><strong>fuga.</strong></span> 
     </span>
    </p>
   </div>
   <div class='ocr_carea' id='block_1_111' title="bbox 2237 5306 3870 5379">
    <p class='ocr_par' dir='ltr' id='par_1_111' title="bbox 2237 5306 3870 5379">
     <span class='ocr_line' id='line_1_111' title="bbox 2237 5306 3870 5379; baseline -0.002 -13"><span class='ocrx_word' id='word_1_698' title='bbox 2237 5312 2390 5375; x_wconf 88' lang='lat' dir='ltr'><strong>Quas</strong></span> <span class='ocrx_word' id='word_1_699' title='bbox 2421 5310 2616 5365; x_wconf 89' lang='lat' dir='ltr'><strong>laudes</strong></span> <span class='ocrx_word' id='word_1_700' title='bbox 2645 5308 2769 5376; x_wconf 90' lang='lat' dir='ltr'><strong>tibi,</strong></span> <span class='ocrx_word' id='word_1_701' title='bbox 2799 5324 2940 5379; x_wconf 90' lang='lat' dir='ltr'><strong>quas</strong></span> <span class='ocrx_word' id='word_1_702' title='bbox 2979 5312 3187 5378; x_wconf 88' lang='lat' dir='ltr'><strong>grates,</strong></span> <span class='ocrx_word' id='word_1_703' title='bbox 3215 5323 3342 5377; x_wconf 83' lang='lat' dir='ltr'><strong>quoe</strong></span> <span class='ocrx_word' id='word_1_704' title='bbox 3393 5306 3666 5374; x_wconf 89' lang='lat' dir='ltr'><strong>carmina,</strong></span> <span class='ocrx_word' id='word_1_705' title='bbox 3697 5308 3870 5362; x_wconf 88' lang='lat' dir='ltr'><strong>David</strong></span> 
     </span>
    </p>
   </div>
   <div class='ocr_carea' id='block_1_112' title="bbox 2308 5399 3799 5475">
    <p class='ocr_par' dir='ltr' id='par_1_112' title="bbox 2308 5399 3799 5475">
     <span class='ocr_line' id='line_1_112' title="bbox 2308 5399 3799 5475; baseline -0.003 -16"><span class='ocrx_word' id='word_1_706' title='bbox 2308 5404 2470 5469; x_wconf 93' lang='lat' dir='ltr'><strong>Quod</strong></span> <span class='ocrx_word' id='word_1_707' title='bbox 2503 5420 2609 5475; x_wconf 90' lang='lat' dir='ltr'><strong>par</strong></span> <span class='ocrx_word' id='word_1_708' title='bbox 2635 5402 2799 5456; x_wconf 91' lang='lat' dir='ltr'><strong>dulce</strong></span> <span class='ocrx_word' id='word_1_709' title='bbox 2827 5401 3034 5470; x_wconf 86' lang='lat' dir='ltr'><strong>melos,</strong></span> <span class='ocrx_word' id='word_1_710' title='bbox 3064 5417 3187 5468; x_wconf 86' lang='lat' dir='ltr'><strong>vox,</strong></span> <span class='ocrx_word' id='word_1_711' title='bbox 3212 5401 3347 5471; x_wconf 69' lang='lat' dir='ltr'><strong>lyrae</strong></span> <span class='ocrx_word' id='word_1_712' title='bbox 3375 5399 3591 5454; x_wconf 89' lang='lat' dir='ltr'><strong>chorda</strong></span> <span class='ocrx_word' id='word_1_713' title='bbox 3611 5404 3799 5455; x_wconf 88' lang='lat' dir='ltr'><strong>canet.</strong></span> 
     </span>
    </p>
   </div>
   <div class='ocr_carea' id='block_1_113' title="bbox 2238 5493 3802 5570">
    <p class='ocr_par' dir='ltr' id='par_1_113' title="bbox 2238 5493 3802 5570">
     <span class='ocr_line' id='line_1_113' title="bbox 2238 5493 3802 5570; baseline -0.003 -16"><span class='ocrx_word' id='word_1_714' title='bbox 2238 5503 2345 5557; x_wconf 76' lang='lat' dir='ltr'><strong>Nos</strong></span> <span class='ocrx_word' id='word_1_715' title='bbox 2375 5497 2659 5570; x_wconf 89' lang='lat' dir='ltr'><strong>siquidem</strong></span> <span class='ocrx_word' id='word_1_716' title='bbox 2687 5495 2959 5566; x_wconf 87' lang='lat' dir='ltr'><strong>psalmos,</strong></span> <span class='ocrx_word' id='word_1_717' title='bbox 2983 5495 3180 5548; x_wconf 91' lang='lat' dir='ltr'><strong>missas</strong></span> <span class='ocrx_word' id='word_1_718' title='bbox 3209 5493 3448 5564; x_wconf 89' lang='lat' dir='ltr'><strong>speciale</strong></span> <span class='ocrx_word' id='word_1_719' title='bbox 3476 5509 3802 5565; x_wconf 89' lang='lat' dir='ltr'><strong>precamur,</strong></span> 
     </span>
    </p>
   </div>
   <div class='ocr_carea' id='block_1_114' title="bbox 2309 5588 3515 5662">
    <p class='ocr_par' dir='ltr' id='par_1_114' title="bbox 2309 5588 3515 5662">
     <span class='ocr_line' id='line_1_114' title="bbox 2309 5588 3515 5662; baseline -0.006 -14"><span class='ocrx_word' id='word_1_720' title='bbox 2309 5592 2613 5648; x_wconf 89' lang='lat' dir='ltr'><strong>Psallemus</strong></span> <span class='ocrx_word' id='word_1_721' title='bbox 2654 5605 2762 5662; x_wconf 89' lang='lat' dir='ltr'><strong>pro</strong></span> <span class='ocrx_word' id='word_1_722' title='bbox 2792 5595 2867 5659; x_wconf 91' lang='lat' dir='ltr'><strong>te,</strong></span> <span class='ocrx_word' id='word_1_723' title='bbox 2897 5589 3162 5660; x_wconf 92' lang='lat' dir='ltr'><strong>conjuge,</strong></span> <span class='ocrx_word' id='word_1_724' title='bbox 3191 5588 3373 5658; x_wconf 86' lang='lat' dir='ltr'><strong>prole,</strong></span> <span class='ocrx_word' id='word_1_725' title='bbox 3407 5589 3515 5658; x_wconf 88' lang='lat' dir='ltr'><strong>pie.</strong></span> 
     </span>
    </p>
   </div>
   <div class='ocr_carea' id='block_1_115' title="bbox 2240 5681 3556 5755">
    <p class='ocr_par' dir='ltr' id='par_1_115' title="bbox 2240 5681 3556 5755">
     <span class='ocr_line' id='line_1_115' title="bbox 2240 5681 3556 5755; baseline -0.006 -13"><span class='ocrx_word' id='word_1_726' title='bbox 2240 5688 2330 5743; x_wconf 89' lang='lat' dir='ltr'><strong>Sic</strong></span> <span class='ocrx_word' id='word_1_727' title='bbox 2357 5685 2533 5740; x_wconf 88' lang='lat' dir='ltr'><strong>nostri</strong></span> <span class='ocrx_word' id='word_1_728' title='bbox 2563 5699 2694 5739; x_wconf 91' lang='lat' dir='ltr'><strong>vere</strong></span> <span class='ocrx_word' id='word_1_729' title='bbox 2734 5687 2864 5755; x_wconf 91' lang='lat' dir='ltr'><strong>post</strong></span> <span class='ocrx_word' id='word_1_730' title='bbox 2895 5699 2999 5737; x_wconf 91' lang='lat' dir='ltr'><strong>nos</strong></span> <span class='ocrx_word' id='word_1_731' title='bbox 3029 5681 3352 5754; x_wconf 88' lang='lat' dir='ltr'><strong>quicunque</strong></span> <span class='ocrx_word' id='word_1_732' title='bbox 3380 5681 3556 5736; x_wconf 88' lang='lat' dir='ltr'><strong>futuri</strong></span> 
     </span>
    </p>
   </div>
   <div class='ocr_carea' id='block_1_116' title="bbox 2311 5775 3564 5847">
    <p class='ocr_par' dir='ltr' id='par_1_116' title="bbox 2311 5775 3564 5847">
     <span class='ocr_line' id='line_1_116' title="bbox 2311 5775 3564 5847; baseline -0.005 -12"><span class='ocrx_word' id='word_1_733' title='bbox 2311 5779 2575 5835; x_wconf 80' lang='lat' dir='ltr'><strong>Assiduas</strong></span> <span class='ocrx_word' id='word_1_734' title='bbox 2601 5777 2846 5834; x_wconf 87' lang='lat' dir='ltr'><strong>fundent</strong></span> <span class='ocrx_word' id='word_1_735' title='bbox 2871 5775 3324 5847; x_wconf 87' lang='lat' dir='ltr'><strong>multiplicesque</strong></span> <span class='ocrx_word' id='word_1_736' title='bbox 3349 5790 3564 5846; x_wconf 91' lang='lat' dir='ltr'><strong>preces.</strong></span> 
     </span>
    </p>
   </div>
   <div class='ocr_carea' id='block_1_117' title="bbox 2243 5868 3727 5944">
    <p class='ocr_par' dir='ltr' id='par_1_117' title="bbox 2243 5868 3727 5944">
     <span class='ocr_line' id='line_1_117' title="bbox 2243 5868 3727 5944; baseline -0.005 -14"><span class='ocrx_word' id='word_1_737' title='bbox 2243 5874 2368 5930; x_wconf 88' lang='lat' dir='ltr'><strong>Sint</strong></span> <span class='ocrx_word' id='word_1_738' title='bbox 2392 5873 2493 5928; x_wconf 90' lang='lat' dir='ltr'><strong>tibi</strong></span> <span class='ocrx_word' id='word_1_739' title='bbox 2522 5889 2671 5944; x_wconf 90' lang='lat' dir='ltr'><strong>spes,</strong></span> <span class='ocrx_word' id='word_1_740' title='bbox 2700 5873 2902 5939; x_wconf 88' lang='lat' dir='ltr'><strong>virtus,</strong></span> <span class='ocrx_word' id='word_1_741' title='bbox 2927 5872 3144 5939; x_wconf 89' lang='lat' dir='ltr'><strong>lumen,</strong></span> <span class='ocrx_word' id='word_1_742' title='bbox 3173 5868 3421 5936; x_wconf 89' lang='lat' dir='ltr'><strong>victoria,</strong></span> <span class='ocrx_word' id='word_1_743' title='bbox 3451 5868 3727 5935; x_wconf 88' lang='lat' dir='ltr'><strong>Christus,</strong></span> 
     </span>
    </p>
   </div>
   <div class='ocr_carea' id='block_1_118' title="bbox 2313 5963 3587 6037">
    <p class='ocr_par' dir='ltr' id='par_1_118' title="bbox 2313 5963 3587 6037">
     <span class='ocr_line' id='line_1_118' title="bbox 2313 5963 3587 6037; baseline -0.003 -15"><span class='ocrx_word' id='word_1_744' title='bbox 2313 5969 2442 6037; x_wconf 86' lang='lat' dir='ltr'><strong>Pax,</strong></span> <span class='ocrx_word' id='word_1_745' title='bbox 2472 5967 2592 6021; x_wconf 90' lang='lat' dir='ltr'><strong>laus</strong></span> <span class='ocrx_word' id='word_1_746' title='bbox 2621 5965 2908 6034; x_wconf 88' lang='lat' dir='ltr'><strong>continue,</strong></span> <span class='ocrx_word' id='word_1_747' title='bbox 2940 5981 3038 6021; x_wconf 92' lang='lat' dir='ltr'><strong>rex</strong></span> <span class='ocrx_word' id='word_1_748' title='bbox 3069 5964 3215 6020; x_wconf 91' lang='lat' dir='ltr'><strong>bone</strong></span> <span class='ocrx_word' id='word_1_749' title='bbox 3242 5963 3437 6030; x_wconf 82' lang='lat' dir='ltr'><strong>David,</strong></span> <span class='ocrx_word' id='word_1_750' title='bbox 3470 5978 3587 6018; x_wconf 89' lang='lat' dir='ltr'><strong>ave.</strong></span> 
     </span>
    </p>
   </div>
  </div>
