4050 6312
421 383 556 435 1207
1633 377 1975 433 APPENDIX
2015 377 2056 430 A

2161 374 2467 429 SIECULUM
2504 374 2591 427 ΙΧ.
3659 373 3795 425 1208

704 490 826 544 Non
859 489 1074 544 crimen
1103 490 1283 544 ullum
2075 495 2128 569 Α
2225 481 2378 538 Obiit
2415 486 2609 538 autem
2656 481 2745 536 die
2792 498 2843 535 v1
2896 481 2977 535 Id.
3009 480 3197 548 Febr.,
3233 496 3383 535 anno
3424 496 3477 549 x,
3516 483 3799 551 regnante

704 584 828 638 Non
858 583 1119 654 rapinam
1147 583 1460 655 quamlibet
2157 581 2317 648 patre
2346 575 2522 648 ipsius
2546 574 2690 631 Carl.
2726 575 2799 645 gl.
2838 590 2994 646 rege.

703 677 777 732 Te
804 679 1159 748 perpetrasse
2922 680 3065 759 VL’

706 770 850 882 Eun}
877 771 1030 882 tigres
1053 771 1390 882 ω’ξίέδίωυδ
1419 788 1432 824 ³
1460 870 1467 876 ,
2157 801 2400 866 Incerti
2415 808 2623 882 poetae
2662 818 2886 882 uersus
2914 799 2993 862 de
3023 798 3252 882 ordine
3278 800 3798 878 comprovincia-

704 867 845 961 Cum
869 864 997 937 plus
1025 864 1294 961 prodesse
1460 870 1467 876 '
2165 864 2172 866 ‘
2415 864 2431 882 '
2683 880 2846 944 lium
2870 879 3268 961 pontiﬁcum.

704 959 883 1056 Quilm
908 974 1119 1013 nocere
1149 958 1415 1030 cuiquam
2234 982 2415 1056 [Apud
2448 984 2653 1039 Mabill.
2689 986 2807 1040 Vet.
2850 958 3095 1039 Ᾰηαιεοι.
3137 998 3266 1037 nov.
3300 982 3415 1050 ed.,
3444 982 3548 1037 col.
3575 982 3723 1053 346.]

778 1051 1017 1123 semper
1041 1069 1283 1135 amares-
2235 1051 2243 1056 -
2302 1051 2320 1055 _
2571 1098 2618 1149 1,
2651 1096 2906 1165 Episcopi
2926 1093 3383 1163 Saltzburgenses.

1196 1173 1268 1236 ν’
2158 1204 2311 1258 Dicta
2339 1204 2548 1258 Juvavo
2572 1202 2680 1257 fuit
2698 1202 2987 1274 quondam
3014 1201 3348 1273 metropolis
3366 1202 3492 1262 ista,

569 1275 1008 1357 Epitaphium
1040 1275 1340 1342 θίθίίανίί
1365 1276 1561 1356 Pueri
1598 1276 1768 1355 regis
2157 1300 2335 1361 Quam
2364 1297 2551 1367 primo
2573 1296 2820 1351 fundans
2850 1294 3162 1350 Hrodberto
3201 1298 3424 1350 rexerat
3446 1294 3648 1349 almus.

690 1379 873 1451 [Αραά
906 1378 1173 1434 abbatem
1207 1378 1440 1446 Lebeuﬁ
1462 1379 1557 1433 ubi
1578 1378 1791 1448 supra-1
2158 1393 2289 1445 Post
2316 1391 2467 1445 hunc
2492 1389 2683 1444 Vitalis
2707 1391 2939 1444 antistes
2965 1389 3107 1443 rexit
3138 1388 3426 1443 eamdem.

425 1491 537 1545 Hoc
564 1495 715 1547 satus
740 1491 801 1545 in
829 1490 996 1546 viridi
1021 1495 1276 1546 servatur
1299 1490 1568 1546 ﬂosculus
1594 1506 1726 1545 arvo
2157 1485 2340 1556 Ipsius
2366 1483 2505 1539 inde
2528 1483 2908 1555 Flobargisus,
2939 1483 3037 1553 qui
3068 1485 3154 1538 est
3175 1482 3351 1538 fultus
3372 1481 3626 1536 honoris.

498 1585 787 1640 Pulchrior
812 1602 885 1640 en
905 1585 1047 1641 lacte
1072 1584 1486 1655 candidiorque
1517 1584 1662 1639 nive.
2158 1580 2398 1643 Quartus
2420 1578 2705 1633 Johannes
2734 1577 2942 1642 fuerat,
2972 1576 3282 1647 sedemque
3312 1575 3587 1646 regendo.

424 1681 609 1733 Donec
632 1679 940 1750 altipotens
958 1679 1152 1734 veniat
1179 1694 1282 1750 per
1307 1679 1511 1733 saecula
1527 1678 1704 1749 judex
2159 1672 2390 1727 Advena
2414 1670 2685 1741 Virgilius
2710 1674 2965 1725 statuens
2997 1685 3171 1741 quam
3198 1669 3442 1740 plurima
3471 1668 3723 1740 quintus.

496 1772 602 1837 Qui
628 1776 805 1828 metet
832 1772 1119 1827 ostriﬂuus
1146 1772 1289 1827 falce
1318 1788 1573 1844 perenne
1599 1788 1770 1827 rosas.
2158 1766 2328 1820 Multo
2355 1766 2520 1836 plura
2549 1780 2756 1835 gerens
2777 1767 2927 1819 Arno
2952 1778 3124 1835 super
3149 1763 3339 1818 omnia
3367 1767 3577 1817 sextus.

428 1867 587 1920 Hunc
616 1869 716 1921 tua
737 1865 998 1921 Jordanis
1025 1869 1246 1921 sacrata
1276 1866 1510 1937 protulit
1536 1866 1687 1921 unda
2076 1869 2132 1939 Β
2157 1859 2446 1929 Septimus
2471 1857 2606 1913 hinc
2631 1857 2898 1913 successit
2925 1857 3195 1912 Adalram
3216 1862 3410 1928 pastor
3437 1856 3685 1928 opimus.

496 1959 806 2030 Pampinus
833 1961 914 2014 En
921 1958 1093 2031 gaddi
1119 1975 1250 2015 rore
1268 1959 1461 2015 beavit
1482 1976 1614 2015 eum
1625 2001 1637 2015 .
2158 1952 2436 2023 Tempore
2450 1967 2701 2023 namque
2714 1968 2815 2027 sup
2832 1953 3084 2006 statuens
3094 1966 3268 2022 quam
3281 1948 3527 2021 plurima
3539 1950 3796 2021 pulchre.

426 2052 621 2108 Vivida
644 2054 945 2124 purpureis
971 2052 1213 2108 vatcinia
1231 2054 1412 2108 cincta
1437 2054 1633 2109 rosetis
2160 2045 2399 2100 Octavus
2427 2045 2661 2100 veniens
2687 2045 3130 2116 Liuphrammus
3168 2043 3372 2115 praesul
3404 2043 3582 2109 ovilis,

496 2150 703 2203 Vernat
731 2152 931 2202 ventre
964 2149 1149 2202 solum
1173 2148 1357 2219 gliscit
1382 2149 1439 2203 in
1461 2163 1631 2203 omne
1661 2148 1852 2216 decus,
2160 2138 2421 2194 Οίῖὶοίιιιῐι
2452 2138 2679 2193 Ποωίηί
2706 2154 2991 2193 Γθηονθοῐιδ
3017 2137 3318 2192 formo-“ills
3345 2152 3528 2208 aeque-

426 2241 635 2297 Pallida
660 2258 762 2296 seu
791 2241 987 2296 sandix
1013 2242 1165 2296 inter
1188 2242 1430 2296 viburna
1458 2242 1725 2313 refulget,

2488 2257 2542 2310 2.
2574 2255 2980 2326 Archiepiscopi
3008 2255 3465 2324 Saltzburgenses.

498 2336 566 2389 Et
590 2334 706 2389 ruit
724 2335 1024 2389 imbriﬂuis
1049 2335 1325 2405 Cynthius
1352 2336 1499 2391 altus
1524 2335 1703 2407 aquis.

424 2429 492 2483 Et
518 2429 659 2482 rutit
678 2428 869 2483 obriza
887 2429 1167 2501 ﬂagrandi
1189 2433 1350 2485 cocta
1370 2445 1666 2495 camoenae,

498 2523 567 2577 Et
591 2521 786 2576 rutilat
814 2524 970 2577 vario
989 2523 1162 2578 Indus
1185 2524 1406 2578 honore
1433 2523 1596 2594 lapis.

427 2617 585 2671 Hunc
617 2632 778 2671 secus
809 2615 1044 2672 emicuit
1070 2617 1295 2688 gracilis
1316 2617 1556 2672 infantia
1576 2617 1712 2684 nati,

497 2711 677 2774 Quem
706 2712 872 2766 Pater
898 2710 1260 2782 omnipotens
1288 2711 1445 2767 misit
1468 2712 1539 2766 ad
1571 2715 1719 2766 astra
1742 2711 1857 2783 poli

428 2803 525 2858 Hic
557 2809 681 2860 erat
709 2805 856 2859 altus
882 2821 1060 2871 amor,
1089 2805 1299 2877 prolita
1330 2806 1390 2859 in
1415 2805 1582 2861 melle
1609 2804 1814 2876 sagitta

502 2897 775 2953 Vulniﬁco
805 2898 970 2954 fodiit
999 2899 1172 2954 corda
1191 2915 1466 2955 mucrone
1496 2898 1689 2970 patris.

430 2993 552 3046 Heu
583 2991 872 3062 genitricis
898 2993 1067 3063 hujus
1094 2992 1321 3047 violavit
1352 2992 1561 3064 gaudia
1589 2992 1726 3047 lucis

502 3085 841 3156 Decoxitque
869 3085 1001 3141 satis
1025 3089 1221 3156 pectus
1251 3086 1453 3140 adusta
1479 3102 1614 3139 suae.

431 3179 563 3233 Sola
597 3179 697 3234 sed
722 3180 853 3235 inde
879 3182 1076 3234 manet
1100 3179 1238 3234 felix
1268 3179 1478 3234 ﬁducia
1498 3180 1619 3251 spei

501 3273 662 3337 Quod
686 3273 815 3328 talis
844 3274 967 3328 coeli
997 3275 1228 3345 spiritus
1257 3277 1409 3329 astra
1435 3275 1577 3345 petit

431 3368 592 3421 Hunc
618 3368 836 3438 galeata
864 3368 1110 3439 phalanx
1153 3384 1268 3425 non
1310 3370 1482 3433 traxit
1524 3368 1597 3423 ad
1644 3384 1803 3424 arma
1835 3367 2005 3423 duelli
2046 3385 2058 3422 :

500 3462 811 3532 Perpetuus
840 3460 1004 3516 miles
1030 3465 1238 3533 regnat
1261 3462 1319 3516 in
1347 3462 1479 3517 aula
1503 3461 1621 3517 Dei.

428 3555 702 3609 Gazarum
728 3571 845 3611 non
871 3556 1062 3610 hausit
1086 3572 1242 3627 opes,
1273 3572 1392 3611 non
1417 3556 1631 3627 praedia
1660 3572 1873 3625 rerum,

499 3650 611 3703 Nec
642 3649 827 3721 rapuit
850 3649 1053 3704 mundi
1081 3655 1280 3721 captus
1306 3666 1504 3705 amore
1532 3651 1723 3722 dapes.

427 3745 734 3797 Contentus
759 3742 982 3798 cunulis
1003 3743 1207 3799 Christi
1239 3743 1591 3815 gratissimus
1620 3744 1787 3799 heros

499 3837 727 3891 Divitias
752 3838 965 3893 meruit
995 3838 1151 3893 lactis
1180 3838 1249 3892 ab
1268 3853 1436 3892 amne
1463 3837 1596 3908 poli.

430 3933 743 3986 Stemmate
766 3932 1040 4003 clarigero
1067 3931 1246 4001 regali
1273 3931 1556 4002 sanguine
1582 3938 1767 3987 cretus

497 4028 682 4079 Aurea
704 4040 822 4079 non
849 4024 1026 4079 valuit
1053 4027 1277 4094 sceptra
1302 4023 1494 4078 videre
1520 4025 1715 4094 patris.

428 4116 749 4172 Priscorum
779 4117 1019 4172 nimium
1049 4133 1250 4188 regum
1277 4116 1527 4171 devictus
1547 4133 1749 4172 amore

499 4211 859 4267 Hlutharium
889 4210 1115 4283 genitor
1136 4193 1347 4266 nomen
1378 4210 1586 4266 habere
1613 4210 1787 4266 dedit.

427 4306 498 4359 Ut
525 4305 742 4378 gemini
767 4310 1011 4378 surgunt
1037 4322 1154 4361 uno
1179 4306 1247 4361 de
1279 4305 1537 4377 germine
1565 4305 1759 4375 ﬂores,

496 4400 585 4455 Sic
606 4401 810 4471 pariles
842 4400 1088 4472 genitrix
1114 4399 1263 4454 fudit
1298 4404 1573 4471 utrosque
1598 4399 1725 4454 sinu
1760 4417 1771 4453 :

424 4495 582 4549 Alter
611 4495 669 4548 in
701 4499 834 4550 ante
860 4510 1097 4549 manens
1122 4494 1337 4548 vernali
1365 4493 1577 4564 cespite
1602 4494 1814 4564 pollet,

494 4588 649 4643 Alter
675 4589 747 4643 ad
773 4592 923 4644 astra
947 4590 1145 4643 volans
1176 4604 1353 4642 aurea
1379 4587 1542 4641 saecla
1572 4589 1745 4642 tenet.

427 4682 536 4735 lloc
574 4681 676 4736 tibi
713 4682 880 4736 chare
925 4681 1099 4735 decus
1136 4680 1370 4735 Carolus
1410 4679 1777 4750 lacrymabile
1804 4696 2055 4747 carmen,

495 4775 697 4842 Edidit,
727 4775 1052 4846 ensipotens
1080 4790 1178 4828 rex
1207 4773 1543 4845 genitorque
1570 4776 1720 4827 tuus.

425 4872 524 4923 Ast
550 4886 681 4941 ego,
709 4872 858 4935 nate,
888 4868 990 4922 tibi
1020 4867 1263 4939 genitrix
1292 4867 1493 4938 regina
1518 4867 1749 4922 remitto

496 4934 1207 5034 Hildegardameusvbasia
1227 4934 1403 5015 dulcis
1430 4977 1610 5015 amor.
2161 4936 2259 5034 ξίίο
2286 4934 2625 5034 Ηθὲίηῗηδίεξ
2656 4934 3103 5034 δθάξῗ-Ῡίῗοίίθῖω
3131 4935 3201 5034 al?
3230 4935 3372 4991 urbe

2163 2362 2260 2417 Hic
2280 2364 2456 2430 locus,
2484 2366 2549 2417 ut
2572 2362 2772 2429 fertur,
2800 2361 3019 2417 dudum
3043 2362 3255 2415 Juvavo
3283 2365 3530 2429 vocatus,

2232 2461 2468 2532 Magnus
2497 2460 2712 2515 honore
2740 2458 2867 2527 fuit,
2897 2463 2963 2514 ut
2987 2459 3159 2513 modo
3198 2459 3363 2531 signa
3393 2459 3652 2531 probant,

2161 2557 2439 2626 Tempore
2480 2570 2595 2625 quo
2642 2555 2878 2624 gentem
2916 2553 3263 2609 Hrodbertus
3303 2554 3599 2625 episcopus
3626 2554 3794 2608 istam

2234 2650 2494 2715 Rexerat,
2523 2651 2579 2703 et
2608 2640 2810 2703 struxit
2833 2647 2981 2702 sedis
3011 2646 3153 2703 ovile
3179 2662 3401 2702 sacrum
3429 2648 3521 2702 hic
3550 2666 3562 2702 :

2162 2744 2222 2796 In
2256 2758 2368 2813 qua
2394 2740 2685 2813 pontiﬁces
2707 2742 2918 2796 multos
2944 2745 3075 2812 post
3099 2739 3206 2796 rite
3236 2741 3496 2797 sedentes

2233 2838 2348 2889 Arn
2379 2835 2648 2890 successit
2669 2851 2840 2890 ovans
2864 2838 3050 2889 rector
3074 2834 3219 2888 ovile
3246 2850 3473 2906 regens.

2162 2932 2343 2994 Quem
2365 2930 2595 2987 Carolus
2617 2928 2883 3001 princeps
2908 2927 3073 2999 regni
3102 2928 3432 3000 superauxit
3456 2929 3673 2984 honore

2234 3022 2728 3091 Archisacerdotis,
2760 3020 2986 3093 dignior
3008 3024 3071 3075 ut
3086 3020 3271 3077 ﬁeret.

2166 3118 2350 3181 Quem
2373 3118 2485 3172 Leo
2514 3133 2665 3188 papa
2693 3116 2781 3171 sui
2807 3118 2956 3171 veste
2984 3115 3206 3171 vestivit
3232 3116 3487 3181 honoris,

2084 3251 2137 3324 Ο
2165 3307 2205 3324 Η
2236 3212 2301 3265 Et
2325 3209 2623 3316 privilegia
2655 3210 2794 3265 dans
2820 3226 2953 3265 mox
2979 3209 3240 3315 solidavit
3264 3225 3413 3264 eum.

2165 3307 2233 3360 Ut
2260 3304 2508 3376 regionis
2537 3320 2683 3375 apex
2708 3320 2772 3358 ac
2798 3319 3055 3359 summus
3085 3304 3388 3376 episcopus
3416 3307 3584 3373 esset,

2233 3399 2494 3471 Urbsque
2521 3399 2643 3454 haec
2668 3397 3001 3470 metropolis
3032 3405 3258 3469 tempus
3285 3398 3345 3452 in
3371 3414 3541 3456 omne
3557 3399 3725 3455 foret.

2163 3493 2300 3548 Huic
2331 3494 2599 3548 successit
2623 3493 3020 3548 Adalrammus
3045 3491 3277 3547 antestis
3301 3494 3539 3562 amatus,

2232 3588 2413 3652 Quem
2443 3603 2590 3658 papa
2620 3587 2908 3658 Eugenius
2934 3586 3182 3658 compsit
3205 3586 3421 3641 honore
3447 3587 3563 3659 pio.

2161 3683 2289 3735 Post
2316 3680 2470 3736 hunc
2500 3680 2769 3735 successit
2800 3680 3246 3752 Liuphrammus
3271 3680 3379 3737 rite
3408 3680 3691 3751 sacerdos,

2234 3775 2478 3830 Functus
2508 3774 2805 3846 apostolici
2834 3790 3076 3829 munere
3101 3774 3379 3845 Gregorii.

2165 3870 2303 3923 Nam
2329 3869 2485 3923 velut
2514 3867 2998 3923 archisacerdotes
3028 3868 3089 3922 in
3119 3868 3253 3923 sede
3286 3872 3603 3935 manentes,

2230 3961 2506 4033 Legitime
2535 3962 2716 4017 functi
2744 3961 2983 4016 numine
3002 3961 3331 4032 apostolico,

2160 4056 2411 4111 Plurima
2435 4055 2672 4110 diversis
2691 4058 3023 4109 struxerunt
3051 4059 3349 4110 stemmata
3375 4056 3565 4123 rebus,

2234 4151 2303 4204 Ut
2330 4149 2452 4205 vice
2477 4148 2716 4221 quisque
2748 4164 2847 4204 sua
2877 4148 3093 4220 optime
3119 4149 3412 4220 praevaluit
3440 4166 3451 4204 :

2163 4243 2252 4299 Sic
2278 4242 2529 4315 reliquos
2554 4258 2902 4298 successores
2933 4243 2991 4296 in
3016 4242 3149 4297 sede
3176 4241 3394 4298 futuros

2231 4336 2384 4392 Talia
2408 4340 2539 4391 vota
2565 4335 2995 4407 simul'semper
3024 4335 3233 4391 habere
3258 4335 3435 4391 decet.

2161 4429 2385 4486 Cunctis
2413 4429 2715 4502 praeteritis
2739 4429 3001 4501 patribus
3033 4429 3203 4483 simul
3234 4431 3403 4501 aWue
3427 4430 3635 4486 futuris

2232 4525 2411 4579 Donet
2439 4523 2499 4579 in
2536 4539 2663 4578 arce
2691 4523 2807 4595 poli
2837 4523 3045 4595 gaudia
3072 4540 3287 4595 magna
3316 4524 3459 4578 Deus
3494 4541 3507 4578 :

2079 4625 2136 4697 D
2161 4620 2226 4674 Et
2250 4617 2478 4673 veniam
2498 4617 2777 4672 scelerum
2807 4617 3074 4689 subjectis
3104 4622 3333 4689 praestet
3363 4633 3582 4685 eorum,

2231 4714 2297 4767 Et
2326 4711 2572 4783 gaudere
2600 4710 2770 4765 simul
2798 4710 2858 4765 in
2886 4712 3079 4783 requie
3104 4711 3340 4783 jugiter.

2587 4830 2638 4883 3.
2659 4830 2917 4899 Episcopi
2940 4830 3368 4899 Ratisponenses.

427 5057 603 5110 Senos
629 5027 691 5128 q‘:
706 5056 863 5127 prius
889 5071 1111 5111 menses
1139 5071 1311 5125 quam
1337 5056 1588 5109 volveret
1612 5071 1795 5111 annus
2158 5028 2518 5128 Quamnre’df
2541 5027 3075 5128 PriW°_WiCtel'i’us
3101 5030 3397 5128 ερίεοίξριιδ
3424 5029 3535 5084 iue-

496 5122 794 5205 Geml'm‘lla
826 5149 1063 5205 deﬂoret
1088 5122 1254 5203 Ilo—cm
1288 5149 1538 5219 repulsa.
1554 5190 1588 5204 η
2160 5126 2286 5178 Post
2310 5123 2454 5177 alius
2478 5122 2851 5195 Cauvipaldus
2884 5124 2982 5194 qui
3009 5124 3238 5178 nomine
3264 5123 3462 5179 dictus.

426 5246 534 5298 Hoc
568 5244 795 5299 niveum
825 5260 983 5299 sacra
1011 5243 1248 5315 praeliba
1276 5216 1489 5299 munus
1514 5243 1573 5297 in
1600 5259 1695 5306 ara
2160 5216 2379 5315 Ϊθτίίξη
2408 5216 2682 5315 δίξίτίθιξδ
2707 5221 2831 5272 erat
2858 5222 3115 5315 ῗὲοῖῗίυδν
3136 5217 3207 5273 ad
3230 5218 3436 5315 ἓωθηξς

491 5336 700 5392 Judicis
730 5310 1205 5407 altithroni'virgo
1235 5336 1405 5392 Maria
1434 5352 1652 5408 precon
2160 5312 2289 5408 Post
2316 5311 2469 5366 hunc
2488 5310 2614 5408 jam
2637 5310 2827 5366 fuerat
2856 5311 3193 5367 Sindbertus
3227 5312 3286 5366 in
3315 5310 3516 5365 ordine
3541 5314 3803 5408 quartus.

423 5434 465 5485 0
494 5448 592 5487 vos
617 5430 966 5487 Christicolae
994 5431 1090 5502 qui
1115 5403 1274 5486 fertis
1305 5403 1551 5486 muri—era
1575 5429 1774 5498 templi
2159 5403 2397 5502 9llin'fu5
2421 5404 2745 5502 ΑάΫῙὛίῙΨδ
2764 5406 2973 5502 fuerat?
3004 5406 3309 5502 δθᾷθπιίίυξδ
3337 5404 3619 5502 “339'de-

494 5526 797 5581 Nobiscum
823 5498 1070 5580 matrem
1099 5524 1265 5579 corde
1297 5526 1517 5595 rogate,
1551 5538 1769 5593 precor.
2160 5500 2290 5595 03F
2316 5498 2790 5595 huP°_Baturi°“5
2816 5500 3001 5595 “mult
3026 5500 3151 5595 Ph}?
3184 5499 3398 5570 Optime
3423 5498 3638 5595 sede?)-

424 5622 495 5675 ιη
513 5623 730 5692 patrem
763 5618 900 5674 solio
930 5619 1198 5690 dignetur
1225 5591 1475 5671 nomi'nis
1502 5591 1602 5671 aliti
2162 5591 2571 5648 Erchanfredus
2597 5608 2772 5647 ovans
2804 5592 3061 5664 sequitur
3096 5592 3230 5648 hinc
3255 5595 3454 5663 pastor
3485 5591 3729 5663 opimus.

495 5715 783 5768 Associare
814 5712 929 5767 suis
956 5713 1187 5767 vocibus
1213 5711 1308 5765 illa
1332 5709 1523 5765 sacris.
2606 5705 2657 5759 4.
2687 5707 2938 5777 Episcopi
2965 5708 3350 5776 Frisingenses.

499 5805 699 5860 Eadem
724 5821 891 5859 manu
918 5807 1074 5872 infra
1099 5805 1362 5874 scriptum
1389 5821 1404 5855 :
2163 5811 2514 5883 Frigisiensis
2546 5812 2701 5868 enim
2731 5813 2877 5869 sedis
2905 5813 3024 5868 hinc
3052 5814 3183 5868 aula
3206 5818 3405 5868 vocata
3432 5817 3535 5883 est,

505 5928 572 5993 (6)
604 5927 788 5982 Caroli
818 5927 1004 5997 Magni
1031 5927 1151 5981 ﬁlii.
