4050 6310
245 322 263 371 1
280 318 386 370 209

240 423 608 480 Corbiniacus
638 440 810 478 ovans
835 441 1007 495 quam
1029 424 1249 496 primus
1280 430 1503 481 rexerat
1530 427 1728 480 almus.

246 518 382 574 Inde
403 517 501 573 Dei
532 518 779 572 famulus
804 518 1178 590 Ermperhtus
1209 520 1442 574 nomine
1467 519 1631 575 sedit.

240 592 460 668 Tertius
480 611 615 666 hinc
643 612 871 683 Ioseph,
900 613 1205 683 praeclarus
1237 630 1444 685 nempe
1470 612 1767 683 magister.

241 708 429 777 Arpeo
454 710 690 777 quartus
721 710 843 761 erat
872 706 1116 761 facundo
1154 706 1366 762 famine
1394 707 1590 762 fretus.

244 798 488 863 Quintus
513 799 872 871 apostolicam
900 790 1082 854 tenuit
1111 801 1241 872 pius
1272 802 1402 855 Atto
1430 800 1779 856 cathedram

243 894 375 947 Post
399 892 553 947 hunc
581 893 733 948 Hitto
760 898 926 964 pater
952 893 1148 948 sedem
1170 894 1291 965 jam
1318 898 1541 949 rexerat
1563 893 1767 948 almus.

246 986 456 1040 Exhinc
492 987 761 1042 successit
786 987 1179 1058 Erchanperht
1205 991 1393 1058 pastor
1420 992 1659 1043 amatus.

245 1080 381 1135 Ecce
409 1080 536 1150 pius
566 1081 762 1135 sedem
790 1097 1043 1152 praesens
1062 1098 1213 1136 nunc
1241 1085 1405 1136 Anno
1436 1081 1730 1152 gubernat.

708 1206 755 1255 ὅ.
788 1204 1129 1259 Patavienses
1155 1205 1411 1273 episcopi.

242 1313 583 1368 Pattaviensi
615 1330 752 1385 ergo
794 1314 915 1369 sedi
942 1320 1027 1369 est
1053 1316 1173 1370 haec
1199 1316 1329 1370 aula
1355 1315 1557 1382 dicata,

241 1407 423 1471 Quam
453 1406 637 1463 tenuit
660 1408 845 1478 primo
870 1409 1128 1463 Vivolvus
1146 1409 1271 1479 jam
1297 1409 1417 1480 ipse
1446 1407 1729 1463 sacerdos.

242 1500 485 1555 Nomine
511 1504 638 1571 post
663 1501 827 1556 illum
851 1502 1082 1557 antistes
1107 1519 1240 1558 mox
1263 1503 1373 1557 rite
1402 1503 1623 1557 Beatus.

241 1594 460 1648 Tertius
487 1597 572 1649 est
600 1595 815 1650 etenim
844 1595 1113 1651 Sidonius
1146 1600 1348 1652 auctus
1376 1596 1618 1651 honore.

241 1687 582 1742 Anthelmus
609 1692 848 1760 quartus
872 1689 1088 1743 meritis
1119 1694 1175 1744 et
1199 1690 1471 1761 dogmate
1498 1705 1765 1759 magnus.

242 1780 381 1835 Hinc
408 1780 712 1835 Wisuricus
742 1798 913 1837 ovans
940 1782 1091 1836 sedis
1128 1783 1458 1838 conscendit
1484 1783 1766 1837 honorem

241 1874 433 1945 Nuper
459 1875 767 1930 Waldricus
789 1876 920 1930 felix
949 1876 1033 1930 vir
1057 1877 1115 1930 in
1145 1877 1345 1932 ordine
1376 1880 1589 1931 sextus.

240 1967 399 2021 Nunc
428 1968 584 2023 sedet
610 1969 842 2025 antistes
887 1986 1134 2040 magnus
1163 1970 1242 2023 ill.
1279 1971 1423 2025 sedis
1468 1971 1744 2025 honorem
1780 1972 1871 2040 (7).

704 2093 754 2143 6.
779 2093 1029 2161 Episcopi
1054 2091 1421 2146 Sabionenses.

242 2201 367 2255 Haec
392 2199 540 2256 sedis
567 2200 728 2255 vallis
752 2202 1044 2257 Noricanae
1071 2202 1220 2257 dicta
1249 2202 1493 2271 Sebana,

242 2293 587 2364 lngenuinus
613 2294 828 2349 habens
853 2295 1040 2366 primo
1066 2312 1239 2367 quam
1267 2299 1495 2351 rexerat
1523 2296 1724 2350 almus.

239 2388 472 2443 Mastulo
502 2388 785 2443 secundus
811 2389 1065 2460 seditque
1092 2389 1344 2460 regendo
1382 2389 1727 2445 cathedram.

241 2482 369 2535 Post
400 2481 564 2536 illum
590 2487 782 2554 pastor
807 2482 1046 2537 servavit
1076 2482 1219 2536 ovile
1253 2484 1515 2538 Joannes.

242 2576 450 2629 Presul
476 2575 694 2629 Alimus
720 2580 846 2630 erat
868 2575 1092 2630 meritis
1118 2576 1214 2647 qui
1238 2582 1294 2631 et
1324 2577 1590 2647 dogmate
1619 2580 1869 2648 quartus.

244 2667 487 2731 Quintus
512 2668 734 2723 honore
766 2669 925 2723 sedet
951 2669 1029 2723 ill.
1060 2669 1235 2724 fultus
1260 2670 1462 2725 eodem
1496 2670 1585 2740 (8).

382 2790 740 2860 Epitaphium
770 2792 992 2858 Virgilii
1010 2794 1243 2862 episcopi
1271 2792 1727 2861 Saltzbu—rgensis.

244 2900 339 2955 Hic
366 2904 527 2972 pater
558 2906 615 2955 et
638 2906 850 2973 pastor,
882 2902 1115 2957 humilis
1145 2903 1455 2975 doctusque
1483 2903 1763 2971 sacerdos,

239 2995 489 3066 Corpore
520 2995 781 3067 Virgilius
806 3002 1029 3067 pausat,
1063 3013 1234 3067 quem
1265 2997 1568 3052 Hibernica
1606 2998 1767 3051 tellus

242 3087 587 3160 Disponente
610 3090 724 3144 Deo
745 3093 937 3161 partes
970 3090 1173 3145 direxit
1202 3091 1260 3145 in
1292 3092 1446 3158 istas,

239 3182 463 3252 Quique
493 3182 724 3253 regebat
752 3199 920 3238 ovans
947 3184 1241 3256 praesentis
1273 3184 1523 3238 culmina
1549 3186 1697 3239 sedis

242 3275 445 3331 Ferme
476 3277 859 3347 quaterdenos
884 3278 1068 3332 charis
1096 3294 1229 3332 cum
1250 3278 1517 3332 fratribus
1545 3295 1724 3333 annos
1753 3296 1764 3332 :

238 3374 285 3422 Α
312 3370 518 3442 quibus
544 3370 640 3425 ille
667 3376 722 3425 et
759 3375 980 3427 amatus
1028 3378 1168 3442 erat,
1198 3373 1288 3443 pie
1317 3388 1457 3443 quos
1488 3377 1543 3427 et
1570 3373 1797 3427 amavit.

244 3463 481 3518 Interim
512 3467 568 3519 et
594 3465 769 3521 erexit
791 3466 1029 3536 pulchro
1054 3466 1349 3520 molimine
1378 3466 1556 3521 multa

241 3558 496 3629 Templa,
526 3558 650 3614 loco
678 3560 945 3630 quaedam
977 3576 1130 3615 nunc
1155 3577 1282 3632 quae
1313 3566 1625 3615 cernuntur
1656 3561 1716 3614 in
1744 3560 1872 3614 isto.

245 3653 480 3723 Insuper
503 3657 562 3707 et
584 3653 800 3708 miseris
824 3655 1020 3725 largus
1045 3653 1213 3708 simul
1252 3654 1516 3709 omnibus
1542 3657 1728 3725 aptus.

241 3748 349 3800 Pro
379 3763 514 3818 quo,
542 3748 781 3819 quisque
804 3748 946 3818 legis
974 3765 1187 3816 versus,
1221 3764 1382 3802 orare
1420 3753 1729 3804 memento.

314 3868 669 3938 Epitaphium
688 3872 927 3926 Arnom's
946 3872 1334 3942 archiepiscopi
1347 3871 1800 3940 Saltzburgensis.

248 3979 498 4052 Quisque
526 3981 665 4035 velis
692 3988 951 4054 cryptam
981 3983 1294 4039 subsistens
1326 4000 1513 4052 nosse,
1540 3984 1741 4054 viator,

247 4074 397 4129 Scito
420 4075 575 4144 quod
604 4075 726 4145 ipse
751 4075 894 4130 mihi
923 4078 1080 4132 vivus
1120 4080 1267 4133 hanc
1294 4080 1447 4133 Arno
1473 4079 1692 4150 peregi,

247 4168 353 4231 Qui
380 4169 599 4223 fueram
626 4173 809 4223 rector
832 4170 1126 4240 praesentis
1146 4173 1405 4242 regmine
1436 4173 1599 4240 sedis,

243 4264 320 4316 Ac
346 4262 547 4334 opibus
573 4262 788 4333 multis,
815 4264 1110 4335 multoque
1137 4266 1346 4336 potitus
1374 4267 1591 4322 honore
1621 4285 1632 4321 :

242 4357 401 4411 Nunc
436 4357 526 4412 hic
552 4358 774 4413 omissis
813 4359 1053 4426 cunctis,
1082 4376 1212 4415 mea
1250 4361 1512 4417 membra
1555 4362 1871 4433 quiescunt.

242 4452 315 4506 Te
341 4468 503 4523 rogo,
522 4469 675 4507 nunc
701 4453 1006 4508 Dominum
1032 4455 1292 4523 precibus
1312 4457 1536 4525 pulsare
1557 4461 1873 4527 memento,

1507 314 1638 371 AEVI
1676 314 1968 371 CAROLIN
1977 315 1991 367 Ι
2033 312 2352 401 ΕΑΗᾏΙΝΑ.

1897 438 1955 508 Α
1974 423 2152 478 Amisi
2179 424 2278 479 sed
2301 439 2417 477 non
2443 438 2571 478 mea
2597 438 2769 489 nunc,
2799 438 2927 493 quae
2954 427 3087 477 sunt
3113 439 3242 478 mea
3265 438 3513 490 mecum,

3469 316 3602 371 l2l0

2048 517 2245 573 Sentio
2278 534 2291 572 ε
2322 508 2425 587 pro
2456 515 2630 570 simili
2657 514 2983 571 conditione
3024 532 3213 586 geme.

1979 611 2161 666 Flecte
2183 611 2361 666 etiam
2382 609 2645 681 precibus
2664 626 2769 681 pro
2791 626 2883 665 me
2895 609 3251 681 jamjamque
3269 611 3605 679 Tonantem,

2045 709 2232 776 Atque
2259 704 2467 760 animae
2491 702 2737 772 veniam,
2770 719 2986 774 quasso,
3013 719 3247 775 precare
3274 719 3437 759 mete.

1979 798 2146 853 Dicor
2174 799 2585 865 Adalrammus,
2614 797 2836 852 fueram
2864 797 2962 869 qui
2989 800 3179 852 rector
3201 797 3362 852 ovilis

2048 892 2345 947 Praesentis
2372 890 2598 948 Domini
2627 889 2788 946 istius
2815 889 3083 945 ecclesiae.

1976 984 2192 1056 Corpus
2218 984 2590 1052 Adalrammi,
2620 984 2772 1056 quod
2799 984 3040 1055 praesule
3066 983 3261 1038 ﬂoruit
3297 983 3435 1037 urbs
3461 983 3603 1051 haec,

2049 1079 2176 1133 Haec
2201 1078 2303 1133 sub
2333 1079 2482 1133 mole
2501 1078 2678 1149 jacet,
2707 1081 2770 1132 tu
2799 1093 2953 1148 rape,
2981 1076 3224 1143 Christe,
3254 1076 3530 1132 animam.

2566 1199 2737 1254 Aliud
2763 1198 3017 1267 ejusdem.

1979 1310 2037 1365 Si
2065 1311 2191 1381 quis
2216 1326 2333 1365 non
2361 1311 2545 1365 valeas
2573 1325 2817 1381 praesens
2842 1326 2971 1364 cum
3002 1325 3135 1363 voce
3163 1309 3393 1376 referre,

2045 1403 2241 1468 Qualia
2261 1404 2386 1475 jam
2415 1404 2645 1460 fuerant
2668 1402 2948 1475 pontiﬁcis
2972 1404 3176 1458 merita
3201 1421 3213 1455 :

1977 1497 2139 1551 Solve
2164 1503 2356 1553 tamen
2384 1497 2629 1569 gemitus
2660 1513 2823 1551 more
2854 1502 3213 1569 conpunctus
3238 1497 3426 1563 amici,

2048 1590 2209 1654 Quod
2237 1590 2347 1645 cito
2375 1590 2643 1661 migravit
2668 1594 2859 1645 tantus
2887 1606 3082 1644 amore
3110 1591 3296 1656 Pater,

1976 1668 2215 1738 Nomine
2240 1684 2658 1754 Adalrammus,
2682 1682 2875 1738 sedem
2903 1684 3003 1754 qui
3030 1687 3254 1739 rexerat
3277 1684 3463 1749 istam,

2047 1773 2218 1844 Cujus
2244 1774 2303 1827 in
2331 1774 2435 1829 hac
2460 1775 2588 1827 aula
2614 1772 2876 1828 membra
2903 1773 3121 1844 sepulta
3143 1773 3356 1844 jacent.

1978 1867 2259 1922 Strenuus
2287 1868 2408 1939 ipse
2434 1866 2750 1921 ministerio
2777 1882 2950 1936 super
2980 1865 3173 1921 omnia
3212 1882 3391 1933 sacro,

2050 1962 2118 2015 Ut
2145 1960 2354 2027 decuit,
2383 1960 2573 2015 fuerat
2600 1975 2703 2031 per
2729 1960 2835 2014 tria
2871 1959 3048 2014 lustra
3072 1959 3287 2031 vigens.

1976 2052 2236 2108 Creditur
2262 2053 2392 2108 hinc
2422 2053 2674 2107 animam
2702 2052 2954 2123 gaudere
2989 2069 3092 2125 per
3116 2053 3225 2108 alta
3250 2054 3536 2125 polorum,

2047 2148 2166 2211 Quo
2192 2147 2467 2202 Dominus
2492 2146 2712 2201 meritis
2738 2146 2973 2217 praemia
3007 2146 3287 2202 retribuit.

1976 2242 2082 2295 Pro
2108 2256 2221 2312 qua
2246 2240 2343 2311 qui
2374 2240 2580 2295 recitas
2604 2256 2821 2307 versus,
2854 2240 2945 2294 dic
2974 2244 3204 2311 pectore
3229 2257 3373 2312 puro
3400 2260 3411 2296 :

2047 2335 2142 2401 Da,
2176 2335 2409 2389 Domine
2435 2335 2706 2402 clemens,
2736 2332 2869 2388 huic
2895 2334 3105 2388 anima:
3134 2334 3394 2405 requiem

1978 2428 2047 2480 Ut
2077 2443 2211 2481 cum
2237 2427 2479 2482 viviﬁcet
2507 2426 2724 2497 salpinx
2753 2426 2898 2481 hanc
2934 2426 3132 2481 ultima
3167 2443 3356 2495 carne,

2047 2523 2340 2592 lntegrum
2361 2521 2531 2575 facias
2557 2519 2770 2591 gaudia
2796 2519 2929 2595 bina
2952 2520 3084 2573 frui.

1975 2656 2328 2726 Epitaphium
2352 2657 2727 2725 Liuphrammi
2747 2655 3138 2725 archiepiscopi
3158 2654 3601 2724 Saltzburaensis.

1976 2773 2167 2827 Palma
2195 2773 2580 2840 sacerdotum,
2609 2787 2805 2826 rerum
2834 2771 3093 2825 doctrina
3117 2771 3419 2841 bonarum,

2046 2867 2304 2921 Ecclesia
2334 2866 2621 2937 princeps,
2649 2865 2803 2919 sidus
2826 2865 2887 2919 in
2916 2865 3053 2919 orbe
3076 2865 3315 2932 micans,

1974 2960 2017 3013 Ο
2043 2960 2451 3030 Liuphramme
2472 2962 2635 3031 pater
2664 2958 2923 3029 inopum,
2956 2962 3116 3014 tutor
3138 2959 3482 3014 miserorum

2047 3054 2250 3108 Omnia
2279 3057 2343 3108 tu
2368 3054 2611 3125 peragis,
2638 3052 2886 3123 jusserat
2909 3055 2974 3107 ut
2999 3053 3286 3109 Dominus.

1974 3148 2047 3200 Te
2074 3149 2299 3218 pastore
2344 3149 2513 3218 lupus
2538 3162 2779 3201 vacuum
2808 3147 3123 3201 detraxerat
3147 3148 3355 3215 alvum,

2048 3241 2313 3296 La‘trandi
2341 3241 2541 3295 sciolos
2569 3241 2852 3296 nutrieras
2875 3241 3105 3295 catulos.

1976 3336 2044 3387 Et
2067 3333 2202 3406 quia
2231 3337 2435 3389 cuncta
2457 3334 2687 3404 placent
2711 3334 2933 3388 Christo
2965 3338 3061 3388 tua
3092 3339 3249 3404 gesta
3274 3351 3498 3405 sereno,

2048 3428 2288 3483 Ventilat
2310 3443 2381 3482 en
2413 3427 2626 3494 sordes,
2658 3431 2720 3482 ut
2745 3443 2879 3482 suus
2911 3444 3031 3482 esse
3055 3444 3248 3499 queas.

1975 3520 2220 3593 Castigat
2246 3521 2519 3588 sobolem,
2551 3520 2756 3591 recipit
2793 3537 2968 3592 quam
2999 3526 3186 3576 rector
3210 3522 3267 3576 in
3299 3522 3512 3591 aulam,

2046 3614 2293 3670 Pulveris
2316 3618 2382 3668 ut
2410 3614 2661 3669 maculas
2700 3613 2964 3669 discutiat
2992 3615 3248 3685 pedibus.

1975 3712 2188 3780 Corpus
2213 3708 2386 3763 inane
2415 3708 2583 3776 cadit,
2619 3707 2822 3763 melior
2852 3724 2981 3778 pars
3008 3708 3139 3764 inde
3164 3710 3413 3781 resurgit
3448 3728 3459 3765 :

2046 3802 2204 3857 Nunc
2233 3805 2446 3857 {eterna
2469 3802 2686 3873 vigent,
2721 3805 2779 3855 et
2804 3803 3083 3856 moritura
3108 3808 3312 3859 ruunt»

1978 3896 2221 3967 Spiritus
2250 3896 2550 3964 exhilarat,
2581 3895 2850 3950 vitiorum
2879 3912 3075 3967 pugna
3100 3897 3334 3952 recedit.

2046 3992 2167 4045 Non
2197 3990 2377 4046 virtus
2406 3989 2614 4045 animae
2650 3988 2980 4062 perficietur
3010 3991 3106 4044 ita.

1977 4085 2197 4140 Gaudia
2226 4085 2304 4141 sic
2332 4085 2508 4139 etiam
2533 4083 2785 4151 rutilant,
2819 4088 3051 4156 peccata
3076 4086 3364 4157 peribunt.

2047 4179 2243 4235 Tristia
2274 4178 2572 4249 despicias,
2606 4195 2876 4249 prospera
2903 4179 3018 4233 fata
3048 4179 3270 4234 videns.

1977 4274 2019 4327 Ο
2048 4288 2221 4344 quam
2248 4272 2410 4326 dulce
2440 4272 2537 4326 ﬁet
2562 4288 2827 4342 regnum,
2858 4272 3009 4343 quod
3039 4277 3257 4327 constat
3296 4274 3353 4328 in
3390 4277 3606 4331 aevum!

2047 4366 2207 4430 Quod
2235 4365 2353 4421 sine
2379 4368 2537 4437 peste
2562 4368 2758 4419 manet
2782 4370 2838 4419 et
2865 4365 3014 4419 bona
3052 4369 3253 4421 cuncta
3277 4369 3458 4423 tenet!

1979 4463 2037 4516 ln
2063 4476 2177 4533 quo
2195 4459 2473 4515 nobilium
2502 4462 2707 4514 turmw
2737 4458 3005 4513 laetantur
3029 4475 3291 4529 avorum,

242 4546 313 4601 Ut
344 4545 483 4601 mihi
511 4546 610 4601 det
635 4548 860 4605 veniam
888 4548 1166 4603 scelerum
1207 4565 1564 4621 quaecunque
1606 4552 1824 4621 patravi
1858 4568 1869 4605 :
1894 4567 1952 4639 D
2044 4557 2113 4610 Et
2140 4554 2378 4626 cupiunt
2403 4552 2647 4625 patriam
2675 4569 2779 4607 nos
2816 4552 3068 4607 retinere
3103 4570 3280 4609 suam.

242 4640 529 4703 Quatenus
556 4645 828 4697 aeternam
862 4657 1088 4696 merear
1113 4641 1367 4696 habitare
1393 4643 1673 4714 quietem.

245 4770 604 4841 Epitaphium
630 4770 976 4825 Adalrammi
1004 4769 1392 4839 archiepisoopi
1424 4771 1875 4840 Saltzburgensis.

251 4888 388 4942 Sum
412 4887 468 4959 [ι.
485 4888 586 4957 Τιι]
605 4886 757 4959 quod
774 4903 832 4942 es
846 4887 967 4958 ipse
988 4886 1091 4955 fui,
1106 4890 1167 4940 tu
1184 4902 1335 4941 nunc
1354 4887 1875 4958 perpende,viator,

322 4983 696 5038 Communem
724 4985 779 5037 et
809 4997 1037 5037 mecum
1065 4980 1493 5036 commiseresce
1512 4980 1689 5036 vicem
1721 4999 1732 5034 :

252 5077 408 5131 Nunc
434 5076 590 5145 vivis,
620 5076 822 5147 spiras,
844 5081 901 5131 et
923 5076 1047 5147 agis
1077 5077 1313 5131 fortasse
1339 5075 1491 5147 quod
1521 5078 1698 5146 optas,

322 5174 507 5241 Atque
532 5171 645 5225 tuis
670 5171 920 5226 mundus
946 5170 1137 5226 usibus
1168 5170 1287 5243 ipse
1314 5174 1484 5242 patet.

250 5265 335 5318 Ad
368 5267 564 5320 votum
590 5265 942 5342 famulantur
968 5282 1122 5339 opes,
1149 5266 1540 5338 elementaque
1577 5265 1804 5333 cedunt,

324 5362 401 5413 Ac
426 5376 621 5414 rerum
647 5360 819 5414 servit
843 5360 1111 5415 machina
1136 5360 1287 5415 trina
1311 5360 1432 5416 tibi.

255 5455 394 5509 Usus
425 5458 481 5508 et
505 5454 593 5509 his
622 5471 748 5527 ego,
781 5454 917 5509 dum
948 5471 1198 5527 praesens
1224 5456 1368 5511 mihi
1396 5456 1511 5511 vita
1537 5458 1810 5519 maneret,

327 5547 529 5603 Omnia
555 5552 613 5603 et
647 5549 768 5603 haec
795 5548 969 5604 habui
998 5551 1399 5621 suppeditante
1428 5551 1555 5605 Deo.

257 5646 327 5698 At
352 5658 481 5696 cum
508 5642 768 5698 fallacem
793 5645 1012 5699 vultum
1051 5644 1284 5700 fortuna
1308 5646 1542 5718 recepit,

331 5739 412 5792 Me
442 5753 571 5793 mea
596 5742 729 5794 tunc
754 5739 924 5794 modo
945 5737 1069 5811 jam
1100 5756 1215 5793 non
1241 5740 1504 5795 habuisse
1543 5739 1739 5811 liquet.

338 5888 403 5959 (7)
438 5886 676 5942 Urolfus.

1978 4656 2050 4706 Ac
2071 4648 2243 4705 simul
2266 4653 2323 4704 et
2352 4650 2559 4702 sanctae
2586 4649 2798 4700 matres
2834 4651 3117 4717 castaeque
3144 4626 3391 4716 sorores,

2050 4747 2319 4819 Optantes
2342 4743 2625 4815 placidam
2651 4756 2755 4794 nos
2791 4756 3047 4795 remeare
3075 4741 3250 4798 viam.

1980 4845 2214 4914 Insuper
2238 4839 2628 4910 Omnipotens,
2659 4840 2873 4890 cunctae
2909 4834 3181 4890 bonitatis
3209 4838 3393 4908 origo,

2051 4938 2160 4991 Nos
2186 4948 2492 5007 properare
2512 4931 2698 5003 jubet,
2726 4932 2783 4985 et
2811 4929 3022 5000 pietate
3041 4928 3217 5000 juvat.

1979 5030 2084 5094 Qui
2111 5034 2164 5084 te
2191 5031 2471 5101 perpetuo
2496 5041 2696 5081 sanum
2722 5023 2993 5096 perducat
3016 5023 3085 5079 ad
3114 5024 3295 5093 illum,

2052 5124 2123 5178 Ut
2145 5123 2343 5178 laudes
2367 5121 2571 5177 Christi
2599 5135 2807 5175 nomen
2843 5119 2905 5173 in
2929 5134 3056 5173 arce
3084 5119 3215 5189 poli.

2514 5246 2587 5297 De
2607 5244 2788 5298 Ariete
2814 5243 3073 5311 episcopo.

1983 5354 2191 5412 Nobilis
2216 5355 2366 5409 hanc
2395 5354 2556 5409 Aries
2584 5353 2925 5425 cognomine
2952 5353 3135 5409 dictus
3160 5354 3328 5424 avito,

2054 5449 2367 5522 Dignanter
2390 5446 2645 5502 chartam
2668 5447 2924 5518 perlegat
2952 5463 3049 5502 ore
3077 5464 3253 5503 sacro.

1985 5548 2135 5612 Jure,
2164 5545 2349 5611 Pater,
2378 5541 2479 5597 tali
2499 5540 2757 5595 vocitaris
2782 5540 3019 5595 nomine
3047 5545 3256 5609 sancte,

2055 5639 2358 5695 Caularum
2385 5634 2612 5690 Domini
2642 5632 2739 5705 qui
2766 5633 2914 5688 bene
2947 5635 3126 5705 pascis
3157 5652 3309 5690 oves.

1988 5737 2107 5789 Dux
2142 5732 2300 5787 Aries
2329 5730 2523 5802 gregis
2548 5728 2615 5782 ad
2644 5726 2839 5795 vitam,
2872 5728 2961 5781 cui
3006 5744 3178 5784 nemo
3205 5730 3431 5800 resistit,

2063 5880 2134 5952 (8)
2166 5875 2477 5934 Heinricus.
