4050 6334
305 1921 310 1925 ,
399 1869 479 1921 Tu
513 1868 592 1920 sal
623 1882 873 1937 namque
900 1869 1106 1936 potens
1133 1866 1264 1920 salis
1290 1866 1583 1939 impertire
1609 1885 1894 1940 saporem,

413 358 532 411 1211

470 464 670 516 Factus
698 461 1005 532 apostolico
1045 463 1238 531 pastor
1263 461 1420 514 cluis.

399 555 537 610 Hinc
562 555 730 610 Elim
761 556 914 609 locus
939 557 995 609 et
1023 552 1246 609 bisseno
1289 554 1449 609 fonte
1476 556 1756 611 redundat

472 651 539 704 Et
564 648 765 719 palmis
793 651 1014 718 septem
1041 647 1281 717 frugifer
1311 653 1398 703 est
1433 648 1641 704 decies.

407 743 765 814 Quapropter
793 746 1008 812 pastor,
1036 742 1268 812 praesul,
1301 744 1465 797 Pater
1487 747 1656 815 atque
1680 745 1963 813 sacerdos,

472 838 530 890 In
555 850 724 907 prece
754 851 924 906 quam
952 834 1175 903 fundes,
1205 835 1280 889 sis
1311 852 1553 904 memor,
1583 854 1701 905 oro,
1723 839 1855 894 mei.

400 930 627 986 Advena
655 929 762 984 sim
804 929 959 995 licet,
994 927 1174 996 exilis,
1204 929 1531 998 vilissimus:
1563 947 1787 1000 excors;

471 1023 766 1078 Sublestus
797 1022 995 1077 vestris
1024 1039 1150 1078 sum
1179 1026 1375 1078 tamen
1410 1024 1714 1097 obsequiis.

403 1117 539 1172 Inde
566 1133 789 1188 precor,
819 1115 866 1170 si
892 1116 1028 1188 quid
1055 1133 1308 1188 possum,
1332 1118 1605 1174 mandare
1633 1123 1950 1187 memento,

471 1211 632 1275 Quod
657 1213 926 1282 prompto
954 1209 1163 1265 faciam
1201 1215 1426 1282 pectore
1449 1213 1680 1268 servitii.

398 1305 617 1361 Certius
649 1310 715 1360 ut
744 1304 962 1371 credar,
987 1320 1187 1375 precor
1214 1305 1511 1377 indulgere
1538 1307 1721 1361 velitis

474 1401 616 1454 Usus
642 1399 699 1453 in
729 1402 952 1453 nostros
982 1401 1043 1451 ut
1069 1398 1200 1452 salis
1223 1399 1512 1469 exiguum.

406 1494 498 1550 Sal
527 1492 808 1564 siquidem
840 1493 1054 1547 terram
1083 1491 1253 1547 debet
1280 1494 1511 1548 condire
1540 1495 1769 1550 ﬁdelem

472 1587 594 1641 Fiat
623 1590 740 1640 uta
759 1585 916 1640 vobis
942 1586 999 1640 id
1038 1601 1263 1657 quoque
1289 1603 1483 1658 quaeso
1511 1588 1674 1643 mihi.

400 1683 746 1750 Corporeum
776 1679 858 1733 sal
885 1678 1165 1750 signiﬁcet
1192 1695 1312 1734 rem
1343 1697 1520 1750 quam
1569 1686 1699 1752 peto
1722 1682 1960 1752 justam,

472 1773 632 1838 Quod
670 1775 960 1843 praestare,
988 1774 1172 1839 Pater,
1203 1773 1458 1844 supplico
1497 1775 1666 1829 chare
1706 1776 1860 1830 velis.

475 1962 626 2014 Εεοω
654 1976 727 2013 ne
754 1961 960 2014 nostrae
991 1959 1103 2014 sint
1130 1958 1302 2014 nimis
1324 1960 1586 2033 insipidaa

405 2056 541 2120 Quae
573 2053 880 2124 dignanter
899 2068 1076 2123 agens
1097 2053 1157 2106 in
1186 2055 1391 2109 saecula
1415 2055 1538 2109 sine
1568 2055 1680 2110 ﬁne
1721 2057 1860 2121 ullo,

477 2151 757 2219 Perpetua
794 2147 1030 2201 antestis
1056 2148 1288 2203 obsecro
1316 2165 1454 2218 pace
1481 2150 1626 2204 vale.

1082 2256 1186 2309 HL.
1230 2256 1386 2309 REX.

411 2353 700 2408 lnmensas
728 2353 918 2421 grates
947 2350 1208 2404 volumus
1235 2349 1336 2404 tibi
1375 2349 1588 2420 dicere,
1612 2351 1806 2418 Baldo,

402 2446 563 2512 Quod
582 2451 679 2500 tua
713 2459 926 2515 magna
946 2443 1087 2498 ﬁdes
1114 2444 1192 2497 sic
1220 2442 1556 2499 inconcussa
1584 2447 1864 2513 moratur,

403 2540 706 2595 Nobiscum
738 2537 902 2593 dictis
934 2537 1173 2592 ﬁrmasti
1200 2540 1264 2591 ut
1288 2541 1545 2608 tempore
1570 2539 1772 2609 prisco.

401 2636 656 2705 Namque
681 2631 940 2688 animum
964 2633 1227 2686 nostrum
1251 2631 1345 2702 pia
1368 2632 1658 2686 lastiﬁcant
1685 2639 1782 2688 tua
1813 2633 2040 2704 scripta,

405 2730 544 2793 Quae
569 2725 734 2782 nobis
761 2742 912 2797 saepe
935 2725 1134 2792 mittis,
1167 2725 1417 2779 hortaris
1437 2731 1494 2779 et
1513 2728 1725 2797 optime
1751 2727 1935 2794 nobis,

405 2825 475 2876 Et
500 2820 758 2876 bonitate
781 2824 880 2874 tua
906 2819 1106 2890 pandis
1134 2818 1193 2872 in
1222 2835 1414 2873 amore
1451 2819 1723 2890 benigno,

407 2917 545 2980 Quae
565 2918 664 2969 tua
701 2913 780 2967 sic
815 2913 975 2968 nobis
1003 2911 1184 2966 mittit
1209 2913 1456 2967 sollertia
1490 2929 1720 2983 magna.

410 3010 571 3064 Nunc
595 3023 725 3062 vero
764 3022 946 3076 nuper
971 3006 1177 3060 misisti
1212 3007 1346 3059 talia
1389 3006 1617 3077 scripta,

408 3104 528 3157 Non
565 3100 751 3171 potuit
784 3102 967 3154 totum
1011 3103 1204 3153 noster
1234 3100 1384 3169 quod
1433 3115 1664 3154 noscere
1709 3116 1906 3155 sensus

407 3197 504 3250 Est
528 3195 660 3267 quia
681 3208 784 3265 per
808 3195 992 3248 totum
1019 3197 1350 3247 contextum
1376 3193 1434 3247 in
1463 3193 1765 3263 aenigmate
1791 3194 1972 3250 ﬁrme.

407 3289 673 3346 Conscius
700 3287 818 3358 ipse
847 3288 958 3341 tuis
990 3286 1127 3358 quid
1161 3303 1304 3358 opus
1333 3287 1628 3342 addiscere
1655 3287 1885 3342 verbis?

411 3385 523 3438 Hoc
552 3385 744 3436 tamen
777 3397 1003 3435 oramus
1031 3385 1090 3434 ut
1120 3379 1286 3434 nobis
1317 3379 1534 3450 pandas
1572 3384 1787 3451 aperte.

1017 3489 1439 3530 ADNOTATIONES.

483 3572 562 3626 Ex
608 3569 919 3642 prmmissis
966 3567 1240 3642 versibus,
1277 3584 1416 3638 quos
1459 3568 1682 3642 saaculo
1710 3568 2045 3642 1x__scriptos

409 3644 581 3698 fuisse
608 3639 858 3720 constat,
886 3639 1219 3720 corrigendi
1249 3644 1386 3720 sunt
1409 3640 1624 3720 vulgati
1671 3639 1888 3694 indices
1922 3639 2041 3711 epi-

409 3729 716 3782 scoporum
744 3709 1078 3782 metropolis
1113 3709 1580 3780 Saltzburgensis.

481 3732 504 3770 ί)
551 3731 716 3768 orum
744 3731 1078 3782 metropous
1113 3731 1580 3780 aauznurgenms.

481 3731 549 3839 [sit
573 3785 763 3856 primo
794 3783 1027 3854 quidem
1060 3799 1125 3856 ex
1152 3783 1327 3836 classe
1360 3781 1891 3856 Saltzburgensium
1921 3784 2041 3853 epi-

409 3852 708 3927 scoporum
750 3852 1116 3927 expungendi
1163 3852 1666 3927 suntAnsalogus,
1713 3852 2044 3908 Savolus’et

412 3924 593 3996 Ezius,
623 3927 720 3997 qui
747 3924 873 3997 post
899 3926 1135 3997 Vitalem
1158 3924 1625 3997 apudﬂundium
1652 3929 2040 3979 recensentur.

413 3995 794 4067 Deinde—post
820 3996 1114 4064 Virgilium
1157 3995 1437 4048 Bertricus
1479 4011 1708 4066 quoque
1741 4011 2042 4050 removen-

414 4072 536 4124 dus.

483 4138 753 4209 Secundo
769 4137 1017 4192 multum
1064 4135 1408 4209 discriminis
1436 4138 1520 4209 est
1544 4135 1683 4191 item
1707 4137 1767 4191 in
1793 4138 2046 4209 catalogo

413 4214 641 4282 vulgato
669 4208 1062 4282 episcoporum
1107 4207 1637 4282 Batisponensium,
1658 4225 1901 4280 quorum
1939 4207 2042 4264 du-

413 4279 544 4356 plex
570 4285 656 4337 est
693 4279 1054 4356 classis._Un_a
1093 4279 1493 4356 episcoporum
1545 4279 1640 4350 qui
1676 4279 1853 4351 quasi
1887 4285 2045 4336 extra

413 4352 674 4411 ordinem
728 4368 854 4406 eam
902 4352 1208 4406 Ecclesiam
1259 4356 1550 4418 rexerunt,
1596 4356 1721 4406 octo
1785 4369 2043 4420 numero,

417 4443 623 4498 nempe
656 4426 712 4479 S.
747 4425 972 4498 Lupus,
985 4423 1304 4498 Batharius,
1334 4425 1390 4498 _S_.
1442 4423 1784 4498 Rudpertus_,
1822 4425 1878 4498 S.
1912 4427 2042 4480 Em-

413 4495 890 4576 merammus,_S;
937 4495 1241 4576 Brbardus,
1289 4495 1566 4576 Albertus,
1601 4495 2044 4576 Velipholatgus,

414 4569 726 4634 Vioterbus,
756 4571 813 4620 et
860 4567 912 4621 S.
958 4565 1285 4620 Winifridus
1340 4582 1440 4620 seu
1488 4565 1824 4621 Bonifacius.
1855 4569 2047 4622 Altera

426 4606 707 4624 ηυυωυυρ
756 4606 813 4620 νυ
860 4606 912 4621 υ.
971 4606 1285 4620 ..ωημμιω
1341 4606 1440 4620 ουκ.
1488 4606 1824 4621 manus”...
1855 4606 2047 4622 mw...

414 4641 600 4697 classis
659 4609 744 4692 est
799 4637 1191 4708 episcoporum
1246 4643 1375 4707 post
1430 4637 1534 4691 hos
1594 4606 2125 4704 ordinariorum,D

412 4728 652 4785 quorum
688 4707 904 4785 primus
934 4707 1741 4785 S_.'Garibaldus__nominatur,
1776 4710 1865 4764 hic
1902 4711 2044 4764 Cau-

416 4779 671 4838 vibaldus
689 4779 1055 4835 ’Gauvibadus
1085 4794 1182 4834 seu
1210 4781 1544 4850 appellatur.

487 4855 647 4910 Nulla
673 4858 754 4906 est
785 4852 843 4906 in
888 4850 1366 4921 Frisingensibus,
1399 4851 1505 4904 nisi
1532 4867 1705 4922 penes
1745 4853 2044 4907 nominum

414 4927 737 4990 lectionem,
789 4921 1116 4994 diversitas;
1163 4926 1221 4976 at
1265 4922 1322 4974 in
1368 4923 1788 4978 Pataviensibus
1840 4941 2049 4994 magna

415 5005 516 5053 est.
554 4997 691 5050 Nam
728 5000 858 5049 ante
886 4993 1143 5048 Vivolum
1175 5010 1276 5046 seu
1310 4993 1646 5062 Vivilonem,
1674 4995 1773 5064 qui
1805 4995 1897 5048 hic
1930 4993 2044 5064 pri-

418 5087 540 5124 mus
569 5067 828 5132 habetur,
851 5068 1231 5118 numerantur
1256 5066 1405 5136 apud
1435 5065 1724 5119 Hundium
1745 5065 2046 5120 duodecim

418 5139 694 5211 episcopi,
713 5142 770 5191 et
798 5139 934 5211 post
953 5136 1191 5211 Vivilum
1223 5136 1421 5211 Beatus
1436 5210 1439 5211 ν
1456 5136 1825 5211 desideratur.

490 5213 548 5265 In
576 5206 776 5263 ordine
798 5206 1246 5263 Sabionensium
1276 5207 1618 5275 antistitum,
1647 5207 1818 5278 vulgo
1859 5207 2044 5273 Seben,

415 5297 660 5357 quorum
707 5280 1118 5357 sedes__pos_tea_
1137 5279 1430 5357 Brixinum
1470 5277 1767 5357 migravit,
1795 5281 1928 5357 ante
1960 5281 2044 5333 ln-

417 5349 731 5429 genuinllm
746 5350 1057 5429 ponitur
1083 5351 1412 5429 cassianus;
1438 5355 1494 5403 et
1519 5352 1648 5429 post
1668 5349 2044 5429 lngenuiqum

420 5420 682 5482 undecim
710 5420 805 5476 alii
837 5425 965 5475 ante
1011 5423 1404 5483 Mastulonem,
1437 5420 1535 5490 qui
1578 5420 1637 5474 in
1678 5420 1764 5474 his
1795 5421 2046 5476 versibus

418 5497 696 5554 secundus
731 5497 832 5549 est.

487 5569 623 5633 Quis
644 5567 716 5621 sit
740 5565 900 5620 Aries
927 5567 1246 5636 episcopus,
1270 5563 1465 5636 ﬁctum
1487 5579 1559 5617 an
1579 5579 1780 5619 verum
1805 5581 2041 5635 nomen;

416 5641 610 5714 quisve
632 5640 822 5714 locum
850 5634 1033 5704 Elim,
1058 5636 1160 5714 ubi
1177 5635 1298 5714 ejus
1318 5634 1498 5714 sedes,
1529 5636 1693 5714 nobis
1719 5634 2041 5714 incomper-

415 5707 556 5766 fum.
587 5709 973 5778 Alienigenam
1008 5723 1066 5762 se
1111 5707 1245 5761 dicit
1291 5709 1475 5776 poeta,
1505 5712 1560 5761 et
1604 5709 1791 5762 forsan
1829 5707 2046 5777 Anglus

495 5838 563 5903 t9)
591 5837 646 5888 S.
682 5834 944 5889 Florentii
994 5832 1206 5887 Veteris
1237 5834 1657 5904 (Sqint-Florent
1703 5837 1748 5887 Ie
1799 5836 1956 5904 Vicit)
1986 5834 2042 5887 in

425 5922 570 5976 pago
603 5904 1004 5972 Andegavensi.
1039 5903 1436 5958 Monasterium
1465 5905 1782 5958 Glonnense
1812 5905 1868 5958 in
1895 5903 2046 5958 favil-

2070 3225 2124 3298 C

1611 353 1940 420 APPENDIX
1981 355 2068 410 AD
2105 355 2432 411 S/ECULUM
2475 356 2558 410 IX.

2052 476 2110 546 Α
2131 465 2273 546 erat.
2301 462 2468 546 Atqui
2497 463 2658 516 Aries
2685 463 2920 546 Anglica
2960 463 3158 544 lingua
3188 465 3466 546 Arantius,
3500 470 3762 546 vocatur.

3629 361 3764 412 1212

2136 536 2220 608 An
2255 533 2300 586 is
2326 533 2718 608 Adalrammus
2766 533 3225 608 archiepiscopus
3271 535 3765 608 Saltzburgensis‘!

2139 605 2340 658 Fateor
2366 621 2460 658 me
2504 605 2744 670 haerere,
2776 606 3021 660 maxime
3061 605 3193 660 cum
3239 605 3572 662 vocabulum
3603 605 3768 663 Elim

2140 676 2327 748 nescio
2359 692 2479 748 quo,
2498 681 2664 746 pacto
2683 675 3027 748 Saltzburgo
3055 677 3228 731 tribui
3254 679 3451 748 possit.

2210 745 2419 800 Eadem
2458 745 2638 800 ferme
2666 745 2981 802 difﬁcultas
3001 749 3069 802 de
3104 745 3347 803 Baldone
3379 750 3662 820 episcopo,
3695 750 3766 802 ad

2138 832 2311 887 quem
2341 824 2642 888 sequentes
2667 833 2876 873 versus.
2908 821 2956 872 Is
2982 819 3270 874 videretur
3293 836 3414 874 esse
3439 819 3615 874 Bard’o
3647 822 3764 874 Mo-

2140 889 2414 956 guntinus
2459 890 2663 943 saeculo
2711 905 2764 942 xI
2811 889 3066 957 antistes,
3113 891 3217 944 nisi
3261 891 3466 946 codicis
3515 893 3766 946 obstaret

2140 959 2462 1031 antiquitas,
2497 961 2746 1031 itemque
2779 961 3044 1015 Ludovici
3079 962 3226 1031 regis
3276 978 3484 1017 nomen
3511 963 3768 1016 versibus

2141 1030 2494 1101 inscriptum,
2525 1030 2679 1102 quod
2721 1031 2791 1103 de
2833 1032 3114 1087 Ludovico
3155 1030 3478 1088 Cermanim
3511 1049 3648 1103 rege
3676 1034 3765 1086 in-

2143 1106 2438 1174 terpretor.
2472 1105 2655 1173 Atque
2687 1102 2757 1156 ob
2787 1103 2932 1157 hanc
2960 1105 3240 1158 rationem
3278 1121 3393 1158 non
3437 1102 3674 1174 possunt
3704 1105 3762 1158 hi

2145 1190 2336 1246 versus
2373 1174 2672 1246 convenire
2699 1174 2956 1246 Waldoni
3006 1176 3266 1246 episcopo
3317 1174 3640 1245 Basileensi,
3669 1176 3768 1246 qui

2141 1251 2269 1300 ante
2305 1245 2570 1298 Carolum
2608 1245 2877 1314 Magnum
2905 1245 3090 1300 vivere
3139 1245 3321 1300 desiit.
3359 1246 3466 1301 Sed
3499 1247 3616 1300 haec
3648 1245 3767 1300 non

2140 1319 2272 1371 sunt
2297 1316 2435 1370 tanti
2466 1321 2526 1370 ut
2558 1316 2624 1369 iis
2653 1315 2862 1370 diutius
2890 1317 3283 1372 immoremur.

2885 1449 3014 1512 Vll.

2145 1561 2520 1641 Rhythmz'cz‘
2579 1581 2800 1624 versus
2858 1562 2936 1625 de
2995 1565 3322 1625 eversione
3391 1565 3773 1626 monasterii

2693 1642 3080 1707 Glmmensis
3111 1649 3212 1720 (9).

2150 1760 2392 1830 {Mabill.,
2427 1761 2629 1814 Annal.
2672 1762 2787 1812 0rd.
2831 1762 2885 1816 S.
3206 1764 3322 1814 tom
3398 1763 3457 1828 ll,
3499 1762 3768 1831 append,

2841 1849 2894 1899 ρ.
2964 1854 2992 1883 υ
3039 1875 3048 1884 .

2841 1849 2894 1901 ρ.
2938 1849 3048 1885 ωδ.

2497 1946 2695 1999 Dulces
2718 1944 2920 1998 modos
2951 1950 3006 1998 et
3035 1945 3286 1998 carmina

2430 2038 2644 2104 Praebe,
2684 2040 2802 2110 lyra
2829 2039 3063 2103 Triceia,

2425 2135 2718 2187 Commota
2745 2133 2871 2203 quis
2897 2135 3186 2187 cacumina

2427 2225 2696 2281 Planxere
2728 2226 3104 2298 hyperborea.

2498 2319 2708 2374 Montes
2739 2319 3024 2390 simulque
3052 2321 3286 2374 tlumina

2431 2413 2525 2467 Illa
2555 2417 2756 2483 putent
2789 2430 2940 2468 nunc
2967 2414 3201 2485 orphea,

2430 2507 2940 2579 Respondeantque
2980 2508 3250 2573 carmina,

2430 2600 2590 2654 Silvaa
2619 2605 2823 2655 canant
2847 2602 3142 2669 mellillua,

2501 2696 2692 2749 Gravis
2719 2696 2815 2749 det
2843 2712 3125 2767 organum
3154 2697 3284 2750 tuba
3317 2713 3326 2750 :

2428 2791 2552 2844 Alte
2579 2790 2812 2844 resultet
2836 2790 3022 2844 ﬁstula
3052 2807 3064 2844 :

2430 2883 2625 2938 Omnis
2651 2888 2812 2938 canat
2840 2884 3145 2939 harmonia
3177 2902 3188 2938 :

2433 2979 2535 3031 Det
2563 2976 2891 3048 philomena
2919 2980 3154 3034 cantica.

2507 3071 2654 3126 Olim
2676 3071 2862 3127 nitens
2887 3073 3215 3138 clarissima,

2432 3167 2726 3237 Terrisque
2751 3165 3140 3235 famosissima,

2435 3261 2626 3315 Sancti
2654 3261 2833 3314 Patris
2860 3261 3086 3315 basilica

2431 3354 2696 3410 Florentii
2731 3355 3036 3426 praecipua,

2503 3448 2688 3503 Sensit
2713 3449 2834 3502 fera
2861 3449 3142 3514 incendia,

2429 3545 2472 3595 A
2514 3547 2683 3613 gente
2713 3543 3101 3598 crudelissima

2435 3638 2570 3691 Vere
2614 3638 2784 3692 bruta
2819 3637 3132 3702 Britannia;

2430 3731 2644 3802 Lugete
2672 3732 2860 3785 cuncti
2888 3731 3042 3786 talia.

2503 3825 2704 3879 Omnis
2734 3825 2886 3879 enim
2918 3842 3047 3880 cum
3079 3827 3254 3880 Gallia

2434 3919 2698 3974 Florentii
2727 3919 2998 3991 suffragia

2434 4013 2773 4084 Deposceret
2797 4019 2933 4068 tunc
2965 4031 3202 4084 cernua;

2431 4108 2785 4177 Contempsit
2812 4108 2931 4162 haec
2961 4125 3099 4180 gens
3123 4109 3314 4180 impia.

2505 4201 2651 4256 Olim
2683 4203 2810 4272 pius
2839 4219 2936 4257 rex
2968 4203 3216 4268 Carolus,

2430 4299 2664 4368 Magnus
2701 4312 2764 4351 ac
2801 4297 3246 4368 potentissimus,

2435 4391 2585 4446 Fecit
2610 4392 2764 4446 hunc
2793 4393 2983 4446 locum
3012 4393 3248 4447 devotus

2433 4489 2538 4542 Pro
2566 4488 2716 4542 beati
2747 4487 3065 4544 virtutibus.

2505 4582 2688 4636 Terris
2719 4583 2866 4637 datis
2892 4583 3253 4654 fecundibus,

2434 4677 2602 4731 Auxit
2627 4677 2906 4732 honorem
2936 4677 3174 4749 largius,

2436 4771 2500 4823 Et
2529 4770 2774 4841 praebuit
2804 4775 2940 4826 tunc
2968 4773 3254 4828 vasculum

2435 4867 2620 4920 Coenae
2650 4865 2744 4919 Dei
2781 4865 3170 4937 magnificum.

2503 4961 2607 5013 Per
2632 4959 2782 5013 hunc
2808 4960 3040 5030 fugatur
3063 4962 3267 5032 SthiUS

2435 5053 2733 5108 lnﬁrmitas
2765 5055 3187 5124 languentibus,

2435 5148 2501 5201 Et
2531 5147 2741 5202 sanitas
2773 5147 3032 5203 ﬁdelibus

2431 5243 2734 5296 Praestatur
2763 5259 2828 5296 ex
2857 5241 2962 5297 hoc
2987 5245 3267 5316 protinus.

2505 5338 2636 5390 Post
2663 5337 2952 5407 imperans
2984 5339 3314 5407 Ludovicus,

2434 5431 2617 5500 Magni
2641 5431 2823 5484 Caroli
2862 5431 3028 5500 filius,

2435 5527 2621 5594 Ipsum
2653 5526 2838 5580 locum
2869 5527 3174 5599 benignius

2432 5618 2577 5673 Colit
2597 5618 2705 5690 piis
2744 5621 3061 5676 ornatibus.

2504 5713 2611 5776 Qui
2638 5713 2766 5768 ﬁliis
2794 5714 3102 5772 rebellibus

2148 5837 2228 5889 las
2251 5837 2475 5916 redegit
2495 5855 2646 5916 anno
2672 5842 2780 5916 848_
2800 5841 3144 5916 Nomenoius
3171 5843 3282 5916 dux
3312 5845 3626 5916 Britonum,
3659 5852 3777 5916 post

2149 5908 2323 5960 multa
2340 5908 2642 5964 Britannia!
2663 5928 2725 5966 ac
2750 5912 3005 5966 ﬁnitimis
3025 5915 3354 5981 regionibus
3377 5915 3582 5971 damna
3605 5908 3773 5973 illata.
