4050 6312
178 315 310 368 1213

1441 310 1562 364 :EVI
1603 310 1916 366 CAROLINI
1955 310 2266 366 CARMINA.

463 421 778 475 Concussus
810 419 936 473 altis
964 419 1228 474 ﬂuctibus

462 515 531 568 Et
563 513 852 567 Franciam
877 512 1238 568 turbantibus

461 609 726 678 Regnum
750 607 983 678 reliquit
1007 611 1288 662 mortuus.

535 711 629 765 His
649 715 896 783 quatuor
918 727 1052 765 mox
1080 710 1331 781 partibus

465 808 724 877 Regnum
751 805 857 859 sibi
889 805 1225 869 secantibus,

465 901 570 953 Per
601 899 898 953 Franciam
920 897 1307 968 jurgantibus,

467 993 684 1047 Bellum
710 991 818 1046 fuit
841 990 1146 1046 horridius.

530 1094 768 1165 Imperio
800 1093 878 1148 sic
902 1093 1134 1148 turbido

461 1189 668 1244 Crescit
692 1187 979 1242 malorum
1011 1188 1180 1242 factio
1214 1205 1226 1253 ;

462 1285 822 1354 Surgensque
848 1286 985 1336 tunc
1013 1281 1306 1349 dissensio,

450 1377 771 1432 Pcrmiscet
801 1392 1002 1430 omnes
1022 1376 1236 1445 jurgio.

535 1479 751 1534 Invadit
774 1479 916 1533 alter
939 1478 1141 1544 socios,

462 1575 736 1628 Crescunt
762 1572 896 1626 mali
922 1587 1092 1643 super
1109 1573 1307 1638 bonos,

460 1668 754 1738 Tyrannus
783 1666 970 1720 omnis
998 1665 1277 1731 infremit,

462 1763 678 1815 Dantur
705 1760 946 1814 honores
974 1759 1167 1832 impio.

534 1863 620 1918 Fit
645 1863 897 1933 plurium
929 1864 1184 1930 vastatio,

465 1957 682 2012 Sanctis
712 1956 846 2011 locis
874 1957 1175 2029 praedatio,

463 2052 688 2106 Cunctis
714 2051 877 2105 bonis
898 2050 1166 2119 turbatio,

465 2146 676 2200 Rerum
704 2144 871 2198 simul
898 2145 1180 2199 confusio.

533 2247 769 2310 Quidam
796 2245 903 2301 fuit
929 2247 1033 2301 hoc
1066 2251 1346 2318 tempore,

468 2341 812 2395 Nomenoius
843 2341 1098 2408 nomine,

464 2437 684 2505 Pauper
708 2435 865 2505 prius
892 2435 1185 2506 progenie,

464 2532 679 2598 Agrum
705 2528 928 2582 colebat
954 2544 1203 2583 vomere.

534 2631 644 2685 Sed
677 2630 930 2702 repperit
957 2630 1344 2700 largissimum

465 2725 814 2779 Thesaurum
845 2730 1009 2778 terra:
1029 2723 1345 2789 conditum,

463 2817 569 2882 Qui
596 2818 972 2888 plurimorum
995 2817 1236 2873 divitum

463 2911 653 2966 Iunxit
679 2911 783 2964 sibi
810 2910 1097 2965 solatium.

537 3013 754 3068 Dehinc
787 3029 887 3084 per
925 3018 1109 3068 artem
1139 3013 1331 3066 fallere

467 3108 758 3178 Coepitque
786 3123 919 3161 mox
959 3122 1324 3174 succrescere,

467 3203 654 3256 Donec
687 3217 858 3272 super
883 3204 1112 3255 cunctos
1141 3217 1245 3271 ope

468 3295 914 3349 Transcenderet
953 3294 1245 3364 potentim.

540 3395 630 3448 Sic
661 3409 797 3464 ergo
832 3391 1284 3446 discordantibus

469 3487 694 3542 Francis
720 3485 888 3540 simul
915 3502 1046 3541 cum
1079 3486 1328 3556 regibus,

470 3583 611 3637 Cum
639 3580 856 3635 caeteris
883 3579 1191 3634 rebellibus

471 3675 554 3730 Fit
572 3675 768 3730 Carolo
798 3673 1133 3729 contrarius.

544 3774 639 3827 Hic
663 3774 896 3828 Carolus
923 3788 1054 3826 cum
1087 3770 1354 3826 fratribus

476 3869 689 3922 Bellum
718 3867 950 3937 gerebat
977 3865 1202 3936 saepius,

472 3963 582 4016 Nec
609 3960 954 4032 praevalebat
984 3958 1266 4026 hostibus,

473 4055 660 4109 Tantis
691 4055 950 4123 repulsus
977 4053 1251 4111 cladibus.

543 4149 786 4207 Conﬁdit
814 4150 968 4203 unde
1000 4150 1228 4220 impius,

474 4246 698 4301 Prtedas
723 4243 841 4315 agit
869 4245 1234 4311 Nemenoius,

475 4338 738 4395 lnstando
761 4338 1212 4406 Redonensibus,

475 4435 769 4505 Simulque
798 4433 1291 4488 Namnetensibus.

546 4532 760 4587 Deinde
787 4530 1204 4586 Pictavensium

476 4629 648 4682 Trans
673 4625 922 4698 Ligerim
949 4624 1302 4680 manentium

476 4725 690 4794 Pagum
707 4721 853 4792 petit
873 4717 1248 4789 Medalgicum

481 4817 758 4871 Glonnam
786 4815 973 4868 locum
998 4811 1476 4886 pulcherrimum.

547 4915 818 4969 Turmam
842 4917 1006 4967 vocat
1041 4909 1452 4978 monachicam,

463 5009 820 5079 Multamque
849 5007 948 5061 dat
969 5005 1289 5077 pecuniam,

476 5103 643 5159 Jubet
663 5118 797 5157 mox
826 5116 985 5157 suam
1008 5103 1252 5156 statuam

479 5197 727 5269 Efﬁgiari
770 5195 1148 5268 splendidam,

551 5296 735 5361 Quam
764 5297 1041 5365 ponerent
1064 5295 1370 5365 pinnaculo

479 5392 566 5446 Ad
591 5390 869 5446 orientem
898 5389 1114 5458 patulo,

483 5486 726 5557 Signum
767 5482 918 5555 quod
942 5487 1107 5548 esset,
1135 5483 1400 5538 Carolum

485 5582 555 5635 Se
588 5596 701 5634 non
726 5578 929 5632 timere
963 5575 1282 5631 dominum.

557 5679 642 5734 llli
667 5678 856 5733 statim
884 5675 1004 5748 regi
1036 5691 1136 5730 suo

484 5775 610 5828 Haec
648 5771 1008 5844 pertulerunt
1034 5768 1260 5836 Carolo,

488 5868 595 5932 Qui
626 5865 857 5922 audiens
884 5862 1230 5937 superbiam,

1828 433 1883 503 A

2190 420 2417 475 Miratus
2443 423 2529 474 est
2555 420 2868 475 audaciam.

2259 524 2412 577 Tunc
2433 522 2601 594 jussit
2626 526 2688 576 ut
2713 522 3013 593 pecuniam

2189 619 2387 672 Totam
2414 617 2519 670 sibi
2540 617 2927 687 disponerent,

2191 711 2340 766 Illius
2366 710 2494 765 albo
2519 709 2708 781 lapide

2191 805 2422 876 Sculpta
2451 803 2593 858 risus
2623 802 2894 875 imagine,

2262 905 2446 970 Quam
2480 908 2759 975 ponerent
2782 905 3075 976 pinnaculi

2189 999 2275 1054 Ad
2304 999 2583 1054 orientem
2603 1000 2818 1070 patulo,

2189 1093 2427 1163 Signum
2456 1092 2604 1147 foret
2627 1093 2780 1163 quod
2823 1093 2999 1165 impio

2194 1187 2262 1241 Se
2293 1185 2722 1257 subjugandum
2752 1187 2971 1242 Carolo.

2265 1291 2444 1343 [ratus
2469 1289 2564 1344 ille
2594 1289 2818 1353 talibus,

2192 1385 2400 1437 Locum
2423 1382 2564 1454 petit
2591 1383 2838 1438 velocius
2862 1401 2874 1448 ;

2192 1476 2418 1530 Prtedas
2430 1475 2595 1547 jubet
2622 1476 2893 1532 militibus
2919 1495 2929 1530 :

2191 1569 2458 1624 Accendit
2486 1568 2682 1639 ignem
2708 1571 2989 1642 protinus.

2265 1672 2544 1726 Flammas
2569 1672 2784 1744 ubique
2810 1673 3066 1728 Britones

2191 1768 2312 1821 Mox
2340 1765 2597 1820 inferunt
2618 1765 2728 1819 iras
2753 1770 2942 1821 truces
2965 1786 2976 1822 :

2193 1861 2433 1914 Sanctus
2459 1860 2613 1914 locus
2633 1859 3002 1928 comburitur,

2194 1955 2435 2009 Tantum
2466 1953 2634 2007 decus
2662 1954 3036 2011 consumitur.

2266 2059 2383 2111 Heu
2413 2057 2536 2110 me!
2568 2055 2796 2110 dolores
2825 2058 3037 2129 patriae,

2195 2153 2315 2206 Heu
2342 2151 2468 2205 me!
2506 2151 2748 2204 honores
2777 2151 2998 2222 gloriae,

2197 2246 2381 2310 Quam
2415 2244 2569 2298 novit
2597 2243 2748 2298 orbis
2783 2245 3051 2316 pristinae,

2197 2341 2311 2394 Heu
2341 2339 2463 2392 me!
2500 2338 2686 2392 lluunt
2711 2354 2863 2393 nunc
2891 2339 3172 2412 lacrymae.

2267 2444 2422 2496 Tunc
2452 2440 2731 2496 excitatus
2756 2441 2974 2496 caelitus

2195 2539 2436 2592 Sanctus
2467 2535 2628 2589 adest
2653 2534 2989 2603 Florentius,

2195 2629 2454 2700 Respexit
2487 2628 2978 2684 inﬂammantibus

2191 2726 2399 2778 Locum
2425 2739 2590 2776 suum
2616 2722 2957 2778 Britonibus.

2267 2796 2310 2848 Ο
2332 2801 2546 2865 quanta
2568 2798 2713 2847 esset
2731 2794 2873 2847 ultio
2892 2795 2902 2848 l

2197 2889 2254 2944 Si
2281 2905 2394 2943 non
2420 2887 2567 2942 foret
2594 2887 2919 2958 permissio.

2195 2986 2493 3037 Percussus
2523 2987 2607 3036 est
2632 2982 2732 3036 sed
2763 2981 2970 3053 impius

2195 3075 2504 3132 Debilitatis
2530 3075 2791 3146 pedibus.

2271 3178 2538 3230 Precatur
2566 3175 2998 3246 indulgentiam,

2204 3270 2404 3325 Redire
2430 3273 2616 3339 posset
2643 3269 2882 3338 patriam
2906 3287 2917 3323 :

2200 3365 2474 3418 Reversus
2505 3361 2576 3416 ad
2609 3362 2960 3417 Britanniam

2199 3456 2448 3512 Nimiam
2473 3456 2570 3510 dat
2589 3456 2918 3526 pecuniam.

2271 3555 2452 3610 Abbas
2477 3557 2599 3607 erat
2622 3553 2760 3608 Dido
2792 3553 2994 3622 bonus,

2203 3650 2340 3720 Regi
2371 3647 2570 3703 Carolo
2597 3647 2910 3717 proximus,

2204 3744 2305 3798 Cui
2331 3740 2646 3796 convocatis
2674 3741 2944 3797 fratribus

2207 3839 2418 3908 Regem
2447 3835 2564 3889 adit
2589 3835 2944 3906 quantocius.

2276 3935 2520 4008 Exponit
2554 3935 2662 3988 iras
2689 3935 3010 4004 Britonum,

2199 4033 2464 4104 Magnum
2495 4030 2673 4084 scelus
2707 4030 3046 4085 crudelium.

2203 4129 2356 4181 Tunc
2382 4141 2476 4179 rex
2509 4124 2701 4178 dolens
2725 4123 2784 4177 in
2813 4128 3060 4194 pectore,

2205 4219 2419 4284 Quaerit
2444 4217 2624 4270 vicem
2651 4233 2786 4271 mox
2819 4217 3080 4272 reddere.

2272 4318 2410 4370 Hinc
2432 4315 2803 4384 Andegavam
2831 4314 3089 4384 protinus

2202 4411 2409 4466 Urbem
2437 4408 2575 4479 petit
2600 4407 2954 4462 tristissimus
2981 4427 2992 4462 :

2204 4507 2307 4559 Dat
2329 4501 2617 4556 abbatiam
2646 4502 2812 4555 loculi

2207 4598 2401 4653 Sancti
2425 4594 2658 4651 Joannis
2683 4595 2880 4651 dediti.

2281 4697 2389 4752 Sed
2420 4697 2523 4750 hoc
2554 4711 2756 4766 parum
2785 4695 2966 4750 visum
2995 4695 3120 4766 fuit,

2209 4793 2442 4863 Moxque
2473 4790 2712 4844 alteram
2735 4789 2970 4844 tradidit

2207 4885 2398 4942 Sancti
2428 4883 2693 4938 Gundulﬁ
2726 4883 2981 4948 nomine,

2207 4982 2338 5044 Quae
2364 4977 2618 5049 partibus
2640 4980 2724 5031 est
2742 4976 3012 5034 Francius.

2279 5077 2492 5148 Magnis
2523 5075 2657 5130 data
2684 5074 3022 5131 muneribus

2204 5174 2361 5232 Cima
2382 5172 2567 5226 locum
2599 5168 2661 5224 ﬁt
2681 5168 2931 5238 sedulus,

2215 5266 2476 5324 Restituit
2505 5265 2742 5328 felicius,

2212 5367 2444 5420 Decorat
2470 5363 2639 5432 atque
2670 5359 2979 5430 pulchrius.

2287 5463 2534 5520 Gaudete
2556 5459 2744 5516 cuncti
2763 5459 3043 5532 cordibus,

2212 5561 2450 5618 Cantate
2477 5555 2701 5627 magnis
2725 5554 2976 5622 vocibus,

2217 5656 2422 5711 Sancte
2455 5649 2723 5716 Florenti,
2753 5665 3093 5720 quaesumus,

2218 5749 2423 5804 Adesto
2453 5745 2612 5798 nobis
2643 5743 2874 5799 coalitus.

2289 5843 2489 5894 Amen.

3397 313 3540 367 12M
