4050 6338
467 350 601 403 1215
1687 339 2019 397 APPENDIX
2059 378 2066 395 λ

2243 337 2513 395 ECULUM
2554 338 2636 393 1Χ.
3698 334 3842 386 {QN}

1204 448 1360 513 VIII.
2120 462 2177 533 Α
2479 447 2825 500 Francorum
2857 441 2927 498 de
2954 442 3232 515 sanguine
3263 460 3275 496 ε

2484 540 2728 594 Horrent
2753 538 2961 610 campi,
2995 538 3235 592 horrent
3262 536 3436 602 silvas,

2486 634 2732 688 Horrent
2757 632 2863 703 ipsi
2894 630 3150 703 paludes.

2555 727 2800 781 Gramen
2828 724 2964 779 illud
2991 741 3085 779 ros
3105 730 3162 780 et
3180 724 3367 779 imber

2485 821 2595 875 Nec
2618 820 2912 874 humectet
2930 818 3141 889 pluvia,

2486 915 2548 967 In
2577 929 2690 985 quo
2720 913 2893 967 fortes
2919 911 3248 967 ceciderunt

486 574 715 639 Versus
746 573 824 636 de
845 572 1029 636 Bella
1059 571 1184 653 (10)
1214 588 1359 652 quae
1382 570 1515 649 fuit
1544 578 1691 633 acta
1718 569 2094 634 Fontaneto.

523 685 793 758 [gLebeuf,
824 687 1173 741 Dissertation
1199 683 1381 755 suffla
1409 684 1633 739 bataille
1655 684 1720 738 de
1747 681 2060 753 Fontenay.]

1163 812 1403 851 MONITUM
1414 837 1425 850 .

541 891 680 947 Cod.
714 892 852 962 Reg.
884 892 1024 945 4458
1063 905 1291 962 carmen
1320 888 1551 962 exhibet
1578 888 1651 962 de
1677 888 1873 962 proelio
1900 888 2102 942 Fonte-

467 963 630 1018 niaco
661 963 764 1017 sub
790 959 1025 1016 nomine
1053 960 1389 1031 Angelberti
1415 959 1736 1030 cujusdam,
1764 959 1864 1031 qui
1890 962 1957 1013 ut
1975 973 2104 1013 ocu-

468 1035 613 1088 latus
642 1034 800 1088 testis
839 1032 1112 1105 loquitur.
1142 1005 1410 1105 Versibus
1436 1005 1738 1105 trdochaicis
1767 1005 2017 1105 constat,
2046 1033 2104 1083 et
2485 1006 2684 1105 ξωΠο
2709 1005 3053 1105 άοξδξίδδίηλίᾷ

465 1110 675 1176 puncta
696 1098 960 1177 quaedam
985 1103 1197 1177 primis
1210 1102 1468 1177 versibus
1496 1102 1933 1177 superimposita
1964 1116 2097 1177 can-
2486 1101 2761 1171 Plangent
2785 1098 2907 1155 illos
2934 1099 3030 1171 qui
3061 1100 3291 1154 fuerunt

468 1172 646 1232 ticum
675 1172 965 1248 quoddam
990 1172 1140 1248 notis
1155 1173 1499 1248 distinctum
1527 1172 1782 1248 indicant
1811 1172 2098 1248 veloden.
2464 1212 2465 1215 η
2488 1193 2585 1248 mo
2611 1209 2748 1248 casu
2772 1193 3006 1248 mortui.

469 1242 712 1325 Carmen
737 1246 938 1325 damus
970 1251 1033 1325 ut
1056 1244 1350 1325 legitur‘in
1380 1244 1774 1325 manuscripto
1797 1244 1985 1325 codice
2004 1242 2103 1314 qui

469 1318 674 1373 saeculo
706 1317 929 1373 circiter
956 1286 1178 1372 decirdo
1198 1316 1424 1370 videtur
1447 1286 1832 1371 ascribeddus.
1858 1315 1937 1385 De
1962 1286 2102 1385 ρῗω-
2499 1380 2521 1385 Α
2557 1288 2668 1385 ΗΟῩ
2692 1288 2885 1385 fuit“?
2905 1286 3093 1385 $99!“?
3112 1290 3407 1385 Pémcmm

472 1389 549 1444 lio
577 1389 647 1444 ad
677 1389 1084 1444 Fonteniacum
1111 1387 1238 1441 vide
1276 1386 1657 1443 narrationem
1682 1379 2100 1453 Nithardi,'Pa-
2489 1380 2651 1444 Quod
2678 1380 2946 1452 descripsi
2971 1379 3269 1451 rhytmice,

473 1459 732 1531 trologiae
757 1465 911 1516 tomo
945 1460 1116 1515 CXVI.

2487 1474 2862 1546 Angelbertus
2889 1490 2996 1545 ego
3025 1473 3161 1543 vidi,

825 1573 1049 1626 Aurora
1074 1586 1205 1626 cum
1234 1570 1423 1641 primo
1448 1586 1621 1625 mane
2488 1570 2867 1639 Pugnansque
2894 1584 3024 1622 cum
3050 1567 3174 1621 aliis

756 1667 981 1721 Tetram
1007 1668 1234 1720 noctem
1261 1663 1537 1731 dividens,
2491 1662 2656 1717 Solus
2685 1661 2755 1718 de
2782 1661 2974 1717 multis
3001 1677 3235 1716 remans

760 1758 1071 1814 Sabbatum
1094 1774 1212 1813 non
1237 1757 1377 1812 illud
1403 1756 1532 1823 fuit,
2491 1755 2683 1810 Prima
2710 1755 2882 1810 fontis
2902 1755 3043 1810 acie.

761 1853 868 1908 Sed
898 1851 1124 1907 Saturni
1151 1850 1368 1906 dolium
1399 1868 1411 1904 :
2129 1837 2185 1907 Β
2564 1851 2685 1904 Ima
2708 1849 2867 1904 vallis
2893 1849 3212 1920 retrospexi

759 1948 835 2001 De
866 1946 1117 2002 fraterna
1144 1948 1313 2016 rupta
1343 1960 1501 2016 pace.
2491 1943 2887 2015 Verticemque
2911 1943 3105 2014 jugeri

758 2039 980 2095 Gaudet
1005 2038 1234 2093 daemon
1272 2038 1504 2109 impius.
2493 2037 2597 2092 Ubi
2631 2053 2761 2092 suos
2786 2036 3045 2092 inimicos

834 2134 984 2187 Bella
1009 2133 1263 2188 clamant
1288 2132 1422 2187 hinc
1450 2136 1504 2185 et
1529 2130 1686 2199 inde,
2490 2131 2606 2186 Rex
2625 2130 2785 2184 fortis
2806 2130 3135 2203 Hlotharius

758 2230 955 2298 Pugna
982 2227 1170 2298 gravis
1197 2225 1413 2281 oritur:
2494 2224 2869 2295 Expugnabat
2894 2223 3177 2294 fugientes

762 2322 958 2375 Frater
982 2319 1143 2374 fratri
1168 2324 1418 2375 mortem
1446 2323 1624 2389 parat,
2495 2320 2680 2389 Usque
2708 2318 2901 2373 forum
2926 2316 3111 2371 rivuli.

763 2415 965 2485 Nepoti
997 2415 1326 2481 avunculus,
2568 2411 2758 2466 Karoli
2790 2411 2860 2466 de
2880 2414 3043 2481 parte
3073 2426 3203 2463 vero

762 2508 934 2563 Filius
959 2525 1061 2563 nec
1087 2508 1235 2579 patri
1261 2523 1362 2562 suo
2500 2505 2789 2560 Hludovici
2819 2504 3031 2576 pariter

768 2601 1009 2657 Exhibet
1027 2601 1184 2673 quod
1209 2601 1439 2656 meruit.
2278 2633 2282 2637 ς
2494 2598 2874 2655 Albescebant
2896 2597 3084 2667 campi
3114 2599 3298 2649 vestes

836 2695 1029 2751 Caedes
1060 2696 1220 2749 nulla
1243 2695 1409 2766 pejor
1440 2693 1547 2747 fuit
2496 2695 2841 2749 Mortuorum
2867 2692 3063 2755 lineas,

763 2792 976 2860 Campo
1004 2805 1105 2843 nec
1136 2788 1195 2842 in
1219 2788 1437 2856 Martio,
2496 2787 2661 2843 Velut
2684 2787 2870 2842 solent
2894 2787 2954 2840 in
2979 2789 3255 2840 autumno

766 2884 929 2937 Facta
955 2885 1041 2936 est
1067 2883 1155 2935 lex
1181 2880 1632 2937 Christianorum
2496 2881 2795 2936 Albescere
2825 2879 3043 2935 avibus.

765 2976 1055 3047 Sanguine
1080 2961 1375 3046 proluvi...
2568 2974 2756 3029 Laude
2786 2989 2983 3045 pugna
3005 2989 3120 3028 non
3150 2973 3236 3026 est
3261 2969 3453 3040 digna,

766 3072 922 3125 Unde
951 3086 1157 3125 manus
1176 3069 1530 3125 infernorum
2341 3103 2349 3110 -
2498 3070 2607 3124 Nec
2628 3072 2866 3124 canatur
2892 3067 3121 3123 melode
3150 3085 3162 3120 :

765 3164 987 3221 Gaudet
1008 3163 1140 3235 gula
1164 3163 1415 3219 Cerberi.
2139 3209 2187 3235 η
2499 3162 2721 3233 Oriens,
2743 3159 3101 3230 Meridianus,

838 3209 1078 3314 Dexte:a
1104 3259 1428 3329 praepotens
1450 3257 1549 3312 Dei
2137 3209 2191 3282 Ο
2501 3209 2775 3312 Occidens
2797 3256 2881 3311 vel
2901 3209 3099 3326 Aquilo

768 3353 1017 3409 Protexit
1041 3352 1395 3407 Hlotharium
1420 3370 1431 3417 ;
2500 3350 2782 3421 Plangent
2804 3347 2927 3404 illos
2958 3347 3055 3419 qui
3088 3346 3320 3402 fuerunt

769 3449 953 3503 Victor
977 3446 1071 3503 ille
1097 3462 1271 3501 manu
1298 3462 1397 3501 sua
1841 3471 1872 3495 ο
2501 3443 2616 3499 lllic
2641 3459 2771 3498 casu
2802 3440 3036 3496 mortui.

769 3541 1162 3615 Pugnavitque
1185 3540 1408 3595 fortiter
1426 3558 1442 3609 ;
2570 3535 2860 3592 Maledicta
2889 3534 3007 3591 dies
3038 3534 3153 3603 illa,

767 3636 986 3705 Ceteri,
1016 3634 1064 3689 si
1090 3634 1167 3689 sic
1192 3637 1565 3706 pugnassent,
2500 3633 2611 3686 Nec
2635 3631 2695 3685 in
2717 3628 2854 3685 anni
2883 3628 3107 3684 circulis

767 3733 890 3787 Mox
916 3731 1064 3785 foret
1088 3727 1406 3783 concordia.
2501 3726 2863 3792 Numeretur,
2898 3722 2991 3778 sed
3022 3722 3250 3777 radatur

841 3826 978 3879 Ecce
1009 3822 1148 3878 olim
1167 3823 1321 3878 velut
1348 3822 1513 3877 Judas
2501 3819 2582 3874 Ab
2612 3818 2768 3873 omni
2811 3817 3131 3884 memoria;

772 3918 1118 3974 Salvatorem
1150 3915 1403 3983 tradidit,
2501 3912 2674 3968 Jubar
2699 3912 2830 3967 solis
2853 3912 2933 3967 illi
2955 3910 3117 3979 desit,

770 4012 860 4067 Sic
890 4015 967 4077 te,
998 4025 1120 4076 rex,
1148 4009 1345 4079 tuique
1377 4008 1548 4064 duces
2503 4009 2722 4060 Aurora
2745 4004 3100 4076 crepusculo.

775 4103 1152 4160 Tradiderunt
1182 4101 1370 4172 gladio
1394 4119 1406 4166 ;
2572 4097 2927 4170 Noxque'illa
2951 4114 3068 4152 nox
3096 4112 3286 4152 amara

770 4201 900 4255 Esto
932 4201 1128 4252 cautus
1155 4212 1228 4251 ne
1253 4195 1536 4251 frauderis
2502 4193 2733 4265 Noxque
2761 4194 2906 4248 dura
2937 4192 3198 4260 nimium,

774 4300 966 4366 Agnus
992 4293 1127 4363 lupo
1156 4290 1390 4362 praevio.
2505 4291 2563 4342 In
2594 4304 2707 4359 qua
2730 4287 2904 4343 fortes
2933 4285 3260 4342 ceciderunt

844 4389 1159 4442 Fontaneto
1183 4384 1376 4441 font...
1415 4385 1521 4456 (ll)
1557 4386 1772 4453 dicunt,
2503 4381 2700 4437 Praalio
2725 4381 3057 4447 doctissimi,

773 4483 967 4537 Villam
996 4496 1223 4552 quoque
1252 4479 1465 4547 rustici,
2504 4477 2686 4544 Pater,
2711 4478 2916 4542 mater,
2945 4490 3129 4544 soror,
3158 4474 3350 4540 frater,

761 4579 821 4633 In
850 4592 961 4648 qua
986 4578 1205 4645 strages
1232 4583 1289 4629 et
1314 4573 1490 4627 ruinze
2502 4572 2651 4634 Quos
2668 4570 2837 4625 amici
2861 4568 3152 4624 ﬂeverant.

2122 4660 2220 4725 1X.

571 4775 842 4827 Ἐπινίκιον
875 4782 987 4827 seu
1027 4760 1396 4843 Bhythmus
1442 4760 1845 4839 Teutonicas,
1880 4762 2228 4838 Ludovico,
2262 4759 2457 4843 Balbi
2476 4760 2636 4843 ﬁlio,
2681 4758 3108 4843 declamans,
3141 4775 3289 4843 eum
3332 4755 3775 4822 Nortmannos

1144 4838 1317 4904 anno
1347 4846 1465 4906 883
1494 4843 1770 4921 vicisset,
1803 4838 1953 4906 cum
1981 4843 2274 4905 versione
2302 4838 2544 4905 Latina
2566 4840 2840 4903 Joannis
2870 4838 3199 4904 Schilteri.

1419 4940 1603 5014 [Apud
1638 4943 1843 4998 Mabill.
1875 4944 2083 4997 Annal.
2116 4945 2253 4999 tom.
2280 4942 2371 5011 lll,
2402 4942 2671 5014 append.,
2701 4958 2758 5013 p.
2790 4940 2937 5009 684.]

842 5035 1014 5087 Einen
1046 5033 1249 5100 kuning
1279 5035 1410 5087 weiz
1429 5033 1534 5095 ich,
2138 5045 2197 5116 D
2576 5033 2788 5103 Regem
2817 5032 2966 5097 novi,

770 5130 978 5183 Heisset
1005 5127 1129 5182 herr
1155 5127 1398 5197 Ludwig,
2503 5128 2739 5181 Vocatur
2778 5124 3044 5179 dominus
3070 5122 3402 5189 Ludovicus,

773 5227 875 5278 Der
900 5237 1059 5291 geme
1085 5221 1209 5275 Gott
1227 5222 1422 5284 alienat,
2502 5220 2606 5285 Qui
2633 5220 2835 5274 lubens
2865 5219 2978 5273 Deo
3009 5218 3199 5286 servit,

778 5316 915 5373 Weil
942 5331 999 5369 er
1024 5316 1160 5369 ihms
1188 5316 1384 5370 lohnet.
2501 5314 2719 5386 Quippe
2750 5312 2850 5385 qui
2875 5329 3009 5367 eum
3034 5310 3283 5384 prmmiis
3312 5309 3506 5364 afﬁcit.

833 5410 982 5464 Kind
1009 5412 1148 5463 wart
1173 5424 1231 5462 er
1256 5408 1531 5470 vatterlos,
2569 5407 2910 5464 Minorennis
2938 5406 3250 5462 orbabatur
3279 5408 3464 5476 patre,

772 5502 896 5573 Dei)"
909 5504 1086 5557 warth
1108 5503 1248 5556 ihme
1273 5503 1394 5557 sehr
1422 5502 1556 5556 boss.
2504 5504 2563 5559 ld
2591 5502 2745 5575 quod
2768 5502 2876 5573 ipsi
2904 5507 3023 5557 erat
3049 5500 3208 5555 valde
3235 5498 3489 5554 noxium.

768 5597 1113 5653 Holoda’nan
1138 5596 1385 5649 Truhtin.
2502 5596 2761 5667 Suscepit
2779 5597 2968 5668 ipsum
2985 5594 3283 5664 Dominus,

767 5694 1087 5759 Magaczogo
1112 5690 1289 5743 worth
1320 5690 1412 5745 her
1438 5693 1541 5746 sin.
2499 5694 2707 5747 Ductor
2742 5690 2913 5745 ﬁebat
2939 5689 3131 5760 ipsius.

698 5833 1118 5973 gldcfi‘lg'hujus
1145 5903 1498 5958 evanuerunt
1524 5900 1738 5956 ultimae
1770 5900 1995 5967 litterae,
2027 5899 2126 5954 sed
2152 5900 2459 5971 legendum
2491 5900 2613 5955 sine
2640 5899 2812 5956 dubio
2839 5902 3062 5969 fontem.
