4050 6312
175 372 320 427 1217

526 480 640 536 Gab
664 480 758 535 her
786 482 926 537 ihme
956 482 1178 552 Dugidi,

457 575 676 628 Froniso
701 575 972 643 githigini,

455 665 606 721 Stuel
628 666 744 721 hier
772 668 830 722 in
859 669 1133 724 Vrankon.

451 761 519 816 So
552 761 742 815 bruche
770 761 863 815 her
892 777 945 816 es
973 764 1151 833 tango.

526 866 632 917 Das
656 863 869 930 gedeild
897 879 954 918 er
978 866 1177 920 thanne

458 957 563 1011 Sar
590 959 691 1009 mit
718 958 1085 1013 Karlomanne

455 1049 664 1103 Bruder
690 1051 912 1111 sinemo,

461 1143 596 1197 Thia
617 1143 771 1197 czala
795 1147 1103 1202 wanm‘ano.

529 1245 671 1300 Odas
696 1249 875 1301 warth
903 1249 962 1303 al
992 1250 1244 1319 geendist.

458 1340 634 1393 Koron
665 1340 844 1394 wolda
870 1344 954 1395 sin
986 1342 1101 1397 God
1122 1345 1192 1399 ἐκ.

459 1431 533 1485 0b
557 1433 651 1486 her
676 1434 889 1487 ατ·ὸείἁὶ

456 1525 524 1580 So
552 1526 679 1595 (ang
707 1527 887 1581 tholon
910 1530 1099 1583 mahtz'.

528 1627 672 1682 Liess
698 1628 793 1681 der
817 1628 1029 1684 heidz‘ne
1057 1647 1219 1685 mann

457 1719 600 1775 Obar
626 1722 704 1774 sie
736 1721 909 1781 lidan.

461 1813 615 1867 Thiot
645 1815 925 1870 Vrancono

454 1907 693 1961 Mannon
715 1910 803 1963 sin
831 1910 1014 1965 diono.

524 2010 683 2066 Sume
713 2025 805 2066 sar
828 2013 1127 2072 vertorane.

461 2103 699 2157 Wurden
724 2119 842 2159 sum
867 2108 1139 2163 erkorane.

455 2198 804 2253 Haranscara
828 2200 1032 2255 tholota

462 2290 597 2344 Ther
614 2305 672 2344 er
695 2293 1042 2348 misselebeta.

531 2392 666 2446 Ther
692 2394 809 2447 ther
835 2393 1035 2451 thanne
1063 2396 1206 2452 thiob
1234 2414 1365 2457 was.

460 2484 561 2537 Ind
589 2499 646 2538 er
665 2485 908 2542 thanana
933 2490 1110 2558 ginas,

455 2577 595 2633 Nam
624 2580 740 2633 sine
768 2584 957 2635 vaston

454 2669 591 2725 Sidd
615 2673 793 2726 worth
819 2674 913 2728 her
942 2679 1215 2743 guotman.

525 2774 655 2827 Sum
682 2789 795 2828 was
824 2775 1082 2844 luginari.

454 2866 579 2920 Sum
608 2882 722 2921 was
748 2868 1011 2929 skachari,

454 2960 583 3013 Sum
609 2960 846 3026 falloses,

457 3051 557 3106 Ind
585 3066 641 3105 er
664 3053 919 3121 giburtha
946 3056 1031 3109 sz’h
1060 3057 1187 3110 thes.

525 3154 743 3222 Kuning
778 3170 891 3210 was
915 3156 1194 3212 ehruirrit.

457 3250 563 3301 Das
581 3249 719 3302 richi
744 3250 801 3302 al
828 3252 1007 3316 girrit,

464 3342 591 3395 Was
621 3341 914 3410 ehrbolgan
941 3345 1111 3407 Krist,

453 3434 587 3487 Leid
611 3434 704 3488 her
728 3434 840 3490 thes
868 3437 1137 3504 ingaldiz.

528 3536 674 3590 Thoh
703 3537 982 3594 erbarmed
1006 3555 1059 3595 es
1084 3540 1219 3603 God,

466 3631 602 3685 Wiss
629 3645 686 3684 er
712 3630 827 3685 alla
857 3633 972 3687 thia
1000 3636 1127 3696 nod,

454 3725 603 3778 Hiess
621 3723 745 3778 herr
770 3726 1123 3793 HLudwigan

461 3816 659 3870 Thurot
688 3833 781 3872 sar
807 3821 972 3872 ritan.

526 3919 781 3989 Hludwig
807 3921 1009 3991 Rum’ng
1031 3926 1143 3976 min

456 4013 621 4082 Hilph
648 4015 837 4067 minan
865 4016 1043 4078 liutz’n,

455 4106 665 4172 Hez'gun
684 4121 746 4160 sa
772 4109 1052 4164 Nordman

456 4201 627 4253 Harto
654 4199 1030 4270 biduuungan.

532 4302 749 4356 Thanne
776 4304 969 4372 sprae]:
993 4303 1269 4376 Hludwig.

458 4397 627 4451 Herro
654 4410 711 4449 so
741 4396 885 4451 duon
911 4399 984 4456 hi.

460 4492 557 4544 Dot
581 4489 640 4557 nj
669 4493 932 4545 rettemir
960 4494 1033 4554 ξι,

460 4585 534 4637 Αἰ
562 4584 681 4639 thas
706 4586 803 4639 thu
826 4586 1109 4653 gibt’udist.

531 4688 635 4741 Tho
662 4703 789 4742 nam
813 4689 907 4743 her
933 4690 1100 4747 Godes
1122 4691 1285 4745 urlub

456 4782 608 4837 Huob
642 4781 735 4835 her
761 4784 1084 4851 gundfanon
1113 4788 1196 4853 vf,

456 4877 574 4929 Reit
601 4875 695 4928 her
718 4874 879 4930 thara
908 4879 966 4932 in
996 4879 1272 4943 Vrankon,

456 4970 696 5035 Ingagan
720 4971 1110 5026 Nortmannon.

530 5066 672 5121 Gode
697 5066 1004 5123 thancodun

462 5160 567 5213 The
588 5162 674 5213 sin
701 5160 993 5217 bcidodun.

459 5253 616 5320 Quod
646 5272 662 5307 :
695 5255 807 5308 Hin
833 5256 891 5309 al
917 5258 1144 5323 fromin,

460 5347 529 5400 So
559 5347 718 5415 tango
743 5348 943 5402 beidem
973 5353 1100 5404 uuir
1126 5351 1262 5406 thin.

536 5441 756 5495 Tﬁanno
783 5443 980 5512 spraoh
1009 5444 1118 5498 luto

462 5534 718 5604 Hludwig
746 5535 843 5589 der
864 5541 1024 5603 guoto
1055 5556 1070 5590 :

467 5630 671 5683 Trostet
692 5629 787 5683 hiu
815 5628 1086 5700 gesellion,

463 5723 606 5777 Mine
630 5723 942 5786 notstallon,

532 5813 678 5867 Hera
706 5817 867 5868 santa
898 5813 1012 5869 ηιἰά
1047 5814 1181 5877 God,

466 5903 581 5961 Doh
601 5907 708 5961 mir
730 5906 873 5963 selbo
902 5909 1091 5974 genod,

512 6004 779 6068 I’A'rnon.
835 6004 1061 6072 CXXX.

1402 372 1524 433 :l'JVl
1565 370 1883 433 CAROLINI
1922 377 2238 433 CARMINA.

1828 499 1885 570 A

2261 484 2429 540 Dedit
2456 485 2507 539 ei
2536 483 2765 553 Heroes,

2190 578 2438 632 lllustres
2470 578 2725 632 comites.

2191 671 2399 727 Sedem
2428 672 2519 725 hic
2545 671 2606 725 in
2632 671 2890 726 Francia.

2191 764 2278 818 Sic
2306 767 2495 819 utatur
2514 763 2623 818 illis
2650 763 2777 818 diul

2263 867 2389 920 Haec
2418 865 2607 920 divisit
2635 869 2830 936 postea

2191 962 2335 1015 Cum
2358 958 2771 1013 Carolomanno

2194 1052 2385 1105 Fratre
2412 1068 2533 1119 suo,

2192 1144 2549 1199 Portionibus
2577 1145 2777 1200 fraude
2808 1145 3041 1217 absque.

2261 1249 2401 1301 Cum
2433 1247 2541 1301 hoc
2568 1250 2715 1302 esset
2745 1264 2916 1303 omne
2946 1246 3193 1316 ﬁnitum,

2189 1340 2448 1411 Axperiri
2474 1341 2695 1396 volebat
2723 1340 2899 1413 ipsius
2926 1343 3071 1397 Deus
3099 1342 3202 1395 hoc

2190 1436 2276 1485 An
2306 1432 2353 1486 is
2378 1432 2782 1488 tribulationes

2191 1524 2538 1597 Aliquandiu
2564 1528 2806 1582 tolerare
2837 1533 3048 1598 posset.

2262 1627 2522 1683 Permisit
2548 1629 2849 1699 gentilium
2874 1630 3113 1685 militem

2194 1721 2376 1791 Super
2401 1737 2496 1775 eos
2524 1721 2655 1776 duci
2685 1739 2698 1775 :

2190 1815 2469 1884 Populum
2496 1815 2842 1869 Francorum

2190 1906 2456 1961 Militibus
2482 1923 2682 1962 eorum
2714 1908 2942 1963 servire.

2261 2009 2370 2063 Alii
2401 2008 2590 2063 statim
2620 2009 2973 2077 defecerunt,

2193 2103 2443 2156 Fuerunt
2469 2101 2564 2156 alii
2592 2102 2795 2157 tentati
2823 2103 3165 2175 (sollicitati);

2188 2194 2580 2251 Contumelias
2610 2194 2929 2265 patiebatur

2189 2287 2520 2360 Quicunque
2547 2303 2706 2343 secus
2728 2288 2963 2345 viveret.

2264 2392 2311 2443 Is
2338 2390 2437 2461 qui
2464 2393 2585 2443 tum
2616 2390 2965 2445 latrunculus
2990 2392 3198 2460 fuerat,

2187 2485 2370 2554 Atque
2397 2482 2529 2537 hinc
2551 2482 2658 2552 (his
2680 2483 2741 2537 in
2768 2484 2969 2555 turbis)
2994 2484 3328 2555 invaluerat,

2192 2575 2497 2647 Occupavit
2524 2575 2572 2646 ej
2584 2592 2647 2629 us
2677 2575 2861 2647 (regis)
2885 2581 3068 2632 castra
3100 2596 3113 2632 :

2192 2670 2271 2723 Ex
2303 2685 2416 2740 quo
2444 2668 2626 2724 factus
2653 2668 2700 2722 is
2729 2669 2957 2724 nobilis.

2259 2770 2414 2825 Alius
2440 2776 2564 2826 erat
2591 2770 2839 2826 mendax
2870 2771 3190 2844 (falsarius),

2189 2864 2345 2919 Alius
2373 2869 2497 2919 erat
2526 2864 2781 2931 sicarius,

2190 2958 2345 3012 Alius
2377 2958 2658 3027 desertor,

2192 3053 2257 3106 Et
2283 3050 2527 3122 quilibet
2550 3051 2860 3107 extollebat
2885 3067 2942 3107 se
2968 3068 3033 3107 eo
3059 3052 3337 3124 (crimine)

2262 3155 2381 3209 Rex
2411 3158 2535 3208 erat
2563 3153 2852 3209 attonitus.

2192 3247 2455 3317 Regnum
2481 3248 2663 3300 totum
2688 3248 3045 3318 perplexum.

2192 3340 2325 3393 Erat
2355 3338 2529 3393 iratus
2557 3339 2834 3408 Christus,

2191 3431 2451 3485 Permisit
2475 3431 2621 3487 hanc
2641 3433 3028 3503 tyrannidem.

2261 3538 2331 3589 At
2358 3534 2624 3591 misertus
2649 3541 2733 3592 est
2762 3539 2913 3593 Deus
2940 3555 2953 3593 :

3406 374 3537 433 1-219

2190 3630 2545 3699 Cognoverat
2569 3646 2799 3685 omnem
2828 3631 2977 3686 hanc
3005 3631 3410 3687 calamitatem.

2189 3722 2361 3777 Jussit
2383 3723 2696 3778 Dominum
2729 3725 3129 3779 HLudovicum

2192 3818 2269 3871 Eo
2300 3815 2451 3870 illico
2480 3817 2782 3888 proﬁcisci.

2264 3918 2610 3989 HLudovice,
2640 3921 2761 3976 Rex
2785 3922 2866 3976 mi

2192 4015 2217 4069 .l
2227 4030 2329 4067 uva
2357 4030 2552 4069 meum
2581 4015 2882 4087 populum,

2194 4111 2337 4163 Eum
2376 4108 2714 4163 Nortmanni

2197 4202 2343 4256 Dure
2373 4206 2724 4271 presserunt.

2262 4302 2415 4355 Tunc
2445 4301 2588 4356 dixit
2610 4302 2926 4358 Ludovicus
2962 4321 2974 4357 :

2194 4395 2454 4461 Domine,
2488 4396 2568 4450 sic
2594 4396 2821 4463 faciam,

2191 4488 2336 4542 Mors
2365 4505 2438 4542 ne
2467 4489 2770 4560 prohibeat
2797 4490 2938 4544 mihi
2969 4491 3076 4545 hoc

2195 4582 2376 4636 Omne
2405 4582 2555 4654 quod
2582 4585 2646 4637 tu
2677 4583 2940 4639 mandas.

2257 4682 2410 4735 Tunc
2435 4680 2587 4751 cepit
2614 4681 2659 4735 is
2689 4681 2788 4737 Dei
2815 4683 3063 4752 veniam,

2193 4774 2430 4830 Sustulit
2458 4774 2728 4830 vexillum
2754 4776 3069 4843 classicum,

2194 4868 2625 4940 Expeditionem
2655 4869 2789 4924 fecit
2815 4870 2873 4924 in
2910 4871 3200 4925 Franciam

2191 4963 2472 5019 Adversus
2503 4964 2884 5018 Nortmannos
2914 4980 2926 5019 :

2264 5058 2376 5113 Deo
2404 5057 2611 5130 gratias
2632 5074 2829 5129 agens,

2193 5152 2352 5207 Hunc
2377 5155 2729 5223 exspectans,

2192 5246 2343 5303 Dixit
2367 5263 2380 5301 :
2413 5245 2674 5319 Agedum
2701 5245 2967 5313 Domine,

2196 5343 2335 5396 Tam
2364 5340 2464 5396 diu
2490 5328 2883 5412 exspectamus
2913 5341 3007 5395 Te.

2268 5437 2459 5491 Postea
2490 5434 2747 5489 elocutus
2773 5436 2920 5489 clare

2196 5529 2512 5585 Ludovicus
2541 5528 2634 5583 ille
2666 5527 2921 5598 illustris,

2195 5624 2350 5678 Bono
2381 5626 2560 5677 estote
2589 5623 2806 5691 animo,
2840 5623 3286 5693 commilitones,

2195 5715 2599 5770 Constabularii
2629 5716 2763 5770 mei.

2271 5810 2387 5863 Huc
2411 5808 2567 5862 misit
2588 5825 2680 5862 me
2710 5809 2878 5879 Deus,

2201 5902 2305 5968 Qui
2334 5905 2391 5957 et
2421 5900 2561 5955 mihi
2591 5901 2711 5973 ipse
2747 5901 3027 5973 gratiosus
3055 5902 3162 5958 sit!

3163 6012 3240 6065 39
