4050 6330
487 361 623 414 i219

774 467 850 523 0b
880 467 976 520 hiu
997 469 1087 520 rat
1118 463 1280 529 thuti,

775 560 922 615 Thaz
944 558 1003 612 ih
1029 559 1145 613 hier
1171 560 1396 627 gefurti.

839 686 958 743 Mih
983 686 1164 742 selbon
1187 689 1248 741 ni
1273 690 1502 758 sparoti,

775 782 888 835 Unz
911 779 969 834 ih
994 780 1092 834 hiu
1116 782 1363 849 ginerrti.

769 875 861 930 Nu
887 873 1003 927 vuil
1024 872 1083 926 ih
1109 874 1229 928 thas
1252 876 1363 928 miv
1399 875 1594 945 uolgon

767 966 894 1020 Alte
922 965 1089 1023 Gades
1115 966 1331 1021 holdon.

842 1096 1067 1152 G’iSRe'rit
1090 1096 1161 1150 ist
1184 1097 1305 1150 thiu
1327 1096 1593 1153 hieruuist

769 1190 837 1246 So
859 1189 1018 1257 lango
1038 1203 1101 1258 .so
1128 1190 1250 1243 uuil
1272 1191 1444 1244 Krist.

773 1282 907 1338 Vuil
932 1282 1026 1335 her
1053 1296 1195 1337 unsa
1226 1282 1355 1337 bina
1382 1284 1601 1343 uuarth,

774 1376 942 1429 Thero
966 1373 1126 1429 habet
1147 1376 1400 1444 giuuaht.

844 1503 913 1558 So
942 1518 1078 1558 uuer
1098 1519 1155 1558 so
1183 1503 1300 1558 hier
1322 1506 1382 1558 in
1409 1505 1577 1559 ellian

774 1597 979 1654 Giduat
1006 1596 1176 1653 Godes
1206 1597 1466 1662 uuillian,

774 1690 979 1754 Quimit
1004 1691 1067 1744 he
1095 1690 1293 1757 gisund
1320 1706 1401 1753 us,

769 1784 832 1838 1h
857 1784 1077 1852 gilonon
1101 1783 1253 1839 imos.

843 1910 1034 1964 Bilibit
1059 1909 1153 1964 her
1178 1909 1443 1966 thorinne.

773 2005 983 2060 Sinemo
1008 2003 1220 2057 hunnie.

780 2096 889 2149 Th0
917 2110 1046 2149 nam
1075 2095 1169 2149 her
1197 2096 1341 2151 skild
1364 2096 1489 2151 indi
1507 2112 1646 2168 sper,

776 2187 1097 2243 Ellianlicho
1122 2190 1228 2243 reit
1246 2190 1357 2243 her.

852 2317 1031 2373 Vuold
1061 2317 1155 2371 her
1177 2332 1380 2372 uuarer
1403 2318 1639 2375 rahchon

774 2411 910 2465 Sina
936 2409 1140 2465 uuidar
1160 2409 1414 2474 sahchon,

777 2504 885 2558 Tho
910 2506 970 2557 ni
994 2518 1135 2557 uuas
1161 2505 1212 2557 iz
1237 2504 1370 2558 buro
1397 2504 1557 2573 lango

774 2596 930 2650 Ραηά
957 2595 1049 2650 her
1076 2597 1192 2650 thia
1216 2596 1644 2653 Northmannon.

847 2726 990 2783 Gode
1016 2726 1134 2781 Iob!
1158 2731 1344 2793 sageta

772 2821 889 2875 Mer
912 2820 1023 2874 siht
1047 2820 1159 2873 thes
1187 2819 1281 2874 her
1317 2823 1534 2888 gereda.

780 2913 887 2965 Tho
912 2912 1076 2980 hunig
1106 2913 1209 2967 reit
1237 2913 1423 2967 kuono.

777 3007 923 3071 Sang
950 3005 1084 3059 lioth
1107 3007 1293 3071 frano.

833 3134 932 3189 Joh
957 3133 1063 3188 alte
1090 3149 1283 3188 saman
1311 3149 1529 3204 sungun

776 3227 1130 3295 Kyrieleison.

773 3320 919 3391 Sang
944 3336 1081 3375 uuas
1107 3336 1393 3391 gesungen.

783 3416 926 3481 Vuig
949 3430 1089 3469 uuas
1119 3414 1409 3484 bigunnen.

846 3543 1008 3598 Bluot
1031 3544 1180 3599 skein
1203 3545 1263 3598 in
1289 3560 1548 3616 uuangon

775 3636 1045 3707 Spilodun
1069 3638 1167 3692 der
1199 3640 1472 3694 Vrankon.

783 3731 929 3785 Thar
953 3731 1081 3785 raht
1108 3731 1325 3798 thegeno
1353 3733 1514 3801 gelih,

780 3826 853 3879 Ni
878 3824 1028 3879 chein
1054 3840 1111 3879 so
1137 3839 1194 3878 so
1221 3826 1521 3896 Hluduuig.

852 3955 977 4010 Snel
1006 3955 1129 4008 indi
1156 3956 1333 4017 kuoni,

789 4047 923 4101 Thos
947 4061 1087 4100 uuas
1111 4048 1216 4101 imo
1242 4049 1492 4117 gekunni.

785 4138 993 4195 Su‘man
1020 4139 1251 4195 thuruch
1267 4141 1417 4212 sluog
1445 4142 1555 4205 her,

787 4233 992 4289 Suman
1019 4235 1251 4290 thuruch
1276 4234 1429 4290 stach
1453 4237 1562 4292 her.

856 4366 967 4419 Her
994 4364 1216 4420 skancta
1239 4365 1461 4421 cehanto

788 4456 962 4512 Sinon
982 4460 1189 4526 ﬁanton

788 4551 1012 4605 Bitteres
1045 4551 1200 4606 lides.

792 4645 861 4698 So
886 4643 1086 4699 uuehin
1113 4643 1200 4700 hio
1230 4646 1341 4701 thes
1369 4648 1517 4702 libes.

867 4774 1069 4830 Gilobet
1095 4777 1145 4829 si
1169 4776 1287 4830 thiu
1317 4777 1486 4834 Gades
1509 4779 1679 4848 kraft,

792 4867 1050 4936 Hludwig
1077 4870 1280 4924 uuarth
1309 4872 1565 4940 sighaft.,

793 4962 902 5030 Sag
928 4962 1069 5015 allin
1096 4961 1329 5033 heiligon
1358 4964 1537 5020 thanc.

799 5054 897 5109 Sin
924 5057 1102 5110 warth
1128 5056 1245 5110 ther
1273 5056 1557 5128 Sigikamf.

872 5182 1020 5238 Odar
1045 5184 1183 5238 abur
1210 5186 1492 5257 HLudwig

799 5276 1015 5345 Kuning
1041 5293 1186 5333 uuar
1207 5280 1370 5348 salig.

803 5371 942 5426 ϐανο
969 5386 1026 5426 so
1051 5387 1136 5427 ser
1157 5373 1243 5427 hi0
1269 5389 1406 5430 uuas

804 5462 960 5518 Swar
986 5481 1042 5520 so
1066 5481 1146 5521 ses
1166 5469 1310 5534 turft
1336 5486 1497 5528 uuas.

805 5557 1031 5613 Gihalde
1056 5561 1206 5623 inan,
1242 5564 1489 5627 Truhtin,

804 5653 872 5712 Bi
893 5653 1070 5708 sinam
1098 5656 1382 5724 ergrehtin.

1659 354 1995 445 APPENDIX
2043 358 2131 414 AD
2169 355 2499 414 SECULUM
2540 355 2626 411 IX.

2142 480 2201 552 A

2503 466 2573 519 Ut
2602 479 2701 519 vos
2729 462 3028 517 consilium
3061 460 3227 529 detis,

2505 558 2577 613 Ut
2606 573 2712 629 ego
2742 555 3053 611 exercitum
3080 554 3343 610 educam.

2578 686 2715 742 Mihi
2742 685 2849 758 ipsi
2874 702 2990 741 non
3009 700 3263 756 parcam,

2505 782 2696 837 Donec
2723 796 2829 852 ego
2860 796 2957 834 vos
2984 778 3246 833 liberem.

2504 876 2665 929 Nunc
2688 874 2814 928 volo
2844 876 2907 927 ut
2931 888 3023 927 me
3053 874 3367 943 sequantur

2508 966 2715 1022 Omnes
2741 966 2838 1022 Dei
2863 965 3076 1021 fideles.

2580 1097 2723 1151 Data
2747 1099 2831 1150 est
2850 1095 2973 1149 haec
2990 1094 3103 1147 vita

2505 1190 2644 1244 Tam
2671 1187 2772 1243 diu
2802 1204 2975 1260 quam
3000 1187 3123 1241 vult
3144 1185 3401 1242 Christus

2504 1280 2644 1345 Quia
2671 1280 2720 1335 is
2743 1286 2937 1335 nostra
2963 1296 3089 1334 ossa
3112 1283 3318 1346 servat,

2508 1375 2714 1429 Eorum
2742 1373 2917 1429 habet
2943 1372 3275 1428 custodiam.

2580 1503 2912 1574 Quicunque
2943 1501 3033 1556 hic
3058 1502 3119 1556 in
3149 1501 3441 1556 alacritate

2508 1591 2662 1646 Facit
2690 1590 2787 1645 Dei
2815 1590 3194 1656 voluntatem,

2509 1683 2811 1756 Egreditur
2836 1683 2883 1737 is
2906 1684 3134 1754 integer
3162 1684 3255 1754 (ex
3276 1681 3515 1753 praelia);

2511 1779 2625 1848 Ego
2654 1776 2895 1849 praemio
2926 1775 3170 1831 afﬁciam
3204 1776 3412 1847 ipsum.

2580 1908 2639 1961 Si
2668 1906 2795 1978 quis
2822 1905 3100 1975 morietur
3129 1903 3220 1959 hic
3251 1904 3328 1974 (in
3354 1903 3569 1975 praelia)

2508 2000 2641 2071 Ejus
2672 1999 2904 2055 familiae
2932 1999 3139 2070 (dabo).

2508 2094 2663 2147 Tunc
2692 2093 2933 2163 arripuit
2959 2097 3183 2147 scutum
3213 2094 3273 2145 et
3296 2092 3569 2157 lanceam,

2509 2186 2863 2241 Festinanter
2893 2185 3174 2255 equitans.

2581 2314 2817 2369 Volebat
2841 2313 2887 2367 is
2912 2329 3044 2368 vere
3084 2313 3392 2369 vindictam
3421 2329 3647 2370 sumere

2511 2410 2586 2463 De
2612 2407 2725 2462 suis
2752 2406 3105 2461 adversariis.

2503 2503 2657 2556 Tunc
2684 2517 2790 2555 nec
2816 2503 2939 2554 erat
2963 2500 3329 2555 intervallum
3361 2502 3620 2571 longum,

2510 2593 2836 2649 Inveniebat
2859 2594 3256 2648 Nortmannos.

2583 2726 2696 2779 Deo
2717 2724 2788 2778 sit
2812 2723 2962 2779 lausl
2992 2723 3235 2791 dicebat,

2510 2817 2716 2873 Videns
2741 2817 2799 2871 id
2826 2806 2979 2889 quod
3005 2817 3380 2873 desiderabat.

2508 2912 2626 2966 Rex
2657 2910 2836 2965 currit
2861 2910 3128 2965 audacter

2510 3003 2773 3059 Praecinit
2799 3003 3083 3058 canticum
3105 3003 3398 3074 publicum
3427 3005 3747 3078 (litaniam).

2583 3137 2769 3206 Atque
2795 3151 2994 3190 omnes
3019 3136 3367 3206 conjunctim
3392 3135 3699 3191 cantabant

2515 3228 2682 3301 Kyrie
2709 3228 2940 3283 eleison.

2506 3322 2804 3379 Canticum
2834 3325 2958 3377 erat
2987 3322 3380 3389 decantatum;

2510 3415 2776 3471 Praelium
2801 3418 3071 3487 coeptum.

2585 3545 2830 3617 Sanguis
2856 3546 3122 3618 apparuit
3147 3546 3205 3600 in
3235 3547 3398 3618 genis

2516 3639 2906 3695 Exultantium
2934 3640 3298 3695 Francorum.

2519 3733 2614 3788 Hic
2638 3732 2947 3789 vindictam
2976 3734 3217 3806 sumpsit
3244 3732 3408 3788 miles
3434 3734 3667 3805 pariter,

2516 3828 2693 3883 Nemo
2720 3826 2801 3881 sic
2828 3829 2891 3881 ut
2915 3826 3250 3883 Ludovicus.

2584 3957 2786 4013 Alacer
2809 3960 2869 4012 et
2895 3957 3098 4027 audax,

2518 4052 2634 4106 Hoc
2663 4056 2784 4107 erat
2806 4051 2917 4123 ipsi
2941 4051 3335 4125 congenitum.

2520 4145 2707 4202 Alium
2732 4146 3026 4217 percussit.

2518 4239 2710 4294 Alium
2736 4239 2999 4310 perfodit.

2590 4369 2921 4441 Propinavit
2944 4368 3185 4424 subinde

2519 4462 2643 4519 Suis
2668 4463 2926 4518 hostibus

2521 4559 2795 4612 Amarum
2824 4563 3044 4629 potum.

2526 4650 2615 4707 Sic
2639 4656 2929 4707 cesserunt
2954 4651 3046 4705 hic
3076 4651 3147 4707 de
3176 4651 3308 4719 vita,

2597 4784 2902 4839 Benedicta
2926 4783 2998 4838 sit
3022 4781 3119 4837 Dei
3145 4780 3351 4837 virtus!

2527 4876 2842 4932 Ludovicus
2868 4877 3051 4931 factus
3076 4877 3272 4931 victor.

2532 4971 2628 5025 Dic
2653 4970 2916 5026 omnibus
2943 4970 3149 5025 sanctis
3175 4968 3404 5041 gratias.

2536 5064 2710 5136 Ipsius
2737 5064 2885 5119 facta
2913 5064 3205 5120 victoriosa
3231 5079 3441 5135 pugna.

2602 5197 2672 5250 At
2699 5210 2831 5250 vero
2862 5194 3174 5249 Ludovicus

2532 5289 2646 5344 Rex
2672 5288 2779 5343 fuit
2804 5288 2957 5343 felix.

2530 5385 2793 5439 Promtus
2817 5383 2899 5437 uti
2920 5382 3014 5437 hic
3036 5382 3161 5450 fuit,

2535 5475 2724 5532 Gravis
2750 5480 3025 5547 quantum
3052 5492 3193 5547 opus
3218 5479 3337 5530 erat

2534 5570 2707 5625 Serva
2727 5569 2937 5641 ipsum,
2961 5568 3223 5635 Domine,

2536 5665 2594 5718 In
2625 5680 2726 5717 sua
2755 5663 3067 5735 Majestatel

3714 352 3734 405 i
3748 353 3855 405 220
