4050 6338
193 407 312 459 1221
1443 405 1568 461 .'l£\'l
1609 409 1920 463 CAROLINI
1961 409 2276 463 CARMINA.
3403 413 3534 465 1222

1829 607 1894 659 X.

281 724 507 786 Versus
537 723 950 805 asclcpz'adez',
983 728 1218 808 quibus
1247 730 1479 806 ﬁnitur
1507 729 1709 791 codex
1753 729 2055 791 Gothicus
2105 730 2443 811 Vz‘gz’lanus
2479 748 2592 792 seu
2629 729 3030 794 Albeldensz's
3069 729 3278 793 dictus
3310 731 3456 812 (19.).

1018 866 1204 937 [Apud
1235 868 1448 938 Florez,
1477 871 1702 938 Espaﬁa
1741 870 2013 939 Sagrada,
2043 873 2186 924 tom.
2218 869 2437 938 XXXIII,
2465 886 2522 940 p.
2555 869 2702 938 471.]

1843 1022 1978 1076 Ι..

601 1153 650 1194 <
693 1138 838 1195 lrtus
865 1153 1072 1209 nempe
1099 1137 1306 1192 Christi
1333 1138 1466 1191 mici
1499 1138 1770 1192 solacium
1801 1136 2044 1208 Vigilani
2079 1139 2325 1208 prebens
2351 1139 2672 1194 humillimo
2699 1155 2798 1210 sep
3104 1131 3156 1197 [ιῆ

591 1269 642 1286 --
684 1243 888 1310 ncepta
913 1237 1154 1294 Canonis
1181 1235 1324 1291 sacri
1349 1237 1520 1306 hujus
1555 1236 1688 1291 libri
1711 1237 1781 1291 ad
1814 1238 2022 1292 calcem
2066 1253 2238 1306 Opera
2270 1238 2504 1308 perduxi
2537 1238 2723 1292 navite
3100 1249 3152 1288 ω

592 1355 646 1394 ς)
685 1339 879 1394 lobans
906 1355 977 1391 en
1004 1335 1188 1390 vivida
1212 1337 1493 1389 almorum
1520 1335 1722 1390 ﬂorida
1751 1339 1978 1406 patrum
2015 1336 2302 1390 orientum
2347 1338 2500 1391 clara
2529 1337 2730 1392 concili
3107 1348 3158 1394 β’

595 1459 646 1476 -·
687 1437 923 1508 ngentia
951 1435 1157 1489 dehinc
1182 1440 1414 1488 nectens
1439 1433 1682 1488 almifica
1709 1450 1910 1504 regum
1933 1450 1996 1488 ac
2019 1436 2324 1504 praesulum
2356 1435 2733 1490 occidentaliu
3105 1441 3158 1491 Ξ

597 1549 651 1589 ι-
691 1539 818 1589 ucet
845 1534 988 1588 sicut
1015 1534 1148 1587 luna
1175 1537 1369 1602 sancta
1399 1532 1648 1587 Ecclesia
1671 1533 1944 1588 illustrata
1977 1535 2201 1602 fulgens
2231 1534 2448 1588 lumine
2479 1534 2678 1588 Domin
3103 1557 3154 1572 --

601 1651 651 1694 ’.ιδ
691 1637 1038 1706 postolorum
1072 1633 1234 1688 claris
1262 1635 1460 1687 ornata
1486 1632 1758 1686 doctrinis
1788 1633 1962 1686 sacris
1989 1632 2104 1686 lota
2137 1633 2370 1704 limphis
2397 1634 2592 1688 rutilat
2616 1649 2720 1688 ceu
2748 1650 2807 1686 so
3109 1651 3160 1688 Γ·

595 1755 648 1788 ω
689 1733 888 1803 uscipit
921 1731 1198 1802 fulgidam
1226 1747 1535 1802 sanamque
1569 1732 1886 1788 doctrinam
1917 1731 2209 1786 in’litarum
2245 1731 2386 1786 fucis
2413 1732 2690 1803 recipiens
2730 1732 2838 1785 nici
3109 1747 3160 1782 ε·-

597 1844 646 1879 >
686 1848 860 1901 pravo
892 1831 1159 1900 dogmate
1199 1846 1392 1884 rerum
1423 1829 1778 1884 manantium
1822 1832 2018 1883 manet
2055 1830 2284 1884 lucillua
2317 1833 2510 1884 sancto
2541 1830 2600 1884 in
2634 1847 2772 1900 oper
3109 1843 3160 1882 tr:

601 1945 652 1984 ευ
691 1931 820 1984 adio
849 1930 1090 2000 exempli
1121 1930 1403 1983 mundum
1429 1929 1776 1983 inluminans
1801 1929 1916 1983 vita
1953 1930 2259 2000 purissima
2285 1929 2454 1983 simul
2482 1947 2612 1985 cum
2643 1929 2832 2000 angeli
3103 1945 3155 1979 ω

597 2039 648 2082 π
689 2029 911 2082 enitens
941 2029 1122 2082 elucet
1149 2029 1206 2082 in
1237 2029 1408 2082 cclica
1431 2029 1560 2083 sede
1587 2045 1832 2100 quorum
1870 2030 2100 2083 tandem
2135 2046 2302 2100 prece
2333 2029 2718 2100 perducamur
2745 2028 2802 2082 ib
3106 2053 3158 2071 ι-

599 2139 648 2180 :>
689 2126 898 2180 lmiiica
927 2143 1058 2197 sepe
1085 2127 1316 2197 agmina
1341 2130 1637 2181 cernentes
1670 2131 1997 2182 sanctorum
2032 2127 2337 2198 spirituum
2378 2127 2660 2198 simulque
2689 2129 2943 2197 martyrii
3109 2135 3162 2180 Ξ

598 2236 651 2273 n
691 2229 1034 2296 oncretaque
1063 2241 1176 2279 una
1207 2224 1502 2296 Virginum
1529 2225 1744 2294 fulgida
1775 2225 2178 2296 almorumque
2211 2230 2438 2296 patrum
2467 2231 2659 2280 turma
2685 2225 2877 2280 luciﬂu
3112 2233 3162 2276 >

602 2351 652 2364 —
691 2322 894 2376 nlustri
927 2322 1133 2376 merito
1159 2339 1276 2376 una
1301 2339 1430 2376 cum
1462 2339 1631 2393 opere
1659 2323 1862 2378 turmis
1890 2323 2125 2378 sidereis
2156 2329 2325 2395 atque
2363 2324 2576 2378 celicoli
3105 2339 3158 2374 cn

601 2433 652 2474 2
691 2425 974 2476 ostrorum
1005 2423 1234 2476 nomina
1261 2423 1404 2476 libro
1427 2423 1540 2477 vite
1585 2423 1790 2478 scribta
1815 2440 2130 2480 counemur
2158 2423 2265 2494 ipis
2291 2425 2350 2478 in
2377 2425 2521 2478 atria
2553 2425 2634 2478 cel
3115 2453 3166 2472 -η

601 2533 652 2576 <3
691 2521 948 2576 ernantia
973 2537 1118 2590 pura
1145 2526 1316 2591 atque
1344 2521 1611 2592 ﬂorigera
1639 2522 1896 2576 vivorum
1925 2523 2180 2578 fruentes
2211 2524 2498 2578 cumulato
2530 2523 2678 2576 fruct
3119 2537 3169 2578 <

605 2639 658 2672 ω
697 2619 990 2674 arracinus
1016 2619 1165 2674 Salbi
1195 2619 1430 2691 ipseque
1459 2620 1641 2690 Vigila
1670 2621 1926 2691 magistri
1956 2622 2157 2676 obtimi
2189 2622 2440 2692 adjuvati
2470 2639 2606 2693 prec
3118 2639 3169 2676 tri

595 2729 659 2772 eo
699 2735 904 2772 uorum
928 2718 1270 2788 digessimus
1299 2719 1453 2772 clara
1481 2735 1634 2772 nunc
1662 2720 1900 2774 nomina
1929 2721 2231 2775 scribtores
2259 2721 2476 2792 gemini
2507 2736 2615 2791 que
2641 2723 2800 2774 tenet
2829 2718 2974 2772 liber
3001 2717 3060 2770 hi
3115 2732 3168 2770 ω

607 2829 659 2870 c:
700 2817 875 2870 natim
907 2821 1036 2887 post
1069 2817 1197 2870 illuc
1225 2817 1369 2872 uniti
1394 2817 1612 2888 jugiter
1638 2817 1774 2888 ipsis
1811 2818 2166 2872 conletemur
2197 2821 2538 2889 angelorum
2582 2825 2668 2873 cet
3117 2831 3168 2870 εξ

602 2935 654 2976 τις
692 2934 758 2970 oo
785 2917 965 2970 instar
993 2922 1183 2971 turma
1204 2917 1421 2972 cencies
1449 2918 1580 2971 bina
1603 2917 1826 2972 cenobii
1847 2918 2082 2972 Albelda
2112 2918 2428 2989 plurimum
2468 2918 2676 2972 candid
3117 2931 3166 2968 ν

607 3031 657 3070 tri
695 3032 734 3068 n
767 3015 940 3069 sancti
969 3014 1188 3068 Martini
1219 3032 1332 3069 una
1359 3015 1680 3071 fraternitas
1708 3032 1843 3070 cum
1871 3016 2077 3071 sanctis
2105 3017 2172 3070 ad
2201 3018 2389 3071 celum
2419 3018 2672 3088 pervolet
2703 3015 2883 3086 parite
3117 3023 3170 3066 ,ω

603 3127 654 3170 U
695 3120 892 3170 ucatus
917 3115 1150 3187 quidem
1180 3115 1358 3169 sancti
1394 3116 1686 3187 Evangelii
1719 3119 2023 3187 pergentes
2053 3117 2172 3170 Dfii.
2209 3117 2325 3170 vias
2352 3121 2414 3170 ut
2457 3116 2572 3170 adii
3121 3127 3173 3169 -ε

607 3239 657 3260 ι-
695 3215 767 3268 lle
809 3215 906 3285 qui
935 3231 1040 3285 pro
1072 3215 1235 3269 nobis
1261 3215 1526 3269 sustinuit
1555 3216 1766 3286 probra
1794 3215 1956 3286 cujus
1985 3231 2088 3269 nos
2117 3215 2276 3286 sequi
2317 3232 2452 3270 nam
2485 3215 2650 3268 decet
2675 3214 2882 3283 vestigi
3117 3229 3168 3272 >

604 3327 656 3370 ε
695 3313 838 3368 ecies
870 3317 1114 3368 centena
1141 3331 1204 3367 ac
1241 3330 1418 3368 unum
1451 3313 1638 3368 decies
1671 3317 1878 3384 quarta
1909 3330 2008 3367 era
2039 3313 2236 3368 labens
2261 3317 2616 3384 pernotaque
2645 3311 2738 3366 abi
3114 3327 3168 3370 ε

551 3431 556 3436 ’
607 3427 659 3466 τε
697 3415 721 3464 t
747 3415 1004 3466 notatum
1033 3416 1260 3484 tempus
1294 3412 1673 3466 Kalendarum
1697 3413 1823 3466 Maii
1851 3413 2085 3484 quintus
2116 3411 2413 3466 vicesimus
2444 3428 2542 3466 seu
2569 3427 2766 3465 cursus
2793 3409 2892 3464 lun
3113 3429 3165 3470 rx:

611 3529 662 3568 π
701 3511 925 3564 animiri
951 3511 1124 3565 fratre
1151 3514 1432 3580 regnante
1463 3511 1662 3566 Sancio
1691 3527 1826 3580 rege
1858 3510 2128 3566 ortodoxo
2159 3509 2400 3581 scriptus
2432 3515 2516 3566 est
2545 3509 2689 3564 liber
2715 3510 2774 3564 hi
3111 3529 3164 3568 4':-

605 3625 658 3668 εξ
699 3627 770 3663 na
795 3626 925 3664 cum
959 3610 1156 3681 regina
1189 3611 1394 3664 Urraca
1433 3609 1689 3679 preclara
1720 3613 1878 3664 sexto
1909 3625 2060 3663 anno
2096 3609 2281 3662 obitus
2307 3609 2461 3679 regis
2493 3607 2744 3662 Garsean
3126 3633 3177 3652 μ-

609 3725 660 3764 2
701 3725 808 3762 unc
837 3725 1034 3762 omnes
1061 3709 1258 3762 cernui
1288 3709 1544 3779 legentes
1570 3723 1878 3779 precamur
1901 3724 2008 3762 nos
2033 3712 2097 3762 ut
2123 3707 2352 3779 exiguos
2379 3708 2530 3778 apud
2565 3707 2920 3762 sanctissima
3119 3720 3171 3768 Ξ

604 3828 656 3868 -Ξ
695 3809 984 3864 rinitatem
1013 3810 1280 3880 simplam
1309 3809 1702 3864 conmendetis
1735 3823 1844 3862 una
1873 3808 2133 3862 fruamur
2160 3808 2341 3880 gloria
2380 3812 2582 3864 cuncta
2607 3807 2666 3862 in
2695 3809 2849 3864 secul
3116 3820 3166 3862 re

1850 3990 1914 4044 II.

288 4146 340 4189 ο
385 4135 481 4189 Dei
507 4136 755 4191 Verbum
782 4138 961 4192 Patris
987 4153 1084 4192 ore
1113 4139 1337 4209 proditu
1711 4153 1763 4198 Ξ
2022 4153 2074 4194 c:
2113 4137 2254 4192 irtus
2284 4137 2434 4193 hunc
2465 4139 2650 4194 locum
2678 4137 2890 4194 summi
2920 4136 3018 4192 Dei
3049 4135 3150 4190 Fili
3446 4161 3496 4182 ι·-

289 4245 344 4291 ,ω
385 4228 592 4283 utilant
627 4235 770 4285 nutu
799 4231 1192 4300 cujusjmundi
1219 4233 1405 4288 macin
1709 4251 1760 4290 :>
2021 4246 2074 4294 Ξ
2115 4235 2272 4288 uniat
2299 4249 2522 4303 semper
2552 4239 2608 4287 et
2636 4235 2956 4286 sanctorum
2992 4229 3140 4284 atriu
3443 4243 3497 4290 Ξ

288 4343 342 4381 π
381 4329 610 4379 ternum
645 4327 808 4378 tuum
838 4328 898 4378 ut
925 4326 1183 4380 fruamur
1216 4327 1424 4381 dulcite
1713 4345 1764 4382 π
2018 4347 2071 4385 ’τι
2109 4328 2290 4382 loreat
2317 4328 2512 4380 lucens
2541 4326 2617 4379 sic
2645 4325 2861 4380 lumine
2897 4326 2978 4378 Du
3443 4353 3494 4372 ._.

291 4435 344 4474 κ
383 4421 499 4488 pte.
530 4435 760 4473 oramus
788 4419 952 4474 nobis
975 4420 1098 4490 jam
1129 4420 1370 4474 advenia
1708 4441 1760 4480 id,
2023 4445 2074 4466 ι-
2115 4421 2313 4492 ngenti
2339 4420 2712 4490 almafvigens
2745 4421 2800 4473 et
2829 4434 2932 4489 per
2961 4417 3114 4470 secul
3440 4431 3490 4472 βυ

289 4527 344 4568 Φ
384 4512 618 4566 audium
647 4529 925 4584 magnum
957 4514 1334 4568 scribentibus
1367 4515 1445 4568 tib
1709 4543 1758 4558 --
2019 4531 2071 4573 2
2111 4531 2218 4569 unc
2245 4515 2376 4570 aula
2403 4514 2502 4568 Dei
2524 4513 2779 4568 claritate
2806 4511 3000 4582 fulgea
3442 4519 3494 4559 -ε

288 4622 342 4663 βπ
381 4607 508 4661 ηίΧΘ
539 4607 726 4661 cuncti
755 4608 1000 4678 petimus
1031 4609 1092 4660 ut
1129 4607 1382 4662 munime
1707 4627 1757 4668 7:
2016 4636 2070 4660 ι-ι
2109 4609 2313 4664 ntersit
2375 4607 2581 4662 nostris
2630 4606 2848 4664 Christe
2893 4603 3101 4658 animis
3149 4601 3385 4672 splendo
3442 4621 3493 4660 ω

288 4715 340 4758 7:
378 4702 546 4755 abum
575 4702 667 4755 hic
699 4706 912 4772 prestes
951 4702 1031 4755 tui
1063 4701 1202 4754 almi
1231 4701 1428 4756 Martin
1709 4735 1759 4750 -—
2015 4725 2071 4759 ω
2107 4711 2332 4760 acre'ac
2362 4703 2492 4758 aule
2533 4699 2753 4756 Martini
2785 4699 3012 4770 episcop
3441 4723 3494 4744 ..η

287 4825 339 4842 ι-
381 4796 519 4850 uber
550 4796 770 4850 enitens
802 4813 1030 4866 semper
1060 4796 1120 4849 in
1157 4795 1243 4849 his
1268 4795 1394 4848 atrii
1707 4813 1758 4848 ω
2009 4813 2072 4856 ο
2111 4799 2238 4870 ujus
2265 4800 2494 4869 precatu
2525 4799 2620 4850 tua
2646 4797 2900 4866 protecta
2937 4809 3073 4847 man
3439 4807 3492 4850 ει

290 4905 342 4944 -Ξ
384 4908 448 4944 ua
475 4893 532 4944 et
556 4891 703 4944 alma
725 4891 944 4960 fulgeat
969 4892 1060 4946 hic
1086 4895 1229 4964 glori
1708 4906 1758 4948 >
2018 4909 2069 4951 ει·
2106 4893 2261 4962 igeat
2286 4893 2434 4946 alma
2465 4891 2629 4944 turba
2657 4888 2750 4942 hic
2795 4903 3108 4942 monacoru
3442 4893 3496 4944 Ξ

288 5003 342 5040 tr:
381 4989 405 5038 t
429 4984 736 5054 gloriosum
765 4987 1013 5056 adspiret
1037 5005 1232 5043 verum
1263 4990 1414 5044 lumc
1709 5007 1760 5046 2
2019 5001 2071 5041 tri
2109 4990 2133 5040 t
2159 4985 2413 5056 gaudens
2441 4983 2614 5040 sacris
2635 4982 2935 5036 virtutibus
2961 4981 3135 5035 ﬂorea
3440 4997 3492 5038 -Ξ

292 5105 342 5120 -
385 5079 594 5132 nfestus
623 5079 800 5133 hostis
829 5080 1004 5134 victus
1024 5098 1155 5151 sepe
1183 5087 1276 5137 eat
1303 5084 1404 5138 hin
1708 5106 1760 5144 ς)
2017 5095 2071 5134 n
2111 5081 2281 5135 elibes
2305 5079 2434 5134 facti
2462 5082 2562 5132 tuo
2591 5080 2785 5131 sancto
2821 5075 2997 5146 Spirit
3443 5087 3494 5127 Ξ

292 5183 344 5226 2
385 5172 506 5225 obis
533 5175 590 5225 et
618 5173 830 5227 almum
857 5179 1018 5227 tuum
1049 5175 1323 5245 juvamen
1357 5179 1475 5233 adsi
1710 5199 1761 5242 ..ι
2021 5193 2073 5238 :u
2114 5175 2284 5247 cpleti
2313 5173 2460 5228 bono
2481 5177 2576 5227 tue
2603 5188 2668 5226 ac
2693 5170 2958 5226 clementi
3443 5185 3497 5226 τις

293 5291 344 5308 ι·-
384 5282 639 5320 mmense
669 5266 884 5321 Christe
917 5267 1084 5322 Filius
1115 5271 1212 5326 Dei
1247 5271 1335 5324 viv
1709 5301 1766 5336 -,
2020 5299 2072 5318 ι-ι
2112 5269 2357 5328 nradiati
2383 5268 2708 5339 fulgeamus
2737 5263 2924 5335 jugite
3443 5275 3498 5324 ευ

294 5373 346 5414 ιθ
386 5375 623 5430 egamur
652 5376 849 5414 omnes
873 5361 986 5414 tuis
1015 5363 1118 5416 sub
1147 5364 1422 5435 signaculi
1709 5385 1763 5419 ω
2021 5395 2076 5430 ω
2112 5368 2254 5423 acris
2281 5366 2361 5421 sic
2386 5377 2614 5433 semper
2644 5359 2863 5414 actibus
2883 5356 3068 5428 justiti
3445 5375 3498 5416 ιη

292 5483 342 5502 ι-
385 5454 536 5508 nlata
563 5454 688 5509 luce
721 5455 881 5510 nobis
921 5456 997 5510 tui
1027 5457 1232 5512 lumini
1709 5480 1763 5513 ω
2023 5484 2074 5524 .4
2103 5482 2186 5538 με,
2206 5467 2267 5517 ut
2289 5461 2442 5515 alma
2460 5469 2801 5510 coronemur
2823 5451 2965 5523 glori
3442 5471 3494 5512 ς»

279 5640 384 5716 (12)
416 5643 474 5694 In
514 5641 869 5716 bibliotheca
909 5644 1282 5700 Escurialensi
1321 5653 1657 5704 asservatur.
1688 5653 1831 5705 Con-
1934 5655 2135 5707 notant
2159 5651 2250 5705 die
2277 5651 2346 5703 25
2373 5645 2498 5702 Maii
2525 5659 2654 5699 terte
2681 5641 2918 5716 uxivtid
2941 5643 3022 5716 est
3042 5639 3422 5716 anni_Christi
3445 5647 3568 5714 976,

203 5713 350 5794 tinet
369 5712 604 5794 Concilia
629 5716 920 5794 seraginta
939 5733 1120 5794 unum
1147 5723 1204 5770 et
1223 5719 1486 5794 epistolas
1507 5721 1830 5794 decretales.
1934 5722 2308 5794 regnantibus
2353 5720 2412 5794 _in
2442 5719 2702 5794 lfavarra
2837 5712 3054 5794 San‘cho
3085 5715 3143 5766 et
3187 5712 3574 5794 D.‘l..lr'i'aca_et

203 5783 346 5848 Quae
375 5784 569 5861 omnia
613 5783 992 5861 scriptasunt
1029 5804 1202 5842 manu
1233 5783 1430 5861 Vigila:
1464 5798 1519 5846 et
1549 5793 1830 5847 Sarracini
1937 5783 2322 5848 D.VBanimiro
2351 5790 2408 5861 in
2442 5789 2703 5858 Viguera,
2739 5785 2809 5839 de
2839 5783 3048 5854 quibus
3072 5785 3336 5855 specialis
3359 5789 3571 5844 mentio

201 5856 1184 5934 monachorumAlbelde‘nsiumtct
1211 5856 1505 5934 cujusdam
1539 5865 1734 5934 Vigin
1757 5865 1834 5918 di~
1935 5865 1996 5920 fit
2021 5865 2080 5918 in
2109 5863 2196 5917 his
2225 5859 2496 5916 versibus.

202 5926 427 6000 scipuli,
473 5929 684 5982 Garciae
734 5929 988 5984 nomine.
1043 5926 1240 5986 Labori
1275 5926 1454 5988 finem
1505 5926 1832 6008 impositum
