4046 6188
515 703 1670 876 [SIDOBUS
1809 704 3262 963 MERCATOR.

1289 1224 2494 1351 PROLEGOMENA.

780 1661 1664 1781 HENBIGI
1797 1662 3011 1786 DENZINGEB

935 1916 994 1957 ΙΝ
1042 1915 1495 1960 UNIVERSITATE
1539 1912 1986 1962 HERBIPOLENSI
2031 1913 2398 1959 THEOLOGUE
2443 1915 2533 1960 PBt

1253 1915 1495 1960 {SITATE
1539 1912 1986 1962 HERBIPOLENSI
2031 1913 2398 1959 THEOLOGUE
2443 1914 2851 1960 PROFESSORIS

1118 2093 1640 2204 ECLOGE
1743 2093 1908 2202 ET
2010 2089 2671 2198 EPICRISIS

379 2321 625 2384 Eorum
665 2339 811 2402 quas
841 2340 882 2384 a
924 2323 1384 2385 recentioribus
1414 2323 1651 2386 criticis
1691 2322 1769 2385 de
1812 2319 2446 2387 Pseudoz'sidorianz’s
2489 2319 2928 2382 Decretalz'bus
2957 2328 3200 2383 statuta
3234 2331 3402 2384 sunt.

285 2717 335 2769 l.
366 2715 501 2770 Mira
531 2718 681 2770 sorte
709 2719 917 2772 nostris
947 2720 1099 2774 hisce
1125 2718 1474 2789 temporibus
1505 2723 1698 2773 actum
1723 2723 1825 2785 est,
1861 2722 1922 2771 ut
1946 2717 1989 2770 ii
2016 2715 2120 2786 ipsi
2161 2714 2261 2785 qui
2292 2713 2607 2785 quondam,
2643 2719 2702 2767 ut
2733 2715 3004 2768 Romana?
3042 2712 3192 2767 sedis
3235 2715 3567 2784 praerogati-

215 2818 303 2855 vas
326 2803 689 2874 impeterent,
719 2823 935 2862 merces
958 2807 1525 2862 Pseudoisidorianas
1551 2807 1886 2878 pontificum
1925 2804 2108 2860 fraudi
2132 2803 2481 2867 tribuebant,
2505 2803 2675 2857 modo
2706 2819 2826 2874 pra:
2859 2802 3129 2857 omnibus
3158 2802 3374 2856 felicius
3401 2806 3572 2874 atque

213 2891 475 2946 subtilius
504 2895 823 2963 genuinum
844 2896 1121 2966 ejusmodi
1147 2896 1514 2951 decretalium
1545 2900 1735 2950 ortum
1762 2893 2152 2965 indigitarent.
2182 2894 2608 2961 Verumtamen,
2635 2897 2695 2945 ut
2725 2892 3036 2962 plurimum
3061 2908 3127 2946 eo
3149 2909 3262 2947 non
3290 2898 3422 2946 sunt
3445 2909 3576 2964 pro-

213 2981 410 3051 gressi,
447 2988 507 3036 ut
535 2983 825 3038 Romanos
855 2986 1149 3056 pontifices
1173 2985 1366 3040 fraudi
1387 2986 1512 3055 jam
1538 3002 1570 3038 a
1599 2985 1791 3056 multis
1823 2987 2067 3055 receptae
2099 3001 2214 3038 non
2243 2982 2466 3052 favisse,
2488 2986 2545 3036 et
2570 2984 2846 3037 Romana:
2875 2983 3026 3037 sedis
3059 2984 3346 3056 privilegia
3367 2985 3574 3039 exinde

213 3072 340 3140 plus
370 3088 534 3142 aequo
563 3089 680 3126 non
710 3073 1011 3144 profecisse
1052 3077 1358 3129 fateantur.
1388 3075 1656 3138 Quinimo
1687 3091 1773 3129 res
1800 3074 1935 3128 satis
1966 3073 2214 3144 implexa
2243 3072 2551 3143 mequidem
2588 3073 2883 3126 catholicis
2929 3073 3195 3127 omnibus
3231 3073 3305 3127 ita
3328 3073 3578 3146 eliquata

213 3165 313 3228 est,
342 3164 410 3213 ut
437 3160 693 3230 aliquam
723 3163 926 3218 saltem
966 3163 1284 3234 disciplinae
1316 3163 1703 3217 ecclesiasticae.
1748 3164 2126 3218 mutationem
2174 3161 2326 3216 hisce
2361 3161 2740 3216 decretalibus
2777 3162 3072 3218 inductam
3111 3164 3304 3233 fuisse,
3328 3182 3444 3219 non
3475 3166 3575 3219 ad-

213 3249 463 3302 mittant.
497 3251 634 3303 Hinc
662 3267 786 3318 nos,
817 3255 876 3304 ut
905 3251 1232 3307 inveteratis
1264 3251 1586 3306 istiusmodi
1618 3252 1960 3322 prerjudiciis
1986 3267 2092 3324 pro
2118 3267 2281 3322 posse
2307 3251 2481 3304 ﬁnem
2511 3251 2894 3322 imponamus,
2925 3253 3160 3308 edendis
3189 3254 3579 3308 Decretalibus

215 3338 534 3406 praeludere
563 3341 884 3406 statuimus,
914 3358 979 3394 ea
1007 3358 1134 3412 quae
1161 3359 1194 3394 a
1223 3341 1636 3396 recentioribus
1667 3341 1875 3395 criticis
1918 3342 2183 3412 praeclare
2212 3345 2332 3396 acta
2360 3344 2512 3407 sunt,
2545 3342 2898 3413 colligentes,
2936 3359 3000 3398 ea
3027 3360 3156 3415 qua!
3193 3345 3382 3399 minus
3410 3344 3579 3399 nobis

215 3427 553 3497 probantur,
582 3445 726 3483 novo
757 3429 1008 3484 examini
1040 3430 1424 3501 subjicientes.
1459 3430 1587 3485 Tria
1614 3431 1792 3502 igitur
1822 3434 1992 3486 erunt
2018 3431 2087 3485 de
2111 3431 2314 3502 quibus
2342 3429 2504 3484 nobis
2533 3430 2940 3502 inquirendum
2969 3432 3079 3486 erit
3104 3433 3353 3487 breviter
3388 3450 3399 3487 :

233 3578 288 3625 l°
329 3576 446 3635 Ubi,
470 3577 686 3644 quando
715 3583 764 3631 et
789 3594 893 3646 quo
917 3581 1256 3648 potissimum
1280 3583 1385 3650 ﬁne
1415 3582 1667 3648 confecta
1696 3583 1903 3648 fuerint
1930 3579 2226 3635 Decretales
2258 3578 2780 3633 Pseudoisidoriana’
2803 3596 2818 3642 ;

216 3663 278 3714 2°
325 3665 504 3718 Utrum
533 3666 734 3731 fraudi
747 3666 865 3735 jam
887 3672 1022 3722 actae
1045 3670 1277 3724 Romani
1299 3671 1450 3724 illius
1483 3674 1734 3741 temporis
1756 3673 2036 3740 pontiﬁces
2063 3671 2306 3737 fauerint
2323 3688 2340 3735 ;

211 3754 272 3805 3°
320 3756 529 3817 Utrum,
558 3757 606 3808 si
646 3755 954 3811 nullatenus
1000 3761 1057 3812 in
1097 3763 1310 3828 partem
1351 3761 1573 3827 fraudis
1614 3764 1858 3816 venerint
1895 3759 2193 3828 pontiﬁces,
2234 3759 2424 3810 saltem
2473 3757 2664 3810 eadem
2707 3759 2838 3826 ipsae
2889 3761 3185 3813 Decretales
3236 3762 3303 3815 iis
3351 3777 3470 3829 qua
3515 3761 3579 3814 (Ie

391 3846 663 3913 pontiﬁcis
688 3849 1009 3901 auctoritate
1035 3848 1224 3903 docent
1252 3851 1376 3903 novi
1405 3851 1690 3920 quidpiam
1717 3850 2059 3905 indumerint.

1852 4065 1958 4138 §l.

281 4233 339 4284 ἓ.
382 4228 717 4302 Multiplices
743 4230 1122 4288 recentiorum
1157 4231 1224 4288 de
1265 4232 1814 4288 Pseudoisidorianm
1848 4233 2192 4290 collectionis
2233 4236 2361 4288 ortu
2395 4232 2693 4304 opiniones
2726 4233 2782 4287 in
2817 4235 2929 4286 tres
2976 4231 3340 4303 potissimum
3374 4233 3582 4288 classes

202 4319 478 4374 dividere
511 4320 684 4375 lubet.

285 4411 483 4463 Prima
514 4410 584 4463 sit
614 4427 835 4481 eorum,
865 4415 964 4485 qui
987 4417 1283 4487 pauciores
1312 4433 1550 4472 numero
1580 4422 1635 4472 et
1664 4417 1827 4489 quasi
1858 4417 1928 4472 ab
1960 4415 2226 4471 omnibus
2257 4412 2527 4481 derelicti,
2558 4411 2878 4466 Decretales
2905 4412 3098 4466 Romae
3131 4411 3409 4482 augendzr
3439 4429 3578 4482 pon-

197 4498 406 4553 tificiaa
429 4502 689 4568 potestati
716 4504 1005 4559 confectas
1026 4509 1346 4561 autumant.
1375 4507 1469 4561 His
1492 4508 1957 4562 annumerandus
1977 4510 2061 4561 est
2076 4503 2306 4558 infausti
2330 4501 2580 4557 nominis
2604 4499 2912 4555 catholicus
2932 4501 3213 4556 Antonius
3238 4501 3486 4555 Theiner
3511 4506 3578 4571 (1)

203 4591 270 4640 et
305 4589 372 4640 ll.
407 4588 468 4640 E.
499 4588 784 4645 Eichborn
816 4595 906 4663 (2).
941 4593 1048 4658 Qui
1077 4602 1270 4651 tamen
1301 4596 1542 4663 addunt,
1575 4597 1892 4651 Decretales
1924 4597 2120 4650 Romae
2163 4592 2369 4648 saeculo
2398 4607 2489 4645 vm
2517 4593 2666 4645 ortas
2696 4595 2753 4644 et
2789 4608 2821 4644 a
2850 4590 3063 4645 Franco
3093 4590 3346 4662 quodam
3380 4591 3579 4646 clerico

209 4677 431 4730 saeculo
462 4694 520 4732 ιχ
558 4679 869 4750 mediante,
902 4688 1093 4737 auctas
1121 4684 1313 4740 fuisse.

294 4766 399 4818 Alii
426 4767 515 4820 vix
548 4785 660 4822 non
690 4769 998 4825 innocuum
1025 4773 1258 4828 omnino
1285 4775 1786 4832 Pseudoisidorum
1815 4776 1976 4830 illum
2001 4777 2274 4841 statuunt,
2306 4772 2454 4826 inter
2479 4786 2621 4841 quos
2648 4769 2986 4824 nominandi
3015 4774 3148 4825 sunt
3170 4773 3234 4824 A.
3265 4771 3477 4827 Walter
3508 4773 3574 4842 (3)

205 4858 272 4907 et
301 4855 573 4909 Rossbirt
602 4857 694 4926 (4),
719 4857 816 4912 ille
855 4861 1088 4932 Bonnaa,
1119 4863 1509 4938 Heidelbergze
1549 4867 1638 4921 hic
1679 4867 1977 4938 professor.
2007 4865 2212 4919 Censet
2235 4861 2448 4915 Walter
2473 4864 2767 4914 auctorem
2810 4864 3090 4927 nostrum,
3125 4876 3297 4930 quem
3339 4861 3575 4916 Benedi-

203 4945 384 4997 ctum
418 4943 672 4998 Levitam
696 4947 1054 5004 collectorem
1084 4951 1705 5026 Pseudocapitularium
1733 4955 1905 5010 fuisse
1937 4951 2272 5023 suspicatur,
2304 4949 2532 5004 nonnisi
2561 4949 2958 5004 collectionem
2990 4964 3274 5003 canonum
3300 4949 3580 5021 integram

205 5031 491 5085 Ecclesiae
523 5032 877 5104 disciplinam
907 5039 1386 5110 complectentem
1415 5044 1725 5099 intendisse
1753 5050 1810 5098 et
1841 5044 1899 5098 in
1930 5059 1995 5097 ea
2024 5040 2274 5096 maxime
2315 5040 2606 5108 institisse,
2635 5056 2762 5110 quae
2789 5041 2926 5092 tunc
2965 5038 3237 5110 temporis
3264 5040 3448 5111 magis
3475 5058 3577 5096 ne-

198 5123 614 5193 gligebantur.
645 5126 801 5182 Idem
829 5130 948 5184 fere
980 5132 1256 5200 Rossbirt,
1286 5133 1384 5204 qui
1414 5150 1484 5188 ex
1513 5135 1705 5190 codice
1748 5129 2160 5202 Bambergensi
2200 5146 2233 5183 a
2273 5145 2330 5182 se
2377 5129 2596 5183 detecto
2641 5144 2700 5182 se
2739 5127 2950 5182 eruisse
2992 5133 3176 5198 putat,
3209 5128 3577 5186 Mercatorem

195 5214 486 5266 nostrum
511 5215 666 5285 prius
693 5217 946 5274 confecta
975 5224 1035 5274 ut
1057 5221 1372 5291 plurimum
1401 5225 1723 5296 apocrypha
1751 5223 2078 5280 adhibuisse
2104 5237 2232 5293 quae
2263 5219 2472 5274 Graeca:
2496 5216 2864 5290 potissimum
2898 5216 3136 5288 originis
3163 5217 3336 5274 fuisse
3367 5224 3575 5289 censet,

244 5419 364 5504 ξφ.)
419 5420 1484 5504 Antonii‘fl‘heiner,_quem_a_fratre
1536 5431 1842 5504 Augustinc

1692 5431 1854 5486 Istino
2025 5431 2095 5504 (3)
2130 5431 2359 5504 Walter,
2389 5425 2821 5504 Kirchenrecht,
2859 5424 3113 5504 lO.‘A_uﬂ_.
3145 5425 3176 5497 §
3205 5428 3290 5504 73.

191 5487 543 5573 distinguas
602 5493 805 5573 yelim,
845 5495 915 5573 de
945 5487 1504 5573 rPseudoisidoriana
1567 5487 1851 5557 canonum
2129 5502 2190 5556 C.
2218 5503 2278 5556 T.
2311 5487 2598 5573 Rosshirt;
2633 5487 2899 5573 Von‘den
2940 5487 3193 5573 falschevn
3223 5495 3574 5573 Decretalen,

186 5559 574 5643 wlLectione.
604 5565 976 5643 Yratislaviaz,
1014 5571 1169 5643 l_827_,
1954 5559 2301 5643 Voranzeige
2346 5559 2686 5643 Heidelberg
2719 5569 2872 5643 1847.
2904 5574 2960 5623 et
2972 5586 3006 5643 _:
3038 5566 3259 5643 Zuden
3302 5559 3574 5643 KircheyQ

281 5631 362 5716 Ε)
395 5632 858 5716 ᾼὺῂᾶηηάιιξηεθῃ
897 5631 1281 5716 d_er_Be_rli_ner
1302 5643 1628 5699 Academia.
1658 5645 1849 5716 lahrg.
1952 5631 2306 5716 reclitlichen
2344 5641 2582 5716 Quellen
2610 5631 2707 5716 das
2733 5641 2924 5716 ersten
2972 5635 3468 5716 Fahrtausendsn.
3501 5640 3580 5694 Ζιι

185 5702 355 5785 1831’:
379 5706 445 5785 ‘et
479 5703 552 5783 .in
585 5702 874 5785 Savigiiy’s
901 5710 1446 5785 _Zeitsc_l_1_riftfiirge,
1481 5702 1851 5770 schichslicﬁe
1953 5717 2065 5772 den
2127 5702 2723 5770 Pseudoisidorischen
2799 5708 3154 5773 Decretalen,
3221 5706 3579 5783 Heidelberg,

179 5771 833 5846 Rechtswissensclfafs,
901 5781 1000 5835 Bd.
1074 5781 1136 5836 1x
1202 5771 1451 5854 Heftvll',
1512 5803 1567 5858 p.
1633 5790 1732 5842 us
1796 5791 1852 5841 et
1956 5771 2110 5843 ists.

179 5859 378 5915 seqq.

189 6001 483 6174 οὔ)θῷ

624 5914 904 6016 ΡΑτιιοι.¹
950 5949 1176 6017 CXXX.
3148 5969 3190 6013 α
