4046 6188
448 328 500 374 Vt
1329 292 1631 371 APPEND.‘
1657 315 1745 370 AD
1782 315 1939 370 sae.
1983 312 2069 369 1x.
2103 344 2171 353 —
2214 314 2518 371 lSlDORUS
2555 312 2935 374 MERCATOR.

446 462 633 518 neque
651 450 786 501 tunc
803 439 1077 516 temporis
1107 440 1166 497 id
1192 458 1298 515 pro
1322 442 1527 498 fraude
1549 441 1807 498 habitum
1837 440 2123 513 ejusmodi
2146 441 2513 511 documenta,
2534 459 2662 514 qua
2690 443 2952 515 personis
2983 447 3040 498 et
3064 443 3233 499 rebus
3263 443 3653 512 convenirent,
3676 442 3805 500 defi-

447 536 729 591 cientibus
757 534 1040 606 genuinis,
1072 549 1435 605 componere.

520 633 611 687 His
643 631 1027 686 accensendus
1056 634 1144 686 est
1168 628 1227 685 et
1251 630 1497 703 inclytus
1522 633 1616 687 ille
1662 633 1794 687 fidei
1836 636 2232 704 propugnator
2262 632 2513 687 Moehler
2539 633 2631 703 (Ei),
2662 632 2759 703 qui
2790 632 3107 687 Decretales
3151 630 3412 685 fraudem
3450 631 3605 702 piam
3639 632 3803 689 fuisse

443 725 634 775 censet
664 723 721 775 in
748 722 966 776 bonum
994 722 1271 777 libertatis
1302 722 1696 777 ecclesiastica
1722 726 2035 793 peractam.
2064 722 2205 777 Cum
2236 722 2392 776 enim
2419 722 2755 776 tristissimis
2780 721 2892 776 illis
2920 720 3273 792 temporibus
3308 721 3560 774 humana
3585 721 3800 776 divina-

443 827 554 881 que
582 810 779 865 omnia
804 810 1305 881 permiscerentur,
1325 817 1497 883 atque
1519 812 1705 866 omnis
1730 810 2032 866 auctoritas
2060 812 2374 866 viventium
2404 811 2761 883 contemptui
2792 811 3119 877 haberetur,
3145 810 3476 881 produxisse
3512 815 3800 865 auctorem

440 901 605 953 illum
628 899 790 970 quasi
823 900 1198 971 obloquentes
1227 901 1563 956 veneranda
1592 901 1945 973 antiquitatis
1979 917 2269 973 personas.

511 997 712 1051 Tertia
744 998 937 1051 classis
964 1003 1222 1053 auctores
1252 1016 1439 1053 veram
1467 1000 1726 1055 fraudem
1752 1000 2083 1067 admittunt,
2113 1017 2242 1072 qua
2268 1004 2463 1056 tamen
2496 1016 2684 1071 neque
2705 1000 2888 1055 Roma
2914 998 3270 1069 processerit,
3302 1014 3490 1069 neque
3528 999 3804 1053 Romanoc

444 1102 573 1140 rum
618 1086 921 1141 utilitatem
970 1087 1300 1143 intenderit.
1344 1089 1439 1143 Vel
1485 1090 1640 1143 enim
1684 1093 1750 1143 ut
1795 1090 2029 1160 Spittler
2060 1090 2153 1159 (6),
2180 1090 2359 1143 Plank
2391 1091 2461 1160 (7)
2493 1094 2549 1145 et
2588 1088 3048 1144 Drole—Hnlshofl‘
3078 1088 3149 1157 (8)
3182 1088 3498 1142 Decretales
3543 1089 3803 1143 adversus

442 1179 780 1246 potestatem
814 1176 1288 1247 metropoliticam
1316 1176 1557 1232 directas
1584 1178 1798 1248 dicunt,
1824 1179 1909 1232 vel
1942 1184 2003 1232 ut
2028 1179 2213 1233 Knust
2239 1178 2335 1249 (9),
2363 1179 2463 1250 qui
2490 1184 2547 1233 et
2571 1179 2692 1250 ipse
2727 1178 3097 1233 Benedictum
3127 1177 3375 1232 Levitam
3407 1177 3802 1249 Moguntinum

440 1270 731 1318 auctorem
776 1270 956 1333 vocat,
985 1265 1055 1319 ad
1086 1265 1429 1320 vindicanda
1463 1267 1596 1337 jura
1626 1267 2028 1340 episcoporum
2072 1269 2195 1322 tum
2242 1267 2510 1323 adversus
2543 1267 2776 1337 laicalia,
2808 1273 2932 1322 tum
2964 1266 3255 1338 synodalia
3288 1266 3505 1336 judicia
3536 1266 3804 1320 confictas

442 1359 693 1409 censent.
730 1353 946 1433 Quibus
970 1355 1310 1409 accensendi
1340 1360 1488 1423 sunt,
1517 1356 1616 1427 qui
1641 1373 1759 1428 pra
1788 1359 2007 1413 cateris
2027 1358 2191 1413 nobis
2218 1357 2534 1428 genuinum
2559 1356 2937 1412 Decretalium
2962 1356 3178 1410 fontem
3206 1355 3648 1425 pralucentibus
3674 1372 3804 1411 sane

442 1443 567 1497 aliis
597 1442 932 1514 indigitasse
960 1444 1241 1499 videntur.
1271 1447 1334 1499 A.
1367 1446 1858 1502 Wasserschleben
1886 1448 1990 1518 (10)
2026 1454 2082 1504 et
2112 1447 2344 1503 Gfrorer
2371 1447 2477 1519 (11)
2502 1449 2735 1502 censent
2775 1446 2927 1501 enim
2972 1445 3269 1517 Otgarium
3311 1445 3425 1499 sive
3464 1446 3803 1516 Autgarinm

440 1533 934 1604 archiepiscopum
980 1533 1375 1603 Moguntinum
1415 1534 1485 1589 ad
1527 1535 1867 1590 vindicanda
1911 1538 2034 1592 sedi
2079 1539 2426 1608 Moguntina
2474 1535 2818 1608 primatialia
2848 1536 2905 1589 in
2939 1535 3299 1589 Germaniam
3331 1535 3487 1605 jura,
3516 1551 3692 1606 porro
3736 1537 3802 1589 ad

442 1623 650 1678 tuenda
686 1623 953 1677 adversus
981 1622 1271 1695 principes
1303 1626 1360 1678 et
1394 1625 1638 1695 synodos
1668 1625 2067 1698 episcoporum
2098 1628 2255 1700 jura,
2286 1630 2416 1698 post
2461 1628 2807 1681 conventum
2843 1624 3369 1680 Theonisvillanum
3398 1625 3536 1678 anni
3563 1628 3667 1679 835
3701 1626 3803 1679 De-

439 1714 679 1768 cretales
704 1712 935 1783 congeri
963 1728 1203 1767 curasse.
1235 1713 1334 1769 Cui
1367 1713 1623 1785 opinioni
1652 1715 1849 1771 saltem
1879 1720 1943 1772 ut
1966 1716 2341 1789 probabiliori
2372 1714 2593 1771 accedit
2616 1716 2701 1770 vir
2728 1731 2846 1770 non
2875 1714 2995 1769 sine
3016 1713 3189 1768 laude
3215 1712 3606 1767 nominandus
3632 1715 3804 1768 Caro-

441 1805 529 1859 lus
554 1802 748 1858 Hcfcle
777 1802 904 1873 (t2),
931 1801 1064 1857 licet
1090 1819 1193 1873 pro
1218 1819 1301 1872 ea,
1331 1820 1442 1875 qua
1469 1808 1554 1860 est
1580 1806 1855 1861 modestia
1885 1812 1941 1862 et
1960 1807 2161 1878 judicii
2195 1806 2588 1862 moderatione
2622 1804 2983 1859 difﬁcultates
3009 1820 3126 1859 non
3150 1802 3488 1857 dissimulet.

510 1904 619 1956 Nos
646 1901 732 1955 his
763 1900 1002 1954 ducibus
1030 1900 1140 1955 tria
1165 1902 1527 1972 potissimum
1553 1903 1625 1958 ad
1656 1904 2026 1961 enodandum
2068 1905 2220 1961 istud
2251 1905 2501 1976 anigma
2542 1903 2845 1958 statuimus
2877 1919 2890 1957 :
2928 1907 2982 1957 l°
3011 1901 3333 1956 Decretales
3366 1917 3554 1972 neque
3588 1902 3801 1968 Roma,

444 2007 629 2062 neque
665 1990 871 2044 saculo
898 2005 1013 2056 vni,
1041 1990 1141 2043 sed
1165 1994 1248 2057 2°,
1282 1992 1488 2047 saoulo
1517 2009 1570 2047 Ix
1600 1993 1887 2050 mediante
1930 1994 1990 2049 in
2019 1996 2370 2049 Francorum
2402 1994 2615 2049 ditione
2657 1993 2975 2058 confectas;
3006 1990 3257 2062 denique
3285 1994 3344 2045 3°
3371 1989 3675 2045 verisimile
3706 1990 3799 2044 ad-

442 2082 679 2136 modum
732 2078 910 2133 videri
963 2079 1260 2148 Otgarium
1309 2080 1709 2152 Moguntinum
1763 2085 2260 2157 archiepiscopum
2317 2087 2632 2152 auctorem,
2682 2084 2768 2138 uti
2822 2083 3021 2137 dicunt
3076 2081 3359 2136 moralem
3419 2080 3802 2135 Decretalium

439 2170 631 2227 fuisse.

509 2269 615 2334 Qui
658 2268 1155 2324 Pseudoisidorum
1194 2270 1392 2325 Roma
1422 2272 1628 2326 saculo
1657 2288 1751 2327 vni
1782 2275 2086 2329 collectum
2118 2274 2337 2340 dicunt,
2366 2287 2434 2327 eo
2462 2270 2821 2342 potissimum
2858 2273 3203 2341 argumento
3246 2268 3529 2333 nituntur,
3559 2266 3802 2337 capitula

438 2375 565 2430 qua
613 2358 882 2412 dicuntur
922 2359 1195 2413 Hadriani
1244 2360 1285 2427 Ι,
1319 2359 1434 2415 sive
1477 2360 1831 2432 Angilramni
1878 2362 2134 2419 Metensis
2161 2364 2265 2434 (l3)
2295 2379 2364 2417 ex
2408 2358 2838 2415 Pseudoisidoro
2881 2362 3164 2428 excerpta,
3194 2355 3399 2411 eadem
3437 2353 3562 2425 ipsa
3603 2357 3799 2407 autem

439 2448 777 2504 testantibus
808 2448 1065 2520 pluribus
1092 2449 1377 2505 codicibus
1404 2450 1511 2523 (14)
1538 2451 1607 2505 ab
1637 2452 1921 2507 Hadriano
1953 2454 1973 2506 Ι
1999 2451 2373 2522 Angilramno
2405 2451 2603 2504 Roma
2628 2447 2837 2503 tradita
2862 2447 3057 2501 fuisse.

507 2541 911 2594 Verumtamen
937 2538 1141 2594 invicte
1173 2539 1422 2595 ostendit
1447 2541 1934 2596 Wasserschleben
1962 2541 2124 2596 illam
2145 2541 2408 2596 codicum
2437 2538 2868 2610 inscriptionem
2898 2536 3338 2609 praeferendam,
3363 2551 3491 2606 qua
3513 2534 3585 2587 ab
3614 2532 3804 2604 Angit-

438 2646 640 2685 ramno
668 2629 924 2700 pontiﬁci
954 2629 1135 2683 oblata
1167 2632 1423 2696 testatur,
1456 2646 1587 2684 cum
1621 2634 1725 2685 785
1759 2631 1950 2686 Romae
1990 2630 2366 2686 accusationis
2394 2628 2722 2684 amovenda
2762 2643 2933 2681 causa
2958 2631 3301 2681 versaretur.
3335 2626 3477 2678 Nam
3522 2624 3581 2677 in
3613 2623 3800 2677 omni-

438 2722 543 2775 bus
571 2720 754 2790 magis
779 2718 1125 2773 conveniunt
1151 2718 1485 2790 disciplina,
1508 2736 1638 2791 qua
1664 2720 1724 2775 in
1754 2721 2102 2777 Francorum
2128 2736 2312 2792 regno
2341 2718 2663 2790 prasertim
2691 2716 2881 2789 quoad
2908 2715 3155 2787 synodos
3174 2713 3548 2787 provinciales
3568 2712 3801 2783 vigebat

437 2826 613 2882 quam
640 2809 743 2878 illi,
767 2824 943 2880 quam
967 2813 1103 2863 tunc
1123 2809 1405 2880 temporis
1423 2809 1720 2881 pontiﬁces
1745 2811 2225 2883 propugnabant;
2248 2810 2365 2864 imo
2386 2808 2661 2864 nonnulla
2683 2810 2817 2861 sunt
2842 2823 2969 2878 qua
2987 2806 3216 2876 juribus
3245 2804 3583 2876 pontiﬁcum
3607 2803 3801 2857 minus

438 2900 625 2954 favere
652 2899 935 2968 videntur,
964 2903 1029 2953 ut
1057 2899 1307 2969 capitula
1333 2904 1386 2967 6,
1417 2902 1507 2971 20,
1538 2904 1627 2968 27,
1653 2904 1743 2957 28.
1773 2903 1980 2957 Fontes
2008 2901 2279 2973 denique,
2307 2916 2372 2955 ex
2412 2898 2617 2970 quibus
2654 2898 2856 2951 hausta
2885 2900 3017 2950 sunt
3051 2895 3317 2966 capitula,
3344 2895 3386 2949 ii
3416 2911 3527 2949 non
3569 2897 3702 2948 sunt
3730 2907 3800 2947 ex

436 2989 641 3060 quibus
682 2989 967 3043 Romanus
1014 2988 1272 3059 pontifex
1319 2990 1616 3059 hausisset,
1644 2991 1803 3046 verbi
1831 2992 2035 3063 gratia,
2066 2990 2413 3062 synodorum
2453 2987 2824 3057 hispanarum
2867 2990 2923 3039 et
2968 2983 3379 3055 gallicanarum
3430 2983 3678 3048 decreta,
3712 2981 3799 3035 lex

434 3078 881 3150 Visigothorum,
907 3076 1254 3133 breviarium
1293 3080 1697 3136 Alaricianum.
1740 3083 1856 3137 lmo
1903 3099 2017 3136 non
2064 3080 2273 3136 desunt
2302 3079 2431 3150 (l5),
2460 3077 2559 3149 qui
2602 3081 2890 3143 censeant,
2924 3074 3074 3129 dicta
3120 3073 3364 3145 capitula
3405 3072 3634 3128 serioris
3679 3087 3799 3126 esse

435 3170 618 3226 atatis
650 3172 708 3224 et
731 3168 802 3223 ab
833 3167 957 3239 ipso
984 3168 1296 3224 Mercatore
1323 3170 1474 3225 ﬁcta.

507 3266 823 3322 Invalidum
850 3269 937 3320 est
964 3266 1141 3337 igitur
1166 3272 1573 3338 argumentum
1603 3271 1761 3343 quod
1787 3271 1838 3327 ei
1874 3271 2137 3327 innititur
2171 3275 2470 3342 pratensa
2509 3267 2738 3333 rationi,
2767 3264 3009 3336 capitula
3039 3260 3400 3333 Angilramni
3431 3262 3626 3314 Roma
3658 3274 3799 3313 con-

434 3360 583 3414 fecta
608 3359 817 3424 fuisse;
850 3356 1039 3412 deﬁcit
1069 3373 1208 3428 ergo
1235 3359 1409 3414 locus.
1442 3362 1645 3417 Verum
1674 3363 1882 3418 falsum
1909 3367 1995 3417 est
2019 3362 2191 3418 etiam
2219 3378 2287 3416 ex
2320 3360 2442 3431 ipso
2470 3360 2777 3415 Mercatore
2808 3357 3079 3426 excerpta
3106 3353 3309 3418 fuisse;
3346 3366 3489 3420 ergo
3521 3347 3709 3403 deficit
3742 3350 3802 3399 et

433 3455 680 3520 tempus.
712 3447 862 3502 Nihil
886 3447 945 3501 in
977 3446 1048 3501 iis
1075 3453 1159 3503 est
1194 3449 1348 3520 quod
1376 3466 1547 3522 scopo
1594 3455 1649 3507 et
1689 3452 1982 3524 principiis
2020 3448 2565 3507 Pseudoisidorianis
2608 3445 2930 3519 prasertim
2971 3444 3115 3499 circa
3150 3440 3541 3497 accusationes
3580 3437 3797 3508 episco-

436 3556 639 3611 porum
667 3537 990 3593 conveniat.
1021 3538 1160 3593 Nam
1199 3556 1326 3610 qua
1352 3540 1413 3595 in
1443 3541 1666 3597 duobus
1692 3543 1956 3614 capitulis
1995 3559 2065 3599 ex
2100 3542 2310 3597 Isidoro
2340 3540 2707 3595 inveniuntur
2734 3535 3059 3607 desumpta,
3090 3533 3147 3588 in
3176 3531 3371 3587 codice
3397 3544 3516 3584 uno
3546 3527 3802 3581 melioris

433 3633 586 3684 nota
611 3628 809 3683 deesse
835 3627 1130 3698 seriusquc
1167 3627 1510 3700 interpolata
1539 3632 1712 3688 fuisse
1737 3636 1976 3689 testatur
2003 3632 2517 3688 Wasserschleben.
2554 3630 2673 3683 lmo
2717 3626 2993 3682 nonnulla
3033 3626 3168 3678 sunt
3206 3622 3266 3676 in
3307 3621 3395 3689 iis,
3422 3634 3550 3689 qua
3585 3615 3804 3671 Isidoro

433 3718 842 3784 contradicant,
891 3720 955 3771 ut
1005 3734 1126 3790 cap.
1199 3722 1251 3788 6,
1307 3722 1391 3788 l2,
1447 3724 1537 3789 27,
1590 3725 1680 3779 28.
1736 3724 2031 3779 Manifestu

2192 3726 2250 3777 :st
2312 3739 2342 3778 e
2386 3719 2673 3778 contrario
2742 3716 3019 3771 Isidorum
3077 3728 3143 3767 ex
3201 3710 3573 3781 Angilramno
3641 3706 3790 3760 hau-

433 3810 590 3876 sisse,
646 3824 777 3863 cum
837 3823 1270 3879 nonnunquam,
1332 3810 1432 3866 ubi
1482 3812 1576 3867 hic
1634 3814 1824 3871 fontes
1884 3831 2018 3871 suos
2073 3813 2391 3870 accuratius
2451 3806 2802 3878 allegaverit,
2856 3804 2951 3857 ille
3008 3800 3161 3854 vario
3213 3797 3387 3853 modo
3461 3796 3802 3851 immutatos

438 3898 662 3955 reddat.

506 4002 699 4071 Neque
726 4001 928 4055 melius
955 4002 1200 4056 Theiner
1228 4005 1285 4056 et
1314 4002 1597 4056 Eichhorn
1638 4002 1941 4057 nonnullas
1975 3997 2514 4058 Pseudoisidoriana
2544 3990 2891 4048 collectionis
2918 3990 3131 4061 partes,
3161 3989 3227 4042 ut
3251 3984 3517 4058 epistolas
3542 3983 3799 4039 Pseudo-

437 4090 829 4155 clementinas,
862 4089 1236 4142 donationem
1260 4090 1638 4159 Constantini,
1672 4093 1835 4161 gesta
1861 4090 2150 4163 Sylvestri,
2172 4106 2205 4144 a
2232 4087 2469 4145 testibus
2490 4081 2687 4141 saculi
2713 4078 2916 4148 octavi,
2938 4082 3005 4133 ut
3033 4076 3313 4132 Hadriano
3339 4074 3440 4129 lin
3467 4074 3708 4146 epistola
3728 4076 3801 4131 ad

437 4178 991 4248 CarolumMagnum
1010 4177 1242 4244 directa,
1264 4177 1563 4249 capitulari
1585 4180 1837 4250 quodam
1859 4180 1993 4235 anni
2014 4182 2139 4249 806,
2165 4178 2328 4234 dictis
2349 4174 2689 4248 quibusdam
2709 4168 2995 4243 Agobardi
3014 4166 3410 4239 Lugdunensis
3428 4170 3486 4220 et
3502 4165 3801 4220 Theodulti

438 4267 867 4323 Aurelianensis
884 4266 1009 4338 jam
1030 4267 1328 4323 advocatas
1359 4266 1547 4324 fuisse.
1573 4269 1717 4325 Nam
1741 4271 1876 4325 satis
1902 4276 2144 4338 constat,
2168 4266 2447 4341 ejusmodi
2469 4264 2808 4320 documenta
2830 4260 2955 4332 jam
2974 4263 3107 4314 ante
3137 4256 3423 4312 Isidorum
3450 4254 3584 4311 ficta
3602 4253 3798 4324 fuisse,

440 4359 538 4431 qui
564 4374 699 4412 sane
728 4374 840 4412 non
868 4358 1057 4413 solum
1088 4357 1329 4429 decepit,
1363 4358 1460 4413 sed
1490 4361 1549 4413 et
1585 4358 1704 4432 ipse
1733 4359 1792 4415 in
1824 4359 2017 4415 multis
2044 4359 2313 4431 deceptus
2340 4362 2444 4413 est.

512 4457 637 4525 Alii,
668 4473 810 4528 quos
844 4456 966 4527 jam
1004 4457 1213 4512 saculo
1252 4473 1347 4513 Vill
1375 4458 1642 4513 exstantis
1683 4458 2005 4514 Mercatoris
2049 4458 2393 4513 documenta
2426 4454 2625 4509 volunt
2672 4466 2814 4520 esse,
2838 4448 3096 4521 juniores
3139 4445 3524 4501 Decretalium
3570 4446 3799 4497 auctore

439 4549 599 4604 facile
631 4547 965 4619 probantur.
1011 4548 1129 4602 Huc
1164 4548 1413 4619 pertinet
1456 4548 1714 4603 Remedii
1757 4548 2042 4606 Curiensis
2084 4547 2337 4604 collectio
2384 4559 2691 4609 canonum,
2721 4557 2891 4614 quam
2915 4540 3078 4611 jussu
3108 4535 3296 4594 Caroli
3321 4534 3511 4605 Magni
3540 4532 3795 4587 conscri-

442 4638 617 4712 psisse
645 4638 869 4705 dicitur,
899 4653 1033 4693 cum
1065 4638 1279 4708 titulus,
1312 4638 1401 4693 cui
1433 4638 1585 4693 dicta
1610 4638 1800 4710 opinio
1826 4639 2109 4707 innititur,
2141 4641 2311 4712 plane
2337 4637 2612 4693 confictus
2641 4633 2712 4688 sit
2743 4634 2870 4704 (l6).
2899 4632 3016 4686 Huc
3036 4631 3092 4684 et
3110 4624 3505 4698 reponendum
3525 4626 3610 4676 est
3630 4636 3799 4692 argu-

518 4809 585 4878 (5)
615 4806 958 4882 Fragmente
979 4822 1084 4882 aus
1113 4806 1243 4882 und
1256 4805 1399 4882 iiber
1422 4806 1835 4882 Pseudoisidor,
1860 4807 2067 4882 Ttibin-
2168 4808 2375 4882 linger,
2395 4802 2577 4882 freit.
2857 4797 2957 4853 Bd.
3000 4865 3033 4882 η
3217 4860 3479 4882 manu:

443 4860 1043 5003 ﬁegtliQuarmlschriﬂ
1119 4879 1274 4932 l829.
1333 4860 2064 4950 Heft"d."iaiii~§.'i§s_2.
2157 4860 2608 5005 ζέῗᾷᾑῌὲῗε,
2654 4871 2942 4941 Tubinger
2994 4864 3164 4922 theol.
3215 4860 3553 4929 Zeitschrift,
3597 4861 3787 4929 Jahrg.

493 4966 523 5003 e
635 4991 645 5001 .
2042 4966 2052 4974 ·
2317 4990 2329 5002 .
2407 4964 2437 5001 e
2554 4988 2563 4998 .

536 5021 586 5089 6)
614 5018 943 5074 Geschichte
971 5020 1070 5074 des
1100 5020 1477 5078 canonischen
1505 5021 1731 5078 Rechts.
2243 5020 2350 5090 (13)
2381 5018 2518 5073 Vide
2546 5031 2637 5087 ap.
2670 5012 2846 5069 Mansi
2872 5014 2913 5065 ῑο
2941 5009 3046 5076 ΧΠ,
3070 5023 3127 5088 Ρ·
3152 5005 3255 5087 994
3281 5021 3307 5058 ³
3395 5047 3404 5057 ·
3471 5073 3481 5083 .
3571 5072 3581 5082 .

536 5096 584 5130 7i
615 5091 949 5130 ηρςριιίριιιρ
996 5090 1099 5130 am-
1124 5092 1802 5130 phiala-mmmam.th
1854 5092 2068 5130 ηοοοιι-
2243 5091 2347 5130 Im
2380 5089 2448 5130 nr
2498 5086 2825 5130 Rnllnrinins
2869 5083 2939 5130 de
2979 5085 3230 5130 antiquis
3266 5020 3581 5130 cowectlom

535 5071 585 5162 7)
615 5071 949 5146 Geschichte
978 5071 1806 5149 ‘d’ér'éﬁéigiiiéﬁikfééﬁﬁéiien
1854 5092 2068 5149 Gesell-
2243 5071 2347 5159 (14)
2380 5071 2825 5162 Βειΐιενίηἰοδ
2869 5083 2939 5137 de
2979 5071 3230 5162 antiquis
3266 5071 3695 5162 collegtionibus
3731 5074 3801 5162 Δεξ

443 5142 1806 5234 suam;assaahgsaiii;aigobat’w"
2171 5142 2568 5219 ροὴέέιδέίιηιε
2612 5154 3096 5234 ωῃοῃυῐῐικρεξςῐε
3245 5164 3293 5229 ος
3325 5150 3381 5234 σε
3402 5142 3800 5234 βεηιξλεηςιρ

512 5213 1897 5305 (ὦ.διἰινῐίᾶξέιὶὶξῗὶἒᾷέὲῶἒίἶίθῖίᾖὶῖίξιιθωεθοὶιῐε.
2171 5213 2397 5289 calcem
2413 5213 2654 5302 operum
2682 5230 2736 5283 S.
2762 5213 2983 5293 Leonis,
3002 5213 3340 5290 Patrologia
3366 5213 3507 5271 tom.
3534 5214 3663 5283 LVI,
3687 5213 3796 5268 col.

512 5303 581 5376 (9)
614 5306 792 5359 Knust
813 5303 884 5376 de
905 5303 1157 5376 fontibus
1177 5311 1234 5359 et
1259 5305 1495 5361 consilio
1516 5306 2071 5362 Pseudoisidoriana
2171 5307 2294 5361 244.
2385 5374 2421 5376 μ
2614 5369 2680 5376 ___
2720 5370 2755 5376 __
2894 5368 2932 5376 _
3223 5358 3284 5376 η,
3556 5375 3563 5376 γ
3584 5357 3663 5376 μιᾷ,

445 5355 1490 5447 collectior—iis,Gottingae]{nimum
1516 5355 1534 5362 ’
1560 5355 2065 5362 ”””“””“”
2175 5355 2347 5446 ”(ί’5)
2382 5369 2849 5447 Κημειλψεριθιι,
2884 5364 3188 5447 _Be_ttberg,
3223 5355 3801 5447 Kircbengesfzbighte

515 5449 620 5517 (10)
654 5448 739 5501 W.
772 5432 1163 5519 B'eitragevzur
1193 5447 1512 5519 geschichtc
1542 5449 1643 5504 der
1667 5448 1923 5505 falschen
1962 5448 2067 5503 De-
2171 5432 2655 5519 De‘uts'ch._l_an'd’s
2695 5432 2852 5495 Band
2884 5438 2923 5506 l,
2960 5435 3204 5503 Anhang
3247 5435 3303 5486 et
3340 5432 3466 5501 jam
3494 5432 3627 5483 ante
3663 5432 3801 5481 istos

444 5515 712 5583 cretalen,
747 5515 979 5571 lireslau
1006 5519 1160 5573 1844.
1201 5515 1219 5519 ⁷
2173 5515 2461 5573 Ballerinii
2490 5515 2529 5569 l.
2562 5529 2610 5567 c.

513 5568 1290 5661 lii"ﬁliole},i‘ééiiuurger
1328 5591 1505 5647 theol.
1547 5591 1865 5646 Zeitschrift
1913 5591 2068 5658 1847,
2175 5568 3437 5657 "mibi—“17338119311”l-c-CW"§""'
3474 5574 3558 5636 ¹³’
3592 5568 3799 5651 Patro"

544 5678 556 5714 :
600 5591 1037 5715 lintersuchung
1088 5661 1229 5715 iiber
1280 5662 1454 5715 Alter.
1507 5663 1827 5715 Ursm'umr.
1878 5662 2069 5715 Zweck
2175 5664 2214 5715 t.
2242 5589 2505 5715 {.Vlaol.
2534 5657 2662 5715 249,
2694 5670 2722 5707 c
2778 5642 3512 5715 Knust,Wasserschlebeng
3545 5639 3797 5715 Βιοιιιεενν

442 5639 556 5735 et:
1846 5639 2069 5716 'Z-wTe—c'l;
2175 5639 2373 5735 tgghﬁ,
2399 5639 2505 5735 co_l_.
2534 5657 2662 5722 249,
2694 5670 2722 5707 c
2778 5652 2978 5735 Knust,
3001 5639 3797 5735 κίειεεςέςεξοῂιξξξθὲι,31911.ξὲ

440 5731 543 5784 der
588 5732 916 5786 Decretalen
954 5706 1057 5786 dgs
1095 5732 1348 5787 falschen
1396 5706 1879 5799 lsidorsfFreibhr
1912 5734 2068 5801 1848,
2173 5706 2400 5798 Walter,
2454 5706 2979 5801 Kunssmann,_d_ie
3040 5712 3641 5801 Canonensammlung
3697 5706 3798 5763 des

440 5804 498 5859 et
526 5819 539 5859 :
565 5803 899 5858 Geschichte
944 5802 1049 5859 der
1076 5804 1283 5860 ostund
1334 5788 1852 5861 Wessfrankischen
1896 5788 2069 5860 Caro:
2172 5788 2480 5860 Remedius
2513 5814 2622 5854 von
2644 5788 3127 5865 chur,"l‘ubingen
3158 5788 3312 5844 1836.
