4046 6188
1700 297 2208 356 PROLEGOMENA.
3548 316 3622 355 vn

254 434 511 488 mentum
543 430 912 500 desumptum
941 444 1011 484 ex
1041 426 1277 498 epistola
1305 426 1568 496 Gregorii
1598 425 1660 480 IV
1697 425 1767 480 ad
1806 425 2100 496 episcopos
2127 422 2323 478 Gallias
2359 425 2418 477 et
2446 421 2767 478 Germania
2792 420 2927 478 anni
2959 424 3082 491 832,
3116 422 3161 477 si
3187 424 3394 478 nothra
3438 423 3529 489 sit,
3564 431 3625 480 ut

253 521 487 575 Richter
516 521 730 575 censet.
767 519 1176 573 Verumtamen
1206 530 1489 587 ponamus
1515 519 1571 570 et
1592 513 1905 585 genuinam
1934 528 2076 583 esse,
2109 517 2244 568 tunc
2274 511 2441 583 plane
2468 527 2587 566 non
2617 511 2820 582 liquet,
2839 515 3036 567 utrum
3057 511 3181 582 ipsa
3199 528 3270 567 ex
3296 512 3532 580 Isidoro,
3552 530 3625 569 an

251 609 503 665 Isidorus
530 624 600 665 ex
643 608 773 680 ipsa
810 605 1081 662 hauserit.

317 737 591 809 Magnum
616 735 870 807 denique
897 733 1166 806 quiddam
1204 748 1263 787 se
1298 733 1565 803 praestare
1601 728 1715 784 sibi‘
1742 728 1896 784 visus
1924 730 2010 782 est
2038 727 2344 794 Eichhorn,
2377 730 2444 782 ut
2469 725 2623 783 idem
2661 722 2966 795 evinceret,
2994 729 3148 799 quod
3167 729 3400 784 Librum
3425 731 3623 784 Ponti-

248 827 493 894 ﬁmlem,
521 842 636 897 quo
668 824 991 896 prmprimis
1024 840 1164 878 usus
1202 826 1289 877 est
1320 822 1618 888 Mercator,
1655 822 1817 874 extra
1859 816 2079 873 Italiam
2118 815 2476 886 incognitum
2512 815 2705 885 fuisse,
2746 814 2828 871 uti
2862 817 3101 887 putabat
3140 818 3432 873 detexerit.
3462 819 3625 883 Quod

250 916 469 990 oppido
497 916 709 970 falsum
751 919 855 984 est,
888 930 1019 968 cum
1056 916 1113 968 et
1142 913 1293 967 Beda
1326 909 1675 965 Venerabilis
1713 908 1920 963 szeculo
1946 923 2044 962 vm
2074 906 2171 960 illo
2207 921 2340 959 usus
2382 904 2575 969 fuerit,
2614 920 2800 975 neque
2837 905 3023 960 desint
3057 907 3313 975 ejusdem
3352 910 3625 979 temporis

248 1008 479 1063 codices
520 1004 818 1061 Gallicani.
849 1003 959 1059 Sed
1000 1001 1137 1074 quid
1179 1005 1405 1072 tempus
1446 1000 1685 1055 terimus
1720 995 2054 1053 refellendis
2096 996 2337 1049 istorum
2383 993 2733 1061 ratiunculis,
2774 1010 2907 1048 cum
2951 994 3247 1065 pontiﬁces
3289 997 3419 1065 duo,
3464 998 3627 1052 annis

246 1096 438 1150 adhuc
480 1098 588 1150 850
635 1100 691 1149 et
734 1096 858 1162 863,
904 1092 1015 1163 ipsi
1057 1090 1359 1145 canonicas
1388 1088 1772 1143 ‘auctoritates
1817 1088 2236 1151 enumerantes,
2283 1084 2489 1155 quibus
2534 1084 2791 1138 Romana
2838 1083 3086 1138 Ecclesia
3133 1089 3350 1153 utatur,
3398 1088 3627 1141 nonnisi

244 1185 654 1249 decretalium,
694 1199 825 1254 qua:
864 1181 923 1235 in
967 1179 1302 1235 collectione
1335 1177 1677 1249 Dionysiana
1714 1176 1967 1231 auctiore
2006 1173 2393 1241 continentur,
2435 1171 2792 1226 mentionem
2838 1172 3073 1228 faciunt.
3118 1175 3200 1228 Ita
3239 1176 3349 1229 Leo
3388 1177 3473 1243 IV,
3504 1177 3627 1247 epi-

243 1275 398 1329 stola
435 1276 469 1327 2
509 1272 584 1327 ad
618 1271 913 1343 episcopos
950 1267 1256 1323 Britannite
1286 1267 1392 1338 (I7)
1427 1283 1439 1321 :
1478 1288 1506 1315 ‹‹
1538 1267 1616 1320 De
1650 1265 1852 1320 libellis
1888 1271 1946 1321 et
1983 1261 2411 1319 commentariis
2445 1261 2691 1316 aliorum
2731 1277 2847 1316 non
2887 1264 3153 1319 convenit
3189 1265 3439 1337 aliquem
3469 1266 3629 1337 judi-

245 1379 377 1418 care
409 1367 469 1416 et
499 1365 831 1416 sanctorum
854 1359 1226 1414 conciliorum
1252 1372 1499 1412 canones
1528 1356 1852 1426 relinquere
1881 1356 1967 1410 vel
1991 1351 2360 1408 decretalium
2388 1351 2633 1421 regulas,
2662 1351 2716 1405 id
2745 1357 2850 1421 est,
2880 1368 3009 1423 quas
3037 1354 3322 1409 habentur
3344 1356 3501 1427 apud
3527 1372 3632 1411 nos

243 1452 423 1506 simul
465 1466 598 1505 cum
628 1449 743 1503 illis
778 1449 839 1502 in
880 1464 1097 1503 canone
1140 1450 1199 1502 et
1237 1447 1444 1519 quibus
1485 1447 1545 1500 in
1590 1445 1857 1500 omnibus
1894 1441 2279 1500 ecclesiasticis
2322 1440 2537 1494 utimur
2567 1440 2822 1510 judiciis,
2854 1441 2912 1495 id
2952 1446 3055 1509 est,
3092 1445 3506 1515 Apostolorum,
3546 1446 3634 1501 Ni-

245 1558 572 1606 caenorum,
598 1543 1054 1610 Ancyranorum,
1100 1535 1665 1602 Neocaesariensium,
1696 1532 2136 1605 Gangrensium,
2173 1529 2663 1596 Antiochensium,
2715 1530 3160 1600 Laodicensium,
3204 1533 3629 1590 Chalcedone“-

246 1632 408 1685 siam
433 1673 447 1699 ,
508 1626 962 1695 Sardicensium,
1015 1624 1586 1695 Carthaginensium,
1640 1622 2093 1678 Africanensium
2146 1625 2202 1675 et
2250 1636 2380 1674 cum
2434 1618 2545 1673 illis
2596 1619 2809 1690 regulae
2860 1621 3172 1690 prmsulum
3217 1623 3629 1695 Romanorum,

245 1720 533 1786 Silvestri,
563 1718 767 1787 Siricii,
794 1714 1135 1782 Innocentii,
1172 1712 1397 1781 Zosimi,
1436 1712 1744 1779 Ccelestini,
1774 1711 1996 1781 Leonis,
2028 1711 2254 1777 Gelasii,
2293 1709 2507 1775 Hilarii,
2541 1709 2885 1780 Symmachi,
2918 1711 3211 1783 Simplicii.
3239 1714 3333 1769 Isti
3371 1717 3627 1772 omnimo

246 1815 411 1875 sunt,
437 1826 542 1880 per
571 1825 716 1879 quos
746 1806 1010 1877 judicant
1046 1805 1295 1876 episcopi
1336 1807 1392 1859 et
1433 1820 1535 1875 per
1572 1819 1714 1875 quos
1744 1802 1994 1873 episcopi
2033 1802 2199 1857 simul
2243 1806 2300 1855 et
2341 1800 2532 1854 clerici
2555 1799 2905 1871 judicantur.
2938 1802 3075 1856 Nam
3110 1803 3157 1856 si
3194 1804 3304 1858 tale
3336 1808 3636 1863 emerserit

249 1901 341 1955 vel
375 1898 687 1970 contigerit
723 1896 1059 1951 inusitatum
1100 1892 1416 1964 negotium,
1449 1892 1600 1963 quod
1632 1890 1867 1946 minime
1908 1894 2099 1962 posset
2128 1906 2230 1961 per
2258 1888 2396 1944 istos
2422 1888 2596 1958 ﬁniri,
2620 1895 2755 1943 tunc
2782 1890 2828 1943 si
2872 1890 3124 1958 illorum,
3152 1908 3397 1963 quorum
3428 1898 3627 1951 memi-

250 1989 447 2057 nistis,
481 1988 634 2042 dicta
674 1983 1031 2056 Hieronymi,
1074 1982 1401 2053 Augustini,
1452 1980 1653 2036 Isidori
1686 1980 1776 2034 vel
1825 1984 2159 2035 caeterorum
2203 1978 2461 2032 similiter
2503 1982 2830 2032 sanctorum
2874 1977 3177 2033 doctorum
3228 1982 3499 2038 similium
3539 2002 3629 2038 rc-

250 2081 433 2149 perta
464 2076 692 2144 fuerint,
719 2071 1170 2145 magnanimiter
1209 2073 1343 2124 sunt
1379 2068 1679 2125 retinenda
1718 2084 1782 2123 ac
1819 2069 2243 2140 promulganda
2285 2068 2368 2122 vel
2399 2067 2473 2121 ad
2502 2066 2872 2137 apostolicam
2908 2067 3104 2123 sedem
3139 2069 3418 2126 referatur
3446 2072 3515 2128 de
3543 2078 3629 2129 ta-

254 2169 445 2223 libus.

331 2294 449 2348 Nec
488 2291 673 2346 minus
708 2286 965 2344 Nicolaus
1005 2285 1023 2338 I
1070 2283 1367 2355 episcopus
1405 2280 1479 2335 ad
1514 2280 1882 2335 Hincmarum
1926 2280 2305 2337 Rhemensem
2334 2299 2387 2337 a.
2430 2283 2529 2337 863
2565 2281 2668 2351 (l8)
2701 2298 2713 2336 :
2751 2304 2777 2331 ‹‹
2800 2283 3076 2339 Praeterea
3116 2286 3351 2357 quidem
3398 2292 3455 2342 et
3498 2307 3629 2344 san-

244 2385 464 2449 cimus,
492 2397 569 2436 ne
593 2378 833 2452 quilibet
999 2374 1232 2445 impune
1258 2371 1475 2426 audeat
1499 2386 1602 2425 seu
1622 2370 1806 2425 valeat
1830 2370 2015 2425 aliena
2041 2375 2307 2441 expetere
2345 2375 2443 2425 aut
2479 2373 2809 2441 exspectare
2833 2371 3049 2442 judicia
3074 2380 3173 2429 aut
3195 2376 3411 2432 alienas
3440 2385 3636 2433 contra

247 2488 516 2530 canones
549 2468 941 2525 ordinationes
981 2464 1269 2535 suscipere
1306 2462 1394 2515 vel
1435 2460 1508 2515 ad
1544 2460 1683 2515 alias
1717 2460 2037 2532 provincias
2068 2460 2460 2532 irregulariter
2489 2461 2809 2529 convolare,
2842 2462 2941 2515 sed
2978 2463 3060 2517 ita
3097 2468 3159 2517 ut
3188 2465 3545 2522 Nicaenorum
3579 2474 3635 2522 et

246 2568 605 2618 ceterorum
640 2556 1012 2621 conciliorum
1057 2552 1345 2609 canonicis
1382 2550 1813 2605 deﬁnitionibus
1852 2557 1937 2606 est
1975 2551 2402 2622 promulgatum
2443 2556 2499 2606 et
2540 2551 2839 2605 beatorum
2885 2550 3092 2620 Siricii,
3141 2554 3477 2623 Innocentii,
3527 2559 3632 2611 Zo-

248 2652 416 2719 simi,
445 2648 748 2717 leestini,
781 2645 1074 2713 Bonifacii,
1101 2642 1329 2712 Leonis,
1360 2641 1579 2708 Hilarii,
1602 2641 1830 2709 Gelasii,
1855 2641 2115 2713 Gregorii
2144 2658 2206 2695 ac
2225 2646 2561 2697 ceeterorum
2592 2642 2864 2695 Romanae
2887 2642 3036 2696 sedis
3063 2643 3395 2713 pontiﬁcum
3426 2650 3630 2703 consti-

248 2740 585 2796 tutionibus
609 2741 692 2792 est
720 2737 1035 2803 decretum,
1067 2733 1221 2787 salvo
1250 2731 1309 2785 in
1342 2730 1611 2786 omnibus
1632 2730 1764 2801 jure
1792 2732 2113 2801 apostolicae
2137 2730 2306 2785 sedis.
2340 2752 2365 2777 ››

332 2866 488 2930 Quid
518 2864 693 2935 igitur
721 2860 965 2934 longiori
1006 2859 1269 2916 examine
1311 2873 1455 2928 opus
1492 2860 1595 2926 est,
1625 2872 1756 2910 cum
1788 2856 1894 2928 ipsi
1928 2856 2219 2928 pontiﬁces
2255 2873 2313 2910 se
2346 2856 2417 2911 ab
2444 2856 2567 2926 ejus
2594 2856 2750 2911 modi
2788 2857 3014 2912 ﬁctione
3046 2860 3417 2917 alienissimos
3442 2869 3631 2922 osten-

249 2958 418 3021 dant,
452 2955 674 3022 saltem,
699 2951 851 3024 quod
875 2951 1044 3005 modo
1074 2949 1241 3004 nobis
1272 2947 1533 3013 sufﬁciat,
1562 2947 1634 3001 ad
1664 2962 1881 3001 annum
1910 2963 2091 3018 usque
2119 2950 2242 3011 863,
2270 2962 2384 3016 quo
2411 2949 2562 3000 certe
2580 2946 2702 3015 jam
2732 2945 3115 3019 undequaque
3133 2948 3191 3003 in
3206 2950 3398 3007 Galliis
3423 2972 3633 3027 sparsae

249 3048 431 3100 erant
456 3059 678 3106 merces
702 3039 1273 3096 Pseudoisidoriante.

330 3174 387 3225 3.
419 3169 648 3224 Amotis
692 3184 823 3238 quae
857 3165 1178 3235 obstabant,
1222 3164 1294 3219 ad
1333 3164 1571 3236 positiva
1615 3167 1959 3236 argumenta
2003 3164 2379 3236 procedamus
2418 3169 2588 3236 atque
2631 3166 2863 3237 quando
2906 3170 2963 3221 et
3005 3167 3105 3221 ubi
3148 3168 3419 3225 conﬁctus
3463 3172 3637 3226 fuerit

249 3258 731 3315 Pseudoisidorus
767 3262 1099 3311 statuamus.
1142 3256 1200 3310 Id
1238 3254 1560 3327 prieprimis
1599 3257 1820 3309 certum
1858 3253 2081 3308 videtur
2120 3271 2190 3307 ex
2226 3253 2314 3323 iis,
2353 3270 2479 3325 quae
2519 3254 2781 3311 Ballerini
2824 3258 2952 3327 (l9),
2995 3257 3195 3326 Knust,
3229 3261 3633 3317 Wasserschle-

250 3350 373 3404 ben
420 3352 856 3419 congesserunt,
908 3345 1248 3413 rationibus,
1296 3345 1355 3399 in
1399 3344 1613 3400 ditione
1660 3345 2009 3399 Francorum
2056 3344 2270 3399 fraudis
2317 3345 2597 3400 cunabula
2646 3363 2769 3401 esse
2812 3348 3180 3419 requirenda.
3224 3351 3365 3405 Nam
3415 3351 3637 3408 codices

255 3455 471 3494 omnes
503 3442 560 3492 et
603 3436 724 3508 ipse
768 3436 1066 3492 Vaticanus
1112 3453 1170 3490 n.
1220 3438 1343 3503 630,
1383 3436 1481 3507 qui
1525 3435 1782 3490 omnium
1824 3434 2251 3506 antiquissimus
2296 3441 2399 3503 est,
2431 3437 2562 3491 inde
2608 3437 2890 3507 originem
2923 3441 3236 3495 traxerunt.
3270 3434 3580 3496 Decretales
3606 3460 3638 3495 a

254 3528 502 3582 Francis
525 3526 847 3581 auctoribus
871 3525 1124 3597 primum
1159 3525 1502 3597 allegantur,
1538 3526 1723 3580 fontes
1762 3541 1833 3579 ex
1869 3524 2074 3596 quibus
2118 3525 2306 3579 hausit
2336 3526 2822 3595 Pseudoisidorus,
2857 3544 3067 3599 nempe
3106 3529 3335 3585 decreta
3365 3531 3634 3585 concilio-

249 3634 402 3673 rum
434 3617 709 3687 Hispanias
736 3621 794 3671 et
832 3616 1045 3683 Gallia),
1074 3615 1429 3671 Breviarium
1465 3614 1855 3670 Alaricianum
1888 3631 2019 3669 curn
2054 3615 2525 3685 interpretatione
2564 3616 2791 3684 Aniani,
2831 3617 3103 3672 Collectio
3141 3635 3424 3674 canonum
3461 3621 3635 3685 Ques-

253 3706 427 3775 nelli,
462 3706 715 3776 epistolze
752 3708 807 3761 S.
849 3706 1120 3761 Bonifacii
1159 3704 1475 3776 Moguntini
1511 3705 1585 3759 ad
1615 3720 1859 3774 regnum
1885 3703 2319 3773 Carolingorum
2356 3708 2633 3774 spectant.
2671 3707 2937 3760 Collectio
2963 3708 3284 3779 Hispanica,
3317 3725 3487 3780 quam
3521 3727 3637 3763 sua:

251 3796 718 3852 fundamentum
744 3796 881 3851 fecit
902 3796 1366 3851 Pseudoisidorus
1388 3795 1454 3848 iis
1480 3793 1898 3849 mutationibus
1928 3791 2129 3847 affecta
2158 3792 2307 3862 apud
2343 3791 2528 3863 ipsum
2556 3799 2811 3864 apparet,
2844 3812 2970 3866 qum
3002 3798 3059 3850 in
3086 3798 3372 3853 codicibus
3400 3800 3642 3868 originis

250 3888 571 3942 Gallicanae
618 3886 982 3957 reperiuntur
1028 3886 1176 3956 (20):
1211 3884 1312 3940 sed
1359 3887 1416 3938 et
1457 3884 1683 3956 loquela
1727 3884 2002 3938 Francum
2047 3882 2279 3952 prodit:
2315 3898 2368 3936 v.
2421 3899 2475 3954 g.
2522 3886 2676 3938 missi
2711 3884 2978 3937 dicuntur
3021 3885 3218 3955 legati,
3262 3890 3493 3942 seniores
3534 3906 3635 3958 pro

250 3977 518 4032 dominis
554 3976 892 4046 feudalibus,
928 3978 1141 4032 comites
1179 3992 1367 4044 sensu,
1410 3974 1506 4045 qui
1546 3980 1683 4029 tunc
1720 3972 1976 4043 invaluit,
2017 3972 2312 4043 leguntur;
2345 3975 2542 4035 vmu‘re,
2587 3974 2796 4035 habere,
2834 3975 3138 4037 modernus,
3176 3978 3635 4035 custodirevvoca-

251 4067 397 4122 bula
422 4067 504 4121 ad
534 4082 703 4120 usum
729 4067 1390 4122 France-Germanorum
1413 4064 1775 4119 adhibentur.

334 4200 398 4252 In
444 4197 748 4253 statuendo
788 4197 1005 4252 fraudis
1047 4203 1308 4270 tempore
1351 4197 1663 4252 terminum
1706 4197 1776 4252 ad
1828 4212 2000 4268 quem
2040 4194 2341 4251 indubiam
2387 4195 2662 4250 habemus
2702 4196 2759 4251 in
2793 4198 3084 4271 conventu
3130 4198 3496 4255 Carisiacensi
3538 4218 3637 4255 an-

250 4290 317 4344 ω
341 4292 482 4355 857,
515 4287 616 4358 qui
640 4287 1234 4342 Pseudodecretalibus
1259 4287 1570 4343 certissime
1595 4304 1731 4342 usus
1757 4289 1862 4343 est.
1894 4287 2223 4343 Terminum
2252 4303 2284 4340 a
2313 4302 2427 4357 quo
2458 4286 2780 4341 Blondellus
2808 4291 2865 4341 et
2892 4288 3200 4357 Ballerinii,
3236 4290 3636 4345 Wasserschle-

253 4379 395 4443 ben,
420 4376 665 4431 Gfrorer
691 4376 750 4431 in
776 4377 1059 4448 synodum
1097 4377 1472 4433 Parisiensem
1507 4394 1658 4432 anno
1693 4380 1816 4447 829,
1846 4378 2059 4433 Walter
2095 4376 2155 4431 in
2198 4376 2495 4448 epistolam
2536 4376 2796 4447 Gregorii
2836 4379 2899 4431 IV
2932 4395 2983 4431 a.
3023 4381 3146 4447 832,
3180 4380 3359 4433 Knust
3384 4380 3442 4434 in
3469 4398 3636 4452 syno-

257 4468 407 4522 dum
435 4469 767 4538 Aquensem
797 4470 922 4534 836,
944 4483 1271 4540 rcposuere,
1306 4484 1373 4523 eo
1403 4469 1556 4541 quod
1584 4468 1860 4540 impostor
1888 4484 1955 4523 ex
1980 4467 2118 4538 ipsis
2143 4466 2391 4521 hausisse
2415 4466 2695 4521 videatur.

332 4597 411 4648 At
465 4592 781 4648 istiusmodi
825 4596 1230 4663 argumentum
1268 4610 1384 4649 non
1431 4593 1677 4649 solidum
1709 4594 1842 4648 satis
1882 4593 2125 4648 videtur.
2174 4592 2457 4656 Quaeritur
2504 4593 2660 4648 enim
2703 4593 2761 4648 in
2802 4594 3081 4665 ejusmodi
3123 4597 3366 4666 casibus,
3411 4599 3535 4668 quis
3573 4618 3642 4653 ex

260 4684 519 4753 duobus,
550 4698 695 4753 quos
730 4683 809 4737 ita
846 4698 1155 4738 consonare
1195 4683 1403 4751 videas,
1435 4687 1499 4737 ut
1532 4683 1602 4737 ab
1636 4684 1873 4739 invicem
1908 4684 2158 4756 pendere
2195 4699 2425 4738 necesse
2460 4682 2550 4751 sit,
2579 4685 2822 4739 alterum
2860 4688 3081 4741 secutus
3115 4687 3307 4755 fuerit,
3341 4690 3467 4760 quis
3497 4708 3639 4761 prir-

259 4775 525 4830 cesserit.
570 4773 823 4828 Sufﬁciat
850 4773 1028 4843 igitur
1066 4773 1388 4845 praaprimis
1425 4775 1593 4831 nobis
1641 4775 1933 4846 aliquanto
1974 4778 2107 4831 ante
2154 4777 2498 4831 conventum
2542 4774 2985 4832 Carisiacensem
3030 4784 3310 4848 tempore,
3346 4780 3564 4853 saeculo
3594 4797 3643 4833 ιχ

257 4864 596 4929 mediante,
620 4863 1115 4920 Pseudoisidorum
1142 4864 1203 4919 in
1229 4866 1414 4920 lucem
1440 4867 1711 4937 erupisse.

332 4996 390 5050 4.
425 4995 503 5049 Ut
543 4996 740 5048 autem
783 4995 1013 5066 penitus
1053 4996 1112 5050 in
1154 4996 1441 5063 tenebras,
1483 5013 1614 5068 qua:
1651 4996 1947 5068 epocham,
1977 5002 2291 5065 auctorem,
2323 5013 2556 5068 scopum
2591 4996 3184 5053 Pseudodecretalium
3215 5004 3529 5070 contegunt
3554 5002 3643 5055 in-

259 5084 700 5157 trospiciamus,
732 5087 978 5156 oportet,
1005 5090 1072 5140 ut
1112 5085 1184 5140 ad
1223 5085 1398 5140 alium
1434 5087 1760 5141 falsatorem
1793 5086 2051 5157 ejusdem
2088 5087 2212 5154 sevi,
2253 5087 2352 5158 qui
2392 5085 2822 5142 Pseudoisidoro
2867 5087 3361 5157 conjunctissimus
3400 5090 3642 5156 videtur,

259 5178 542 5232 animum
572 5175 954 5232 advertamus.
988 5177 1323 5232 Benedictus
1351 5177 1397 5232 is
1428 5181 1533 5245 est,
1566 5178 1758 5234 Levita
1781 5179 2149 5250 Moguntinus
2186 5180 2312 5250 ('21),
2343 5178 2441 5249 qui
2472 5180 2539 5232 ut
2573 5178 2692 5248 ipse
2731 5178 2790 5231 in
2829 5177 2916 5231 sui
2954 5178 3141 5249 operis
3178 5180 3512 5251 prtefatione
3544 5182 3644 5246 ait,

253 5268 511 5337 iubente
551 5266 947 5339 arhiepiscopo
990 5283 1091 5322 suo
1136 5267 1391 5340 Otgario,
1419 5285 1628 5324 novam
1671 5268 2066 5325 collectionem
2099 5268 2530 5342 Capitularium,
2569 5285 2699 5340 quae
2730 5268 3010 5340 Ansegisii
3046 5269 3305 5341 syllogen
3334 5271 3642 5341 suppleret,

260 5375 327 5411 ex
361 5355 668 5411 schedulis
691 5373 837 5428 quas
869 5357 1183 5429 Riculphus
1223 5358 1510 5430 quondam
1548 5359 2005 5432 archiepiscopus
2037 5367 2419 5432 congesserat,
2451 5358 2863 5415 conﬁciendam
2894 5359 3002 5414 sibi
3028 5359 3341 5431 proposuit.
3373 5360 3483 5414 Ista
3513 5374 3643 5413 vero

341 5568 458 5640 {17)
488 5568 689 5642 gansi,
711 5569 777 5642 Ῑ.
802 5568 940 5642 XIV,
970 5570 1091 5625 884.
2018 5640 2053 5642 ᾼ
2091 5569 2194 5638 (21)
2226 5568 2357 5638 Ejus
2399 5583 2557 5642 opus
2580 5565 2809 5642 vide_in
2849 5564 3057 5642 Baluzii
3098 5562 3408 5642 Capitular.
3443 5575 3645 5642 regum

342 5632 455 5706 αθ)
488 5632 686 5707 Mansi,
708 5639 770 5695 Τ.
800 5641 907 5709 XV,
926 5632 1062 5696 374.
2016 5632 2210 5694 Frane.
2244 5632 2302 5694 et
2331 5632 2482 5710 apu'd
2525 5638 2683 5692 Pertz
2720 5638 2971 5693 Monum.
3005 5632 3323 5691 Germanias
3353 5632 3641 5692 historica.

339 5710 460 5782 (It?)
484 5711 661 5783 με..
687 5711 795 5783 δι,
824 5714 999 5783 ιινίιί,
1028 5713 1240 5768 Patrol.
1276 5718 1318 5768 t.
1350 5713 1477 5782 LIV,
1507 5713 1615 5768 col.
1646 5716 1771 5769 250.
2016 5712 2171 5767 Tom.
2197 5712 2284 5778 IV,
2315 5726 2449 5782 pag.
2471 5711 2559 5765 39.
2598 5712 2742 5781 App.

343 5768 454 5853 {eoi
479 5768 796 5853 Μηδὲ-ἃλίῇ
831 5782 967 5839 ibid.
988 5768 1053 5838 et
1083 5801 1140 5839 n.
1180 5787 1265 5854 49,
1294 5784 1420 5839 coll.
1451 5768 1576 5840 iss.
1606 5785 1669 5839 ι).
