4046 6188
487 337 578 374 \‘lll
1363 322 1648 378 APPEND.
1691 323 1779 377 AD
1819 322 1977 378 SEC.
2021 323 2104 378 IX.
2141 351 2208 361 -—
2249 322 2556 378 lSlDOHUS
2593 322 2975 379 MERCATOR.

486 449 765 514 praetensa
789 443 1132 515 Capitularia
1157 460 1375 500 merces
1405 452 1537 501 sunt
1566 448 1639 502 ad
1662 449 1900 504 modum
1932 447 2342 504 Pseudoisidori
2366 447 2618 518 undique
2646 463 2902 502 corrasae.
2935 447 3109 500 Porro
3136 461 3269 516 pars
3310 446 3534 502 circiter
3559 446 3831 515 vicesima,

482 551 688 606 nempe
719 539 784 588 57
816 533 1165 603 capitularia,
1208 551 1277 588 ex
1305 536 1734 592 Pseudoisidoro
1773 538 2076 609 desumpta
2120 541 2272 604 sunt,
2305 537 2386 591 ita
2422 541 2488 591 ut
2530 537 2729 607 negari
2759 537 2935 608 possit
2972 552 3182 590 nexum
3223 536 3374 589 inter
3404 538 3706 607 utrumque
3730 538 3832 592 im-

483 629 772 694 postorem
817 622 1108 691 interesse,
1139 629 1200 677 ut
1245 624 1328 678 vix
1375 641 1492 680 non
1527 626 1678 680 dicas
1724 643 1903 681 unum
1947 632 2117 699 atque
2169 627 2432 682 eumdem
2467 643 2609 695 esse,
2655 627 2753 697 qui
2797 642 3045 680 canones
3080 629 3135 679 et
3171 624 3497 694 capitularia
3528 626 3834 695 supposuit,

484 713 796 782 eademque
839 711 1118 782 principia
1160 716 1503 785 spargenda,
1535 717 1915 788 eumdemque
1952 719 2127 772 tinem
2165 717 2387 789 legibus
2423 720 2544 770 tum
2581 716 2971 770 ecclesiasticis
3010 721 3130 768 tum
3177 713 3432 768 civilibus
3459 714 3840 784 supponendis

483 800 885 871 attingendum
925 801 1033 855 sibi
1072 804 1452 874 proposuisse.
1493 807 1807 877 Utrumque
1842 807 2051 862 librum
2079 807 2295 878 jungit,
2340 806 2640 877 eidemque
2669 805 2889 860 auctori
2915 804 3115 858 tribuit
3150 804 3480 858 Hincmarus
3513 804 3841 857 Rhemensis

483 891 539 944 in
574 891 848 962 opusculo
875 895 1072 944 contra
1109 893 1471 948 Hinemarum
1513 896 1952 964 Laudunensem
1968 915 1984 965 ;
2033 914 2079 951 c.
2125 898 2214 963 24,
2254 899 2414 950 vocat
2450 895 3038 950 Pseudoisidorianam
3067 894 3317 964 syllogen
3354 893 3560 946 librum
3586 893 3839 947 collecta-

479 998 609 1035 rum
641 981 1014 1053 epistolarum
1041 981 1110 1035 ab
1139 983 1368 1050 Isidoro,
1400 1001 1572 1055 quem
1600 986 1668 1041 de
1698 987 1962 1058 Hispania
1992 987 2224 1042 allatum
2254 985 2510 1041 Hiculfus
2539 985 2905 1056 Moguntinus
2929 984 3230 1055 episcOpus
3257 983 3315 1037 in
3342 983 3689 1052 hujusmodi,
3710 985 3842 1038 sicut

479 1076 528 1125 et
553 1073 609 1124 in
636 1071 889 1141 capitulis
918 1073 1078 1138 regiis
1109 1071 1374 1128 obtinuit.

551 1189 662 1242 Hoc
704 1187 994 1258 supposito
1037 1187 1187 1242 intra
1225 1191 1496 1248 arctiores
1531 1195 1672 1250 ﬁnes
1712 1195 2225 1251 Pseudoisidoriani
2268 1195 2458 1266 operis
2490 1199 2679 1250 ortum
2720 1194 3070 1263 restringere
3112 1191 3320 1246 licebit.
3363 1189 3640 1244 Nimirum
3668 1191 3842 1244 Bene-

479 1279 657 1332 dictus
701 1278 794 1331 ille
840 1278 1026 1332 Levita
1065 1279 1266 1335 iterato
1298 1283 1402 1353 (22)
1449 1289 1706 1355 testatur,
1741 1303 1799 1340 se
1829 1303 1971 1357 opus
2005 1303 2173 1340 suum
2213 1285 2480 1340 defuncto
2514 1283 2794 1339 Ludovico
2827 1283 2946 1349 Pio,
2979 1281 3349 1352 regnantibus
3377 1281 3502 1350 ejus
3529 1279 3679 1347 ﬁliis,
3710 1296 3847 1349 quos

479 1383 644 1437 reges
668 1367 791 1437 jam
824 1371 1000 1437 vocat,
1019 1368 1182 1438 jussu
1203 1371 1418 1441 Otgarii
1444 1374 1856 1446 archiepiscopi
1882 1375 2298 1446 conscripsisse.
2322 1374 2497 1444 Atqui
2524 1373 2839 1428 Ludovicus
2860 1372 2983 1440 840,
3007 1371 3270 1441 Otgarius
3291 1371 3391 1424 847
3415 1369 3715 1423 defunctus
3735 1374 3845 1437 est;

477 1464 706 1528 tempus
734 1458 973 1529 proinde
1004 1457 1410 1516 intermedium
1441 1465 1670 1535 epochaz
1701 1465 1991 1520 Benedicti
2018 1465 2225 1520 Levitaa
2252 1462 2665 1535 assignandum
2699 1462 2824 1529 erit,
2854 1460 3204 1532 proindeque
3230 1458 3716 1521 Pseudoisidorus,
3737 1474 3846 1528 quo

479 1547 575 1601 ille
608 1549 802 1616 utitur,
827 1548 1115 1619 aliquanto
1147 1554 1403 1621 tempore
1432 1555 1726 1624 praecedit.

551 1669 602 1719 5.
627 1665 1031 1719 Verumtamen
1062 1666 1118 1720 id
1146 1666 1456 1723 minimum
1485 1671 1594 1725 erit
1625 1673 2017 1740 emolumenti,
2048 1673 2201 1744 quod
2234 1689 2302 1728 ex
2337 1671 2627 1726 Benedicti
2656 1687 2785 1726 cum
2815 1669 3243 1726 Pseudoisidoro
3271 1684 3421 1722 nexu
3449 1670 3656 1721 nostrae
3681 1679 3842 1734 ques-

479 1754 618 1808 tibni
644 1754 919 1825 proﬁciat.
942 1756 1068 1809 Jam
1099 1758 1404 1829 vestigium
1439 1761 1669 1832 aliquod
1711 1762 1957 1817 auctoris
1994 1766 2250 1833 apparet,
2273 1761 2512 1832 jamque
2550 1776 2783 1832 scopum
2814 1760 2990 1831 ipsius
3022 1775 3092 1813 ex
3120 1762 3446 1829 temporum
3477 1757 3844 1825 locorumque

476 1845 922 1900 circumstantiis
952 1863 1172 1914 eruere,
1204 1850 1592 1922 epochamque
1619 1853 1856 1907 confecti
1887 1852 2075 1925 operis
2100 1851 2524 1906 accuratissime
2550 1849 2936 1905 determinare
2960 1849 3167 1903 licebit.

550 1972 669 2026 Duo
699 1976 850 2037 sunt,
883 1972 978 2042 qui
1007 1972 1080 2025 ad
1108 1973 1664 2030 Pseudoisidorianas
1691 1994 1909 2032 merces
1944 1977 2303 2031 fabricandas
2338 1991 2676 2030 concurrere
2707 1979 3018 2046 potuerunt
3047 1993 3058 2028 :
3095 1973 3370 2038 Hiculfus,
3399 1971 3499 2041 qui
3529 1970 3843 2034 schedulas,

477 2077 545 2114 ex
573 2061 776 2130 quibus
805 2060 1157 2127 Benedictus,
1193 2062 1551 2134 proindeque
1576 2067 1697 2136 ejus
1725 2084 1932 2138 parens
1961 2069 2044 2122 vel
2079 2067 2252 2122 frater
2278 2066 2737 2121 Pseudoisidorus
2776 2065 3112 2128 hauserunt,
3147 2060 3445 2129 congessit,
3475 2063 3532 2113 et
3563 2059 3843 2130 Otgarius,

475 2166 648 2221 quem
678 2150 1008 2204 Benedictus
1035 2150 1140 2204 sibi
1177 2168 1322 2222 opus
1349 2152 1605 2210 intulisse
1632 2156 1866 2212 fatetur.

549 2277 832 2331 Hiculfum
863 2276 986 2346 jam
1027 2277 1362 2332 Hincmarus
1396 2280 1584 2334 senior
1609 2281 1868 2354 plerique
1900 2281 2257 2354 antiquiores
2288 2285 2416 2353 post
2439 2280 2626 2352 ipsum
2658 2282 2950 2334 auctorem
2981 2278 3361 2333 Decretalium
3393 2273 3660 2346 suspicati
3695 2276 3844 2326 sunt.

478 2367 713 2437 Scripsit
751 2367 844 2420 ille
882 2366 940 2420 in
972 2368 1245 2436 Opusculo
1281 2371 1482 2423 contra
1509 2370 1874 2427 Hincmarum
1906 2374 2338 2429 Laudunensem
2367 2389 2416 2427 c.
2449 2373 2520 2426 24-
2549 2388 2561 2425 ;
2595 2390 2621 2424 ‹‹
2653 2370 2709 2426 Si
2738 2385 2870 2424 vero
2896 2369 3024 2424 ideo
3052 2367 3208 2433 talia,
3243 2383 3371 2437 quae
3399 2364 3503 2418 tibi
3536 2363 3654 2417 visa
3693 2367 3844 2430 sunt,

477 2457 546 2510 de
572 2456 820 2527 praefatis
849 2455 1142 2510 sententiis
1180 2457 1580 2530 (Angilramni)
1618 2477 1682 2516 ac
1712 2479 1863 2535 saepe
1895 2464 2228 2520 memoratis
2266 2461 2515 2534 epistolis
2544 2459 2936 2516 detruncando
2964 2461 3019 2512 et
3047 2454 3511 2530 praeposterando
3553 2456 3727 2522 atque
3758 2450 3846 2504 di-

478 2545 819 2601 sordinando
852 2545 1147 2615 collegisti,
1183 2547 1317 2617 quia
1360 2548 1508 2604 forte
1555 2553 1765 2621 putasti
1805 2554 2097 2609 neminem
2135 2555 2311 2608 alium
2340 2552 2570 2607 easdem
2597 2549 2908 2604 sententias
2937 2548 3022 2602 vel
3068 2548 3218 2618 ipsas
3249 2545 3514 2616 epistolas
3552 2545 3761 2614 praeter
3789 2559 3848 2595 se

476 2637 705 2703 habere,
737 2641 794 2690 et
826 2636 1032 2690 idcirco
1061 2637 1193 2691 talia
1223 2638 1397 2694 libere
1425 2645 1481 2694 te
1510 2641 1848 2697 existimasti
1881 2661 2046 2715 posse
2081 2644 2381 2715 colligere;
2407 2658 2498 2696 res
2523 2640 2670 2694 mira
2699 2643 2804 2706 est,
2841 2655 2972 2692 cum
2997 2637 3066 2692 de
3093 2636 3228 2708 ipsis
3257 2634 3550 2690 sententiis
3579 2633 3751 2702 plena
3778 2631 3849 2683 sit

477 2727 582 2781 ista
607 2733 778 2794 terra,
811 2726 952 2782 sicut
981 2731 1038 2781 et
1063 2727 1131 2780 de
1163 2727 1306 2782 libro
1333 2729 1705 2786 collectarum
1737 2733 2106 2804 epistolarum
2135 2734 2206 2788 ab
2238 2732 2469 2800 Isidoro,
2499 2747 2667 2802 quem
2691 2730 2759 2784 de
2786 2728 3049 2798 Hispania
3077 2727 3315 2781 allatum
3340 2723 3594 2780 Riculqu
3621 2725 3850 2792 Mogun-

476 2818 630 2871 tinus
659 2817 952 2888 cpiscopus
981 2817 1040 2870 in
1072 2817 1400 2888 hujusmodi
1427 2820 1570 2874 sicut
1595 2824 1649 2874 et
1678 2822 1736 2876 in
1768 2824 2030 2894 capitulis
2055 2823 2228 2893 regiis
2259 2822 2540 2877 studiosus
2566 2820 2812 2875 obtinuit
2852 2823 2910 2872 et
2946 2819 3081 2872 istas
3120 2816 3388 2888 regiones
3416 2831 3481 2869 ex
3513 2814 3612 2867 illo
3644 2811 3850 2882 repleri

473 2907 622 2961 fecit.
657 2928 683 2954 ››
725 2907 897 2977 Atqui
927 2907 1304 2962 certissimum
1336 2912 1420 2964 est
1449 2909 1814 2966 Hincmarum
1861 2913 1950 2968 hic
1993 2930 2207 2968 errasse
2255 2911 2767 2981 collectionemque
2805 2907 3392 2963 Pseudoisidorianam
3433 2921 3564 2960 cum
3601 2903 3850 2974 genuina

478 2998 722 3068 Hispana
749 2996 1091 3051 confudisse.

547 3124 684 3176 Nam
711 3140 779 3178 ex
808 3121 1200 3177 monumentis
1231 3124 1335 3194 (23)
1363 3128 1582 3179 ccrtum
1615 3133 1716 3194 est,
1763 3128 2108 3185 Rachionem
2149 3131 2696 3200 Argentoratensem
2736 3126 3063 3196 episcopum
3104 3123 3302 3176 ΒίουΠί
3331 3121 3758 3190 suifraganeum
3793 3132 3844 3169 ει.

477 3216 576 3270 788
619 3214 992 3268 lsidorianam
1037 3213 1346 3284 genuinam
1389 3232 1678 3270 canonum
1723 3219 2116 3274 collectionem
2163 3218 2443 3274 conscribi
2487 3233 2734 3272 curasse.
2769 3213 3254 3269 Verisimillimum
3301 3213 3384 3264 est
3428 3207 3852 3279 autographum

476 3305 616 3359 illud
655 3305 842 3376 ipsum
881 3304 1070 3373 fuisse,
1110 3305 1261 3375 quod
1305 3305 1590 3360 Riculfum
1621 3323 1689 3361 ex
1729 3308 1990 3380 Hispania
2028 3309 2280 3364 attulisse
2323 3308 2658 3362 Hincmarus
2697 3303 3006 3359 contendit.
3048 3303 3221 3356 Porro
3263 3299 3358 3353 illo
3407 3302 3686 3367 tempore,
3741 3312 3853 3365 quo

474 3396 780 3467 Moguntina
808 3395 953 3450 sedit
981 3396 1250 3463 Hiculfus,
1287 3411 1495 3466 nempe
1529 3396 1600 3450 ab
1627 3413 1781 3452 anno
1814 3401 1916 3453 787
1946 3400 2015 3454 ad
2051 3416 2267 3454 annum
2306 3414 2488 3470 usque
2527 3399 2627 3452 813
2667 3412 2780 3449 non
2813 3410 2894 3448 ea:
2922 3395 3085 3448 erant
3111 3395 3441 3462 temporum
3472 3387 3850 3441 circumstan-

478 3486 592 3552 tiae,
626 3503 763 3556 quas
808 3484 1078 3556 supponit
1123 3485 1612 3553 Pseudoisidorus,
1644 3492 1705 3541 ut
1730 3489 2045 3543 sacerdotes
2091 3488 2573 3560 opprimerentur,
2601 3485 2755 3539 bona
2796 3480 3174 3537 ecclesiastica
3215 3477 3623 3548 diriperentur,
3652 3473 3854 3543 hisque

478 3574 706 3641 similia,
737 3591 864 3646 qua:
897 3575 1093 3628 Carolo
1125 3575 1325 3643 Magno
1366 3577 1643 3644 regnante
1672 3592 1788 3630 non
1829 3584 2151 3633 occurrunt.
2182 3577 2467 3632 Hiculfum
2502 3574 2822 3630 Blondellus
2861 3571 2991 3626 novi
3021 3569 3234 3642 aliquid
3265 3567 3521 3622 intulisse
3550 3563 3769 3633 colligit
3789 3577 3854 3616 ex

478 3666 513 3717 Ι.
546 3681 621 3719 vu
651 3665 961 3734 Capitular.
991 3667 1116 3730 281,
1159 3663 1252 3717 ubi
1284 3663 1380 3718 ille
1411 3665 1473 3719 in
1511 3671 1794 3721 conventu
1834 3665 2243 3722 Wormaciensi
2283 3663 2542 3736 Gregorii
2585 3662 2882 3735 epistolam
2922 3660 3177 3715 attulisse
3213 3656 3478 3721 traditur,
3506 3653 3668 3722 cujus
3695 3651 3856 3704 nulla

479 3759 610 3808 ante
636 3770 739 3808 nec
769 3758 896 3823 post
927 3752 1202 3806 memoria
1231 3752 1463 3808 exstitit.
1499 3755 1707 3809 Verum
1737 3755 1856 3810 haec
1882 3756 2105 3812 sincera
2135 3761 2258 3810 erat
2288 3755 2531 3826 epistola
2562 3752 2822 3822 Gregorii
2851 3753 2895 3804 ll
2917 3749 2985 3803 ad
3009 3749 3061 3803 S.
3094 3745 3468 3801 Bonifacium.
3496 3742 3584 3796 Ait
3617 3741 3853 3809 quidem

479 3843 812 3898 Benedictus
839 3841 896 3896 in
926 3859 1155 3897 suorum
1184 3843 1596 3914 Capitularium
1628 3847 1982 3917 praefatione.
2019 3869 2047 3899 ‹‹
2069 3849 2194 3901 Haec
2223 3863 2357 3901 vero
2393 3843 2659 3913 capitula,
2683 3857 2810 3912 qua:
2837 3840 2897 3891 in
2929 3833 3407 3905 subsequentibus
3437 3831 3618 3884 tribus
3645 3829 3858 3883 libellis

478 3933 806 3990 coadunare
835 3932 1174 4000 studuimus,
1209 3933 1268 3987 in
1299 3933 1533 3988 diversis
1557 3935 1691 3989 locis
1711 3942 1767 3990 et
1801 3937 1860 3990 in
1892 3937 2127 3990 diversis
2153 3933 2459 4002 schedulis,
2489 3931 2633 3984 sicut
2657 3931 2717 3984 in
2749 3926 2983 3982 diversis
3013 3923 3245 3995 synodis
3273 3939 3336 3977 ac
3362 3920 3578 3994 placitis
3608 3936 3854 3991 genera-

478 4025 626 4079 libus
653 4023 804 4077 edita
837 4027 1018 4089 erant,
1061 4022 1300 4090 sparsim
1339 4023 1661 4077 invenimus
1700 4029 1757 4078 et
1793 4024 2044 4079 maxime
2081 4025 2140 4078 in
2179 4027 2389 4078 sanctos
2427 4017 2898 4091 Moguntiacensis
2937 4014 3268 4085 metropolis
3299 4011 3554 4068 ecclesiae
3584 4011 3794 4066 scrinio
3825 4029 3858 4066 a

480 4113 698 4168 Riculfo
725 4111 981 4181 ejusdem
1007 4112 1214 4162 sanctae
1240 4109 1387 4163 sedis
1419 4113 1855 4182 metropolitano
1882 4113 2175 4168 recondita
2217 4118 2274 4167 et
2305 4113 2539 4167 demum
2583 4109 2654 4164 ab
2693 4106 2960 4162 Autcario
2993 4104 3237 4160 secundo
3265 4103 3389 4173 ejus
3414 4118 3736 4156 successore
3765 4105 3825 4156 at
3849 4132 3855 4136 -

479 4219 592 4274 que
626 4198 1052 4268 consanguineo
1085 4197 1316 4250 inventa
1352 4200 1690 4270 reperimus,
1725 4220 1852 4275 qua:
1879 4204 1936 4258 in
1970 4205 2080 4259 hoc
2121 4203 2394 4274 opusculo
2421 4207 2623 4256 tenore
2657 4196 3042 4268 suprascripto
3072 4196 3323 4250 inserere
3361 4193 3687 4248 maluimus.
3723 4216 3750 4241 »
3785 4194 3858 4246 At

481 4293 610 4363 quis
640 4295 725 4344 est
750 4294 865 4342 tam
895 4303 1098 4352 caecus,
1131 4293 1196 4340 ut
1224 4303 1341 4341 non
1372 4289 1558 4344 videat
1584 4292 1640 4346 id
1669 4293 1738 4348 ab
1763 4295 2070 4366 impostore
2098 4295 2293 4349 ﬁctum
2317 4293 2510 4358 fuisse,
2534 4294 2596 4345 ut
2619 4289 2734 4344 suis
2751 4287 3044 4359 ﬁgmentis
3065 4285 3464 4340 auctoritatem
3500 4283 3852 4349 conciliaret,

481 4398 611 4437 cum
645 4385 759 4434 tam
790 4379 959 4448 longe
989 4377 1216 4449 lateque
1246 4383 1446 4434 notum
1474 4386 1636 4452 esset,
1668 4385 1951 4440 Riculfum
1983 4383 2334 4455 incognitam
2363 4383 2656 4452 hucusque
2689 4379 2798 4432 illis
2824 4377 2882 4430 in
2912 4375 3246 4447 regionibus
3275 4390 3563 4429 canonum
3597 4373 3855 4444 syllogen

482 4491 549 4529 ex
580 4471 844 4543 Hispania
874 4469 1161 4524 detulisse.
1196 4470 1451 4543 Denique
1482 4474 1820 4530 Benedictus
1851 4492 1921 4530 ne
1950 4476 2183 4547 quidem
2214 4471 2404 4528 omnia
2430 4488 2486 4526 se
2512 4488 2580 4526 ex
2602 4469 2802 4525 Hiculti
2825 4467 3111 4523 schedulis
3141 4465 3380 4520 traxisse
3409 4462 3720 4528 contendit,
3751 4461 3853 4514 sed

483 4583 546 4620 ex
575 4561 808 4620 diversis
834 4559 972 4616 locis
999 4564 1056 4614 et
1080 4560 1311 4615 chartis.

553 4687 602 4736 6.
646 4683 834 4751 Longe
876 4679 1039 4734 aliter
1079 4695 1167 4734 res
1206 4695 1264 4732 se
1307 4677 1497 4747 habet,
1534 4679 1580 4732 si
1607 4678 1679 4733 ad
1708 4679 1922 4751 Otgarii
1963 4679 2215 4734 indolem
2260 4692 2464 4748 resque
2504 4674 2574 4729 ab
2615 4689 2682 4728 eo
2724 4673 2910 4744 gestas
2948 4669 3335 4740 respiciamus.
3371 4666 3487 4718 Duo
3529 4666 3680 4731 sunt,
3719 4681 3854 4738 quae

485 4774 858 4844 impostorem
891 4769 1201 4825 intendisse
1244 4769 1613 4824 manifestum
1645 4773 1732 4824 est
1763 4787 1775 4824 :
1803 4769 2088 4825 vindicare
2130 4768 2422 4840 episcopos
2454 4781 2487 4818 a
2527 4762 2817 4818 laicalibus
2856 4761 2964 4832 (24)
3007 4762 3065 4812 et
3105 4753 3464 4828 synodalibus
3495 4754 3600 4844 (25)
3620 4754 3856 4824 judiciis

484 4843 750 4934 falsisque
775 4858 1225 4915 accusationibus
1253 4875 1564 4931 eorumque
1591 4859 1737 4914 bona
1767 4877 1800 4914 a
1831 4859 2148 4931 direptione
2185 4854 2537 4912 sazcularium
2575 4852 2721 4908 tueri
2754 4853 2879 4921 (26),
2913 4854 2969 4904 et
2992 4847 3284 4921 primates,
3328 4843 3852 4934 quosgprimusﬂille

488 4932 1021 5008 latius—inducendos
1055 4950 1218 5005 docet
1251 4951 1376 5019 (27),
1408 4967 1550 5021 quos
1573 4951 1796 5020 judices
1815 4967 1937 5008 esse
1957 4951 2097 5018 vult,
2129 4947 2198 5004 ad
2229 4962 2370 5017 quos
2401 4961 2433 4997 a
2457 4943 2673 5014 judicio
2698 4936 3120 5010 metropolitani
3149 4934 3437 5006 appellare
3461 4932 3646 5000 liceat,
3681 4933 3850 4987 eil'er-

562 5217 664 5284 (22)
693 5216 847 5286 Pertz
864 5215 977 5286 leg.
1013 5215 1078 5276 ll,
1098 5213 1160 5286 rb.
1197 5231 1252 5284 p.
1285 5217 1372 5281 39,
1406 5231 1462 5286 p.
1494 5215 1582 5270 40.
2225 5220 2365 5270 nent
2389 5209 2656 5286 civitates,
2687 5218 2929 5278 quarum
2953 5201 3264 5286 episcopos.
3279 5199 3518 5286 apostoli
3545 5203 3609 5286 et.
3631 5214 3858 5280 succes-

565 5269 668 5356 (23)
694 5269 1046 5358 ϐωιιὼίὶἶθιτ,
1068 5269 1310 5358 Histoire
1331 5269 1649 5358 d'e‘l’Eglise
1670 5287 1738 5342 de
1760 5286 2120 5358 Strasbourg,
2225 5269 2379 5341 sores
2401 5269 2794 5358 apostolorum
2820 5269 3166 5358 regulariter:
3174 5269 3527 5358 patriarchas
3559 5273 3616 5358 et
3636 5270 3859 5358 prima:

495 5362 532 5414 1.
566 5341 690 5421 filii,
717 5361 774 5410 et
799 5356 982 5426 pieces
1005 5341 1298 5426 jiistiﬁcat.
1325 5374 1381 5411 n.
1418 5341 1545 5412 78*.u
1634 5341 1641 5342 ί
1724 5341 1729 5342 ί
2065 5341 2119 5358 ν’
2226 5361 2309 5412 tes
2335 5341 2457 5410 esse
2482 5341 2930 5426 constituerunt,
2950 5346 3057 5401 nisi
3089 5341 3293 5426 aliqua
3322 5357 3464 5412 gens
3485 5341 3860 5426 .deinceps‘ad

562 5413 777 5500 (2i)'l’ii
802 5413 913 5500 ἔρ..
942 5413 1075 5494 1,”2.
1111 5428 1373 5500 Pontiani
1399 5444 1486 5499 ep.
1522 5432 1569 5482 1.
1601 5428 1900 5500 Zephyrini
1934 5445 2023 5498 ep.
2072 5431 2120 5481 1.
2225 5429 2396 5500 ﬁdem
2421 5425 2805 5500 convertatur,
2843 5413 2935 5500 cui
2967 5413 3201 5500 necesse;
3231 5413 3302 5494 sit
3321 5413 3856 5500 propternmultitu:

700 5485 919 5575 Damasi
947 5485 1054 5575 ep.
1193 5499 1318 5554 Julii
1368 5485 1456 5570 epl.
1493 5504 1544 5557 1.
1585 5485 1890 5570 Ζθρὴῇνὶηἱ
1933 5485 2020 5569 ep.
2071 5503 2117 5553 1.
2225 5499 2417 5575 dinem
2443 5485 2981 5575 eorum.primatun‘1
3007 5485 3861 5575 conjstit‘uijuljeliquj

493 5557 715 5626 Damasi
741 5571 793 5625 4.
826 5569 960 5626 Sixti
990 5557 1041 5622 2.
1264 5639 1267 5640 ν
1326 5639 1329 5640 ν
1405 5557 1418 5570 ’
1661 5557 1676 5570 ⁸
1740 5557 1758 5570 ⁷
1969 5557 1984 5569 ι
2224 5557 3029 5640 εὶίδεωειτορρῌωῃθεέθᾲθε
3050 5557 3243 5640 adepti
3261 5560 3412 5640 supt,
3429 5571 3541 5640 non
3560 5557 3861 5640 primates,

587 5643 671 5712 26)
703 5640 786 5714 Pii
824 5658 914 5712 ep.
943 5643 995 5714 2.
1031 5639 1337 5714 Zephyrini
1371 5656 1460 5714 ep_.
1501 5644 1556 5714 2Δ
1578 5641 1650 5695 cf.
1691 5641 2117 5714 Praefationem.
2223 5641 2323 5696 sed
2350 5626 2783 5714 metropolitani
2813 5626 3207 5714 nominentur;
3239 5626 3468 5714 nnMansi
3795 5655 3863 5714 -έ-

583 5697 669 5780 27)
712 5713 808 5783 Ερ.
847 5697 1066 5766 Aniceti
1101 5697 1378 5781 ad'episc.
1405 5697 1612 5783 ‘Gallise
1644 5728 1657 5766 :
1690 5734 1717 5762 «
1754 5712 1900 5767 Nulli
1937 5711 2119 5766 archi-
2223 5714 2396 5769 Clem.
2431 5697 2620 5783 epit,
2651 5704 2785 5783 _Julii
2825 5719 2918 5773 ep.
2956 5705 3009 5768 2,
3037 5717 3122 5783 ,σε’
3273 5697 3482 5783 Felicis.
3507 5697 3550 5783 I‘l
3591 5712 3704 5783 ep.
3729 5699 3778 5762 1,
3811 5713 3861 5783 c.

492 5769 740 5857 episcopi
757 5769 1047 5854 'primates
1074 5769 1364 5852 vocentur,
1399 5782 1506 5836 nisi
1536 5783 1635 5852 illi,
1664 5784 1763 5856 qui
1794 5785 2007 5856 primas
2035 5787 2119 5837 te-
2229 5787 2313 5838 12.
2343 5784 2404 5838 V.
2439 5769 2837 5851 Egyptiorum
2860 5769 2952 5845 ep.
2985 5771 3056 5826 ad
3083 5771 3322 5825 Felicem
3353 5769 3395 5821 ll
3426 5769 3660 5822 Victoris
3683 5782 3775 5839 ep.
3811 5769 3862 5822 1.
