4046 6188
1682 268 2170 323 PROLEGOMENA
2183 308 2194 320 .
3561 290 3608 326 Ix

246 417 298 455 re
347 399 464 453 Alii
491 397 638 452 duos
665 396 830 463 ﬁnes,
861 410 1004 466 quos
1034 395 1297 466 prosequi
1327 395 1515 465 ipsum
1545 393 1756 458 videas,
1786 392 2135 463 pontiﬁciam
2162 394 2560 450 auctoritatem
2577 396 2788 466 jusque
2814 396 3270 467 appellationum
3296 397 3462 467 tueri,
3489 414 3626 452 me--

244 487 727 559 tropolitanorum
755 484 1156 557 prarogativas
1187 484 1532 556 deprimere,
1566 482 1889 539 secundarii
1915 481 2085 552 plane
2113 485 2247 536 sunt
2273 487 2444 554 atque
2475 483 2759 554 prioribus
2785 484 2897 538 illis
2914 485 3293 540 subordinati.
3317 487 3400 540 Ad
3422 486 3609 557 ponti-

243 581 372 633 ﬁces
398 578 560 632 enim
591 575 833 630 recurrit
861 591 952 642 eo,
981 574 1136 646 quod
1165 573 1457 645 episc0pos
1484 574 1543 627 in
1574 573 1710 644 ipsis
1735 571 2148 626 validissimum
2174 572 2443 626 adversus
2469 589 2860 644 oppressorem
2883 576 3145 628 tutamen
3168 573 3464 630 habituros
3483 591 3613 630 con-

241 669 397 724 ﬁdat.
429 667 572 721 Hinc
605 671 662 720 et
701 682 900 722 causas
927 664 1326 735 episcoporum
1351 663 1603 734 majores
1632 667 1802 734 atque
1827 660 2190 732 pontiﬁcibus
2215 665 2529 716 reservatas
2557 665 2678 716 tam
2701 662 2907 718 acriter
2923 667 3134 720 tuetur.
3164 664 3302 728 Qua
3329 666 3542 735 omnia,
3567 667 3611 721 si

241 756 460 828 Otgarii
490 771 678 810 avum
706 755 996 824 vitamque
1027 754 1411 820 conferamus,
1441 753 1587 807 sicut
1617 751 1956 823 impressam
1981 767 2172 806 ceram
2199 751 2388 822 sigillo
2419 751 2763 823 respondere
2793 752 3131 808 videbimus.

308 911 631 967 Ludovicus
669 909 798 965 Pius
838 925 970 964 cum
1005 925 1075 963 ex
1117 909 1299 964 altera
1335 924 1506 964 uxore
1539 907 1771 963 Juditha
1812 906 1995 961 ﬁlium
2039 907 2330 972 Carolum,
2358 906 2454 977 qui
2487 906 2691 961 Calvus
2716 909 2920 978 postea
2950 906 3133 962 dictus
3168 913 3270 977 est,
3300 907 3610 980 genuisset,

241 1019 346 1056 una
380 1018 518 1056 cum
551 999 916 1071 imperatrice
945 1015 1013 1053 eo
1045 998 1344 1068 tendebat,
1387 1001 1450 1052 ut
1482 997 1712 1070 imperii
1752 999 1976 1068 partem
2009 995 2394 1052 secundarum
2425 995 2754 1067 nuptiarum
2795 996 2910 1050 ﬁlio
2940 1002 3317 1068 compararet.
3353 998 3488 1052 Hinc
3515 998 3614 1052 ﬁlii

240 1090 652 1161 lrmengardis,
683 1089 890 1160 prioris
923 1089 1133 1155 uxoris,
1167 1087 1372 1160 quibus
1392 1090 1520 1159 lege
1545 1104 1596 1142 a.
1631 1091 1734 1143 81⁸7
1766 1087 1836 1141 de
1864 1087 2218 1142 successione
2244 1085 2358 1140 lata
2388 1086 2694 1156 imperium
2733 1085 3017 1152 diviserat,
3047 1087 3223 1141 armis
3254 1090 3476 1157 patrem
3505 1087 3610 1141 im-

236 1182 547 1253 petierunt.
579 1182 659 1234 Ex
686 1180 943 1250 ipsorum
976 1177 1233 1250 partibus
1256 1178 1491 1249 plurimi
1517 1194 1586 1232 ex
1614 1176 1859 1248 praelatis
1886 1177 2130 1244 stabant,
2168 1179 2228 1229 ut
2255 1176 2430 1244 Wala,
2463 1176 2782 1245 liilduinus,
2816 1177 3129 1254 Eligachar,
3159 1177 3427 1245 abbates;
3458 1177 3614 1230 Ebbo

235 1270 602 1339 libemensis,
631 1269 968 1340 Agobardus
1003 1267 1420 1340 Lugdunensis,
1447 1269 1597 1323 Jesse
1629 1265 2045 1332 Ambianensis,
2077 1263 2339 1335 Otgarius
2376 1264 2761 1335 Moguntinus,
2795 1265 3065 1337 episcopi.
3115 1267 3221 1320 Res
3258 1281 3324 1320 eo
3358 1265 3618 1320 deducta

237 1365 389 1428 sunt,
416 1365 479 1413 ut
501 1359 815 1430 imperator
832 1357 1227 1429 paenitentiam
1247 1357 1553 1428 publicam,
1577 1356 1851 1411 suadente
1868 1355 2228 1427 potissimum
2248 1353 2477 1409 Ebbone
2495 1354 2827 1418 llhemensi,
2871 1372 3044 1426 agere
3073 1355 3397 1426 compulsus
3422 1355 3615 1420 fuerit,

237 1452 587 1521 lmperatore
619 1455 813 1503 autem
839 1449 1046 1503 misere
1077 1463 1368 1519 oppresso,
1402 1447 1607 1502 mutati
1634 1449 1769 1502 sunt
1795 1446 1853 1499 in
1895 1444 2194 1500 meliorem
2221 1459 2452 1498 sensum
2478 1443 2842 1498 subditorum
2870 1445 3236 1516 ﬁliorumque
3266 1444 3534 1522 Ludovici
3562 1447 3621 1498 et

237 1538 462 1610 Pippini
493 1537 691 1606 animi,
727 1537 806 1592 ita
843 1540 905 1592 ut
936 1537 996 1592 in
1028 1553 1273 1608 regnum
1307 1538 1723 1592 restitueretur.
1772 1538 1927 1591 Tunc
1953 1535 2012 1590 in
2041 1533 2260 1605 synodo
2288 1533 2754 1588 Theonisvillana
2784 1551 2838 1589 a.
2872 1538 2974 1590 835
3003 1535 3296 1606 depositus
3322 1538 3408 1588 est
3438 1535 3614 1600 Ebbo,

237 1635 546 1700 postquam
576 1645 634 1681 se
669 1627 976 1698 indignum
997 1626 1323 1698 episcopatu
1343 1627 1550 1698 scripto
1571 1627 1750 1681 fassus
1769 1626 1984 1693 fuisset,
2013 1623 2108 1678 alii
2129 1622 2368 1676 diversis
2389 1622 2574 1676 modis
2596 1638 2788 1693 poenas
2811 1623 3113 1678 dederunt.
3139 1624 3402 1695 Otgarius
3421 1623 3613 1678 humi-

235 1721 364 1774 liter
391 1719 618 1774 veniam
639 1723 837 1789 petens
862 1721 988 1789 post
1014 1717 1247 1771 brevem
1269 1733 1552 1772 carcerem
1576 1717 1844 1772 dimissus
1875 1720 1975 1770 est.
2009 1713 2286 1769 Defuncto
2313 1712 2620 1779 Ludovico,
2644 1729 2788 1768 nova
2810 1714 2960 1768 inter
2980 1714 3126 1769 ﬁlios
3151 1714 3436 1770 discordia
3457 1730 3617 1769 exar-

237 1810 327 1877 sit,
358 1809 626 1863 Lothario
666 1825 734 1862 eo
765 1809 1057 1874 tendente,
1091 1809 1156 1861 ut
1184 1808 1510 1862 universum
1541 1807 1726 1862 Caroli
1754 1805 1942 1876 Magni
1970 1819 2218 1874 regnum
2249 1801 2356 1856 sibi
2377 1802 2713 1872 subjiceret;
2770 1804 3052 1859 Ludovico
3084 1805 3396 1876 Caroloque
3424 1809 3617 1876 partes

237 1917 367 1953 suas
395 1900 505 1954 sibi
538 1898 971 1953 vindicantibus.
1001 1899 1120 1963 Qua
1149 1897 1208 1952 in
1242 1897 1359 1952 rixa
1389 1897 1652 1969 Otgarius
1684 1895 1894 1951 unitati
1919 1891 2148 1965 imperii
2180 1891 2470 1946 servanda
2493 1891 2714 1962 jugiter
2733 1892 2989 1960 studens,
3010 1909 3044 1946 a
3080 1893 3330 1948 Lotharii
3360 1892 3619 1964 partibus

237 1995 290 2043 et
321 1990 577 2044 Nikardo
610 1993 748 2044 teste
785 1990 886 2058 (28)
915 1988 1177 2043 omnium
1206 1987 1622 2043 infensissimus
1660 1985 1924 2041 Ludovici
1964 1981 2287 2038 Germanici
2318 1981 2672 2036 adversarius
2701 1981 2827 2047 fuit,
2860 1981 2937 2035 ita
2965 1987 3028 2036 ut
3059 1983 3280 2037 devicto
3311 1983 3485 2036 etiam
3515 1983 3619 2036 Lo-

236 2079 433 2132 thario
459 2095 590 2132 cum
615 2078 736 2132 aliis
761 2079 1022 2148 ejusdem
1052 2078 1351 2132 vasallibus
1381 2078 1454 2131 ad
1487 2079 1750 2133 Rhenum
1775 2076 2058 2143 tenderet,
2091 2087 2206 2142 quo
2237 2070 2588 2124 Ludovicum
2607 2087 2640 2123 a
2661 2070 2994 2141 trajiciendo
3013 2070 3254 2126 ﬂumine
3285 2072 3612 2142 impediret.

243 2169 359 2221 Hes
392 2171 586 2221 autem
617 2184 736 2222 cum
765 2169 914 2222 male
943 2169 1188 2234 cederet,
1220 2184 1254 2222 a
1280 2168 1546 2223 Ludovici
1575 2169 1663 2222 ira
1687 2167 1928 2238 aufugit.
1960 2167 2091 2219 Post
2119 2167 2352 2233 pactum
2380 2160 2764 2215 Virodunense
2795 2161 3033 2215 demum
3064 2162 3122 2216 in
3150 2161 3398 2233 gratiam
3428 2161 3615 2216 Ludos

235 2257 351 2312 vici
380 2257 569 2311 rediit.
602 2259 756 2313 Certe
783 2275 938 2313 anno
965 2259 1088 2326 845,
1123 2259 1445 2330 episcopale
1476 2275 1686 2313 munus
1716 2257 2079 2312 exercentem
2107 2257 2163 2309 et
2189 2250 2451 2308 Ludovici
2473 2253 2670 2307 favore
2701 2252 2990 2307 fruentem
3021 2253 3298 2309 videmus.

306 2432 495 2494 Quam
522 2431 673 2484 male
708 2431 873 2485 tantis
899 2430 959 2484 in
988 2430 1166 2485 turbis
1192 2447 1374 2504 eoque
1403 2431 1690 2486 barbarici
1719 2434 1978 2502 tempore
2009 2428 2220 2483 habita
2248 2427 2466 2482 fuerint
2491 2427 2743 2482 ecclesia
2764 2438 3079 2501 earumque
3110 2430 3259 2485 bona
3287 2435 3343 2486 et
3373 2431 3622 2486 ministri

237 2521 326 2574 vix
352 2536 549 2591 opera
581 2520 832 2591 pretium
859 2524 964 2588 est,
999 2525 1063 2575 ut
1091 2537 1160 2575 ex
1181 2521 1439 2591 ejusdem
1469 2521 1702 2592 epocha
1722 2520 1952 2592 synodis
1977 2523 2418 2594 auctoribusque
2441 2524 2772 2594 probemus.
2804 2525 2942 2578 Hinc
2963 2524 3139 2596 igitur
3158 2526 3268 2580 illa
3286 2527 3355 2581 de
3380 2527 3622 2597 direptis

236 2610 492 2664 ecclesiis
521 2611 791 2680 querela.
825 2611 1018 2681 Neque
1046 2611 1258 2666 mirum
1301 2615 1405 2677 est,
1455 2611 1751 2682 Otgarium
1791 2615 1922 2682 post
1960 2611 2162 2680 synodi
2195 2612 2743 2667 Theodonisvillana
2787 2619 2986 2668 contra
3027 2630 3084 2668 se
3124 2618 3182 2668 et
3206 2632 3337 2670 suos
3364 2616 3618 2692 decreta,

237 2701 293 2753 in
315 2700 674 2770 synodorum
699 2700 916 2770 judicia
945 2700 1234 2754 invectum
1260 2700 1456 2770 fuisse,
1491 2703 1765 2772 tantaque
1802 2700 1873 2755 de
1904 2700 2105 2756 formis
2131 2702 2481 2773 judiciorum
2518 2703 2578 2756 iu
2620 2703 2910 2774 episcopos
2949 2704 3344 2759 habendorum
3380 2721 3616 2776 conges-

235 2790 394 2856 sisse,
431 2806 566 2860 qua
593 2791 677 2843 vel
707 2790 884 2844 ictum
913 2789 1221 2844 ferendum
1247 2795 1592 2860 averterent,
1622 2791 1710 2845 vel
1735 2789 1924 2862 potius
1949 2789 2130 2844 latum
2154 2791 2230 2862 inj
2242 2791 2445 2846 ustitia
2466 2797 2796 2863 arguerent.
2817 2794 3019 2865 Aliqua
3039 2794 3213 2849 etiam
3234 2800 3541 2850 occurrunt
3560 2795 3620 2850 in

235 2879 645 2947 Decretalibus,
675 2895 805 2950 qua
834 2884 894 2934 ut
916 2880 1165 2934 ostendit
1192 2881 1381 2935 Acfele
1413 2881 1542 2952 (29),
1586 2880 1885 2952 perspicue
1912 2879 2048 2934 satis
2075 2882 2322 2936 Ebbonis
2357 2883 2772 2938 confessionem
2809 2887 2980 2955 atque
3013 2883 3430 2955 depositionem
3462 2884 3609 2939 indi-

237 2967 423 3038 gitare
456 2969 781 3023 videantur.
835 2971 962 3024 Hac
1004 2969 1160 3024 enim
1199 2969 1395 3024 scribit
1427 2970 1967 3026 Pseudoalexander
2009 2974 2112 3043 (30)
2159 2989 2172 3026 :
2216 2994 2242 3021 ‹‹
2283 2972 2560 3027 Similiter
2593 2973 2638 3027 si
2679 2973 3012 3044 hujusmodi
3052 2973 3308 3043 personis
3355 2973 3619 3044 quadam

233 3061 539 3130 scriptura
559 3077 791 3133 quoquo
815 3062 984 3117 modo
1011 3079 1113 3132 per
1137 3067 1375 3131 metum,
1408 3062 1670 3116 fraudem
1699 3067 1796 3117 aut
1819 3079 1919 3133 per
1945 3062 2060 3116 vim
2091 3067 2328 3118 extorta
2361 3063 2593 3132 fuerint,
2623 3065 2710 3119 vel
2730 3068 2795 3118 ut
2825 3081 2882 3119 se
2918 3063 3162 3118 liberare
3197 3064 3438 3134 possint,
3478 3079 3618 3135 quo-

234 3165 466 3221 cunque
495 3151 569 3203 ab
598 3151 678 3204 eis
703 3151 1040 3222 conscripta
1069 3152 1149 3206 vel
1181 3150 1466 3206 roborata
1494 3151 1709 3207 fuerint
1733 3152 1990 3223 ingenio,
2022 3154 2089 3207 ad
2112 3154 2332 3207 nullum
2362 3155 2440 3208 eis
2470 3153 2874 3225 prajudicium
2902 3157 3001 3208 aut
3027 3157 3392 3208 momentum
3419 3169 3616 3225 perve-

236 3241 356 3293 nire
384 3255 713 3310 censemus,
740 3257 930 3313 neque
952 3241 1132 3295 ullam
1154 3240 1234 3296 eis
1257 3240 1555 3296 infamiam
1577 3241 1666 3295 vel
1683 3243 2028 3298 calumniam
2052 3247 2150 3298 aut
2171 3260 2204 3298 a
2225 3244 2340 3298 suis
2361 3245 2880 3315 sequestrationem
2902 3243 3086 3313 bonis,
3109 3259 3368 3316 unquam
3389 3247 3620 3299 auctore

237 3330 345 3384 Deo
377 3333 440 3384 et
463 3330 677 3385 sanctis
704 3331 978 3402 apostolis
1004 3347 1318 3403 eorumque
1347 3331 1764 3386 successoribus
1789 3319 2076 3388 sustinere
2094 3333 2497 3405 permittimus.
2531 3357 2557 3383 ››
2590 3336 2709 3388 Imo
2731 3334 2998 3406 quadam
3029 3335 3416 3390 Decretalibus
3436 3335 3620 3390 inesse

236 3421 402 3474 nobis
427 3421 704 3477 videntur
728 3437 799 3476 ex
821 3422 911 3491 iis,
951 3439 1078 3494 qua
1109 3422 1181 3476 ad
1210 3421 1453 3492 primam
1483 3421 1675 3476 sedem
1706 3422 2039 3493 respiciunt,
2080 3423 2234 3494 quod
2262 3440 2295 3478 a
2321 3424 2550 3479 nemine
2571 3424 2880 3494 judicetur,
2912 3442 3040 3496 qua
3067 3425 3136 3479 ab
3169 3425 3319 3479 illius
3345 3426 3620 3496 temporis

239 3510 535 3565 eventibus
561 3511 873 3583 pendeant.
903 3512 1207 3583 Gregorius
1229 3528 1442 3583 nempe
1467 3513 1555 3581 ιν,
1599 3516 1661 3566 ut
1697 3528 1893 3583 pacem
1937 3512 2087 3566 inter
2117 3516 2342 3584 patrem
2378 3513 2634 3586 ﬁliosque
2665 3515 2998 3570 conciliaret
3043 3532 3109 3570 ex
3135 3516 3293 3572 Italia
3321 3516 3618 3585 accedens,

235 3615 376 3653 cum
407 3617 442 3654 a
468 3601 734 3656 Lothario
765 3604 1019 3656 retentus
1045 3601 1176 3656 ﬁliis
1196 3602 1387 3656 favere
1415 3601 1724 3668 videretur,
1754 3601 1812 3656 in
1840 3619 1974 3656 eum
2008 3602 2439 3658 insurrexerunt
2463 3605 2780 3660 Germania
2807 3605 3101 3676 prasules,
3134 3606 3231 3678 qui
3263 3623 3329 3661 ex
3354 3607 3621 3663 Ludovici

233 3689 497 3759 partibus
527 3691 776 3759 stabant,
805 3693 862 3746 et
889 3707 955 3745 eo
989 3691 1273 3764 progressi
1303 3696 1454 3761 sunt,
1490 3695 1550 3746 ut
1587 3691 1867 3764 pontificis
1895 3693 2542 3749 excommunicationem
2574 3695 2931 3750 molirentur.
2974 3697 3098 3750 1am
3130 3699 3266 3750 tunc
3294 3697 3510 3752 factum
3537 3700 3624 3752 est

237 3787 292 3834 ut
317 3780 501 3847 Wala,
535 3781 892 3836 Corbeiensis
925 3782 1112 3851 abbas,
1149 3797 1320 3853 quem
1345 3797 1518 3852 supra
1552 3781 1700 3837 inter
1726 3781 1976 3836 ﬁliorum
2007 3782 2234 3837 asseclis
2258 3783 2706 3853 nominavimus,
2739 3785 2994 3855 pontiﬁci
3026 3785 3283 3858 syllogen
3311 3788 3620 3858 quamdam

232 3870 652 3925 auctoritatum
679 3887 728 3925 a.
753 3874 854 3926 833
885 3871 1133 3941 offerret,
1155 3872 1362 3944 quibus
1392 3871 1647 3943 pontiﬁci
1674 3888 1909 3927 omnem
1929 3873 1986 3926 Β.
2014 3871 2163 3927 Petri
2183 3872 2583 3928 auctoritatem
2605 3873 2977 3928 excellentem
3000 3878 3056 3930 et
3076 3878 3412 3946 potestatem
3433 3876 3618 3930 vivam

232 3960 449 4026 inesse,
483 3962 676 4032 ipsum
703 3977 902 4017 omnes
923 3961 1179 4033 judicare
1220 3965 1276 4017 et
1304 3978 1334 4016 a
1367 3961 1598 4018 nemine
1617 3961 1863 4033 judicari
1900 3962 2249 4018 ostenderet.
2291 3963 2586 4034 Ejusmodi
2619 3979 2786 4035 porro
2827 3963 3008 4019 serius
3041 3967 3099 4019 et
3138 3963 3384 4019 Isidorus
3420 3969 3620 4021 noster

234 4067 340 4105 ron
349 4051 561 4122 gessit.

298 4198 469 4250 Alter
516 4195 665 4260 ﬁnis,
720 4210 892 4267 quem
939 4197 1407 4253 Pseudoisidorus
1451 4198 1556 4253 sibi
1603 4199 1917 4270 proposuit,
1968 4215 2072 4253 nec
2121 4198 2312 4254 minus
2362 4199 2549 4254 Levita
2592 4199 2927 4255 Benedictus
2967 4200 3269 4270 promovit,
3310 4199 3355 4254 is
3384 4206 3526 4267 erat,
3559 4208 3621 4258 ut

233 4285 598 4351 dicebamus,
630 4289 694 4339 ut
719 4284 1065 4355 primatialia
1095 4303 1239 4358 pura
1264 4288 1514 4345 ecclesia
1543 4289 1887 4360 Moguntina
1915 4288 2251 4359 vindicaret,
2281 4289 2493 4344 similia
2521 4289 2654 4358 illis,
2682 4289 2892 4361 quibus
2910 4288 3287 4360 metropolita
3318 4289 3614 4362 Carthagi-

233 4375 456 4432 niensis
484 4375 546 4428 in
577 4374 784 4445 Africa,
812 4375 1009 4430 vicarii
1035 4377 1312 4448 pontificii
1340 4379 1464 4434 aliis
1491 4379 1552 4434 in
1591 4379 1846 4452 partibus
1871 4379 2283 4450 patriarchatus
2314 4379 2560 4435 Romani
2593 4379 2954 4434 fruebantur.
2989 4381 3168 4444 Quam
3195 4379 3466 4451 praclare
3494 4381 3619 4436 hac

236 4467 290 4519 in
319 4464 642 4535 Otgarium
667 4465 951 4536 quadrent
978 4466 1320 4538 videbimus,
1341 4469 1388 4524 si
1417 4487 1450 4523 a
1483 4471 1536 4525 S.
1574 4469 1863 4524 Bonifacio
1895 4484 2074 4539 usque
2104 4470 2174 4523 ad
2203 4469 2410 4540 ipsum,
2445 4484 2710 4540 quaenam
2739 4469 2910 4540 hujus
2938 4468 3233 4540 dignitatis
3259 4469 3320 4524 in
3344 4470 3477 4526 sede
3504 4471 3619 4526 Mo-

237 4556 488 4627 guntina
539 4572 658 4610 sors
708 4556 900 4626 fuerit,
951 4556 1327 4629 inquiramus.
1377 4559 1776 4616 Sanctissimus
1817 4559 1911 4613 ille
1952 4558 2272 4614 Germania
2315 4558 2601 4630 apostolus
2637 4575 2668 4612 a
2713 4559 2988 4614 Zacharia
3034 4576 3181 4631 papa
3229 4559 3618 4631 Moguntinam

236 4647 438 4702 sedem
463 4646 526 4700 in
559 4647 922 4718 metropolim
951 4651 1206 4704 evectam
1232 4650 1466 4721 accepit,
1499 4650 1589 4705 cui
1624 4649 2040 4721 subjicerentur
2071 4648 2332 4703 Ecclesia
2357 4647 2720 4719 Tongrensis,
2755 4648 3132 4719 Coloniensis,
3161 4650 3618 4718 Wormaciensis,

234 4738 554 4810 Spirensis,
581 4737 952 4809 Trajectensis
981 4741 1040 4793 et
1066 4755 1265 4796 omnes
1290 4739 1393 4810 illi,
1422 4740 1522 4812 qui
1551 4741 1622 4795 ab
1653 4757 1720 4795 eo
1747 4739 2004 4794 conversi
2037 4739 2286 4806 fuerant,
2319 4737 2641 4794 Germania
2671 4739 2890 4810 populi,
2925 4755 3132 4810 nempe
3161 4744 3416 4796 recenter
3454 4741 3524 4795 ab
3555 4757 3622 4796 eo

233 4833 448 4883 erecta
505 4828 672 4883 sedes
723 4829 1162 4901 Herbipolensis,
1215 4831 1684 4902 Buraburgensis,
1739 4830 2102 4900 Erfurtensis,
2166 4831 2613 4901 Eichstettensis,
2675 4830 2880 4903 quibus
2947 4831 3226 4902 posterius
3275 4815 3634 4903 Augustana,’

229 4918 714 4986 Constantiensis,
755 4918 1062 4989 Curiensis,
1105 4921 1602 4991 Argentoratensis
1641 4925 2023 4978 accesserunt.
2064 4921 2199 4986 Qua
2243 4927 2492 4993 potestas
2524 4937 2654 4977 vere
2698 4919 3032 4992 primatialis
3070 4924 3212 4988 erat,
3250 4938 3381 4976 cum
3419 4939 3622 4977 omnes

233 5009 487 5079 integra
520 5008 770 5063 nationis
808 5009 1058 5064 ecclesia
1083 5010 1429 5081 Moguntina
1458 5010 1894 5082 subjicerentur.
1939 5014 2065 5069 Mox
2107 5019 2327 5086 tamen,
2371 5014 2605 5070 sedente
2650 5011 2809 5066 Lullo
2851 5011 3120 5066 Bonifacii
3163 5029 3504 5080 successore,
3549 5013 3620 5068 ab

230 5099 531 5152 Hadriano
565 5099 582 5152 l
607 5098 862 5154 diacesis
915 5100 1288 5172 Trajectensis
1319 5118 1353 5155 a
1379 5102 1677 5174 metropoli
1703 5104 1996 5177 Moguntia
2015 5105 2193 5161 divisa
2224 5109 2310 5161 est
2335 5109 2391 5162 et
2416 5102 2738 5161 Coloniensi
2766 5101 3014 5158 ecclesia
3044 5101 3316 5174 subjecta.
3356 5105 3473 5160 lmo
3515 5121 3619 5175 p0-

232 5193 416 5244 testas
440 5188 546 5244 illa
576 5189 768 5245 vicarii
788 5190 1084 5263 apostolici
1115 5194 1172 5248 et
1200 5190 1460 5262 primatis
1485 5208 1603 5248 non
1636 5192 1863 5252 videtur
1889 5196 1960 5252 ad
1995 5195 2270 5252 Bonifacii
2302 5211 2654 5252 successores
2681 5193 2995 5265 transiisse,
3026 5197 3088 5251 ut
3114 5195 3345 5268 egregie
3372 5193 3621 5251 ostendit

236 5599 381 5654 Sixti
425 5599 472 5653 Il
515 5613 606 5670 ep.
655 5604 700 5654 t.
744 5602 938 5657 Felicis
973 5604 992 5657 Ι
1033 5620 1123 5675 ep.
1171 5608 1212 5658 l.
1263 5606 1596 5662 Benedictus
1631 5607 1822 5663 Levita
1852 5610 1886 5661 ι.
2066 5608 2192 5726 β28).
2230 5607 2433 5663 Hister.
2466 5611 2530 5663 ll.
2565 5615 2616 5665 7.
2650 5611 2810 5665 Pertz
2837 5610 2901 5664 ll.
2933 5611 3056 5663 659.

238 5687 296 5723 ιι.
328 5686 464 5724 can.
497 5672 624 5726 309.
667 5674 790 5726 38L
824 5675 916 5726 ΙΙΙ.
963 5675 1002 5726 l.
1046 5677 1132 5726 83.
1163 5679 1249 5726 89.
1288 5681 1404 5726 {56-
1440 5681 1558 5726 1⁵71-
1595 5679 1719 5726 314,
1764 5681 1887 5726 321-
2083 5682 2168 5726 2m
2200 5679 2256 5726 l._
2283 5695 2354 5726 η--
2388 5697 2441 5726 η
2476 5684 2598 5726 697.

238 5672 624 5752 1.1;3891A309,
667 5674 916 5729 381.111.
963 5675 1002 5730 1.
1046 5672 1249 5747 83,89,
1288 5681 1404 5747 153,
1440 5681 1558 5747 ιη,
1595 5679 1720 5749 314,
1764 5681 1888 5749 321,
2066 5672 2168 5752 (29')
2200 5679 2356 5747 l..c.,
2388 5697 2442 5752 p.
2476 5684 2600 5737 627.

245 5742 530 5811 $39,460.
980 5789 982 5791 ,
1123 5742 1128 5744 ⁷
1238 5742 1281 5794 ἀ
1392 5742 1400 5747 '
1545 5742 1554 5747 '
1708 5742 1716 5749 '

980 5789 982 5791 ,
1123 5742 1128 5744 ⁷
1238 5742 1281 5794 ἠ
1392 5742 1400 5747 ’
1545 5742 1554 5747 ⁷
1708 5742 1716 5749 ’
1877 5742 1886 5749 ⁷
2069 5742 2384 5823 (30’)Ερ.1.
