4046 6188
416 248 449 285 x
1294 231 1582 286 AI’PEND.
1626 231 1712 284 Al)
1750 231 1910 283 SxEC.
1952 230 2037 284 IX.
2070 259 2139 269 —-
2180 230 2484 287 lSIDORUS
2520 232 2907 288 MERCATOR.

413 354 653 423 Blascus,
692 372 738 410 c.
769 362 798 410 7
846 373 967 411 sua
1003 357 1074 411 de
1111 356 1459 412 Collectione
1495 354 1692 410 Isidori
1723 354 2051 410 Mercatoris
2086 355 2521 426 dissertationis,
2565 357 2699 429 (30‘)
2736 358 3026 430 Moguntia
3059 362 3258 414 tamen
3297 359 3548 430 primum
3588 363 3766 420 locum

414 444 565 499 inter
594 444 821 516 imperii
850 447 1195 501 Francorum
1232 447 1391 502 sedes
1415 438 1589 517 longo
1616 449 1877 517 tempore
1903 445 2157 515 retinuit,
2186 450 2252 500 ut
2276 446 2428 503 idem
2455 465 2503 503 c.
2541 451 2601 503 l3
2633 449 2886 504 ostendit
2910 448 3102 503 latius.
3131 448 3402 521 Adeoque
3427 451 3588 506 facile
3612 455 3768 516 Boni-

413 535 549 589 facii
602 535 908 590 successori
953 552 1024 590 ea
1064 537 1301 592 ambitio
1347 537 1406 591 in
1453 540 1710 591 mentem
1747 536 1920 603 venit,
1960 540 2027 591 ut
2060 537 2334 592 Bonifacii
2376 538 2789 609 prarogativas
2823 538 2882 592 in
2910 555 2967 592 se
2999 542 3122 592 tum
3155 539 3381 609 servari,
3412 544 3533 595 tum
3558 545 3772 599 restitui
3828 532 3837 541 ’

412 625 742 695 postularet.
774 624 1048 695 Ricull‘us,
1078 627 1179 697 qui
1208 626 1432 681 Lullum
1459 630 1683 681 secutus
1710 628 1814 693 est,
1843 624 2231 697 Salisburgum
2270 632 2327 681 et
2370 627 2666 682 Coloniam
2707 627 2769 681 in
2810 629 3154 698 metropoles
3195 630 3341 700 erigi
3377 630 3582 685 invitus
3617 632 3771 688 vidit.

411 715 643 785 Otgario
671 715 904 769 sedente
932 716 992 770 in
1020 733 1086 770 eo
1117 719 1258 785 erat,
1280 720 1345 771 ut
1373 732 1504 787 pars
1527 714 1717 785 major
1735 714 2230 786 sufi‘raganeorum
2249 717 2556 788 Moguntia
2581 717 2918 788 eriperetur,
2943 718 3303 790 proindeque
3318 724 3372 774 et
3388 719 3639 775 diaeesis
3657 738 3771 778 me-

412 803 734 875 tropolitica
763 804 1137 875 minueretur,
1176 823 1308 860 eum
1333 805 1644 860 Ludovicus
1676 805 2044 860 Germanicus
2070 811 2262 875 partes
2289 806 2517 885 imperii
2557 805 2921 861 cisrhenanas
2946 809 3011 860 ut
3036 807 3144 861 sibi
3169 809 3425 880 proprias
3450 809 3772 879 vindicaret,

411 890 717 964 provincia
750 910 879 948 vero
909 895 1301 950 ecclesiastica
1321 896 1464 950 tines
1490 912 1802 966 regnorum
1829 894 1987 968 sequi
2014 894 2283 951 solerent.
2314 895 2451 949 Hinc
2483 896 2697 952 factum
2724 901 2829 965 est,
2869 900 2931 951 ut
2960 897 3229 969 Otgarius
3252 901 3551 969 tantopere
3579 899 3777 955 unitati

412 983 641 1054 imperii
683 983 957 1051 studeret,
1004 985 1284 1040 Ludovico
1324 985 1416 1040 Pio
1454 986 1871 1052 adversaretur,
1915 1001 2045 1039 cum
2074 985 2367 1053 Alsatiam,
2401 986 2670 1041 Sueviam
2697 991 2753 1042 et
2794 990 3017 1058 partem
3049 987 3397 1057 Burgundia
3438 987 3552 1040 filio
3584 988 3779 1044 Carolo

413 1072 773 1142 concederet,
804 1074 1066 1129 Lothario
1094 1075 1327 1143 faveret,
1362 1093 1493 1131 cum
1522 1076 1805 1147 integram
1831 1076 2013 1131 Caroli
2037 1076 2225 1147 Magni
2251 1074 2641 1131 hareditatem
2667 1078 2981 1147 appeteret.
3014 1076 3178 1140 Quod
3205 1076 3464 1147 apprime
3489 1076 3548 1130 in
3577 1079 3778 1133 Decre-

412 1163 984 1236 talibusyxpressum
1028 1165 1298 1237 reperias.
1342 1166 1634 1237 Pelagium
1671 1167 1715 1220 II
1745 1181 1954 1237 papam
1994 1165 2072 1220 sic
2104 1166 2430 1237 loquentem
2471 1165 2694 1220 inducit
2734 1170 2903 1237 atque
2933 1171 3336 1237 exponentem,
3371 1166 3509 1239 quid
3541 1167 3611 1222 sit
3633 1168 3781 1238 jnsta

414 1255 704 1326 provincia
735 1254 1110 1311 ecclesiastica
1137 1256 1243 1328 (31)
1273 1273 1285 1310 :
1326 1278 1352 1304 ‹‹
1383 1257 1459 1311 De
1489 1259 1719 1325 catero,
1745 1256 1970 1323 fratres,
2001 1271 2170 1326 super
2198 1254 2509 1326 provincia
2553 1271 2719 1310 causa
2756 1254 2908 1309 unde
2943 1255 3137 1309 sedem
3162 1256 3533 1326 apostolicam
3564 1257 3780 1312 dudum

414 1346 707 1400 consulere
735 1344 1008 1414 voluistis,
1040 1345 1264 1400 videtur
1287 1345 1449 1400 nobls
1477 1345 1828 1400 sufﬁcienter
1854 1347 2162 1400 tractatum
2188 1360 2222 1397 a
2248 1345 2451 1399 sanctis
2476 1344 2988 1416 pradeeessoribus
3016 1345 3243 1400 nostris.
3285 1347 3391 1402 Sed
3434 1346 3567 1418 quia
3597 1347 3783 1402 denuo

418 1440 668 1495 nostnam
695 1435 1143 1491 mediocritatem
1171 1435 1239 1491 de
1272 1436 1473 1491 eadem
1506 1452 1566 1489 re
1604 1435 1960 1505 interrogare
1991 1433 2230 1505 dignum
2268 1433 2530 1502 duxistis,
2573 1433 2792 1502 scitote,
2834 1439 3043 1490 certam
3085 1435 3438 1505 provinciam
3479 1452 3625 1504 esse,
3662 1453 3786 1508 qua

416 1525 815 1580 liabet‘decem
853 1527 935 1580 vel
975 1525 1240 1580 undecim
1268 1525 1521 1581 civitates
1548 1528 1605 1581 et
1632 1542 1810 1580 unum
1837 1540 2033 1597 regem
2063 1529 2119 1579 et
2144 1522 2389 1578 totidem
2420 1522 2674 1578 minores
2699 1526 3007 1595 potestates
3037 1524 3141 1578 sub
3168 1541 3249 1592 se,
3288 1530 3345 1580 et
3369 1541 3551 1579 unum
3582 1526 3789 1597 episco-

418 1631 557 1686 pum
585 1616 837 1686 aliosque
863 1615 1265 1686 suffragatores
1290 1616 1487 1671 decem
1512 1616 1599 1671 vel
1624 1615 1888 1671 undecim
1912 1615 2204 1686 episcopos
2224 1611 2465 1685 judices,
2488 1612 2558 1668 ad
2579 1629 2822 1684 quorum
2836 1613 3120 1684 judicium
3145 1630 3343 1669 omnes
3364 1632 3551 1669 causa
3579 1616 3787 1687 episco-

420 1721 622 1775 porum
652 1709 711 1760 et
741 1705 1093 1777 reliquorum
1122 1706 1483 1761 sacerdotum
1512 1723 1576 1760 ac
1608 1706 1904 1773 civitatum
1945 1721 2129 1760 causa
2165 1704 2507 1770 referantur,
2554 1707 2617 1757 ut
2659 1703 2730 1757 ab
2769 1702 2856 1757 his
2898 1704 3165 1758 omnibus
3195 1705 3348 1775 juste
3373 1722 3628 1760 consona
3654 1721 3788 1759 voce

421 1796 839 1863 discernantur,
870 1794 979 1850 nisi
1005 1796 1078 1851 ad
1106 1795 1386 1866 majorem
1408 1796 1810 1850 auctoritatem
1840 1795 2014 1850 fuerit
2037 1794 2107 1848 ab
2133 1794 2241 1862 his,
2272 1793 2373 1864 qui
2396 1792 2689 1864 judicandi
2712 1795 2863 1859 sunt,
2896 1794 3265 1863 appellatum.
3296 1795 3457 1850 Unde
3486 1812 3600 1849 non
3622 1811 3789 1866 opor-

424 1889 522 1954 tet,
558 1890 619 1939 ut
643 1885 991 1956 degradetur
1016 1885 1101 1939 vel
1133 1885 1517 1940 dehonoretur
1545 1901 1889 1956 unaquaque
1916 1883 2229 1955 provincia,
2263 1883 2365 1937 sed
2394 1882 2548 1954 apud
2573 1881 2941 1952 semetipsam
2973 1882 3177 1937 habeat
3195 1884 3442 1955 judices,
3475 1885 3793 1940 sacerdotes

394 1979 479 2028 .ct
509 1974 801 2044 episcopos
830 1974 1088 2045 singulos
1115 1973 1376 2028 videlicet
1406 1975 1568 2045 juxta
1593 1975 1819 2029 ordines
1839 1990 1989 2028 suos.
2021 1995 2048 2023 »
2078 1972 2248 2043 Atqui
2272 1975 2472 2042 quarto
2497 1974 2626 2041 post
2650 1987 2855 2041 pacem
2877 1972 3329 2028 Virodunensem
3358 1991 3533 2043 anno,
3562 1991 3690 2046 qua
3724 1991 3795 2028 ne

424 2062 728 2133 provincia
768 2062 1114 2133 Moguntina
1152 2062 1590 2134 discerperetur,
1640 2079 1706 2117 ex
1748 2062 1965 2133 Otgarii
2001 2060 2148 2115 votis
2181 2059 2406 2128 avertit,
2438 2059 2747 2115 Rhabanus
2784 2060 3006 2114 Maurus
3033 2062 3155 2131 ejus
3190 2079 3483 2119 successor
3515 2065 3795 2136 synodum

424 2153 726 2223 Moguntia
762 2152 1077 2220 celebrans,
1123 2153 1391 2207 undecim
1432 2152 1636 2205 habuit
1676 2151 2084 2221 suti'raganeos,
2134 2149 2494 2205 Salomonem
2523 2150 3020 2219 Wormatiensem,
3051 2152 3419 2207 Gebhardum
3447 2154 3794 2225 Spirensem,

426 2242 773 2297 Gozbaldum
805 2241 1288 2313 Herbipolensem,
1316 2241 1616 2311 Otgarium
1639 2240 2128 2305 Eichstettensem,
2157 2239 2489 2293 Baturatum
2511 2239 3055 2307 Paderbornensem,
3084 2241 3342 2295 Ebonem
3364 2242 3794 2305 Hildesiensem,

428 2335 782 2402 Haymonem
808 2330 1385 2398 Halberstadiensem,
1423 2329 1799 2400 Waltgarium
1846 2329 2211 2397 Verdensem,
2249 2328 2632 2383 Gerbrathum
2669 2329 3020 2398 Curiensem,
3069 2330 3340 2384 Latonem
3376 2332 3795 2401 Augustanum,

428 2423 797 2479 Salomonem
820 2421 1333 2487 Constantiensem,
1369 2419 1474 2491 (32)
1503 2435 1619 2473 uno
1645 2418 1820 2473 verbo
1861 2422 1947 2474 tot
1972 2418 2266 2489 episcopos
2291 2417 2398 2472 sibi
2441 2417 2712 2485 subditos,
2755 2435 2899 2490 quos
2940 2419 3411 2490 Pseudopelagius
3440 2420 3799 2491 provinciam

428 2512 769 2567 constituere
811 2510 1004 2564 voluit.
1049 2511 1192 2564 Nota
1237 2510 1409 2564 etiam
1440 2526 1474 2563 a
1513 2508 2003 2564 Pseudodecretali
2036 2507 2274 2579 requiri,
2306 2510 2367 2561 ut
2390 2507 2677 2578 provincia
2703 2508 2762 2563 in
2791 2509 2961 2563 unius
2990 2509 3141 2580 regis
3172 2509 3386 2564 ditione
3416 2509 3508 2565 sit.
3540 2508 3802 2581 Requirit

428 2603 664 2673 insuper
689 2605 753 2656 ut
780 2601 968 2667 urbes,
995 2601 1054 2654 in
1079 2599 1285 2672 quibus
1314 2598 1583 2670 primates
1614 2598 1822 2653 sessuri
1838 2598 1969 2667 sint,
1986 2598 2109 2668 jam
2130 2602 2261 2653 ante
2288 2596 2497 2652 Christi
2514 2597 2820 2652 adventum
2849 2599 3099 2668 majores
3117 2604 3289 2669 atque
3310 2598 3601 2669 primaria
3621 2598 3798 2653 urbes

428 2691 641 2747 fuerint
673 2692 797 2759 (33).
829 2691 953 2744 Non
979 2689 1221 2744 deerant
1245 2691 1459 2755 autem,
1493 2688 1591 2759 qui
1616 2687 1917 2758 Moguntia
1949 2692 2141 2743 ortum
2165 2704 2197 2741 a
2223 2686 2527 2758 Magontio,
2556 2687 2809 2741 Herculis
2834 2687 2970 2754 ﬁlio,
3001 2688 3090 2742 vel
3120 2705 3153 2742 a
3178 2688 3399 2759 Magog,
3436 2687 3554 2742 ﬁlio
3581 2687 3797 2759 Japhe-

433 2781 523 2845 tis,
552 2780 639 2834 vel
664 2796 697 2834 a
720 2778 894 2850 Magis
921 2778 1175 2834 Treveris
1202 2779 1451 2849 expulsis
1477 2778 1843 2834 deducerent.
1875 2778 2038 2832 Certe
2069 2794 2101 2831 a
2133 2772 2310 2832 Druso
2338 2775 2530 2847 aliquo
2560 2780 2692 2829 ante
2720 2775 3006 2831 Christum
3045 2782 3243 2831 natum
3270 2781 3533 2848 tempore
3562 2777 3806 2833 civitatis

432 2868 668 2925 nomine
696 2869 907 2924 donata
934 2874 1036 2924 est.
1070 2869 1163 2923 His
1187 2868 1363 2923 addas
1388 2868 1448 2923 in
1476 2868 1715 2939 epistola
1741 2866 1955 2921 Aniceti
1985 2882 2157 2938 supra
2199 2866 2367 2920 citata
2398 2865 2704 2937 primatem
2734 2882 2847 2921 non
2875 2866 3102 2922 admitti
3128 2871 3339 2938 prater
3363 2868 3704 2923 constitutos
3733 2867 3805 2922 ab

434 2957 723 3027 apostolis,
750 2957 859 3011 nisi
887 2957 1097 3028 populo
1123 2957 1403 3028 posterius
1422 2973 1692 3013 converso
1714 2957 1813 3028 qui
1830 2961 2020 3012 tantus
2046 2955 2118 3010 sit
2146 2972 2407 3019 numero,
2430 2946 2503 3011 'ut
2528 2956 2627 3011 tali
2649 2956 2833 3028 capite
2857 2959 3054 3027 egeat;
3083 2956 3432 3029 habebisqne
3449 2957 3805 3030 Moguntiam

438 3050 676 3119 ejusque
699 3047 1047 3119 provinciam
1077 3046 1237 3118 quasi
1261 3046 1569 3118 depictam.

510 3187 697 3257 Neque
726 3185 931 3255 majori
959 3185 1293 3240 difficultate
1321 3183 1601 3255 explicare
1624 3184 1790 3239 nobis
1812 3184 2024 3251 licebit,
2056 3200 2158 3239 cur
2185 3187 2312 3255 post
2338 3200 2544 3256 pacem
2572 3183 3024 3240 Virodunensem
3053 3187 3355 3257 Otgarium
3387 3185 3687 3242 videamus
3739 3187 3812 3242 ab

441 3276 726 3348 ejusmodi
752 3276 1048 3330 fraudibus
1073 3275 1383 3340 abstinere,
1412 3276 1584 3344 atque
1626 3273 1906 3328 Ludovico
1946 3272 2284 3328 Germanico
2330 3272 2687 3329 reconciliari
2724 3274 3016 3347 altumque
3043 3276 3112 3331 de
3137 3276 3689 3332 Pseudoisidorianis
3714 3276 3813 3331 de-

440 3366 740 3422 cretalibus
767 3365 1059 3420 silentium
1090 3368 1214 3418 tum
1247 3381 1281 3418 a
1311 3362 1587 3417 Rhabano
1613 3379 1952 3432 successore,
1979 3366 2100 3416 tum
2129 3362 2302 3432 longo
2332 3368 2456 3434 post
2483 3366 2744 3434 tempore
2775 3363 2832 3418 in
2865 3366 3168 3420 Germania
3196 3382 3337 3422 esse.
3371 3368 3427 3423 Id
3458 3367 3593 3423 inde
3625 3367 3811 3423 dedu—

442 3458 687 3513 eeudum
712 3461 816 3524 est,
849 3454 1007 3527 quod
1033 3470 1172 3525 pace
1206 3453 1585 3509 Virodunensi
1612 3453 1892 3523 ejusmodi
1920 3452 2149 3524 imperii
2178 3452 2379 3507 divisio
2412 3452 2647 3508 inducta
2668 3454 2757 3524 sit,
2786 3471 2915 3526 qua
2942 3456 3310 3528 Moguntiaca
3341 3458 3654 3529 provincia
3682 3474 3812 3512 am-

440 3546 782 3619 plitudinem
813 3545 1088 3600 intactam
1116 3543 1352 3598 omnino
1377 3543 1746 3613 relinqueret.
1776 3544 1930 3598 Tunc
1958 3543 2079 3615 ipse
2105 3543 2317 3598 fraudis
2345 3543 2608 3599 inventor
2625 3547 2887 3616 preprias
2910 3562 3131 3603 merces
3150 3550 3347 3618 utpote
3371 3548 3474 3602 sibi
3490 3548 3619 3618 jam
3643 3547 3820 3603 inuti-

443 3639 527 3694 les
550 3636 829 3709 neglexit.

518 3778 643 3832 Hac
700 3773 897 3829 omnia
952 3773 997 3828 si
1042 3771 1506 3843 complectamur,
1558 3748 2031 3826 verisimillimum
2081 3771 2298 3824 videtur
2355 3770 2653 3840 Otgarium
2704 3769 3097 3838 Moguntinum
3146 3767 3347 3823 saltem
3394 3784 3632 3825 causam
3688 3788 3819 3827 mo-

445 3869 620 3924 ralem
674 3862 1049 3921 Decretalium
1101 3862 1297 3917 fuisse.
1348 3863 1551 3917 Utrum
1586 3861 1940 3916 Benedictus
1988 3858 2192 3923 Levita,
2239 3861 2303 3910 ut
2348 3858 2567 3923 Walter,
2612 3858 2794 3910 Knust
2833 3862 2889 3911 et
2923 3857 3020 3911 alii
3065 3857 3438 3928 probabiliter
3480 3863 3823 3927 autumant,

446 3960 564 4031 ipse
606 3958 882 4011 Mercator
928 3954 1116 4021 fuerit,
1162 3968 1359 4019 necne,
1400 3952 1456 4005 id
1501 3951 1769 4020 equidem
1807 3947 2043 4003 deﬁnire
2083 3945 2278 4009 nolim,
2331 3962 2518 4016 neque
2553 3950 2689 4016 puto
2736 3963 2989 4018 unquam
3033 3947 3091 4001 in
3121 3947 3293 4002 dubio
3319 3948 3507 4021 detegi
3534 3966 3728 4021 posse.
3762 3952 3825 4008 ld

447 4063 582 4101 sane
602 4046 754 4100 favet
779 4041 1106 4112 suspicioni,
1137 4040 1289 4110 quod
1320 4042 1514 4110 partes
1540 4036 2112 4104 Pseudoisidorianas,
2141 4036 2347 4108 quibus
2374 4035 2572 4104 utitur,
2602 4037 2848 4107 quadam
2875 4036 3137 4093 libertate
3167 4037 3527 4095 immutando
3556 4043 3821 4096 transtu-

446 4135 598 4202 lerit,
627 4133 769 4187 sicut
795 4132 860 4199 is,
896 4131 991 4201 qui
1022 4128 1279 4200 proprias
1307 4128 1732 4183 lucubrationes
1763 4127 2057 4196 adhibeat,
2106 4142 2219 4181 non
2264 4126 2334 4181 ad
2379 4126 2610 4181 verbum
2654 4126 2958 4197 allegando
3000 4130 3063 4181 ut
3102 4127 3171 4197 is,
3202 4129 3300 4199 qui
3325 4128 3511 4185 aliena
3540 4132 3822 4186 transcri-

449 4225 630 4278 beret.

520 4363 643 4416 Jam
666 4374 799 4415 vero
824 4359 1003 4429 patet,
1036 4355 1349 4411 Decretales
1378 4357 1434 4407 et
1469 4352 1775 4424 posteriora
1815 4352 2107 4407 Benedicti
2138 4351 2481 4423 Capitularia
2510 4368 2625 4407 non
2656 4356 2786 4408 ante
2817 4355 3164 4408 conventum
3193 4353 3512 4409 Theodonis
3539 4355 3824 4409 villanum

450 4472 503 4507 a.
531 4454 633 4507 835
661 4449 921 4505 confecta
946 4445 1120 4501 fuisse
1147 4461 1334 4517 neque
1369 4450 1498 4517 post
1521 4459 1723 4516 pacem
1761 4443 2210 4499 Virodunensem
2259 4459 2292 4496 a
2319 4443 2425 4499 834
2451 4459 2571 4498 esse
2598 4442 2946 4515 reponenda.
2980 4444 3179 4498 Utrum
3207 4443 3473 4516 denique,
3500 4448 3565 4498 ut
3590 4443 3835 4498 Gfrorer

453 4542 772 4614 suspicatur
820 4536 1185 4610 postmodum
1227 4553 1260 4591 a
1304 4535 1604 4590 Wenilone
1654 4532 1989 4599 Senonensi,
2034 4533 2133 4605 qui
2180 4537 2236 4588 et
2268 4533 2385 4605 ipse
2422 4534 2683 4591 Ecclesia
2726 4551 2842 4589 sua
2873 4534 3187 4606 primatum
3217 4533 3276 4588 in
3303 4532 3498 4588 Galliis
3520 4531 3837 4589 affectabat

449 4631 624 4705 (quod
668 4632 727 4685 et
756 4626 1054 4699 Ancegisio
1093 4626 1215 4698 ejus
1254 4625 1563 4682 successori
1605 4624 1885 4695 contigit),
1934 4627 1991 4678 et
2029 4642 2059 4679 a
2103 4624 2379 4680 Rothadio
2420 4624 2815 4681 Suessionensi
2852 4630 3017 4681 aucta
3055 4623 3290 4692 fuerint,
3340 4622 3430 4677 vix
3474 4623 3580 4688 est,
3611 4624 3678 4676 ut
3703 4624 3838 4695 quis

453 4723 744 4791 decernat,
778 4734 964 4790 neque
994 4716 1275 4789 ejusmodi
1316 4716 1562 4789 suspicio
1596 4714 1932 4779 rationibus,
1975 4731 2104 4786 qua
2137 4715 2480 4787 prudentem
2514 4719 2802 4784 moveant,
2841 4714 3124 4769 innititur.
3165 4713 3360 4784 Neque
3403 4712 3469 4767 iis
3495 4728 3835 4785 possumus,

453 4812 541 4867 his
572 4808 818 4877 statutis,
847 4808 1128 4875 assentiri,
1163 4806 1261 4879 qui
1286 4807 1602 4861 innocuum
1627 4809 1927 4876 tantopere
1953 4806 2321 4861 Mercator-em
2350 4806 2513 4861 illum
2543 4804 2884 4877 depingunt.
2914 4804 3045 4869 Quis
3074 4801 3227 4857 enim
3260 4802 3317 4856 in
3356 4802 3622 4859 animum
3657 4805 3837 4860 indu-

454 4904 562 4967 mt,
592 4899 909 4967 hominem,
941 4898 1038 4971 qui
1066 4897 1347 4969 ejusmodi
1373 4896 1745 4952 mendacium
1772 4895 1831 4951 in
1860 4896 2141 4951 mundum
2167 4897 2404 4966 invexit,
2428 4896 2571 4952 adeo
2600 4893 2944 4951 columbina
2967 4892 3138 4947 fuisse
3158 4891 3554 4963 simplicitatis,
3580 4896 3646 4947 ut
3668 4911 3837 4950 men-

454 4992 648 5048 tiendo
672 4983 762 5046 vii;
791 5006 905 5045 non
936 4992 1089 5045 recte
1109 5005 1167 5044 se
1199 5003 1369 5060 agere
1400 4990 1646 5058 putaret.
1681 4985 1801 5040 Pias
1828 4985 2057 5041 fraudes
2085 5004 2189 5042 nos
2214 5005 2331 5043 non
2366 4986 2647 5055 novimus,
2675 5000 2862 5056 neque
2889 4983 3119 5056 piorum
3144 4999 3400 5055 unquam
3434 4982 3608 5039 fuisse
3641 4985 3837 5041 credi-

457 5100 603 5137 mus.
633 5082 802 5137 Multo
828 5080 1020 5135 minus
1050 5094 1183 5134 vero
1212 5078 1513 5134 dicendum
1534 5080 1638 5143 est,
1663 5076 1937 5147 ejusmodi
1958 5076 2099 5133 falsa
2121 5082 2256 5134 tunc
2278 5094 2394 5134 non
2415 5092 2517 5149 pro
2540 5074 2855 5146 fraudibus,
2879 5073 2977 5131 sed
2996 5090 3101 5146 pro
3122 5073 3297 5130 modo
3318 5073 3568 5146 quodam
3590 5076 3835 5148 propria

455 5170 736 5246 principia
762 5168 1086 5241 exponendi
1116 5168 1311 5224 habita
1334 5167 1530 5224 fuisse.

529 5471 658 5552 (βοη
684 5465 970 5552 Fami“.
1002 5464 1251 5532 Βίθδθυδν
1304 5465 1373 5552 (ξε
1418 5463 2090 5552 .°°"e°ﬁ2',‘.":-__°§992“9l
2267 5464 2368 5552 9.3.?
2400 5459 2741 5552 ΞΡΑἷίξῖδ·

458 5530 654 5597 [sideri
683 5535 1022 5603 Mercatoris,
1057 5530 1500 5590 commentarius
1524 5552 1616 5607 ap.
1640 5533 1998 5590 Gallandium
2025 5533 2091 5587 de
2264 5533 2352 5601 (32
2400 5530 2701 5586 Harzheim
2754 5531 2920 5586 Cone.
2955 5530 3142 5586 Germ.
3177 5531 3239 5584 ll.
3274 5547 3327 5586 a.
3368 5533 3485 5585 1:52.

458 5612 689 5667 vetustis
713 5625 991 5664 canonum
1019 5607 1467 5671 collectionibus,
1496 5604 1958 5662 dissertationum
1978 5605 2089 5671 syl-
2264 5538 2370 5671 (ssi
2419 5620 2506 5671 ep.
2569 5606 2650 5657 Η.
2701 5573 2973 5671 έιθριιειῐιί
3026 5602 3067 5658 1.
3121 5620 3168 5656 e.
3216 5602 3265 5669 4,
3312 5604 3482 5658 Anacl

482 5573 506 5594 δ
697 5573 725 5593 ι.
755 5573 1003 5593 “manu
1057 5573 1555 5590 υυωηινιηαηυσ..
1604 5573 1998 5590 mamma...
2026 5573 2091 5587 ιη,
2285 5573 2352 5586 υ..
2402 5573 2701 5586 ...............
2758 5573 2920 5586 μνην.
2958 5573 3142 5586 πη...
3274 5573 3327 5586 ι..
3371 5573 3485 5585 η.-.

457 5573 1958 5679 vernustiscanonum,collectionibus,dissertationum
1978 5605 2089 5673 syl-
2264 5573 2370 5679 ἶβΒῆ
2419 5620 2506 5675 ep.
2569 5606 2650 5657 Η.
2701 5573 2973 5673 έιθριιειιιί
3026 5602 3067 5658 l.
3121 5620 3168 5656 (τ.
3216 5602 3265 5669 4,
3312 5604 3561 5658 Anaclet.
3622 5617 3718 5673 ep.
3784 5608 3841 5669 '2,

459 5684 589 5752 lege
615 5684 674 5735 T.
708 5684 747 5735 ll
780 5682 869 5737 ed.
899 5677 1265 5751 Moguntina,
1308 5680 1439 5733 1790
1934 5676 1939 5679 ’

733 5684 747 5734 l
780 5682 869 5737 ed.
899 5677 1265 5751 Moguntina,
1308 5680 1439 5733 1790
1934 5676 1939 5679 “
2193 5690 2241 5728 c.
2279 5676 2329 5727 4.
