4046 6188
1728 266 2235 321 PROLEGOMENA.
3596 290 3647 329 x1

344 400 530 455 Locus
550 398 801 469 denique
822 397 1172 469 prtefationis
1192 393 1638 463 Pseudoisidori,
1659 409 1724 447 ex
1746 408 1858 465 quo
1877 392 1943 447 cl.
1966 391 2228 447 Rossbirt
2247 393 2379 463 (33')
2400 393 2699 450 ostendere
2722 394 2940 462 nititur,
2959 412 3177 451 merces
3196 396 3333 452 istas
3350 415 3415 453 ex
3438 399 3647 455 Graecis

280 490 542 548 fontibus
585 490 819 544 haustas
858 487 1055 553 fuisse,
1082 487 1227 541 nihil
1259 485 1430 557 plane
1472 484 1698 556 probat.
1738 484 1878 536 Nam
1922 481 2272 552 praafationis
2317 482 2467 537 illius
2506 488 2705 538 auctor
2730 485 2798 539 de
2828 485 3077 540 conciliis
3117 486 3391 557 loquitur,
3426 506 3540 544 non
3577 491 3646 545 de

275 581 677 638 decretalibus.
717 581 799 634 En
829 578 1004 633 verba
1038 595 1049 632 :
1084 598 1111 629 α
1138 579 1217 631 Ea
1248 592 1383 630 vero
1424 574 1685 639 concilia,
1719 588 1849 644 quae
1891 571 2080 626 Graeco
2125 577 2258 627 sunt
2299 572 2451 628 edita
2496 574 2659 644 stylo,
2688 575 2935 646 amplius
2980 593 3151 647 quam
3203 578 3505 649 tripliciter
3548 587 3645 637 aut.

274 668 724 743 quadrupliciter
762 668 1137 738 interpretata
1177 669 1277 720 aut
1303 666 1624 737 conscripta
1661 661 2000 734 reperimus.
2044 662 2207 727 Quod
2250 663 2298 718 si
2328 663 2529 718 veritas
2554 664 2887 735 quaerenda,
2917 682 2988 720 ex
3016 667 3273 737 pluribus
3317 669 3643 726 Grazcorum

277 776 585 833 sequamur
607 759 820 830 stylum
845 772 1160 827 eorumque
1195 756 1493 810 imitemur
1520 753 1796 810 dictiones
1824 757 1996 824 atque
2025 754 2389 824 exemplaria,
2423 758 2530 809 etc.
2564 776 2592 803 ι)
2629 754 2767 818 Qua1
2798 772 2931 809 vero
2960 771 3025 811 ex
3054 756 3338 812 codicibus
3368 759 3639 816 Bambcr-

276 850 553 922 gensibus
593 848 785 903 attulit
818 849 1215 913 monumenta,
1248 844 1307 898 in
1351 844 1558 916 quibus
1602 841 2138 899 Pseudodecretales
2182 846 2312 898 ante
2356 846 2721 900 Mercatorem
2770 845 3108 915 habeantur,
3141 852 3268 917 post
3292 848 3477 918 ipsum
3507 867 3638 905 con-

275 941 484 1011 scripta
524 939 707 1005 fuere,
737 939 934 1008 utpote
961 952 1088 1007 qua;
1119 935 1191 990 ad
1220 933 1610 989 ordinationes
1648 934 1903 987 Formosi
1939 935 2282 989 referantur.
2316 934 2457 989 Illud
2490 938 2683 990 autem
2713 935 3051 1007 opusculum
3084 936 3241 1007 quod
3268 954 3338 991 ex
3368 939 3639 994 Bamber-

272 1029 555 1101 gensibns
590 1027 875 1082 codicibus
904 1028 1155 1093 erutum,
1187 1024 1425 1078 omnino
1453 1022 1807 1095 incognitum
1854 1022 2024 1078 fuisse
2064 1027 2243 1094 putat,
2276 1041 2340 1079 ac
2370 1024 2805 1081 Pseudoisidoro
2836 1025 3110 1095 priorem,
3142 1042 3207 1081 ex
3239 1044 3353 1098 quo
3383 1028 3637 1085 hausisse

271 1121 652 1175 lercatorem
689 1115 982 1189 supponit,
1015 1131 1129 1169 non
1156 1119 1241 1169 est
1264 1112 1374 1168 nisi
1412 1113 1557 1167 liber
1584 1112 1743 1184 prior
1769 1113 1973 1168 Auxilii
2004 1114 2074 1168 de
2120 1102 2580 1169 ordinationibus
2620 1114 2895 1181 Formosi,
2929 1115 3028 1186 qui
3075 1116 3253 1170 multo
3281 1122 3406 1187 post
3431 1118 3639 1174 Merca-

272 1215 456 1264 torem
496 1213 760 1280 tempore
804 1205 1046 1277 scripsit.
1079 1203 1324 1259 Proinde
1367 1202 1500 1257 licet
1543 1218 1741 1256 verum
1789 1202 1878 1269 sit,
1909 1202 2403 1258 Pseudoisidorum
2448 1203 2630 1258 multa
2659 1204 2779 1275 jam
2819 1205 3103 1259 exstantia
3148 1206 3498 1274 adhibuisse,
3526 1225 3641 1263 non

272 1305 471 1355 tamen
499 1299 805 1353 dicendum
832 1299 919 1351 est
945 1312 1078 1350 eum
1104 1294 1346 1367 plurima
1377 1309 1494 1348 non
1518 1292 1754 1364 proprio
1782 1294 1955 1348 Marte
1984 1292 2359 1348 conseruisse.

342 1441 392 1489 7.
425 1434 743 1490 Audiamus
767 1432 958 1501 modo,
983 1447 1110 1503 quae
1131 1447 1167 1485 a
1195 1430 1277 1486 Cl.
1311 1430 1504 1486 Hefele
1530 1446 1632 1501 per
1657 1430 1888 1485 modum
1919 1428 2099 1497 dubii,
2123 1446 2251 1484 cum
2274 1430 2377 1502 ipsi
2396 1431 2700 1503 hypothesi
2732 1436 2940 1487 nostrae
2974 1432 3182 1500 faveat,
3208 1432 3267 1486 in
3287 1433 3656 1488 contrarium.

268 1524 536 1595 apposita
575 1526 708 1577 sunt
734 1521 862 1593 (34).
892 1523 993 1577 Tot
1031 1526 1223 1592 partes
1264 1520 1323 1575 in
1369 1519 1970 1574 Pseudodecretalibus
2020 1522 2261 1589 exstare,
2291 1537 2418 1592 qua:
2463 1528 2751 1592 prtetenso
2796 1519 3045 1576 auctoris
3089 1538 3263 1592 scopo
3312 1521 3646 1577 nullatenus

274 1614 618 1682 inserviant;
649 1614 804 1685 quod
832 1612 1246 1685 metropolitica
1276 1614 1533 1683 potestas
1558 1611 1700 1666 adeo
1727 1610 2101 1682 deprimatur,
2125 1626 2239 1664 non
2266 1612 2546 1682 quadrare
2573 1612 2631 1667 in
2655 1613 2972 1684 Otgarium,
3000 1612 3097 1683 qui
3126 1612 3246 1683 ipse
3278 1612 3644 1682 metropolita

271 1703 465 1771 fuerit,
502 1702 873 1757 Benedictum
904 1702 1178 1770 Levitam,
1212 1718 1388 1772 quem
1436 1701 1650 1756 Isidoro
1687 1700 2057 1771 conjunctum
2088 1699 2484 1770 supponimus,
2519 1703 2698 1757 multo
2730 1702 2922 1757 minus
2948 1702 3329 1774 metropolitis
3357 1702 3640 1758 infensum

272 1808 418 1846 esse.
446 1791 645 1845 Virum
677 1791 878 1860 videri,
913 1791 960 1845 si
997 1790 1295 1862 Otgarium
1344 1789 1716 1845 decretalium
1761 1791 2051 1844 auctorem
2099 1789 2332 1857 habeas,
2365 1791 2436 1846 ab
2480 1792 2602 1862 ejus
2646 1810 2970 1849 successore
3018 1794 3289 1849 Rhabano
3334 1811 3430 1850 eas
3473 1795 3643 1867 plane

272 1880 554 1952 ignorari,
583 1880 701 1935 imo
733 1880 957 1934 nullum
995 1895 1195 1935 earum
1236 1878 1411 1949 longo
1456 1881 1586 1949 post
1625 1882 1884 1949 tempore
1926 1894 2090 1933 usum
2132 1879 2347 1935 factum
2387 1881 2557 1937 fuisse
2604 1883 2662 1939 in
2694 1884 3020 1951 Germania,
3052 1885 3132 1939 ita
3161 1889 3225 1940 ut
3252 1884 3472 1955 synodo
3503 1885 3640 1939 Ger-

271 1969 573 2041 stungensi
621 1972 754 2024 l085
799 1969 1048 2040 episcopi
1084 1967 1404 2023 Germania:
1453 1984 1568 2022 una
1612 1983 1740 2021 cum
1785 1967 1975 2037 legato
2020 1969 2326 2040 apostolico
2372 1972 2593 2027 nonnisi
2643 1990 2773 2029 cum
2820 1975 3070 2046 quodam
3120 1976 3387 2046 despectu
3438 1992 3637 2030 earum

271 2058 631 2114 mentionem
660 2058 936 2114 facerent.

350 2200 424 2250 At
459 2196 741 2250 enimvero
770 2195 902 2267 quis
946 2194 1143 2263 nescit,
1176 2193 1456 2266 ejusmodi
1494 2193 1752 2248 falsarios
1794 2193 1884 2262 iis,
1913 2209 2041 2264 quae
2072 2197 2396 2266 praeprimis
2433 2199 2490 2252 in
2528 2199 2836 2253 hominum
2870 2202 3088 2253 mentes
3132 2198 3401 2253 inducere
3449 2199 3636 2255 inten-

269 2285 436 2351 dunt,
466 2286 647 2340 multa
674 2285 1014 2353 admiscere,
1043 2302 1173 2357 qua:
1213 2283 1601 2339 indifferentia
1640 2283 1757 2337 sint
1796 2286 1853 2336 et
1892 2282 2140 2338 innocua
2170 2284 2490 2353 videantur,
2521 2304 2593 2342 ne
2636 2304 2809 2359 prava
2856 2286 3096 2342 intentio
3150 2288 3437 2358 perfracta
3472 2288 3643 2343 nimis

268 2374 542 2445 nudeque
588 2376 864 2447 exposita,
894 2375 1085 2431 statim
1126 2377 1417 2446 appareat.
1464 2372 1742 2427 lsidorum
1794 2372 2188 2443 metropolitas
2236 2374 2563 2445 deprimere
2614 2394 2726 2431 non
2782 2381 2887 2443 est,
2917 2394 3019 2432 cur
3048 2377 3357 2446 miremur,
3386 2395 3516 2432 cum
3550 2396 3641 2434 su-

264 2464 556 2536 periorem
589 2466 850 2537 primatis
889 2465 1288 2521 auctoritatem
1327 2464 1434 2519 sibi
1477 2469 1722 2535 arroget.
1758 2465 2159 2518 Verumtamen
2200 2465 2378 2519 nolim
2422 2465 2609 2521 dicere
2651 2466 2967 2521 Decretales
3010 2465 3227 2521 directe
3272 2468 3645 2538 metropolitis

262 2553 581 2621 adversari,
614 2571 803 2627 neque
843 2556 1108 2626 synodos,
1150 2570 1394 2627 quarum
1441 2553 1890 2610 celebrationem
1929 2552 2175 2607 inculcat
2200 2554 2342 2623 (35);
2380 2555 2436 2609 id
2485 2557 2709 2611 tantum
2753 2556 2930 2611 modo
2974 2555 3237 2622 intendit,
3271 2573 3344 2612 ne
3392 2559 3639 2630 synodo-

263 2659 400 2696 rum
432 2642 654 2711 judicia
695 2643 996 2698 arbitrario
1024 2644 1195 2699 modo
1219 2644 1555 2712 habeantur,
1587 2659 1776 2714 neque
1807 2642 1990 2697 ullum
2020 2642 2095 2698 sit
2123 2642 2194 2697 ab
2237 2642 2448 2716 iniquis
2491 2646 2790 2701 sententiis
2826 2646 3138 2718 refugium,
3173 2662 3313 2702 neve
3358 2648 3417 2702 in
3457 2650 3641 2704 aliena

265 2731 565 2802 provincia
587 2732 870 2802 judicium
895 2736 1240 2799 exerceatur,
1264 2732 1417 2805 quod
1447 2733 1505 2786 in
1534 2731 1855 2787 Theodonis
1875 2730 2009 2785 villa
2036 2731 2246 2786 factum
2275 2731 2490 2802 fuerat;
2522 2733 2638 2789 imo
2667 2735 2787 2790 vult
2814 2752 3011 2791 causas
3036 2735 3225 2808 primo
3253 2736 3327 2791 ad
3348 2742 3634 2809 metropo-

264 2821 452 2888 litam,
475 2821 684 2876 deinde
710 2822 785 2875 ad
813 2822 1118 2894 synodum,
1142 2821 1509 2894 postmodum
1538 2821 1609 2876 ad
1635 2821 1968 2893 primatem,
1987 2819 2236 2893 denique
2264 2822 2338 2876 ad
2368 2823 2697 2894 pontiﬁcem
2725 2825 2956 2895 deferri,
2982 2825 3091 2882 nisi
3122 2825 3318 2882 statim
3345 2828 3419 2882 ad
3448 2828 3636 2900 ipsum

264 2910 628 2981 appellatum
656 2911 824 2965 fuerit
848 2911 978 2982 (36).
1014 2911 1380 2966 Benedictum
1412 2911 1599 2982 itaque
1628 2909 1877 2964 Levitam
1908 2908 1969 2963 in
1996 2910 2387 2981 metropolitas
2416 2911 2605 2967 minus
2636 2913 2898 2986 iniquum
2928 2914 3121 2985 fuisse,
3145 2932 3263 2971 non
3290 2921 3444 2973 recte
3473 2935 3645 2990 oppo-

262 3017 402 3069 nas;
437 3000 589 3054 adde
614 3000 766 3072 quod
798 3000 1071 3056 eumdem
1097 3018 1228 3055 cum
1264 2999 1479 3054 Isidoro
1506 2999 1680 3054 fuisse
1711 2998 2039 3053 nullatenus
2065 3003 2288 3055 certum
2314 3000 2405 3069 sit,
2431 3002 2789 3075 proindeque
2822 3004 3208 3061 diversitatem
3235 3007 3639 3079 aliquantulam

261 3088 579 3144 admittere
605 3090 889 3145 absonum
920 3107 1031 3143 non
1058 3091 1147 3157 sit,
1181 3088 1460 3144 diversam
1488 3086 1733 3158 denique
1770 3086 2590 3161 fuisse,Pseudocapitularium
2622 3093 2950 3149 materiam.

336 3226 463 3289 Qua
482 3224 556 3279 de
587 3242 753 3280 causa
782 3226 854 3281 ab
880 3226 1159 3297 episcopis
1188 3223 1504 3280 Germaniae
1524 3227 1628 3277 eta
1648 3222 1945 3292 Bhabano,
1974 3222 2197 3279 silentio
2223 3227 2530 3297 praeterita,
2553 3228 2670 3282 imo
2694 3228 2766 3283 ab
2796 3229 2919 3300 ipso
2946 3230 3183 3285 demum
3210 3230 3445 3303 Otgario
3466 3232 3634 3287 dere-

263 3316 400 3369 licta
428 3315 609 3370 fuerit
635 3316 931 3387 congeries
965 3314 1578 3381 Pseudodccretalium,
1608 3313 1837 3385 egregie
1870 3314 2134 3384 exposuit
2168 3314 2420 3384 Gfrorer,
2448 3333 2635 3389 neque
2663 3319 2975 3390 quidquam
3020 3320 3129 3375 illis
3167 3321 3495 3377 addendum
3536 3329 3636 3390 est,

269 3422 403 3476 qua:
428 3421 604 3476 supra
631 3422 702 3459 ex
739 3406 863 3476 ipso
895 3406 1304 3476 excerpsimus,
1336 3408 1542 3476 prazter
1565 3404 1643 3470 id,
1674 3404 1973 3475 episcopos
1998 3404 2319 3459 Germanice
2352 3406 2654 3477 plerosque
2684 3423 2717 3461 a
2743 3411 2903 3478 parte
2932 3409 3195 3465 Ludovici
3235 3411 3317 3481 pii
3345 3414 3403 3465 et
3428 3428 3638 3482 cogno-

272 3495 447 3548 minis
472 3494 845 3565 postmodum
872 3495 972 3549 ﬁlii
1000 3496 1216 3550 stetisse
1244 3493 1601 3566 proindeque
1627 3510 1743 3548 non
1772 3498 1889 3548 tam
1914 3493 1983 3548 ad
2010 3493 2161 3565 ipsos
2190 3494 2338 3550 mitti
2363 3495 2434 3549 ab
2460 3495 2710 3569 ipsisque
2742 3497 2917 3569 recipi
2962 3500 3218 3569 potuisse
3245 3501 3636 3557 collectionem

271 3593 581 3650 canonum,
613 3600 788 3655 quam
830 3584 901 3638 ad
930 3584 1143 3655 Otgarii
1174 3584 1392 3639 sodales
1426 3584 1485 3638 in
1516 3584 1778 3638 Neustria
1816 3584 2109 3654 degentes,
2140 3584 2293 3653 apud
2326 3601 2470 3655 quos
2505 3585 2616 3641 late
2647 3603 2903 3657 sparsam
2944 3590 3316 3660 postmodum
3360 3590 3633 3659 invenias,

269 3689 403 3726 cum
431 3672 504 3727 ab
528 3676 764 3728 auctore
791 3690 825 3727 a
850 3673 1132 3729 Ludovico
1154 3674 1211 3728 in
1240 3673 1489 3745 gratiam
1516 3678 1743 3743 recepto
1763 3673 1888 3743 jam
1915 3673 2425 3744 derelinqueretur.
2455 3675 2679 3730 Falsum
2702 3677 2871 3733 etiam
2900 3683 2985 3734 est
3008 3681 3324 3737 Germania:
3340 3682 3639 3754 episcopos

271 3779 463 3833 neque
496 3762 573 3817 ad
598 3780 812 3817 annum
848 3766 982 3818 l085
1016 3766 1072 3817 et
1112 3764 1258 3818 ultra
1281 3764 1592 3818 decretales
1620 3764 1703 3817 vel
1731 3762 2068 3834 neglexisse,
2096 3764 2183 3817 vel
2224 3764 2522 3834 sprevisse.
2555 3765 2694 3819 Nam
2723 3765 2779 3819 in
2811 3768 3028 3837 synodo
3062 3770 3385 3823 Coloniensi
3412 3787 3463 3823 a.
3503 3774 3627 3836 887,

268 3851 510 3921 epistola
550 3851 827 3920 Anacleti,
871 3852 930 3906 in
970 3852 1298 3923 Moguntina
1343 3854 1443 3907 888
1484 3852 1717 3924 epistola
1762 3851 1993 3921 Urbani,
2028 3852 2085 3905 in
2124 3851 2474 3906 Triburiensi
2520 3853 2755 3908 demum
2804 3858 2905 3910 895
2956 3858 3214 3927 pluribus
3261 3860 3638 3914 decretalibus

264 3941 819 3998 Pseudoisidorianis
851 3945 1104 3998 utuntur.
1137 3944 1282 4011 Alia,
1318 3960 1446 4015 quae
1474 3944 1634 3999 facile
1662 3945 1975 4001 solvuntur.
2003 3940 2504 3996 brevitatis'causa
2530 3941 2863 3997 omittimus.

1898 4166 1927 4237 ξ
1968 4167 2031 4221 u.

339 4342 395 4392 8.
443 4337 600 4391 Licet
646 4338 814 4393 modo
859 4338 1037 4393 critici
1074 4338 1239 4410 quasi
1284 4352 1486 4392 omnes
1531 4338 1839 4404 fateantur,
1887 4336 2200 4389 Decretales
2244 4335 2801 4390 Pseudoisidorianas
2846 4353 3034 4408 neque
3096 4339 3290 4393 Romae
3339 4355 3526 4411 neque
3574 4344 3637 4394 ut

271 4426 653 4481 Pontiﬁcibus
682 4426 1038 4494 inservirent,
1067 4426 1324 4482 inventas
1364 4425 1556 4493 fuisse,
1590 4423 1752 4479 multi
1786 4429 1979 4478 tamen
2026 4424 2329 4479 Pontifices
2360 4424 2429 4478 iis
2472 4424 2837 4496 postmodum
2882 4425 3086 4481 favisse
3117 4427 3369 4499 ipsisque
3411 4428 3471 4482 in
3506 4446 3637 4499 pro-

272 4516 469 4585 prium
501 4515 874 4570 commodum
914 4532 1045 4571 usos
1074 4531 1192 4571 esse
1218 4513 1593 4570 contendunt.
1623 4511 2116 4567 Wasserschleben
2139 4516 2332 4568 censet
2355 4512 2619 4585 Sergium
2649 4515 2692 4568 II
2715 4513 2838 4583 jam
2863 4531 2914 4568 a.
2945 4516 3051 4571 844
3081 4516 3408 4587 Drogonem
3428 4517 3637 4572 Meten-

274 4622 394 4659 sem
421 4605 756 4678 episcopum
779 4606 1091 4661 Galliarum
1110 4604 1415 4677 primatem
1435 4602 1700 4674 sedisque
1722 4602 2045 4674 apostolica;
2063 4601 2336 4656 vicarium
2360 4601 2434 4656 ad
2455 4618 2721 4656 normam
2740 4601 2887 4672 juris
2905 4604 3429 4660 Pseudoisidoriani
3450 4622 3641 4661 creare

278 4694 543 4749 voluisse.
579 4695 785 4749 Verum
822 4694 893 4749 iis
933 4694 991 4749 in
1023 4694 1162 4749 actis
1187 4693 1331 4748 nihil
1363 4692 1629 4759 occurrit,
1654 4692 1805 4763 quod
1833 4691 2065 4762 speciali
2092 4692 2279 4745 forma
2300 4689 2673 4745 Decretalium
2707 4691 3010 4763 vestigium
3042 4709 3157 4764 prin
3186 4709 3243 4751 se
3268 4693 3432 4763 ferat,
3456 4711 3640 4767 neque

278 4799 345 4837 ea
369 4784 646 4853 dignitas,
674 4801 844 4856 quam
871 4784 1119 4857 Drogoni
1147 4784 1495 4839 moliebatur
1520 4781 1793 4855 pontifex,
1825 4782 2051 4836 novella
2085 4780 2226 4835 adeo
2252 4784 2393 4835 erat.

346 4918 565 4973 Nicolai
602 4919 621 4971 1
660 4918 896 4990 epistola
934 4920 1004 4974 ad
1048 4920 1237 4974 Gallos
1266 4919 1326 4973 in
1364 4934 1532 4973 causa
1575 4916 1913 4988 Thietgaudi
1956 4913 2305 4970 Trevirensis
2337 4914 2463 4983 (37).
2492 4929 2621 4984 qua:
2666 4914 2964 4969 Alexandri
3008 4916 3028 4969 Ι
3073 4915 3638 4974 Pseudodecretalem

278 5007 511 5078 allegat,
539 5023 826 5079 quamque
853 5008 1154 5063 Hontheim
1182 5007 1256 5062 ad
1284 5023 1500 5062 annum
1528 5010 1623 5063 861
1658 5006 1852 5073 refert,
1882 5008 2159 5075 suspecta
2191 5002 2548 5058 auctoritatis
2574 5006 2678 5071 est,
2703 5018 2945 5075 eamque
2971 5004 3334 5060 Kunstmann
3360 5007 3467 5078 (38)
3485 5007 3644 5063 Nico-

280 5095 373 5149 laii
404 5096 445 5149 ll
479 5112 605 5151 esse
632 5100 846 5163 censet,
873 5112 1003 5151 cum
1032 5112 1118 5165 ea,
1146 5112 1274 5168 quae
1302 5096 1371 5151 de
1398 5094 1713 5151 Trevirensi
1739 5094 1990 5150 antistite
2017 5092 2298 5161 dicantur,
2330 5109 2449 5147 non
2477 5092 2537 5146 in
2563 5092 2999 5164 Thietgaudum,
3026 5095 3125 5150 sed
3156 5094 3215 5150 in
3246 5096 3639 5154 Eberhardum

277 5186 585 5259 quadrent,
614 5188 774 5259 quia
806 5187 1065 5242 Conrado
1105 5185 1315 5241 comite
1350 5184 1815 5256 Lutzelburgensi
1860 5188 2059 5256 captus
2101 5184 2202 5236 est.
2237 5182 2344 5237 Res
2383 5182 2645 5237 confecta
2668 5184 2773 5249 est,
2804 5198 2987 5254 usque
3027 5184 3096 5239 ad
3125 5200 3344 5239 annum
3373 5189 3498 5254 863,
3525 5204 3640 5258 quo

280 5275 543 5331 Nicolaus
559 5275 630 5331 ad
655 5275 1028 5331 Hincmarum
1050 5275 1434 5331 Rhemensem
1461 5274 1731 5341 scribens,
1758 5273 1988 5328 nonnisi
2015 5271 2336 5327 Decretales
2357 5270 2655 5327 Hadriana:
2682 5272 3030 5327 collectionis
3047 5280 3364 5342 enumerat,
3389 5279 3451 5329 ut
3469 5291 3642 5343 supra
3704 5259 3711 5266 ’

280 5366 605 5432 retulimus,
634 5365 928 5421 Romanos
954 5364 1250 5436 pontifices
1288 5358 1816 5418 Pseudoisidoriana
1846 5363 2013 5434 plane
2054 5359 2316 5415 nescisse.
2350 5359 2563 5415 Eodem
2601 5360 2722 5415 fere
2757 5364 3016 5433 tempore
3045 5363 3237 5436 Lupus
3276 5362 3642 5419 Ferrariensis

354 5600 491 5667 83‘)
523 5597 585 5651 L.
617 5613 663 5652 c.
704 5613 762 5669 p.
796 5601 882 5651 52.
1658 5584 1661 5585 ⁷

374 5670 463 5720 flii
494 5668 554 5720 L.
583 5685 632 5720 c.
664 5684 722 5720 ι).
752 5671 879 5720 628.

1658 5584 1661 5585 ί
2093 5595 2198 5720 (36)
2224 5594 2311 5650 cr.
2466 5595 2500 5649 8
2525 5594 2741 5677 Pelagii
2764 5596 2806 5677 μ.
3027 5666 3035 5676 _

2091 5667 2176 5720 (37
2219 5667 2322 5720 An.
2403 5665 2682 5720 ontheim.
2713 5667 2853 5720 Hist.
2882 5668 3035 5720 Trevi

374 5664 554 5737 35H“
583 5685 632 5721 c.
664 5664 723 5739 p:
752 5671 879 5722 628.
1004 5738 1011 5739 γ
1055 5737 1083 5739 η
1498 5737 1525 5739 η
2091 5664 2198 5739 (37)
2219 5667 2322 5739 Ap.
2353 5664 2685 5739 Hontheim,
2713 5666 2853 5739 Hist.
2882 5666 3089 5739 Trevir.
3117 5665 3177 5718 Τ.
3210 5664 3247 5730 1,
3287 5679 3343 5735 p.
3376 5667 3494 5719 l97.

354 5744 461 5813 '35)
490 5736 747 5796 Anacléti
774 5755 864 5811 ep.
900 5742 945 5791 1.
979 5737 1171 5792 Felicis
1196 5756 1282 5810 ep.
1322 5742 1370 5792 1.
1399 5737 1533 5792 Julii
1560 5753 1652 5809 ep.
1682 5742 1734 5792 2.

1360 5780 1370 5791 .
1399 5737 1533 5792 Julii
1560 5753 1652 5809 ep.
1682 5742 1734 5792 2.
2094 5736 2199 5810 (38)
2226 5736 2375 5794 Neue
2401 5736 2532 5793 Sion
2569 5738 2723 5806 1845,
2755 5738 2816 5793 Ν.
2855 5738 2944 5791 54.
