4046 6188
385 214 457 252 χι,
1057 176 1068 180 “
1268 192 1550 246 APPEND.
1591 191 1677 246 AD
1716 190 1875 244 saec.
1919 189 2003 244 lx.
2040 217 2106 227 —
2147 189 2454 245 ISIDORL'S
2492 192 2872 250 MERCATOR.

387 324 560 378 abbas
593 322 860 377 eumdem
904 320 1231 392 pontiﬁcem
1262 319 1332 373 de
1377 318 1623 390 quadam
1673 315 2194 372 Pseudoisidoriana
2247 317 2570 373 Melchiadis
2614 320 2883 376 decretali
2931 329 3212 382 consuluit
3257 329 3345 382 his
3374 330 3559 384 verbis
3585 331 3687 402 (39)
3725 349 3738 386 :

393 433 418 463 «
450 413 662 468 Dicitur
688 415 878 466 autem
908 408 1250 464 Melchiades
1278 423 1429 479 papa
1458 406 1794 476 decrevisse,
1822 423 1894 461 ne
1919 406 2045 476 quis
2071 423 2334 479 unquam
2364 410 2616 480 pontifex
2651 412 2773 466 sine
2795 430 3076 471 consensu
3102 435 3266 491 papae
3294 421 3538 475 Romani
3565 422 3740 494 depo-

389 508 641 560 neretur.
673 502 830 556 Unde
865 500 1247 571 supplicamus
1275 505 1337 556 ut
1363 503 1570 555 statuta
1598 499 1750 554 illius
1778 499 2023 570 integra,
2054 497 2196 552 sicut
2220 515 2398 569 penes
2425 515 2519 554 vos
2547 500 2849 571 habentur,
2878 505 3042 559 nobis
3070 506 3314 578 dirigere
3339 509 3677 580 dignemini.
3715 533 3739 563 ι)

462 619 715 675 Pontifex
742 620 935 672 autem
959 616 1031 671 ad
1053 616 1405 672 Wenilonem
1433 618 1666 688 ejusque
1693 615 2079 688 coepiscopos,
2105 617 2313 687 quibus
2339 618 2673 688 conjunctus
2695 621 2884 693 Lupus
2904 623 3222 695 scripserat,
3242 628 3616 698 respondens,
3641 631 3744 684 hac

389 715 456 766 de
485 729 545 765 re
575 711 743 782 plane
772 713 936 777 tacet,
970 723 1101 762 sane
1128 723 1194 762 eo
1221 707 1377 778 quod
1406 707 1753 762 decretalem
1781 723 1893 760 non
1921 705 2220 772 invenerit,
2255 708 2339 762 vel
2367 707 2414 761 si
2446 709 2624 764 mavis
2654 726 2989 782 responsum
3015 715 3085 768 ad
3114 717 3332 786 Lupum
3359 717 3553 772 datum
3577 718 3745 774 inter-

389 801 604 867 cidisse,
639 799 795 854 idem
830 801 1025 852 tamen
1051 797 1185 852 inde
1216 796 1494 868 sequitur,
1528 795 1683 867 quod
1711 795 1968 850 Nicolaus
1995 796 2288 863 decretali,
2321 814 2446 870 qua:
2476 803 2773 872 tantopere
2821 803 3120 873 pontiﬁcis:
3152 806 3469 863 auctoritati
3500 808 3741 875 favebat,

388 891 458 944 ad
491 887 847 945 Wenilonem
873 887 1230 959 respondens
1261 886 1340 941 uti
1369 886 1662 958 spreverit.

425 1080 433 1084 _
459 1014 508 1064 9.
545 1011 683 1064 Hinc
716 1008 946 1080 plurimi
983 1001 1231 1072 censent,
1259 1006 1526 1061 eumdem
1552 1005 1840 1061 Nicolaum
1874 1007 2108 1061 tandem
2133 1025 2166 1062 a
2188 1009 2468 1064 Bothadio
2495 1011 2904 1080 Suessionensi,
2927 1031 3054 1068 cum
3088 1016 3279 1069 Romae
3299 1015 3566 1069 adversus
3586 1014 3746 1070 Hinc-

391 1117 614 1156 marum
648 1101 1032 1154 Rhemensem
1059 1097 1375 1168 appellatus
1401 1097 1724 1150 versaretur
1750 1096 2129 1150 Decretalium
2170 1097 2430 1153 notitiam
2461 1101 2765 1172 accepisse.
2799 1106 2879 1158 ιω
2905 1105 3150 1172 Gfrorer,
3177 1104 3412 1176 Spittler
3437 1106 3564 1176 (40).

458 1215 741 1287 Quidquid
770 1215 860 1282 sit,
890 1216 1108 1268 certum
1141 1216 1225 1268 est
1255 1213 1553 1267 Nicolaum
1583 1229 1633 1266 a.
1660 1215 1761 1268 865
1783 1213 1853 1266 ad
1884 1212 2204 1269 Gallicanos
2229 1215 2525 1287 episcopos
2547 1218 2653 1272 hac
2675 1219 2744 1274 de
2767 1220 3029 1276 Rothadii
3060 1239 3232 1277 causa
3257 1222 3597 1277 scribentem
3621 1223 3746 1278 Hin-

387 1322 645 1360 cmarum
674 1304 955 1371 refellere,
984 1303 1134 1375 quod
1166 1303 1484 1356 Decretales
1516 1302 1867 1373 pontificum,
1896 1319 2024 1374 quae
2050 1303 2110 1357 in
2137 1304 2334 1359 codice
2366 1321 2672 1374 canonum,
2703 1309 2807 1364 hoc
2839 1313 2924 1364 est
2962 1311 3247 1366 Hadriana
3275 1313 3601 1370 collectione
3630 1333 3745 1370 non

389 1395 725 1460 habeantur,
753 1394 860 1447 hac
885 1393 952 1446 de
979 1409 1146 1446 causa
1174 1392 1384 1446 nullius
1421 1408 1540 1446 esse
1577 1391 1790 1446 roboris
1821 1392 2156 1462 praetendat.
2194 1394 2323 1448 Haec
2350 1399 2482 1450 sunt
2504 1397 2680 1450 verba
2713 1398 2814 1468 (41)
2855 1415 2867 1453 :
2905 1419 2931 1450 «
2969 1399 3131 1464 Quod
3171 1403 3362 1456 tamen
3389 1419 3505 1469 vos,
3535 1406 3596 1457 ut
3625 1420 3742 1459 ser-

385 1488 514 1538 vata
536 1483 826 1537 vobiscum
857 1481 1189 1536 medullitus
1213 1479 1491 1535 charitate
1517 1481 1726 1548 dicam,
1760 1479 2140 1552 postposuisse
2169 1481 2428 1537 dolemus
2449 1486 2505 1538 et
2532 1485 2890 1541 diversorum
2921 1489 3069 1544 sedis
3095 1491 3415 1561 apostolicus
3436 1495 3743 1562 pmsulum

387 1573 610 1627 decreta
637 1571 695 1625 in
726 1571 834 1625 hoc
862 1586 959 1624 vos
987 1570 1396 1641 contempsisse
1425 1570 1657 1640 negotio
1695 1586 1812 1624 non
1849 1569 2140 1625 immerito
2174 1572 2678 1642 reprehendimus.
2709 1575 2869 1630 Absit
2910 1577 3087 1646 enim,
3115 1581 3179 1632 ut
3215 1580 3622 1651 cujuscunque,
3651 1599 3744 1635 us-

383 1677 494 1732 que
515 1661 586 1714 ad
617 1660 884 1715 ultimum
901 1659 1033 1713 vitae
1061 1675 1178 1713 suae
1206 1658 1362 1714 diem
1385 1658 1482 1730 qui
1505 1658 1563 1713 in
1588 1658 1699 1713 ﬁde
1729 1659 1999 1714 catholica
2025 1663 2494 1734 perseveraverit,
2518 1665 2606 1718 vel
2631 1665 2939 1722 decretalia
2960 1668 3268 1723 constituta
3288 1671 3373 1723 vel
3395 1669 3462 1724 de
3485 1671 3746 1726 ecclesia-

387 1754 525 1808 stica
554 1753 852 1825 disciplina
881 1751 1149 1824 qualibet
1177 1751 1444 1822 exposita,
1469 1749 1661 1805 debito
1683 1751 1836 1805 cultu
1855 1754 1911 1806 et
1933 1767 2065 1805 cum
2089 1768 2315 1806 summa
2347 1751 2691 1810 discretione
2725 1771 2842 1810 non
2873 1757 3288 1827 amplectamur
3306 1760 3593 1828 opuscula,
3618 1775 3747 1831 quae

387 1845 667 1897 duntaxat
695 1847 750 1896 et
788 1841 1102 1912 antiquitus
1135 1844 1330 1894 sancta
1362 1841 1616 1894 Romana
1653 1840 1891 1895 Ecclesia
1932 1856 2274 1896 conservans
2311 1842 2474 1896 nobis
2510 1859 2738 1915 quoque
2784 1845 3154 1900 custodienda
3198 1847 3488 1901 mandavit
3518 1851 3575 1902 et
3604 1865 3747 1921 pene

389 1949 448 1986 se
490 1931 549 1986 in
594 1931 708 1984 suis
753 1930 996 1983 archivis
1038 1933 1094 1983 et
1138 1927 1371 1982 vetustis
1419 1928 1523 1982 rite
1571 1930 1956 1984 monumentis
2005 1931 2301 1987 recondita
2350 1937 2765 1988 veneratur.....
2827 1936 3167 2008 Quanquam
3217 1938 3453 2008 quidam
3497 1944 3746 1994 vestrum

386 2019 732 2092 scripserint,
759 2018 916 2072 haud
943 2017 1038 2071 illa
1064 2016 1369 2071 decretalia
1395 2016 1711 2088 priscorum
1741 2019 2078 2088 pontiﬁcum
2103 2021 2161 2075 in
2189 2027 2303 2076 toto
2325 2022 2530 2078 codicis
2556 2041 2836 2079 canonum
2865 2042 3103 2096 corpore
3129 2027 3412 2082 contineri
3443 2027 3746 2100 descripta,

386 2127 518 2166 cum
548 2110 676 2180 ipsr,
708 2107 804 2162 ubi
832 2125 948 2160 suae
978 2106 1284 2161 intentioni
1316 2108 1436 2162 haec
1470 2107 1769 2179 suffragari
1800 2110 2177 2181 conspiciunt,
2202 2110 2308 2165 illis
2329 2112 2721 2169 indifferenter
2749 2118 2979 2169 utantur
2998 2118 3054 2170 et
3072 2115 3256 2170 solum
3288 2133 3440 2171 nunc
3461 2117 3533 2171 ad
3555 2118 3746 2173 immi-

390 2200 684 2254 nutionem
716 2195 1006 2267 potestatis
1049 2195 1196 2249 sedis
1223 2195 1552 2265 apostolicae
1582 2201 1638 2250 et
1665 2197 1735 2252 ad
1763 2214 1999 2252 suorum
2029 2207 2439 2272 argumentum
2471 2204 2906 2276 privilegiorum
2935 2205 3126 2260 minus
3151 2210 3376 2277 accepta
3403 2223 3523 2262 esse
3554 2208 3745 2278 perhi-

387 2292 578 2346 beant.
603 2290 746 2342 Nam
772 2285 1045 2340 nonnulla
1070 2301 1268 2339 eorum
1298 2285 1507 2356 scripta
1532 2302 1706 2357 penes
1733 2302 1837 2341 nos
1863 2287 2160 2357 habentur,
2188 2309 2315 2362 qua:
2339 2309 2456 2347 non
2485 2294 2670 2349 solum
2694 2311 3168 2366 quorumcunque
3195 2296 3576 2351 Romanorum
3600 2313 3745 2368 pon-

388 2381 625 2446 tificum,
659 2393 854 2432 verum
887 2375 1059 2431 etiam
1091 2375 1352 2447 priorum
1378 2376 1609 2431 decreta
1635 2377 1692 2432 in
1725 2377 1838 2432 suis
1864 2380 2137 2450 praeferre
2166 2389 2502 2451 noscuntur,
2546 2409 2570 2432 n

460 2501 650 2571 Neque
687 2514 828 2569 opus
857 2501 960 2562 est,
992 2501 1057 2550 ut
1087 2511 1220 2550 cum
1257 2496 1660 2551 Kunstmanno
1702 2496 1974 2568 dicamus,
2017 2499 2307 2557 Nicolaum
2347 2503 2438 2559 hie
2465 2503 2574 2558 loci
2607 2503 2677 2558 ad
2714 2504 3250 2560 Pseudodecretales
3289 2503 3525 2559 minime
3570 2504 3744 2575 reSpi-

390 2605 537 2657 cere,
565 2587 717 2659 quod
745 2603 810 2643 ex
838 2586 962 2656 ipso
998 2584 1307 2640 verborum
1335 2590 1533 2642 tenore
1576 2587 1873 2643 refellitur.

463 2707 868 2762 Verumtamen
908 2702 1120 2774 oppido
1161 2707 1333 2770 errat,
1364 2703 1462 2774 qui
1500 2703 1634 2758 inde
1679 2707 1985 2774 concludit,
2021 2708 2316 2764 Nicolaum
2361 2710 2673 2767 Decretales
2715 2714 2867 2784 ipsas
2903 2713 3202 2784 recepisse,
3231 2713 3316 2767 vel
3346 2712 3454 2766 illis
3498 2727 3748 2783 unquam

393 2813 560 2852 usum
583 2795 774 2850 fuisse.
805 2794 994 2847 Hefele
1028 2793 1132 2863 (42)
1161 2792 1394 2862 quidem
1425 2793 1727 2863 epistolam
1769 2795 1978 2850 Nicolai
2017 2798 2089 2853 ad
2127 2799 2390 2856 Carolum
2419 2800 2654 2855 Calvum
2701 2803 2958 2872 ejusdem
2991 2802 3125 2856 anni
3158 2803 3262 2873 (43)
3293 2801 3520 2872 allegat,
3555 2801 3612 2855 in
3641 2817 3751 2872 qua

392 2889 521 2944 Julii
564 2884 1053 2943 Pseudodecretali
1099 2889 1311 2939 utatur.
1360 2885 1470 2940 Sed
1511 2901 1647 2956 pace
1681 2887 1898 2958 egregii
1925 2886 2029 2942 viri
2070 2887 2286 2942 dictum
2327 2888 2418 2958 sit,
2447 2889 2651 2944 nullibi
2701 2890 2756 2944 in
2801 2891 3184 2945 Decretalibus
3212 2889 3366 2944 falsis
3396 2906 3465 2944 ea
3493 2890 3751 2944 invenire

395 2977 701 3048 potuimus,
734 2991 863 3047 quae
892 2974 962 3028 de
990 2973 1136 3029 Julio
1163 2975 1341 3028 refert
1366 2973 1644 3029 Nicolaus.
1677 2977 1869 3047 Neque
1893 2978 2065 3032 verba
2089 2977 2245 3032 aliud
2273 2995 2391 3048 prae
2421 2995 2479 3034 se
2508 2979 2721 3046 ferunt,
2753 2980 2859 3034 nisi
2884 2981 3112 3036 brevem
3142 2986 3435 3053 gestorum
3467 2982 3748 3037 narratio-

396 3082 548 3133 nem,
585 3081 760 3137 quam
790 3080 854 3118 ex
885 3062 1122 3118 historia
1160 3061 1445 3134 tripartita
1474 3063 1557 3118 vel
1583 3080 1648 3119 ex
1689 3064 1937 3134 genuina
1961 3065 2092 3120 Julii
2121 3067 2188 3121 ad
2217 3067 2530 3123 Orientales
2569 3069 2808 3140 epistola
2848 3070 3184 3142 desumpsit.
3218 3072 3300 3125 En
3329 3071 3498 3126 verba
3532 3088 3545 3126 :
3581 3093 3608 3121 ‹‹
3643 3071 3753 3126 Sed

398 3159 454 3210 et
479 3171 628 3227 papa
656 3153 836 3208 Julius
863 3152 1244 3208 Orientalibus
1271 3152 1541 3223 scribens,
1576 3157 1875 3225 utramque
1904 3159 2124 3226 partem
2149 3157 2444 3212 Athanasii
2469 3159 2688 3214 scilicet
2717 3163 2773 3213 et
2795 3159 3251 3214 adversariorum
3285 3161 3409 3231 ejus
3437 3163 3754 3216 accelerare

399 3242 787 3316 praesentiam,
818 3243 1100 3312 quatenus
1127 3246 1368 3313 utraque
1396 3245 1558 3313 parte
1584 3247 1866 3314 praesente
1898 3244 2198 3300 audiretur
2224 3263 2355 3301 reus
2387 3250 2445 3302 et
2483 3248 2553 3302 ab
2582 3250 2846 3303 omnibus
2872 3250 3304 3320 condemnatus,
3329 3249 3400 3305 de
3432 3256 3636 3306 caetero
3668 3266 3756 3304 co-

399 3337 690 3392 hiberetur
714 3352 746 3389 a
765 3333 1106 3390 sacerdotio.
1129 3356 1154 3383 ››
1179 3335 1238 3389 In
1271 3334 1455 3389 altera
1482 3335 1741 3406 ejusdem
1769 3334 1904 3389 anni
1934 3335 2172 3405 epistola
2202 3335 2274 3390 ad
2305 3337 2491 3391 Gallos
2521 3336 2834 3408 genuinam
2858 3338 2988 3393 Julii
3015 3339 3353 3395 decretalem
3377 3339 3584 3395 attulit.
3607 3339 3754 3393 Nun-

397 3442 574 3497 quam
602 3424 860 3481 Nicolaus
887 3423 1270 3478 Decretalibus
1303 3440 1435 3478 usus
1465 3427 1571 3492 est,
1600 3439 1895 3495 nunquam
1924 3425 2177 3495 aliquam
2205 3425 2436 3495 speciali
2463 3427 2758 3482 mentione
2783 3427 3041 3498 advocat,
3075 3428 3205 3485 licet
3230 3429 3396 3484 toties
3423 3429 3640 3484 occasio
3668 3443 3755 3483 oc-

397 3517 659 3572 currerit.

472 3635 634 3700 Quod
659 3635 728 3690 ad
755 3633 910 3689 illam
942 3632 1245 3704 epistolam
1271 3634 1496 3702 attinet,
1526 3634 1597 3688 ad
1625 3635 1995 3689 Hincmarum
2023 3632 2316 3702 directam,
2340 3651 2467 3707 quas
2500 3636 2665 3690 unica
2693 3641 2794 3704 est,
2819 3638 2875 3690 in
2917 3653 3031 3708 qua
3062 3636 3319 3708 pontifex
3347 3637 3417 3690 ad
3437 3636 3753 3692 Pseudode-

399 3728 634 3782 cretales
663 3723 947 3798 respiciat,
977 3725 1090 3780 duo
1119 3728 1271 3794 sunt,
1304 3741 1432 3796 qua:
1461 3723 1698 3780 dicenda
1724 3724 1886 3779 nobis
1915 3730 2103 3780 erunt.

468 3844 795 3916 Prasprimis
815 3844 1136 3900 notandum
1164 3849 1266 3912 est,
1291 3844 1583 3898 Nicolaum
1613 3843 1838 3897 nonnisi
1863 3844 2159 3896 confusam
2185 3843 2495 3912 quamdam
2524 3841 2965 3912 generalemque
2997 3842 3380 3898 Decretalium
3411 3844 3640 3898 illarum
3659 3860 3759 3899 no-

397 3935 578 3990 titiam
603 3951 719 4006 prw
747 3951 807 3989 se
829 3934 1000 4001 ferre,
1029 3949 1213 4004 neque
1247 3949 1496 4002 unquam
1524 3948 1622 3984 eas
1643 3946 1759 4000 prae
1788 3929 1982 3991 oculis,
2009 3929 2113 3983 nisi
2138 3929 2195 3982 in
2227 3929 2444 4000 aliquot
2467 3929 2536 3982 ab
2561 3929 2860 3983 Hincmaro
2880 3929 3062 3985 citatis
3085 3931 3242 4003 locis,
3267 3932 3532 3988 habuisse
3553 3932 3753 3988 videri.

399 4027 536 4080 Nam
557 4022 788 4078 nonnisi
821 4039 936 4076 una
958 4022 1076 4076 vice
1111 4019 1474 4090 generalibus
1504 4017 1841 4089 quihusdam
1871 4017 2056 4071 verbis
2081 4018 2150 4072 de
2180 4019 2313 4089 ipsis
2345 4020 2610 4090 loquitur.

467 4143 746 4208 Alterum,
776 4140 929 4211 quod
959 4137 1195 4192 maximi
1227 4135 1503 4193 momenti
1542 4135 1890 4202 habendum,
1924 4134 1983 4190 id
2014 4139 2119 4203 est,
2149 4137 2442 4192 Nicolaum
2475 4136 2714 4192 minime
2741 4137 2811 4193 de
2836 4139 3128 4194 authentia
3160 4141 3532 4196 Decretalium
3561 4157 3753 4212 agere,

397 4233 495 4287 sed
527 4233 804 4286 statutum
829 4227 1232 4284 tantummodo
1256 4227 1326 4282 ab
1351 4226 1655 4281 Hincmaro
1676 4224 2021 4297 principium
2052 4225 2416 4297 impugnare,
2442 4227 2752 4282 decretales
2777 4226 2921 4295 illas,
2950 4228 3080 4284 licet
3101 4229 3367 4300 genuina:
3398 4231 3603 4298 forent,
3631 4231 3753 4284 nul-

398 4323 506 4376 lius
537 4334 657 4374 esse
683 4316 1030 4372 auctoritatis
1053 4333 1120 4371 eo
1148 4316 1296 4387 quod
1326 4315 1383 4370 in
1415 4314 1680 4370 Codicem
1703 4316 2018 4382 Canon'im,
2042 4315 2438 4370 collectionem
2469 4332 2674 4387 nempe
2705 4316 3075 4385 Hadrianam,
3103 4331 3217 4372 non
3249 4318 3461 4373 fuerint
3491 4325 3752 4390 receptas.

399 4408 788 4477 Quwstionem
815 4407 884 4462 de
914 4407 1210 4462 authentia
1239 4405 1611 4462 Decretalium
1639 4405 1929 4474 inductam
1966 4407 2200 4461 omnino
2222 4407 2455 4478 reliquit
2484 4407 2763 4474 Nicolaus,
2795 4407 3232 4477 prudentissime
3266 4425 3462 4480 agens,
3497 4411 3560 4462 ut
3586 4408 3755 4462 dubia

397 4515 582 4572 neque
612 4497 936 4554 admitteret
958 4495 1428 4562 inconsideratus,
1450 4511 1638 4566 neque
1658 4511 1908 4567 praeceps
1937 4495 2217 4565 rcjicerct.
2244 4496 2432 4568 Neque
2463 4497 2580 4551 ulla
2606 4496 2738 4551 data
2767 4496 2972 4562 fuerat,
2996 4502 3060 4551 ut
3079 4513 3145 4552 ea
3165 4496 3486 4566 attingeret,
3512 4495 3749 4551 occasio.

400 4592 543 4646 Nam
577 4605 764 4659 neque
796 4587 917 4658 ipse
949 4586 1280 4641 Hincmarus
1319 4589 1456 4640 tunc
1499 4583 1569 4638 de
1610 4585 1908 4639 authentia
1954 4584 2269 4640 dubitabat.
2301 4585 2441 4639 Cum
2469 4585 2591 4639 haec
2619 4602 2669 4638 a.
2699 4588 2803 4641 865
2832 4589 2958 4639 acta
2988 4586 3100 4639 sint
3137 4585 3284 4639 circa
3312 4601 3524 4639 annum
3555 4587 3658 4640 868
3685 4585 3754 4640 ad

398 4677 666 4734 Carolum
699 4676 932 4732 Calvum
979 4675 1228 4730 scribens
1261 4675 1368 4744 (44)
1398 4673 1925 4746 pseudodecretales
1955 4673 2188 4741 Urbani,
2221 4674 2374 4728 Lucii
2423 4677 2592 4746 atque
2637 4673 2907 4744 Stephani
2958 4673 3145 4728 adhuc
3190 4673 3247 4727 in
3296 4672 3620 4743 prazsidium
3658 4690 3754 4727 vo-

399 4770 509 4822 cat.
540 4766 770 4822 Gfrorer
794 4765 1031 4836 quidem
1064 4766 1262 4818 censet
1291 4763 1396 4834 (45)
1426 4763 1796 4817 Hincmarum
1825 4779 1940 4817 non
1977 4778 2180 4816 ausum
2208 4762 2380 4818 fuisse
2411 4763 2787 4818 Decretalium
2813 4762 3171 4816 authentiam
3205 4761 3427 4832 publice
3459 4763 3754 4834 impetere,

402 4861 704 4929 postquam
727 4873 760 4910 a
785 4856 1016 4910 Nicolao
1049 4855 1062 4908 l
1091 4853 1326 4908 defensa
1353 4852 1562 4918 fuerat,
1586 4854 1642 4905 et
1662 4851 1864 4906 saltem
1893 4856 1954 4906 ut
1979 4851 2382 4908 subsidiarium
2405 4853 2555 4924 juris
2575 4852 2796 4907 fontem
2820 4850 3139 4906 admisisse.
3167 4849 3306 4914 Quae
3326 4851 3371 4905 si
3393 4851 3474 4906 ita
3495 4851 3755 4921 fuissent,

400 4949 555 5001 certe
585 4945 866 5011 tacuisset,
895 4959 1008 4998 non
1036 4958 1172 4996 vero
1202 4957 1336 4996 usus
1365 4941 1584 5007 fuisset,
1617 4939 1695 4994 uti
1740 4956 1935 4996 revera
1959 4957 2096 4996 usus
2122 4944 2225 4995 est.
2259 4941 2509 5012 Idipsum
2551 4941 2928 4996 confirmatur
2960 4956 3026 4993 eo
3067 4939 3354 4995 Hincmari
3385 4956 3574 5012 opere,
3605 4942 3757 5013 quod

402 5038 590 5095 libello
619 5038 690 5093 ab
732 5037 1034 5092 Hincmaro
1065 5032 1425 5089 Laudunensi
1465 5035 1672 5103 nepote
1703 5049 1772 5086 ex
1804 5030 2354 5087 Pseudoisidorianis
2395 5030 2655 5085 confecto
2691 5029 2748 5083 in
2797 5028 3017 5100 synodo
3044 5029 3404 5084 Altiniacensi
3437 5046 3490 5084 a.
3519 5033 3623 5086 870
3653 5048 3756 5103 op-

401 5129 609 5200 posuit.
641 5124 1008 5182 Authentiam
1039 5123 1413 5178 Decretalium
1441 5123 1524 5176 vel
1556 5121 1945 5194 Capitulorum
1967 5120 2348 5194 Angilramni,
2381 5119 2478 5191 qui
2513 5117 2896 5175 Decretalibus
2926 5117 3111 5188 juncti
3136 5118 3379 5189 fuerant,
3404 5120 3558 5176 nullo
3589 5121 3758 5178 modo

469 5467 1170 5540 (39)MansiT.XV._397.
1313 5537 1401 5540 __
1547 5537 1577 5540 η
1667 5535 1717 5540 Ἀ
2211 5464 2315 5540 (is)
2345 5479 2434 5534 ep.
2465 5463 2548 5540 to.
2576 5461 2828 5514 MansiT.
2855 5461 2963 5517 xv.
2998 5463 3120 5516 658.

469 5534 576 5610 (to)
606 5539 942 5596 Geschichte
982 5537 1080 5593 des
1123 5537 1500 5593 canonischen
1546 5535 1788 5592 [lectites
1817 5552 1873 5606 p.
1901 5538 2024 5590 256.
2205 5534 2314 5610 (τίς)
2342 5549 2437 5610 ep.
2469 5535 2554 5587 29.

471 5603 574 5670 illi
603 5611 775 5666 Mansi
801 5612 862 5665 Τ.
897 5610 998 5664 XV.
1032 5609 1154 5672 694,
1185 5610 1307 5664 693.
1819 5603 1832 5606 β

1819 5603 1832 5606 “
2200 5604 2307 5674 (45)
2342 5603 2458 5658 ιίς.
2491 5620 2542 5674 ρ.
2585 5605 2699 5658 472.
2740 5603 2857 5657 t85.

485 5683 566 5744 i2)
600 5682 656 5736 L.
687 5700 732 5735 c.
765 5699 818 5753 p.
851 5684 970 5734 657.
