4046 6188
1625 269 1976 324 PROLEGOM
1984 271 2133 324 ENA.
3514 290 3608 330 xm

251 417 547 490 impugnat
580 433 593 470 :
630 440 655 463 ‹‹
687 416 741 472 Si
776 433 909 470 vero
952 415 1080 470 ideo
1117 416 1271 484 talia,
1305 415 1494 486 inquit
1528 414 1658 485 (46),
1695 430 1826 486 quas
1865 413 1968 469 tibi
2014 415 2130 468 visa
2173 420 2326 483 sunt,
2374 417 2445 470 de
2486 416 2737 486 przefatis
2775 415 3074 470 sententiis
3115 416 3509 487 (Angilramni)
3550 435 3613 472 ac

245 523 388 580 sepe
413 505 750 561 memoratis
780 504 1031 576 epistolis
1056 503 1447 559 detruncando
1477 507 1535 558 et
1557 503 2026 574 przeposterando
2056 509 2224 577 atque
2255 503 2663 560 disordinando
2693 505 2990 577 collegisti,
3035 505 3172 577 quia
3206 507 3350 561 forte
3381 508 3613 577 putasti,

244 598 531 654 neminem
563 595 741 649 alium
769 595 999 650 easdem
1035 593 1344 649 sententias
1379 593 1465 648 vel
1501 593 1650 664 ipsas
1688 593 1948 664 epistolas
1985 609 2105 664 pra:
2145 597 2200 648 te
2238 594 2474 661 habere,
2501 597 2559 648 et
2584 594 2792 648 idcirco
2821 593 2958 648 talia
2995 593 3172 649 libere
3204 599 3259 649 te
3287 595 3614 651 existimasti
3697 591 3708 600 “

244 704 404 759 posse
430 687 723 757 colligere,
756 702 847 739 res
877 684 1021 738 mira
1051 689 1154 751 est,
1177 700 1315 761 (cum
1345 683 1415 738 de
1441 682 1576 754 ipsis
1607 683 1906 738 sententiis
1931 684 2104 754 plena
2138 685 2209 739 sit
2237 685 2346 739 ista
2373 689 2546 753 terra,
2580 683 2727 738 sicut
2750 686 2807 738 et
2833 683 2902 737 de
2929 683 3071 738 libro
3101 684 3462 739 collectarum
3491 686 3612 758 epi-

243 778 520 832 stolarum
549 777 622 830 ab
649 776 883 844 Isidoro,
913 791 1084 847 quem
1121 775 1190 830 de
1237 773 1502 846 Hispania
1538 773 1776 828 allatum
1820 772 2072 827 Riculqu
2109 775 2477 845 Moguntinus
2515 773 2813 844 episcopus
2839 770 2898 826 in
2927 771 3273 843 hujusmodi,
3304 772 3449 828 sicut
3473 779 3530 830 et
3554 774 3614 830 in

243 868 503 939 capitulis
528 867 706 938 regiis
732 865 1042 933 studiosus,
1077 865 1325 920 obtinuit
1351 870 1409 920 et
1433 865 1570 920 istas
1598 866 1863 936 regiones
1885 881 1964 942 ex,
1983 863 2092 918 illis
2118 863 2326 936 repleri
2351 862 2505 919 fecit.
2533 886 2558 911 ››

307 984 502 1051 Vides,
536 984 901 1038 Hincmarum
927 984 1110 1038 adhuc
1140 983 1470 1055 capitularia
1493 999 1594 1054 pro
1625 982 1877 1054 genuina
1914 981 2112 1037 Isidori
2139 981 2474 1036 collectione
2504 980 2736 1049 habere,
2769 980 2942 1052 idque
2973 981 3368 1036 tantummodo
3411 997 3610 1053 repre-

241 1075 520 1140 hendere,
549 1074 701 1145 quod
731 1073 880 1128 male
913 1073 1051 1144 ipsis
1069 1074 1266 1144 junior
1291 1074 1647 1141 Hincmarus,
1679 1073 1822 1129 sicut
1848 1076 1904 1130 et
1923 1071 2284 1144 Angilramni
2311 1071 2573 1142 capitulis
2595 1087 2728 1125 usus
2756 1070 2947 1126 fuerit.

309 1193 432 1262 Ipse
462 1189 848 1245 Decretalibus
876 1191 1202 1260 Clementis,
1236 1192 1509 1261 Anacleti,
1539 1192 1869 1263 Zephyrini,
1908 1192 2183 1263 Stephani
2221 1191 2578 1262 aliorumque
2612 1191 2793 1244 utitur
2821 1191 2950 1261 (47),
2986 1193 3048 1243 ut
3078 1190 3147 1243 ab
3181 1189 3459 1260 episcopis
3490 1207 3611 1245 me-

244 1279 606 1351 tropolitanis
630 1279 881 1333 debitam
911 1279 1295 1350 obedientiam
1322 1281 1710 1352 praestandam
1752 1297 1894 1348 esse,
1923 1280 2162 1337 evincat.
2195 1282 2330 1346 Quis
2370 1297 2500 1336 vero
2539 1281 2711 1335 fuerit
2737 1279 3026 1334 Hincmari
3067 1295 3286 1345 sensus,
3315 1295 3382 1334 ex
3411 1280 3613 1334 eodem

244 1370 521 1442 opusculo
563 1373 738 1440 patet.
783 1371 844 1423 In
888 1387 956 1425 eo
996 1373 1146 1425 totus
1185 1375 1288 1441 est,
1333 1376 1393 1426 ut
1434 1371 1696 1426 ostendat
1739 1386 1834 1424 eos
1875 1370 2273 1425 tantummodo
2309 1386 2558 1426 canones
2597 1369 2915 1441 sequendos
2955 1389 2982 1417 «
3019 1384 3160 1439 quos
3191 1368 3494 1439 apostolica
3527 1384 3616 1422 se-

243 1463 338 1516 des
509 1464 568 1514 et
598 1461 782 1515 omnis
811 1461 1088 1516 catholica
1115 1460 1364 1516 Ecclesia
1393 1477 1638 1516 canones
1661 1460 1931 1532 appellat,
1957 1479 1984 1512 »
2014 1464 2071 1516 et
2095 1460 2194 1532 qui
2220 1460 2370 1524 fecit,
2405 1480 2432 1509 «
2462 1460 2522 1514 in
2549 1459 2759 1515 nostris
2786 1457 3097 1525 codicibus,
3126 1474 3270 1529 quos
3299 1458 3370 1514 ab
3397 1460 3622 1530 aposto-

241 1553 349 1606 lica
375 1551 512 1606 sede
540 1551 790 1622 majores
816 1552 995 1606 nostri
1020 1555 1364 1623 acceperunt
1389 1551 1705 1623 sequendos
1733 1551 1861 1621 (48).
1898 1571 1924 1598 ››

313 1668 624 1738 Distinguit
654 1668 930 1722 nimirum
975 1668 1313 1724 Hincmarus
1341 1670 1442 1738 (49)
1474 1667 1625 1722 inter
1660 1683 1912 1722 canones
1949 1672 2006 1723 et
2041 1668 2353 1722 decretales
2380 1669 2646 1740 epistolas
2674 1684 2739 1723 eo
2769 1668 2947 1736 nisus,
2979 1666 3130 1738 quod
3165 1665 3415 1721 Gelasius
3443 1665 3501 1718 in
3528 1681 3617 1735 sy-

247 1757 391 1812 nodo
413 1759 667 1811 Romana
686 1757 754 1812 de
773 1757 935 1812 libris
954 1758 1295 1830 recipiendis
1315 1763 1372 1814 et
1393 1775 1505 1812 non
1529 1757 1866 1828 recipiendis
1887 1773 2064 1828 agens
2084 1757 2256 1825 dicat,
2275 1758 2509 1812 concilia
2529 1759 2838 1829 recipienda
2856 1762 2906 1812 et
2920 1757 3292 1818 custodienda,
3313 1756 3621 1810 decretales

245 1863 378 1899 vero
410 1847 673 1916 epistolas
700 1847 1079 1902 venerabiliter
1105 1849 1462 1918 recipiendas.
1493 1847 1701 1900 Locum
1732 1846 1956 1914 Leonis,
1990 1863 2161 1918 quem
2194 1847 2454 1902 Nicolaus
2479 1849 2550 1904 ad
2581 1848 2878 1920 episcopos
2903 1847 3097 1902 Gallia:
3129 1845 3618 1916 scribensallega-

246 1940 400 1989 verat
427 1936 554 2003 (50),
586 1937 663 1990 ita
689 1937 1115 2007 interpretatur,
1146 1937 1376 1992 decreta
1406 1937 1742 2008 pontificum
1773 1934 1832 1988 in
1861 1938 2084 1990 tantum
2121 1937 2324 2002 valere,
2351 1937 2410 1991 in
2438 1942 2716 2008 quantum
2746 1935 3107 2006 generalibus
3145 1933 3407 1988 Ecclesia:
3444 1936 3618 1988 statu-

249 2025 318 2078 tis
351 2029 685 2091 consonent,
708 2025 862 2080 aliud
893 2042 1016 2080 esse
1049 2027 1199 2095 leges
1225 2027 1381 2094 dare,
1407 2025 1561 2080 aliud
1593 2025 1664 2078 ad
1695 2025 1850 2095 leges
1869 2025 1992 2094 jam
2023 2025 2182 2079 datas
2207 2026 2312 2080 hoc
2341 2027 2427 2080 vel
2455 2026 2596 2080 illud
2629 2025 2958 2080 decernere.
3001 2024 3383 2080 Conciliorum
3418 2023 3622 2093 placita

249 2130 586 2184 supremam
613 2131 724 2170 esse
743 2115 892 2185 juris
923 2116 1282 2170 ecclesiastici
1314 2115 1592 2186 regulam,
1620 2130 1806 2184 neque
1836 2114 1985 2168 Petri
2010 2115 2199 2169 sedem
2235 2115 2576 2185 quidquam,
2609 2115 2762 2184 quod
2783 2114 3108 2168 auctoritati
3139 2113 3506 2168 conciliorum
3531 2130 3618 2167 re-

251 2210 499 2274 pugnet,
529 2206 828 2276 przecipere
871 2223 1054 2277 posse.
1095 2207 1262 2260 Vocat
1299 2204 1532 2275 quidem
1568 2204 1672 2272 (51)
1703 2208 2030 2273 excerptum
2061 2220 2094 2257 a
2124 2208 2330 2274 nepote
2357 2220 2427 2258 ex
2455 2204 3000 2260 Pseudoisidorianis
3024 2203 3284 2258 libellum
3316 2223 3342 2253 «
3376 2203 3621 2256 circum-

246 2295 500 2366 positam
532 2295 789 2349 omnibus
817 2295 1267 2366 metropolitanis
1295 2293 1696 2363 muscipulam,
1728 2315 1754 2340 n
1788 2308 1900 2346 non
1929 2295 2119 2346 autem
2147 2309 2236 2358 eo,
2265 2293 2416 2364 quod
2446 2293 2597 2364 ipsas
2631 2294 2946 2348 Decretales
2976 2310 3080 2364 pro
3114 2293 3312 2347 fraude
3337 2292 3621 2357 habuerit,

245 2383 346 2436 sed
368 2384 546 2454 quod,
580 2389 640 2437 ut
664 2401 834 2456 supra
865 2384 1127 2451 vidimus,
1161 2385 1238 2439 ita
1268 2387 1527 2454 excerpta
1553 2387 1607 2436 et
1635 2382 1867 2435 collecta
1891 2380 2006 2434 sint
2033 2382 2384 2449 testimonia,
2409 2386 2474 2436 ut
2501 2383 2685 2437 multa
2714 2383 3070 2449 omittantur,
3103 2399 3232 2454 quae
3257 2381 3625 2452 suffraganeis

246 2472 501 2527 debitam
536 2489 676 2544 erga
703 2474 1094 2546 metrOpolitas
1123 2473 1531 2544 subjectionem
1563 2471 1853 2526 inculcent
1883 2472 2008 2540 (52),
2040 2469 2153 2526 imo
2192 2472 2250 2526 in
2290 2472 2438 2542 ipsas
2473 2473 2793 2527 Decretales
2820 2472 3127 2541 invehitur,
3164 2490 3280 2527 non
3309 2489 3440 2527 vero
3468 2471 3623 2543 quod

246 2580 347 2634 pro
373 2564 725 2618 authenticis
751 2581 868 2618 non
895 2564 1158 2631 haberet,
1193 2563 1291 2619 sed
1319 2563 1472 2635 quod
1508 2562 1756 2616 conciliis
1785 2578 1901 2616 non
1929 2577 2214 2615 consonas
2245 2565 2491 2632 putaret,
2524 2566 2734 2632 prteter
2763 2579 2890 2633 quas
2921 2562 3284 2634 pontiﬁcibus
3326 2562 3470 2616 nihil
3501 2578 3624 2616 esse

247 2653 661 2722 deﬁniendum,
698 2654 1051 2721 autumabat,
1100 2671 1287 2726 neque
1320 2655 1492 2708 ullam
1538 2652 1673 2724 ipsis
1701 2651 2097 2706 auctoritatem
2138 2650 2444 2720 tribuebat,
2478 2667 2546 2706 eo
2584 2651 2736 2722 quod
2784 2652 2843 2704 in
2887 2652 3142 2706 codicem
3186 2667 3468 2706 canonum
3511 2667 3625 2704 non

248 2745 465 2800 fuerint
494 2748 760 2814 receptas,
791 2745 1150 2817 proindeque
1179 2746 1388 2800 nullius
1418 2745 1683 2800 adversus
1705 2743 1837 2814 jura
1863 2739 2435 2812 metropolitanorum
2470 2740 2944 2813 synodorumque
2967 2741 3202 2796 roboris.

321 2863 534 2918 Exinde
578 2863 892 2933 repetenda
939 2867 1024 2918 est
1070 2881 1294 2931 norma,
1345 2864 1418 2919 ad
1453 2879 1628 2934 quam
1657 2861 1938 2933 exigenda
1981 2865 2067 2916 est
2108 2860 2499 2930 interpretatio
2547 2858 2696 2914 illius
2738 2860 3014 2930 epistolae,
3043 2858 3101 2913 in
3133 2875 3244 2930 qua
3271 2858 3529 2913 Nicolaus
3558 2857 3628 2912 de

249 2952 793 3008 Pseudoisidorianis
823 2952 1201 3008 decretalibus
1225 2953 1494 3025 loquitur.
1523 2955 1665 3008 Cum
1695 2953 1874 3006 status
1901 2950 2299 3005 controversiae
2337 2949 2486 3005 inter
2516 2949 2850 3020 pontiﬁcem
2895 2950 3374 3020 Hincmarumque
3405 2963 3627 3018 nequa-

248 3059 421 3115 quam
455 3043 604 3096 circa
630 3043 989 3098 authentiam
1023 3047 1366 3113 versaretur,
1397 3059 1582 3115 neque
1608 3041 1964 3096 authentiam
1991 3041 2314 3096 defendisse
2343 3039 2660 3096 censendus
2690 3044 2775 3094 est
2798 3039 3074 3096 Nicolaus.

317 3164 486 3214 Anno
517 3159 756 3214 demum
785 3162 887 3216 872
916 3161 1250 3216 [lincmarus
1279 3161 1579 3232 epistolam
1608 3158 1841 3214 nomine
1868 3158 2051 3214 Caroli
2077 3159 2228 3213 Calvi
2258 3159 2330 3214 ad
2357 3158 2705 3213 Hadrianum
2727 3159 2769 3213 Il
2789 3158 3061 3227 scribens,
3083 3157 3314 3228 plenam
3336 3156 3631 3210 invectivis

255 3261 304 3303 et
335 3250 652 3318 iracundia,
679 3250 1036 3306 authentiam
1065 3251 1442 3307 Decretalium
1470 3249 1718 3321 impetit.
1749 3249 1941 3304 Sacras
1973 3249 2316 3320 Scripturas,
2346 3249 2575 3302 Patrum
2603 3247 2990 3314 traditionem,
3019 3245 3396 3301 conciliorum
3424 3245 3628 3300 deﬁni-

254 3344 435 3396 tiones
453 3341 776 3413 sequendas
798 3363 826 3390 «
849 3341 1002 3414 quod
1024 3358 1202 3409 secus,
1228 3342 1307 3396 ait
1323 3341 1453 3411 (53),
1474 3357 1508 3395 a
1523 3339 1774 3411 quodam
1797 3338 1971 3393 fuerit
1991 3338 2363 3408 compilatum
2383 3338 2497 3393 sive
2519 3339 2846 3406 confictum,
2870 3355 2985 3392 non
3009 3337 3196 3392 solum
3217 3335 3630 3407 respuendum,

255 3433 348 3486 sed
375 3438 432 3487 et
459 3432 934 3502 redarguendum
974 3448 1093 3487 esse
1131 3431 1542 3503 cognoscimus.
1576 3453 1600 3477 ››
1635 3431 1841 3484 Verum
1873 3429 1996 3483 haec
2028 3431 2244 3500 septem
2275 3427 2514 3500 integris
2544 3432 2672 3499 post
2704 3427 2910 3483 Nicolai
2943 3427 3240 3498 epistolam
3278 3424 3440 3480 annis
3479 3423 3633 3479 dicta

257 3524 428 3578 fuisse
456 3539 527 3578 ne
558 3523 929 3578 obliviscaris.

328 3643 480 3708 Quod
525 3643 596 3698 ad
640 3643 1006 3715 insequentes
1037 3640 1335 3696 Pontifices
1374 3638 1596 3704 attinet,
1629 3653 1759 3690 vere
1801 3635 2028 3689 dicendi
2065 3640 2204 3699 sunt
2240 3635 2557 3690 Decretales
2599 3635 2795 3690 lsidori
2843 3634 3184 3706 neglexisse,
3223 3649 3413 3705 neque
3440 3635 3636 3689 Romae

254 3735 656 3788 collectionem
694 3733 984 3804 integram
1027 3735 1223 3786 notam
1264 3729 1434 3784 fuisse
1471 3731 1642 3797 atque
1683 3725 1982 3780 invaluisse
2014 3724 2122 3778 nisi
2161 3725 2370 3779 saeculo
2397 3741 2453 3780 x1
2485 3725 2799 3793 mediante,
2831 3729 3131 3796 postquam
3157 3725 3333 3795 longo
3359 3725 3638 3795 temporis

258 3829 434 3878 tractu
461 3840 638 3878 omne
672 3822 910 3878 dubium
941 3821 1316 3876 obmutuisset
1341 3822 1398 3874 et
1426 3816 1714 3873 communi
1751 3814 2011 3868 omnium
2040 3829 2144 3867 usu
2172 3813 2456 3880 admissas,
2490 3818 2657 3884 atque
2689 3813 2833 3867 adeo
2861 3815 2918 3866 in
2951 3814 3319 3868 collectiones
3349 3831 3635 3868 canonum

255 3915 589 3986 Heginonis,
621 3913 966 3969 Prumiensis
995 3917 1051 3966 et
1079 3909 1390 3966 Burchardi
1419 3905 1845 3962 Wormatiensis
1871 3907 2119 3974 receptae
2142 3899 2554 3971 fuissent(53‘).
2575 3900 2830 3954 Nicolaus
2855 3903 2875 3954 Ι
2904 3901 3058 3969 (531)),
3080 3903 3328 3954 Joannes
3349 3903 3461 3954 Vill
3482 3903 3632 3968 (53c),

255 4008 367 4060 imo
387 4008 443 4059 S.
465 4004 776 4074 Gregorius
797 4003 885 4056 Vll
913 4002 1064 4072 (53d),
1090 3998 1473 4055 restituendos
1493 3997 1727 4052 clericos
1746 3994 2082 4050 fornicarios
2103 3996 2160 4048 et
2181 3991 2500 4047 homicidas
2527 3995 2744 4061 negant
2767 3991 2966 4044 contra
2985 4005 3072 4055 ea,
3095 4005 3224 4061 quas
3247 3989 3638 4044 Pseudoisido-

253 4113 345 4151 rus
373 4096 435 4150 in
463 4092 710 4165 epistola
735 4091 948 4148 Callisti
975 4090 1229 4146 secunda
1260 4093 1316 4144 et
1342 4088 1735 4143 additamento
1764 4087 1835 4141 ad
1864 4085 2162 4156 epistolam
2181 4082 2441 4153 Gregorii
2463 4080 2652 4152 Magni
2680 4080 2754 4134 ad
2779 4079 3164 4136 Secundinum
3186 4079 3370 4134 docet.
3389 4081 3641 4134 Joannes

256 4186 534 4240 diaconus
563 4185 874 4249 Romanus,
907 4182 1004 4252 qui
1033 4180 1209 4234 vitam
1239 4179 1292 4235 S.
1323 4177 1583 4249 Gregorii
1610 4175 1834 4246 scripsit
1865 4180 1921 4229 et
1944 4175 2143 4229 Joanni
2172 4174 2284 4227 VllI
2313 4171 2536 4239 dicavit,
2564 4187 2692 4226 cum
2721 4169 2789 4224 de
2822 4169 3283 4224 accusationibus
3323 4175 3379 4225 et
3410 4169 3640 4241 judiciis

251 4294 311 4329 ex
340 4273 611 4344 Gregorii
645 4272 898 4327 moribus
935 4275 990 4325 et
1026 4269 1286 4324 doctrina
1328 4271 1530 4323 tractet
1557 4267 1712 4337 (53°),
1744 4266 1884 4320 nihil
1918 4265 2090 4320 habet
2115 4265 2182 4319 de
2214 4264 2282 4317 iis
2308 4279 2437 4334 qua:
2473 4262 2532 4315 in
2557 4259 3089 4315 Pseudoisidoriana
3117 4259 3375 4331 Gregorii
3402 4259 3642 4330 epistola

251 4365 320 4418 ad
356 4365 607 4420 Felicem
639 4365 1048 4417 Messanensem
1080 4361 1149 4415 de
1182 4360 1288 4413 hoc
1312 4363 1646 4428 argumento
1675 4359 2066 4428 proferuntur.
2094 4355 2230 4418 Quae
2256 4369 2389 4408 vero
2431 4351 2565 4406 alibi
2594 4351 2716 4419 (53f)
2747 4350 2933 4404 adfert
2960 4350 3028 4404 de
3058 4349 3328 4420 gradibus
3355 4354 3412 4404 et
3451 4349 3639 4420 impe-

255 4455 537 4509 dimentis
567 4453 920 4523 cognationis
946 4451 1027 4506 illi
1050 4449 1305 4522 epistolae
1328 4447 1553 4510 similia,
1573 4463 1690 4502 non
1715 4464 1784 4501 ex
1803 4463 1888 4515 ea,
1909 4445 2007 4501 sed
2029 4461 2098 4500 ex
2121 4443 2368 4514 Egberto
2391 4441 2598 4496 hausit.
2624 4439 2783 4495 Solos
2804 4438 3128 4510 reperimus
3149 4438 3496 4493 Hadrianum
3519 4439 3563 4491 Il
3587 4444 3644 4492 et

255 4546 625 4616 Stephanum
658 4545 695 4594 V
724 4561 792 4597 ex
821 4541 1203 4614 pontificibus,
1237 4539 1335 4611 qui
1366 4542 1497 4593 ante
1530 4537 1730 4592 Leonis
1757 4540 1819 4592 lX
1843 4541 2098 4608 tempora
2123 4535 2292 4588 falsas
2318 4531 2627 4587 decretales
2651 4530 2920 4600 allegant.
2952 4529 3045 4584 llle
3067 4529 3128 4583 in
3155 4529 3392 4599 epistola
3412 4529 3544 4598 (53s)
3568 4528 3641 4582 ad

257 4634 547 4704 synodum
578 4634 979 4687 Duziacensem
1004 4631 1072 4686 de
1094 4647 1264 4685 causa
1291 4629 1514 4683 Actardi
1543 4627 1888 4682 Turonensis
1913 4644 1963 4681 a.
1988 4629 2082 4681 871
2115 4623 2324 4694 scripta
2343 4621 2642 4692 epistolam
2664 4619 2865 4674 Anteri
2887 4635 3053 4689 papm
3073 4618 3315 4673 invocat.
3337 4619 3638 4672 Verumta-

258 4745 392 4780 men
415 4742 554 4780 cnm
582 4723 782 4778 nullibi
806 4721 1172 4792 cmteroquin,
1197 4719 1328 4774 licet
1353 4717 1664 4790 saepissime
1688 4718 1824 4772 data
1848 4716 2018 4772 fuerit
2039 4714 2276 4780 occasio,
2302 4709 2902 4768 Pseudoisidorianum
2923 4708 3060 4780 quid
3079 4708 3307 4778 alleget,
3334 4707 3642 4762 dicendum

258 4825 363 4880 est,
399 4833 538 4872 eum
567 4816 854 4886 integram
881 4811 1273 4868 collectionem
1297 4827 1410 4865 non
1430 4809 1636 4865 vidisse
1663 4812 1716 4862 et
1743 4808 1932 4862 locum
1958 4806 2129 4862 istum
2151 4803 2500 4876 singularem
2530 4799 2754 4854 nonnisi
2781 4803 3126 4870 suggerente
3153 4798 3397 4854 Actardo
3425 4815 3640 4869 cogno-

335 5116 443 5183 εδδ)
473 5131 525 5167 ο,
557 5115 643 5166 24,
2077 5101 2211 5183 (ὄψι)
2234 5095 2786 5183 Ep._ad._Arduicum
2806 5094 3213 5149 Vasionensem
3229 5094 3382 5183 apud
3407 5093 3646 5183 Dacher.

341 5175 446 5262 €37)
473 5194 534 5248 C.
568 5195 744 5246 11-15.
2007 5180 2272 5262 Spicileg.
2407 5178 2581 5262 12_et
2621 5175 2691 5231 ad
2729 5191 2818 5247 ep.
2865 5190 3050 5246 germ.
3093 5191 3186 5246 ap.
3229 5175 3460 5229 Marten.
3505 5177 3642 5228 vett.

336 5258 444 5343 (48)
479 5274 542 5326 τ.
575 5272 639 5326 n.
669 5289 725 5343 p.
758 5271 857 5325 543
885 5269 975 5324 ed.
1011 5267 1321 5324 Sirmondi.

940 5269 975 5323 l.
1011 5267 1321 5324 Sirmondi.
2008 5261 2222 5332 scriptt.
2248 5258 2374 5343 c_oll.
2405 5259 2472 5343 T._
2501 5258 2538 5343 1ἶ

340 5332 451 5421 (49)
483 5352 544 5406 C.
570 5332 778 5406 25:26.
1859 5405 1866 5412 ,

2054 5343 2212 5421 (53ο)
2261 5338 2358 5393 Ed.
2407 5337 2477 5393 ad
2519 5335 2947 5392 Cenomaticum
2993 5334 3359 5390 Muticensem
3408 5347 3531 5386 can.
3591 5332 3646 5385 4.

340 5420 449 5503 {50)
481 5430 657 5486 Mansi
691 5432 795 5486 xv.
829 5429 936 5485 col.
969 5432 1091 5484 695.

2011 5420 2290 5503 disi-75.9;
2655 5495 2729 5503 -.
3040 5495 3050 5503 .
3168 5495 3180 5503 .
3435 5489 3443 5500 .

340 5491 447 5581 {sli
476 5514 538 5567 c.
575 5514 655 5566 10.
679 5512 826 5583 Opp.
858 5511 924 5565 ιι.
953 5527 1006 5580 ρ.
1037 5511 1159 5564 813.

2085 5499 2222 5583 (536)
2253 5497 2450 5583 lip._ad
2478 5495 2935 5583 Lincolniensem
2963 5495 3136 5566 episc.
3166 5495 3204 5549 l.
3237 5508 3324 5548 vn.
3357 5491 3520 5560 epist.
3554 5491 3641 5546 34.

338 5579 448 5663 (52)
478 5593 564 5649 cr.
595 5594 654 5648 c.
690 5579 868 5647 11:19.
959 5579 969 5580 ί

2083 5579 2312 5663 (δθξλι.
2337 5579 2400 5663 ⁸ιιι.
2428 5593 2478 5632 c.
2506 5579 2613 5663 sic.

342 5658 446 5742 ξω)
478 5672 626 5744 Opp.
651 5673 714 5726 T.
744 5672 808 5727 n.
847 5687 902 5740 ρ.
932 5671 1188 5723 701-706.
2087 5659 2298 5744 (5301:.
2331 5661 2466 5744 2.1:.
2507 5658 2590 5710 10.

343 5735 482 5824 τ53³)
509 5735 597 5809 Cf.
627 5735 891 5810 Carolum
924 5750 1182 5805 Blascum
1214 5746 1330 5803 diif.
1354 5764 1400 5802 c.
1436 5749 1486 5801 3.
1519 5761 1573 5816 p.
1616 5747 1696 5800 18.
2090 5743 2218 5811 (53s)
2250 5742 2352 5812 Ep.
2384 5741 2470 5796 32.
2501 5755 2592 5810 ap.
2621 5735 2794 5795 Mansi
2819 5738 2921 5793 XV.
2952 5735 3060 5790 col.
3093 5735 3215 5789 852.
