4046 6188
385 239 476 277 xw
867 227 876 236 ‘
1258 221 1539 276 APPEND.
1583 221 1668 274 AD
1912 220 1996 274 IX.
2031 249 2097 258 —-
2138 221 2444 276 lSlDORUS
2483 220 2859 277 MERCATOR.

385 350 550 404 visse.
583 349 742 404 Adde
773 348 832 402 id
859 347 1088 418 integro
1121 362 1272 401 anno
1296 351 1607 418 antequam
1633 345 1821 417 prima
1849 345 1970 399 vice
1995 345 2066 399 ab
2095 345 2400 400 Hincmaro
2428 347 2724 402 authentia
2752 347 3125 418 impeteretur
3144 348 3354 402 factum
3377 346 3566 402 fuisse.
3590 348 3746 403 Alter

387 439 664 510 pontifex,
699 439 1020 508 Stephanus
1051 452 1260 507 nempe
1283 439 1326 491 V
1349 437 1421 492 ad
1449 437 1802 508 Luitpertum
1830 434 2224 505 Moguntinum
2249 436 2578 507 episcopum
2601 437 2736 509 (53b)
2758 438 3014 493 scribens
3035 439 3101 494 de
3121 455 3358 494 numero
3383 437 3742 493 Nicaenorum

388 544 673 584 canonum
701 528 778 580 ait
808 544 876 580 ex
905 525 1229 580 testimonio
1269 526 1562 581 Athanasii
1595 525 1960 598 septuaginta
1987 541 2128 593 esse,
2164 526 2317 596 quod
2359 526 2417 580 in
2462 527 2694 596 epistola
2729 528 3038 584 Isidoriana
3074 529 3370 584 Athanasii
3396 529 3467 584 ad
3497 531 3744 583 Marcum

387 635 594 689 papam
625 616 886 670 habetur.
922 616 1034 671 Sed
1065 633 1195 671 cum
1229 634 1345 671 non
1372 617 1566 671 laudet
1592 633 1781 687 neque
1811 615 2111 686 epistolam
2138 616 2305 670 Marci
2335 615 2530 686 ipsius,
2560 634 2742 689 neque
2767 619 2918 687 Julii,
2950 635 3136 691 neque
3165 619 3357 674 Felicis
3376 621 3441 684 ΙΙ,
3485 635 3609 690 quae
3637 619 3747 672 huc

387 709 557 762 etiam
584 705 890 776 faciebant,
915 708 1061 761 valet
1091 707 1243 762 idem
1275 707 1427 778 quod
1459 707 1528 761 de
1561 706 1841 760 Hadriano
1875 706 2220 760 dicebamus.
2254 707 2444 778 Neque
2473 707 2856 762 omittendum
2883 715 2986 777 est,
3012 709 3068 764 id
3098 709 3156 763 in
3185 710 3462 779 ejusmodi
3493 710 3748 764 materiis

386 797 601 851 factum
640 797 709 850 ab
742 800 983 868 utroque
1010 797 1298 868 pontifice,
1330 815 1458 868 quae
1481 797 1614 867 jura
1642 796 1918 866 primatus
1949 795 2188 850 minima
2213 796 2557 867 attingerent
2585 797 2854 869 illamque
2881 800 3243 870 septuaginta
3267 816 3548 854 canonum
3576 801 3748 854 Nicae-

385 901 590 938 norum
626 885 908 955 fraudem,
940 886 1074 941 licet
1100 903 1132 941 a
1157 887 1469 942 Mercatore
1494 886 1555 940 in
1585 886 1946 941 Occidentem
1980 884 2215 940 inducta
2253 886 2442 955 fuerit,
2470 886 2528 940 in
2557 886 2788 941 Oriente
2813 893 3006 942 tamen
3035 889 3204 960 longe
3237 894 3399 944 antea
3425 895 3614 944 ortum
3644 891 3745 944 ha-

384 973 594 1029 buisse.
621 975 894 1041 Auxilius,
925 977 1024 1047 qui
1056 977 1248 1031 saeculi
1276 994 1306 1033 x
1337 977 1503 1032 initio
1533 995 1637 1050 pro
1664 976 2120 1032 ordinationibus
2139 973 2388 1028 Formosi
2412 975 2667 1029 libellum
2686 976 2928 1047 scripsit,
2957 978 3187 1032 unicam
3210 978 3405 1032 Anteri
3428 979 3746 1048 epistolam,

384 1063 655 1133 neglectis
686 1080 814 1133 quae
857 1065 958 1118 sibi
1004 1082 1230 1136 magna:
1273 1067 1532 1120 utilitatis
1571 1067 1882 1138 potuissent
1918 1082 2059 1133 esse,
2099 1065 2335 1122 Evaristi
2376 1067 2644 1134 secunda,
2688 1067 2900 1121 Callisti
2939 1068 3200 1136 secunda,
3235 1068 3446 1139 Pelagii
3480 1070 3520 1122 ll
3563 1069 3748 1138 prima

384 1153 632 1221 adducit,
666 1154 999 1227 videturque
1029 1157 1272 1227 proinde
1316 1174 1385 1210 ex
1417 1157 1685 1211 Hadriani
1728 1158 1769 1209 ll
1818 1156 2057 1228 epistola
2098 1155 2358 1222 traxisse,
2397 1156 2494 1227 qui
2525 1156 2786 1211 eamdem
2827 1157 2884 1211 in
2923 1158 3124 1212 eadem
3151 1175 3318 1212 causa
3358 1158 3749 1212 translationis

384 1241 778 1312 episcoporum
815 1244 1174 1315 allegaverat.
1212 1245 1351 1300 Vitae
1393 1245 1746 1314 Pontificum,
1781 1261 1910 1316 quae
1951 1245 2297 1316 Luitprando
2335 1245 2724 1314 Cremonensi,
2758 1246 2945 1300 saeculi
2981 1264 3016 1300 x
3045 1249 3282 1317 auctori,
3323 1247 3654 1302 tribuuntur
3693 1254 3749 1301 et

385 1331 929 1388 Pseudoisidorianis
952 1336 1064 1389 late
1098 1341 1355 1402 utuntur,
1392 1352 1504 1389 non
1537 1338 1669 1389 sunt
1697 1334 2051 1405 Luitprandi,
2081 1337 2144 1388 ut
2173 1334 2326 1405 apud
2364 1351 2564 1389 omnes
2600 1338 2837 1405 constat,
2868 1335 2964 1390 sed
2998 1335 3069 1388 ad
3110 1335 3374 1406 ignotum
3399 1337 3746 1390 Germanum

385 1421 694 1490 quemdam
735 1426 1009 1493 spectant.
1053 1425 1171 1478 lmo
1213 1425 1399 1479 adhuc
1434 1441 1486 1478 a.
1537 1427 1670 1479 1085
1712 1425 1840 1478 Otto
1875 1423 2177 1478 cardinalis
2222 1423 2488 1477 Ostiensis
2527 1429 2584 1479 et
2610 1424 2833 1494 legatus
2877 1424 3214 1495 pontificius,
3244 1425 3340 1496 qui
3382 1426 3746 1495 postmodum

386 1510 643 1564 Urbanus
671 1512 714 1564 Il
752 1527 899 1582 papa
936 1513 1062 1580 fuit,
1100 1514 1157 1568 in
1193 1514 1410 1584 synodo
1452 1513 1857 1584 Gerstungensi
1895 1511 2124 1575 nonnisi
2155 1513 2524 1582 contemptim
2561 1512 2633 1567 de
2669 1513 3221 1568 Pseudoisidorianis
3257 1513 3478 1567 locutus
3518 1517 3619 1578 est,
3658 1514 3748 1567 his

386 1601 552 1654 utens
576 1600 800 1655 verbis:
833 1624 859 1651 «
890 1601 1053 1665 Quod
1101 1603 1211 1657 illa;
1239 1602 1651 1673 scripturarum
1683 1602 2001 1666 sententiae,
2039 1619 2283 1673 quarum
2329 1620 2430 1658 nos
2475 1603 2798 1658 testimonio
2837 1603 2923 1659 usi
2963 1620 3174 1671 sumus,
3206 1605 3359 1658 notm
3403 1603 3462 1657 in
3506 1603 3748 1658 Ecclesia

387 1690 711 1745 reverentia:
738 1707 966 1762 semper
995 1695 1250 1762 fuerunt,
1285 1696 1343 1746 et
1366 1695 1625 1746 auctores
1656 1707 2018 1764 nequaquam
2046 1693 2133 1747 vel
2161 1693 2382 1747 obscuri
2407 1693 2496 1747 vel
2522 1693 2727 1749 incerti
2750 1693 3000 1747 nominis
3027 1692 3157 1747 sint.
3189 1715 3216 1739 ››

455 1807 619 1863 Vides
644 1811 930 1880 quomodo
957 1829 1060 1882 per
1080 1813 1322 1867 duorum
1351 1812 1690 1866 saeculorum
1715 1815 1961 1866 tractum
1989 1827 2119 1867 vere
2144 1813 2369 1867 dicendi
2390 1813 2502 1868 sint
2519 1812 2814 1884 pontifices
2841 1811 3232 1865 collectionem
3256 1811 3435 1880 ipsam
3459 1810 3749 1880 ignorasse

385 1901 441 1951 et
467 1899 804 1969 neglexisse,
835 1917 937 1956 nec
966 1901 1076 1955 nisi
1106 1919 1216 1957 una
1243 1903 1329 1956 vel
1361 1902 1538 1956 altera
1574 1901 1694 1956 vice
1725 1900 2085 1968 testimoniis,
2123 1901 2365 1972 qualiter
2407 1902 2476 1955 ab
2517 1901 2639 1956 aliis
2677 1905 3121 1972 suggererentur
3144 1916 3297 1965 usos,
3330 1899 3442 1952 imo
3473 1899 3658 1968 ipsam
3689 1899 3747 1951 in

387 1986 542 2040 Italia
567 1989 735 2057 plane
764 1995 1052 2061 receptam
1081 2009 1196 2045 non
1231 1992 1425 2046 fuisse.
1459 1992 1582 2045 Non
1613 1991 1895 2045 nescimus
1921 1990 2274 2045 adversarios
2302 1995 2528 2045 nostros
2558 1990 2616 2044 in
2647 1990 2706 2043 id
2738 2006 2948 2059 magna
2976 1989 3029 2042 vi
3062 1987 3342 2055 insistere,
3373 2004 3488 2041 non
3517 1987 3746 2058 quidem

383 2077 554 2130 verba
580 2078 982 2149 Decretalium,
1012 2081 1291 2151 principia
1316 2085 1506 2134 tamen
1535 2080 1831 2134 admisisse
1863 2079 2154 2151 pontifices
2181 2080 2351 2149 longe
2378 2080 2610 2150 lateque
2630 2079 2725 2150 jus
2757 2078 3132 2132 lsidorianum
3155 2093 3520 2148 propagasse.
3542 2079 3750 2131 Verum

385 2165 455 2218 ab
482 2165 761 2234 ejusmodi
790 2167 1187 2222 criminatione
1216 2185 1315 2221 eos
1342 2168 1771 2237 vindicabimus,
1805 2170 1850 2222 si
1877 2169 2070 2238 paucis
2099 2169 2537 2234 ostenderimus,
2569 2167 2963 2222 auctoritatem
3002 2166 3352 2238 pontiﬁciam
3384 2183 3452 2220 ex
3484 2169 3748 2221 Decreta-

386 2253 530 2307 libus
554 2255 871 2324 profectum
901 2273 1018 2310 non
1047 2257 1307 2323 traxisse,
1332 2257 1431 2311 sed
1451 2257 1700 2328 longiori
1719 2259 1843 2328 jam
1875 2261 2062 2312 tractu
2091 2256 2370 2326 temporis
2396 2271 2488 2310 eas
2517 2255 2919 2327 praerogativas
2946 2255 3240 2326 pontifices
3265 2255 3550 2308 Romanos
3581 2271 3748 2309 exer-

387 2341 585 2409 cuisse,
618 2359 757 2413 quas
787 2345 1077 2399 mediante
1110 2348 1314 2402 saeculo
1358 2363 1506 2400 nono
1547 2347 1813 2402 adversus
1849 2346 2214 2402 Hincmarum
2253 2346 2580 2414 tuebantur,
2618 2362 2745 2418 quin
2775 2362 2906 2400 sane
2943 2343 3226 2416 ejusmodi
3253 2348 3403 2410 sunt,
3439 2346 3498 2397 ut
3527 2361 3595 2398 ex
3627 2345 3747 2415 ipsa

387 2430 670 2500 primatus
696 2435 898 2488 natura
922 2436 1243 2491 necessario
1268 2437 1469 2492 ﬂuant.

1981 2625 2012 2696 §
2051 2627 2134 2680 ιιι.

453 2813 575 2865 Jam
601 2827 663 2865 ex
694 2811 827 2881 ipsis
857 2812 1300 2867 Protestantibus
1327 2815 1492 2868 multi
1536 2814 1641 2884 (54)
1673 2831 1790 2868 non
1829 2813 2165 2879 diffitentur,
2199 2813 2741 2868 Pseudoisidorianis
2779 2809 3158 2866 Decretalibus
3184 2809 3329 2864 nihil
3362 2809 3493 2864 novi
3519 2808 3746 2879 pontifi-

385 2899 542 2953 cibus
575 2900 898 2970 profecisse.
937 2901 1290 2957 Manifestum
1329 2907 1415 2957 est
1440 2903 1592 2957 enim
1631 2902 1910 2973 ejusmodi
1936 2903 2168 2958 fraudes
2192 2903 2262 2956 ab
2294 2903 2620 2957 hominibus
2644 2906 2760 2956 tam
2788 2903 2896 2956 late
2921 2915 3037 2954 non
3059 2898 3302 2966 admitti,
3335 2898 3441 2952 nisi
3469 2914 3535 2952 ea
3572 2898 3747 2952 conti-

385 2993 574 3056 neant,
611 3006 736 3060 qua:
775 3006 892 3044 non
924 2991 1046 3061 jam
1085 2996 1314 3062 recepta
1343 2992 1458 3046 sint
1492 3008 1525 3045 a
1553 2991 1837 3063 plurimis.
1874 2993 2018 3047 Sane
2045 2991 2090 3044 si
2120 2991 2440 3046 Decretales
2477 3007 2544 3045 ea
2585 2991 2928 3056 docuissent,
2961 3004 3092 3060 quae
3122 2991 3256 3042 tunc
3289 2986 3561 3057 temporis
3587 2987 3752 3057 plane

385 3077 636 3134 inaudita
663 3079 923 3147 fuissent,
949 3097 1077 3151 quae
1101 3080 1271 3134 nullis
1297 3080 1651 3152 antiquitatis
1679 3080 2035 3136 documentis
2055 3082 2282 3138 defendi
2307 3081 2640 3152 potuissent,
2663 3080 2953 3152 quomodo
2977 3095 3095 3134 non
3125 3078 3386 3133 omnium
3406 3077 3580 3131 oculis
3598 3076 3751 3131 fraus

388 3168 683 3225 manifesta
707 3169 1023 3225 illuxisset?
1047 3171 1354 3242 Quidquod
1373 3172 1495 3242 jam
1522 3174 1742 3226 certum
1767 3172 1857 3241 sit,
1888 3172 2076 3226 minus
2116 3173 2171 3226 in
2215 3187 2281 3226 eo
2327 3171 2657 3225 falsatorem
2689 3168 3183 3225 Pseudoisidorum
3208 3166 3400 3233 fuisse,
3428 3166 3578 3237 quod
3607 3181 3753 3220 nova

386 3257 638 3325 cuderet,
668 3275 840 3329 quam
871 3259 1022 3329 quod
1061 3277 1131 3314 ex
1171 3260 1424 3331 antiquis
1466 3262 1860 3316 monumentis
1888 3279 2035 3316 nova
2061 3266 2451 3332 componeret,
2485 3265 2540 3314 et
2563 3277 2629 3314 ea
2655 3277 2784 3331 quae
2815 3277 2948 3314 vere
2975 3259 3127 3314 dicta
3156 3258 3238 3312 vel
3263 3257 3473 3328 scripta
3498 3257 3747 3323 fuerant,

383 3348 584 3403 alienis
612 3348 936 3402 auctoribus
966 3349 1260 3404 tribueret.
1290 3349 1609 3405 Genuinam
1639 3351 1838 3406 Isidori
1858 3352 2134 3423 syllogen,
2167 3367 2344 3422 quam
2378 3350 2632 3406 Riculfus
2651 3349 3015 3420 Moguntinus
3041 3365 3110 3403 ex
3131 3345 3397 3418 Hispania
3421 3345 3747 3411 advexerat,

385 3437 559 3492 veluti
588 3436 1034 3491 fundamentum
1062 3437 1479 3508 compilationis
1505 3456 1621 3493 suae
1648 3439 1857 3510 posuit,
1889 3445 2094 3495 caetera
2124 3441 2360 3495 corrasit
2389 3457 2456 3495 ex
2485 3440 2825 3494 authenticis
2852 3439 3228 3494 Decretalibus
3253 3436 3615 3504 Pontificum,
3651 3451 3748 3505 ge-

387 3527 572 3581 nuinis
599 3527 972 3581 conciliorum
1003 3527 1155 3581 Actis
1195 3529 1542 3599 Patrumque
1571 3529 1814 3601 scriptis,
1855 3547 1920 3584 ex
1949 3531 2364 3602 Capitularibus
2395 3532 2758 3600 Francorum,
2787 3529 2989 3586 Codice
3019 3527 3429 3594 Theodosiano,
3466 3523 3750 3579 Breviario

385 3616 702 3671 Alariciano
735 3617 971 3688 ejusque
1000 3619 1560 3686 commentatoribus,
1589 3636 1659 3674 ex
1689 3621 1888 3692 regula
1919 3623 1970 3677 S.
2006 3621 2292 3677 Benedicti
2323 3621 2599 3694 Libroque
2627 3619 2964 3686 Pontificali,
2990 3617 3252 3688 genuinis
3278 3614 3616 3686 quibusdam
3646 3631 3747 3683 pa-

384 3706 764 3761 triarcharum
794 3707 1389 3780 Constantinopoleos,
1423 3709 1478 3764 S.
1511 3709 1784 3764 Bonifacii
1820 3711 2053 3784 ejusque
2082 3712 2394 3766 amicorum
2432 3710 2701 3781 epistolis.
2732 3711 2872 3761 Acta
2906 3705 3188 3775 Sylvestri,
3220 3702 3426 3772 quibus
3470 3718 3604 3755 usus
3643 3704 3748 3766 est,

384 3795 525 3850 falsa
553 3796 783 3868 quidem
817 3803 968 3868 sunt,
998 3799 1096 3854 sed
1123 3803 1258 3854 tunc
1277 3800 1401 3871 jam
1428 3805 1653 3872 recepta
1674 3801 1744 3855 ab
1765 3802 2026 3856 omnibus
2050 3805 2230 3855 erant.
2257 3799 2551 3864 Quomodo
2577 3799 2752 3868 igitur
2775 3795 2896 3848 ﬁeri
2922 3792 3132 3864 potuit,
3157 3795 3217 3844 ut
3237 3791 3369 3844 novi
3398 3791 3543 3845 adeo
3563 3797 3755 3845 essent

385 3904 600 3958 sensus,
635 3905 765 3944 cum
791 3906 864 3944 ne
896 3891 1133 3962 quidem
1159 3892 1331 3946 verba
1363 3908 1508 3945 nova
1541 3891 1778 3945 essent?
1809 3892 1932 3944 Non
1964 3905 2241 3958 negamus
2272 3887 2330 3941 in
2362 3882 2887 3940 Pseudoisidoriano
2909 3881 3041 3952 jure
3069 3896 3188 3934 esse
3218 3880 3520 3950 nonnulla,
3541 3897 3667 3951 quae
3690 3881 3749 3935 in

388 3977 654 4050 primmva
681 3979 982 4050 disciplina
1008 3981 1233 4035 nonnisi
1263 3979 1540 4049 implicita
1571 3977 2020 4041 continerentur,
2050 3977 2325 4030 nonnulla
2350 3991 2596 4047 quorum
2615 3990 2730 4029 non
2753 3971 2860 4027 nisi
2888 3971 3103 4025 rariora
3129 3971 3390 4041 exempla
3414 3969 3617 4041 primis
3648 3972 3746 4024 Ec-

385 4067 572 4122 clesiae
602 4068 820 4122 saeculis
850 4068 1371 4138 suppeditarentur.
1404 4068 1810 4121 Verumtamen
1833 4065 2111 4136 ejusmodi
2137 4064 2450 4136 disciplinae
2473 4063 2861 4119 ecclesiasticae
2882 4059 3226 4115 mutationes
3239 4058 3364 4129 jam
3387 4062 3518 4114 ante
3551 4059 3747 4139 decre-

387 4155 525 4208 tales
552 4157 836 4209 confectas
853 4171 958 4226 pro
977 4159 1306 4226 temporum
1326 4155 1599 4210 varietate
1625 4155 1872 4210 inducta:
1901 4155 2152 4224 fuerant,
2175 4154 2260 4208 vel
2283 4154 2473 4209 induci
2497 4153 2861 4225 incipiebant,
2883 4165 3070 4221 neque
3096 4149 3252 4204 aliud
3282 4148 3378 4201 ille
3408 4149 3514 4203 sibi
3539 4166 3745 4222 propo-

386 4243 518 4312 suit,
549 4245 645 4315 qui
673 4243 1062 4299 collectionem
1095 4245 1399 4316 congcssit,
1429 4244 1537 4300 nisi
1564 4263 1631 4300 ea
1659 4245 1807 4301 tueri
1839 4248 2007 4316 atque
2041 4260 2405 4316 propugnare
2435 4242 2626 4298 multis
2656 4258 2787 4295 cum
2812 4240 2955 4305 aliis,
2984 4255 3112 4310 quae
3133 4238 3254 4308 jam
3283 4237 3343 4291 in
3369 4237 3462 4308 jus
3488 4237 3747 4293 ecclesia-

385 4333 592 4387 sticum
616 4332 859 4388 admissa
879 4338 935 4388 et
952 4351 983 4387 a
1003 4333 1382 4405 pontificibus,
1407 4350 1538 4388 cum
1562 4334 1874 4389 certissime
1916 4334 2224 4388 decretales
2243 4333 2428 4387 adhuc
2453 4333 2802 4404 ignorarent,
2833 4328 3049 4383 sancita
3073 4327 3323 4395 fuerant,
3351 4343 3478 4397 qua:
3505 4327 3750 4398 denique

388 4427 608 4494 recepta
645 4423 903 4489 fuissent,
947 4425 1164 4480 etiamsi
1203 4442 1497 4498 nunquam
1535 4425 2000 4481 Pseudois’idorus
2035 4421 2369 4494 scripsisset.
2413 4421 2556 4484 Quid
2599 4419 2751 4490 quod
2787 4419 2960 4489 longo
3002 4415 3274 4488 temporis
3318 4418 3501 4469 tractu
3540 4414 3752 4468 nullius

391 4513 554 4582 plane
581 4513 636 4566 in
664 4513 826 4567 Italia
853 4518 1023 4585 atque
1055 4515 1112 4568 in
1140 4515 1436 4570 Germania
1463 4515 1810 4570 auctoritatis
1839 4515 2013 4569 fuerit
2040 4512 2524 4570 Pseudoisidorus.

453 4634 589 4696 Quae
614 4633 884 4688 adversus
914 4636 1299 4690 Protestantes
1329 4635 1822 4706 Febronianosque
1853 4634 2178 4708 generalius
2211 4633 2358 4688 dicta
2394 4630 2697 4684 sufficiant.
2734 4629 2855 4683 Jam
2888 4627 3017 4682 satis
3053 4629 3111 4680 in
3149 4627 3253 4680 hoc
3284 4623 3564 4678 sudarunt
3599 4623 3748 4677 anti-

387 4721 616 4793 quiores
653 4723 852 4790 critici,
896 4729 956 4778 ut
995 4709 1306 4794 Ballerinii,
1352 4725 1597 4791 Blascus,
1625 4725 1904 4791 Zaccaria,
1934 4727 1994 4778 ut
2029 4725 2294 4779 adversus
2331 4718 2654 4775 istiusmodi
2685 4718 2949 4773 homines
2983 4717 3117 4786 jura
3163 4713 3441 4784 primatus
3479 4727 3543 4765 ex
3580 4713 3750 4767 Pseu-

385 4811 835 4866 dodecretalibus
875 4813 1133 4884 impetita
1173 4814 1562 4868 defenderent.
1613 4815 1718 4867 Nos
1761 4814 1886 4868 heic
1936 4813 2040 4868 loci
2083 4829 2146 4867 ea
2197 4815 2488 4866 recantare
2533 4825 2663 4879 quia
2710 4807 2872 4862 toties
2921 4806 3069 4860 dicta
3117 4807 3250 4858 sunt
3295 4802 3750 4873 supersedemus;

384 4900 813 4973 subtilioresque
839 4907 1059 4958 tantum
1090 4903 1364 4976 quasdam
1388 4902 1766 4968 difficultates,
1794 4919 1922 4974 quae
1943 4919 1974 4956 a
2000 4899 2296 4956 catholicis
2322 4899 2493 4953 etiam
2517 4911 2932 4967 nonnunquam
2960 4895 3283 4960 moventur,
3315 4891 3613 4948 solvendas
3632 4907 3749 4946 sus-

389 4989 632 5061 cipimus
663 4991 790 5061 (355).

459 5107 788 5164 Concedunt
816 5108 1044 5179 plurimi
1070 5124 1136 5163 ex
1164 5107 1392 5177 nostris,
1428 5108 1590 5163 sicuti
1613 5107 1930 5164 concedere
1962 5106 2196 5172 debent,
2227 5102 2631 5176 appellationes
2660 5101 2732 5156 ad
2766 5101 3082 5154 Romanum
3111 5099 3433 5170 pontificem
3459 5112 3753 5168 nunquam

386 5213 504 5253 non
527 5197 798 5254 admissas
817 5197 1010 5252 fuisse.
1033 5198 1438 5253 Verumtamen
1460 5197 1516 5252 id
1530 5198 1653 5270 jam
1673 5197 2010 5253 Hincmarus
2029 5193 2427 5262 contendebat,
2447 5191 2773 5265 pontificem
2791 5206 2855 5246 ex
2872 5188 3205 5261 antiquioris
3223 5186 3534 5259 disciplina:
3552 5203 3753 5242 norma

458 5451 590 5520 (53h)
623 5454 728 5522 Ap.
758 5452 987 5505 lvonem
1017 5467 1069 5521 p.
1108 5453 1156 5504 4.
1183 5468 1229 5504 c.
1260 5454 1364 5506 232
1403 5457 1457 5506 et
1494 5451 1749 5506 Gratian.
1780 5467 1902 5505 can.
1933 5455 2017 5505 t3.
2121 5451 2252 5516 Leo,
2297 5445 2909 5516 Universalgeschichte
2945 5445 2986 5498 ll
3028 5443 3124 5522 8d.
3167 5458 3222 5512 p.
3263 5440 3668 5522 lQO,AGfrorer,
3712 5442 3748 5495 l.

389 5529 517 5584 dist.
554 5533 634 5585 t6.
675 5519 689 5522 ”
1020 5519 1033 5521 ”
2122 5546 2169 5584 c.
2207 5545 2260 5598 p.
2290 5530 2414 5582 2t3.
2445 5526 2846 5580 Schonemann
2868 5522 2938 5576 ad
2959 5521 3206 5576 Bohmer
3232 5519 3474 5593 princip.
3490 5521 3606 5593 jur.
3625 5537 3752 5584 can.

459 5609 564 5678 (54)
599 5610 814 5677 Luden,
843 5611 1082 5683 Allgem.
1129 5611 1462 5665 Geschichte
1494 5611 1596 5665 Th.
1632 5612 1696 5665 ll.
1737 5610 1835 5665 Bd.
1871 5611 1934 5663 ll.
1966 5627 2015 5662 c.
2124 5609 2212 5664 ed.
2245 5607 2391 5679 Vll§
2423 5609 2542 5661 t22.
2573 5608 2690 5658 not.
2719 5603 2775 5683 b_.

397 5689 476 5743 10.
509 5687 836 5746 Geschichte
864 5681 959 5747 des
989 5689 1301 5746 deutschen
1339 5690 1546 5745 Volkes
1577 5689 1672 5744 Bd.
1712 5690 1769 5744 V.
1803 5707 1857 5763 p.
1893 5689 2016 5745 473.
2198 5689 2304 5760 (55)
2326 5686 2408 5742 Cf.
2439 5687 2668 5752 Walter,
2703 5681 3110 5738 Kirchenrecht
3139 5681 3171 5752 ἓ
3206 5684 3292 5736 92.
