4046 6188
1737 236 2179 291 PRULEGOMEN
2188 239 2246 290 Α.

2071 236 2246 290 iENA.
3603 261 3669 297 xv

295 364 526 435 judices
558 363 616 418 in
643 364 938 435 provincia
967 365 1050 418 rei
1078 365 1345 434 delegare
1372 365 1652 433 debuisse,
1683 378 1872 432 neque
1899 361 2116 416 licitum
2144 363 2319 416 fuisse
2352 363 2570 432 dicunt,
2607 364 2762 436 quod
2794 365 2961 420 toties
2986 367 3091 436 (55)
3123 365 3404 422 declamat
3428 368 3670 422 Pseudo-

303 454 548 507 isidorus
565 457 697 506 ante
727 453 908 507 latam
939 454 1280 508 sententiam
1306 457 1594 524 suspectos
1606 451 1828 523 judices
1858 451 2236 521 appellatione
2270 454 2416 507 facta
2445 454 2762 508 excludere.
2790 457 2998 510 Verum
3029 456 3189 527 prius
3214 457 3424 527 oppido
3445 457 3671 512 falsissi-

301 559 465 596 mum
498 546 602 606 est,
633 559 765 596 cum
805 542 1154 596 Sardicensis
1199 560 1386 597 canon
1418 546 1450 596 8
1485 557 1746 612 expresse
1777 539 1926 594 dicat
1955 557 1967 594 :
2005 559 2033 592 α
2065 541 2123 595 Si
2171 542 2601 612 proclamaverit
2642 545 2934 614 agendum
2975 545 3080 599 sibi
3124 546 3421 616 negotium
3451 549 3510 600 in
3541 549 3672 602 urbe

302 636 489 694 Roma,
510 653 539 684 ν
559 650 750 705 neque
767 633 1319 688 desintcreberrima
1341 631 1697 703 antiquitatis
1716 631 1996 700 exempla.
2016 631 2213 700 Neque
2237 630 2429 685 minus
2450 633 2695 686 alterum
2712 637 2880 702 caput
2897 633 3267 703 rejiciendum
3289 640 3392 702 est,
3416 651 3546 688 cum
3570 636 3672 690 hu-

293 723 390 791 jus
411 722 583 792 juris,
613 723 769 794 quod
801 740 864 777 ex
902 723 1023 794 ipsa
1050 723 1440 792 cujuscunque
1464 719 1669 791 judicii
1699 722 1903 772 natura
1934 719 2214 790 sequitur,
2243 719 2483 791 vestigia
2505 721 2628 790 jam
2673 721 3085 792 antiquissimis
3109 723 3486 794 temporibus,
3520 732 3670 779 certa

299 812 562 882 exempla
579 812 706 882 jam
735 816 862 866 ante
893 812 1204 866 decretales
1234 811 1317 865 vel
1347 808 1614 864 conﬁctas
1639 809 1724 863 vel
1751 809 2137 880 undequaque
2167 825 2391 879 sparsas
2420 813 2740 865 occurrant.

371 957 483 1010 Leo
510 959 574 1011 IV
605 974 657 1010 a.
694 960 797 1012 850
825 959 925 1027 (57)
957 957 1028 1010 de
1049 956 1282 1027 judiciis
1307 957 1702 1027 episcoporum
1738 969 1913 1024 agens
1935 953 2058 1022 jam
2085 955 2207 1009 hac
2239 959 2511 1011 statuerat
2541 974 2550 1009 :
2586 977 2611 1006 «
2644 959 2710 1012 Et
2734 959 2778 1011 si
2807 959 2956 1011 inter
2993 975 3108 1027 eos,
3139 976 3278 1028 quos
3310 959 3666 1014 damnandos

297 1063 414 1100 esse
446 1047 716 1101 homines
745 1047 1032 1113 dixerunt,
1053 1047 1226 1101 fuerit
1253 1047 1570 1117 episcopus,
1595 1043 1693 1115 qui
1713 1059 1872 1097 suam
1900 1059 2129 1097 causam
2155 1044 2213 1098 in
2236 1045 2536 1114 praesentia
2567 1048 2841 1101 Romanae
2866 1047 3014 1101 sedis
3042 1046 3292 1118 episcopi
3320 1049 3549 1118 petierit
3571 1040 3668 1103 au-

297 1135 427 1203 diri,
460 1136 654 1189 nullus
682 1152 857 1206 super
882 1136 1044 1189 illum
1072 1136 1348 1190 finitivam
1375 1138 1686 1205 prazsumat
1714 1133 1847 1187 dare
1881 1135 2249 1203 sententiam,
2281 1137 2378 1190 sed
2408 1137 2642 1191 omnino
2674 1137 2861 1191 audiri
2894 1154 3024 1192 eum
3055 1137 3436 1203 decernimus,
3461 1160 3488 1186 »
3516 1140 3665 1209 quod

298 1228 576 1278 statutum
608 1225 732 1295 jam
761 1229 894 1278 ante
928 1225 1119 1278 datam
1147 1225 1486 1279 sententiam
1523 1223 1984 1295 appellationem,
2015 1224 2100 1277 vel
2127 1241 2312 1279 causa:
2341 1225 2762 1280 devolutionem
2795 1226 3066 1290 admittit,
3096 1226 3393 1297 ipsamque
3421 1227 3665 1281 auditio-

295 1329 451 1378 nem,
482 1314 590 1367 hoc
623 1321 708 1368 est
731 1331 1022 1385 processus
1059 1314 1523 1368 informationem
1553 1315 1813 1378 Romam,
1843 1312 1886 1364 si
1918 1311 2158 1366 voluerit
2185 1313 2298 1380 ille,
2334 1315 2619 1370 amandat.
2657 1317 2813 1370 ldem
2842 1315 3151 1385 Gregorius
3179 1317 3243 1368 lV
3275 1333 3326 1370 a.
3359 1319 3461 1370 835
3494 1316 3552 1370 in
3582 1318 3666 1371 fa-

297 1420 490 1458 vorem
513 1404 720 1459 Aldrici
749 1405 1207 1471 Cenomanensis,
1233 1404 1331 1474 qui
1358 1420 1391 1457 a
1415 1402 1609 1456 multis
1637 1401 1966 1463 vexabatur,
1993 1404 2268 1456 statuerat
2291 1421 2303 1456 :
2332 1403 2434 1471 (58)
2460 1426 2484 1451 ‹‹
2508 1404 2858 1472 Mandamus,
2884 1404 3088 1474 inquit,
3114 1409 3176 1457 ut
3201 1404 3245 1457 si
3265 1403 3489 1474 aliquis,
3513 1407 3666 1476 quod

297 1511 410 1546 non
430 1497 721 1563 optamus,
741 1509 978 1546 suorum
999 1494 1338 1546 aemulorum
1360 1491 1648 1546 Aldricum
1668 1487 2061 1546 Cenomanicae
2085 1489 2333 1543 ecclesia:
2357 1492 2687 1562 episcopum
2711 1509 2977 1547 accusare
3000 1491 3406 1547 damnabiliter
3425 1497 3663 1549 attenta-

297 1585 460 1650 verit,
495 1590 556 1638 ut
581 1585 900 1638 honoretur
930 1584 986 1636 Β.
1022 1582 1167 1636 Petri
1197 1582 1587 1652 apostolorum
1617 1579 1888 1650 principis
1923 1579 2221 1645 memoria,
2253 1579 2628 1652 Ecclesizeque
2675 1583 2968 1649 Romanae,
2999 1583 3090 1636 cui
3128 1582 3397 1653 prmsedit
3437 1582 3663 1654 privile-

298 1675 456 1744 gium
486 1678 543 1727 et
571 1673 755 1727 nostri
784 1671 1032 1726 nominis
1059 1671 1386 1737 auctoritas,
1417 1671 1584 1724 liceat
1611 1669 1690 1722 illi
1732 1671 1859 1739 post
1903 1668 2260 1723 auditionem
2306 1671 2620 1742 primatum
2666 1673 2993 1742 dioeceseos,
3025 1672 3070 1726 si
3114 1688 3337 1727 necesse
3364 1673 3540 1728 fuerit
3564 1690 3666 1727 nos

297 1762 591 1833 appellare
622 1765 678 1814 et
705 1765 895 1814 nostra
921 1760 1254 1813 auctoritate
1277 1762 1376 1812 aut
1397 1762 1530 1812 ante
1562 1775 1685 1826 nos,
1709 1762 1806 1811 aut
1831 1765 1960 1811 ante
1985 1760 2201 1832 legatos
2229 1769 2422 1818 nostro
2451 1782 2513 1818 ex
2539 1766 2712 1820 latere
2744 1766 2961 1832 missos,
2978 1766 3142 1837 juxta
3173 1768 3406 1820 Patrum
3437 1767 3668 1821 decreta

299 1873 426 1909 suas
455 1871 719 1909 exercere
748 1860 918 1924 atque
951 1853 1114 1906 linire
1145 1851 1417 1920 actiones,
1446 1851 1744 1922 nullusque
1772 1851 1931 1904 illum
1961 1855 2093 1903 ante
2123 1851 2242 1904 haec
2267 1852 2503 1922 judicet,
2533 1858 2628 1907 aut
2648 1855 2906 1925 judicare
2939 1859 3264 1925 priesumat.
3301 1854 3409 1910 Sed
3433 1855 3478 1907 si
3504 1854 3665 1925 quid,

297 1945 451 2016 quod
473 1944 634 2009 absit,
659 1959 829 2012 grave
855 1942 1398 2012 intolerandumque
1421 1941 1471 1994 ei
1495 1941 1778 2011 objectum
1802 1938 1994 2006 fuerit,
2018 1944 2211 1993 nostra
2240 1941 2350 1995 erit
2365 1943 2746 2013 exspectanda
2767 1961 3030 2008 censura,
3059 1947 3119 1996 ut
3142 1943 3281 1996 nihil
3305 1943 3462 2013 prius
3482 1943 3551 1996 de
3576 1959 3664 2008 eo,

305 2033 406 2104 qui
432 2033 505 2085 ad
534 2033 713 2086 sinum
739 2035 951 2085 sancta}
982 2031 1240 2086 Ecclesia:
1272 2032 1471 2085 Romae
1512 2030 1787 2098 confugit,
1817 2029 2051 2098 ejusque
2084 2027 2353 2100 implorat
2380 2032 2673 2100 auxilium,
2703 2033 3064 2099 decernatur,
3097 2048 3269 2104 quam
3311 2031 3380 2084 ab
3410 2031 3662 2100 ejusdem

311 2122 576 2175 Ecclesia:
599 2120 925 2174 auctoritate
947 2121 1115 2175 fuerit
1142 2126 1516 2192 praeceptum,
1539 2135 1667 2190 quae
1696 2118 1771 2171 sic
1792 2117 1938 2170 vices
1961 2131 2086 2169 suas
2117 2117 2238 2170 aliis
2264 2117 2579 2189 impertivit
2605 2121 2883 2189 Ecclesiis,
2908 2124 2969 2175 ut
2997 2121 3054 2174 in
3081 2126 3301 2192 partem
3321 2120 3432 2174 sint
3450 2123 3662 2174 vocatas

303 2209 718 2274 sollicitudinis,
745 2225 862 2262 non
894 2210 949 2262 in
978 2209 1393 2280 plenitudinem
1425 2207 1735 2280 potestatis.
1774 2229 1798 2252 η
1829 2205 2014 2272 Vides,
2044 2209 2332 2277 quomodo
2372 2210 2595 2264 Aldrico
2624 2211 2895 2266 concedat
2924 2214 3002 2278 ut,
3037 2211 3078 2264 si
3110 2209 3260 2278 velit,
3291 2211 3407 2264 sola
3446 2209 3660 2264 auditio

297 2314 480 2369 penes
503 2297 781 2368 synodum
815 2303 1125 2366 remaneat,
1157 2298 1443 2353 sententia
1474 2296 1576 2351 sibi
1618 2300 1959 2350 reservetur.

372 2445 449 2497 Ea
468 2460 678 2514 nempe
706 2445 890 2498 fuerat
920 2449 1246 2514 temporum
1275 2443 1547 2511 conditio,
1581 2449 1643 2497 ut
1666 2458 1893 2498 necesse
1922 2448 2069 2497 esset
2095 2460 2288 2498 causas
2318 2446 2718 2516 episcoporum
2744 2447 2930 2515 magis
2958 2453 3127 2518 atque
3160 2448 3342 2519 magis
3373 2449 3444 2503 ad
3467 2449 3663 2503 sedem

296 2532 672 2602 apostolicam
697 2532 931 2587 deferri.
970 2536 1343 2589 Praecesserat
1367 2536 1678 2603 tempestas
1708 2531 1864 2586 rudis
1893 2536 2064 2602 atque
2092 2533 2353 2600 barbara,
2386 2535 2443 2589 in
2468 2553 2581 2606 qua
2612 2553 2717 2607 per
2745 2537 3034 2606 octoginta
3059 2554 3240 2591 annos
3269 2538 3327 2591 in
3357 2537 3551 2592 Galliis
3571 2556 3664 2608 sy-

297 2620 432 2674 nodi
461 2621 672 2675 habitaz
700 2638 813 2675 non
840 2623 1082 2690 fuerant,
1109 2626 1170 2676 ut
1199 2624 1442 2676 testatur
1467 2622 1519 2676 S.
1555 2620 1870 2674 Bonifacius
1892 2621 2018 2691 (59),
2042 2624 2140 2693 qui
2167 2625 2521 2694 synodorum
2549 2626 2991 2681 celebrationem
3015 2643 3084 2680 ex
3111 2626 3396 2681 oblivione
3430 2642 3660 2681 revoca-

302 2710 395 2762 vit.
422 2709 701 2763 Restituto
727 2712 920 2764 autem
951 2711 1188 2782 pristino
1216 2710 1434 2776 ordine,
1455 2709 1763 2780 saepissime
1794 2711 2217 2782 metropolitani
2245 2729 2348 2767 suo
2367 2713 2500 2784 jure
2519 2715 2924 2784 abutebantur,
2951 2715 3269 2786 prwsertim
3291 2732 3422 2770 cum
3447 2718 3658 2770 multo-

299 2800 404 2852 ties
430 2815 463 2851 a
492 2800 747 2854 saeculari
777 2804 1052 2870 potestate
1080 2801 1397 2871 penderent
1428 2799 1508 2853 vel
1542 2798 1797 2852 insontes
1823 2799 1972 2852 tueri
1999 2816 2116 2854 non
2149 2802 2416 2857 valerent.
2447 2804 2568 2867 Qua
2595 2804 2665 2858 de
2694 2821 2863 2859 causa
2889 2804 3216 2859 consultum
3240 2803 3363 2874 jam
3393 2822 3509 2860 non
3543 2811 3664 2860 erat

302 2888 600 2958 episcopos
627 2889 706 2942 ita
730 2905 1206 2961 quorumcunque
1236 2887 1469 2943 arbitrio
1502 2888 1748 2955 tradere,
1778 2890 1841 2940 ut
1868 2887 2058 2942 nullus
2089 2893 2238 2943 esset
2263 2908 2331 2944 ex
2361 2891 2644 2962 angustiis
2671 2893 2874 2949 exitus.

371 3034 486 3088 Hoc
506 3035 626 3106 ipso
647 3036 817 3090 modo
839 3035 1008 3090 velim
1040 3035 1138 3090 tibi
1171 3036 1370 3101 solvas,
1396 3051 1526 3106 quas
1546 3033 1670 3089 aliis
1691 3033 2088 3087 difﬁcultatem
2114 3035 2366 3106 pariunt,
2390 3037 2449 3091 in
2475 3053 2541 3091 eo
2565 3055 2772 3110 nempe
2793 3041 2888 3110 jus
2909 3056 3123 3094 novum
3145 3040 3443 3094 inductum
3463 3038 3657 3105 fuisse,

303 3126 451 3196 quod
481 3126 954 3180 Pseudoisidorus
986 3143 1179 3180 causas
1208 3125 1604 3196 episcoporum
1637 3122 1803 3192 plane
1835 3139 2052 3190 omnes,
2081 3141 2185 3178 nec
2212 3127 2397 3180 solum
2431 3127 2654 3195 dubias,
2685 3129 2756 3182 ad
2795 3145 2994 3183 causas
3023 3130 3269 3200 majores
3308 3128 3667 3200 pontiﬁcibus

305 3220 619 3269 reservatas
671 3215 964 3274 amandet.
1019 3214 1442 3286 sententiasque
1497 3212 1553 3266 in
1602 3211 1889 3281 ejusmodi
1941 3213 2126 3267 causis
2173 3230 2206 3267 a
2256 3215 2510 3284 synodis,
2552 3216 2778 3270 nonnisi
2825 3218 3176 3274 concedente
3221 3218 3482 3290 pontifice
3528 3217 3663 3272 ferri

304 3321 464 3374 posse
497 3307 629 3374 (60).

379 3451 776 3503 Verumtamen
800 3451 854 3503 id
889 3456 1024 3504 tunc
1052 3450 1322 3520 temporis
1351 3466 1468 3504 non
1498 3450 1652 3503 solus
1682 3449 1930 3502 Isidorus
1956 3448 2266 3518 requisivit.
2290 3449 2554 3520 Synodus
2580 3451 2892 3506 Tricassina
2918 3471 3016 3508 sex
3045 3452 3467 3525 provinciarum
3485 3470 3536 3508 a.
3561 3455 3662 3508 867

316 3537 520 3605 habita,
549 3540 636 3591 cui
673 3539 791 3609 ipse
826 3540 1164 3593 llincmarus
1193 3537 1471 3605 interfuit,
1502 3555 1534 3593 a
1563 3538 1791 3592 Nicolao
1824 3539 1839 3591 l
1868 3538 2050 3608 petiit,
2084 3556 2152 3593 ne
2181 3539 2507 3610 episcopum
2539 3540 2750 3612 absque
2783 3542 2930 3596 sedis
2962 3544 3241 3598 Romana:
3272 3560 3550 3598 consensu
3574 3545 3667 3598 de-

305 3628 437 3696 poni
464 3632 777 3697 pateretur.
801 3629 961 3692 Quod
990 3645 1124 3683 sane
1153 3645 1269 3683 non
1300 3627 1808 3699 deprimendorum
1835 3627 2412 3696 metropolitanorum
2441 3629 2908 3702 synodorumque
2941 3648 3129 3699 causa,
3150 3633 3246 3687 sed
3278 3634 3348 3688 ad
3378 3633 3667 3689 declinan-

304 3718 433 3770 dam
464 3733 669 3787 regum
697 3735 1118 3790 procerumque
1145 3719 1280 3786 vim,
1319 3723 1381 3773 ut
1406 3717 1647 3772 validius
1691 3716 1749 3770 in
1795 3716 2048 3769 Romano
2091 3718 2355 3787 pontiﬁce
2387 3719 2717 3787 praesidium
2748 3720 3048 3789 haberent,
3079 3723 3291 3777 factum
3321 3741 3440 3778 esse
3483 3723 3662 3778 mani-

303 3809 509 3860 festum
537 3813 642 3862 est.
667 3809 973 3879 Appellant
993 3809 1228 3879 quidem
1249 3809 1321 3863 ad
1342 3807 1662 3863 Decretales
1688 3824 1700 3870 ;
1725 3805 1822 3861 sed
1849 3823 1915 3860 ex
1941 3804 2076 3876 ipsis
2107 3806 2441 3859 llincmarus
2467 3807 2562 3876 qui
2583 3806 2708 3875 jam
2731 3823 2928 3860 eorum
2949 3812 3344 3864 auctoritatem
3368 3812 3663 3880 rejecerat,

302 3914 488 3967 neque
514 3898 664 3951 ullus
682 3915 746 3952 ex
777 3898 898 3969 ejus
919 3899 1210 3954 sodalibus
1235 3898 1289 3952 id
1305 3898 1453 3969 juris
1475 3895 1832 3974 suscepisset,
1860 3894 1975 3948 imo
1996 3894 2352 3965 postulasset,
2377 3894 2421 3948 si
2444 3911 2508 3949 ex
2535 3895 2665 3948 solis
2695 3895 3071 3950 decretalibus
3092 3899 3149 3951 id
3173 3904 3452 3964 secutum,
3474 3917 3661 3970 neque

302 4003 363 4039 ex
395 3991 511 4041 tota
539 3993 870 4058 temporum
901 3988 1221 4044 conditione
1255 3987 1633 4042 necessarium
1661 3986 1843 4040 visum
1874 3979 2091 4038 fuisset.
2115 3985 2234 4038 Jam
2263 3983 2420 4038 idem
2454 3983 2762 4055 Gregorius
2797 3985 2860 4038 IV
2885 3984 2943 4038 in
2976 4002 3065 4052 ea,
3095 3986 3165 4040 de
3192 4004 3305 4058 qua
3336 4004 3508 4058 supra
3530 3988 3663 4044 dixi-

302 4092 433 4128 mus
463 4075 726 4145 epistola,
762 4077 1121 4148 praestiterat.
1156 4078 1295 4132 Nam
1329 4075 1580 4131 concessi
1613 4074 1834 4131 Aldrico
1871 4072 2287 4128 Cenomanensi
2326 4072 2608 4144 privilegii
2637 4073 2926 4128 rationem
2967 4075 3099 4130 inde
3130 4077 3303 4148 longa
3334 4078 3661 4132 tractatione

300 4165 554 4231 deducit,
574 4166 725 4236 quod
749 4167 993 4238 majores
1013 4185 1193 4222 causa:
1219 4184 1285 4221 ex
1311 4168 1548 4221 Patrum
1569 4165 1800 4219 decreto
1830 4162 2097 4217 Romanis
2118 4163 2480 4233 pontificibus
2497 4163 2608 4218 sint
2629 4165 2987 4219 reservandae
3013 4183 3024 4220 :
3050 4188 3077 4212 ‹‹
3100 4168 3466 4238 Exspectandi
3491 4172 3662 4238 atque

297 4255 634 4326 corrigendi
663 4257 849 4327 magis
877 4262 1006 4311 sunt
1030 4262 1284 4310 rectores
1305 4255 1584 4323 Ecclesiae,
1611 4270 1782 4325 quam
1806 4253 1997 4306 statim
2025 4257 2080 4307 et
2097 4253 2310 4324 absque
2344 4259 2536 4308 nostro
2564 4255 2817 4308 consulto
2836 4255 3156 4325 judicandi,
3178 4274 3308 4312 cum
3326 4258 3548 4329 majora
3571 4275 3663 4310 ne-

299 4347 458 4415 gotia
489 4352 548 4400 et
575 4347 923 4402 difficiliores
953 4363 1253 4402 causarum
1281 4345 1482 4410 exitus,
1505 4349 1827 4399 sanctorum
1857 4343 2088 4397 Patrum
2120 4359 2363 4396 canones
2389 4342 2591 4412 spiritu
2626 4343 2728 4396 Dei
2754 4345 2971 4399 conditi
2995 4351 3052 4400 et
3073 4346 3248 4400 totius
3282 4347 3480 4401 mundi
3503 4363 3658 4400 reve-

303 4437 494 4488 rentia
522 4435 856 4501 consecrati,
883 4435 1129 4505 jubeant
1167 4435 1270 4488 sub
1314 4438 1525 4488 nostra).
1575 4431 1868 4486 sententiae
1901 4431 2324 4502 exspectatione
2368 4432 2659 4502 suspendi,
2690 4436 2996 4504 nostroque
3047 4435 3448 4489 moderamine
3488 4436 3660 4488 finiri.

443 4525 570 4578 Non
601 4541 811 4578 novum
838 4525 1056 4596 aliquid
1084 4524 1350 4595 praesenti
1373 4522 1630 4594 jussione
1655 4522 2044 4594 praecipimus,
2073 4521 2171 4574 sed
2199 4519 2315 4586 illa,
2345 4536 2473 4590 quae
2499 4521 2642 4574 olim'
2657 4521 2925 4576 videntur
2953 4522 3172 4577 indulta
3199 4524 3510 4587 firmamus,
3534 4541 3661 4576 cum

303 4614 443 4666 nulli
474 4613 715 4666 dubium
746 4613 835 4678 sit,
869 4613 1018 4683 quod
1046 4630 1162 4666 non
1196 4613 1380 4666 solum
1415 4612 1757 4683 pontificalis
1784 4612 2052 4680 causatio,
2078 4611 2177 4665 sed
2207 4609 2393 4665 omnis
2420 4614 2630 4664 sanctze
2657 4611 2946 4680 religionis
2977 4612 3192 4679 relatio,
3219 4613 3287 4666 ad
3316 4611 3509 4666 sedem
3533 4629 3666 4682 apo—

300 4704 584 4770 stolicam,
617 4703 778 4773 quasi
809 4703 878 4756 ad
909 4708 1075 4772 caput
1100 4701 1678 4757 Ecclesiarum-debet
1707 4699 1929 4755 referri.
1962 4721 1989 4747 »
2023 4700 2188 4771 Apud
2217 4699 2454 4765 Grmcos,
2483 4698 2582 4769 qui
2609 4703 2759 4752 certe
2789 4699 3173 4754 Decretalibus
3203 4700 3310 4754 illis
3335 4701 3519 4770 decipi
3551 4718 3662 4754 non

301 4796 636 4862 potuerunt,
655 4792 778 4862 jam
809 4791 1006 4846 eadem
1037 4791 1334 4862 disciplina
1363 4791 1701 4856 invaluerat,
1731 4793 1794 4844 ut
1819 4805 2004 4845 causa;
2032 4791 2428 4860 episcoporum
2461 4787 2796 4859 patriarchis
2828 4795 3247 4844 reservarentur
3272 4793 3337 4844 ut
3363 4808 3393 4843 a
3426 4790 3664 4844 concilio

297 4881 935 4952 Constantinopolitano
969 4883 1033 4934 ιν
1060 4881 1194 4935 anni
1229 4884 1332 4936 869
1361 4882 1634 4934 statutum
1666 4879 1849 4933 fuerat
1878 4879 2007 4948 (61).

371 5139 478 5200 (56)
520 5135 693 5189 Anitii
735 5151 824 5204 ep.
870 5151 916 5188 c.
949 5138 998 5187 3.
1038 5133 1268 5186 Victoris
1315 5150 1405 5203 ep.
1444 5137 1488 5186 1.
1524 5151 1571 5186 c.
1603 5137 1654 5188 3.
1703 5132 1842 5186 Sixti
1888 5133 1929 5184 ll

870 5151 916 5188 c.
949 5138 998 5187 3.
1038 5133 1268 5186 Victoris
1315 5150 1405 5203 ep.
1444 5137 1488 5186 1.
1524 5151 1571 5186 c.
1603 5137 1654 5188 3.
1703 5132 1842 5186 Sixti
1888 5133 1929 5184 ll
2109 5133 2213 5200 (57)
2255 5133 2352 5201 Ep.
2393 5135 2445 5184 2.

299 5232 391 5285 ep.
440 5215 484 5268 l.
531 5214 664 5268 Julii
711 5229 801 5284 ep.
835 5218 890 5268 2.
927 5231 976 5267 c.
1009 5215 1059 5267 3.
1091 5229 1140 5267 v.
1177 5216 1258 5268 10.
1299 5212 1466 5266 Felic.
1503 5213 1546 5265 ll
1585 5229 1676 5283 ep.
1712 5214 1758 5279 l,
1786 5227 1836 5264 c.
1871 5213 1930 5264 19
2105 5212 2212 5280 (58)
2253 5211 2353 5279 Ep.
2391 5213 2439 5263 l.

300 5294 374 5350 lin
405 5291 618 5364 quibus
644 5292 778 5346 locis
806 5289 1273 5346 Pseudoisidorus
1304 5306 1465 5344 conc.
1495 5290 1758 5344 Chalced.
1796 5307 1841 5343 c.
1872 5292 1924 5343 9.
2101 5289 2207 5358 (59)
2248 5291 2348 5358 Ep.
2385 5289 2450 5342 49
2491 5289 2560 5342 ad
2589 5290 2944 5345 Zachariam.

303 5376 364 5425 l7
409 5371 719 5440 imitatur).
771 5370 1001 5425 Fabiani
1041 5385 1134 5440 ep.
1184 5373 1235 5425 3.
1291 5387 1339 5424 c.
1390 5373 1441 5423 2.
1488 5371 1710 5424 Felic.l
1754 5386 1842 5439 ep.
1895 5372 1927 5423 2
2102 5370 2204 5438 (60)
2253 5368 2560 5423 Eleutherii
2605 5386 2696 5440 ep.
2748 5373 2798 5425 1.
2843 5387 2893 5427 c.
2939 5376 2992 5428 2.
3025 5374 3256 5429 Victoris
3305 5389 3394 5444 ep.
3449 5379 3493 5429 1.
3543 5392 3590 5428 c.
3631 5379 3660 5429 3

293 5451 432 5506 Sixti
461 5452 532 5506 ΙΙΙ
561 5467 653 5521 ep.
681 5455 712 5506 3
741 5451 890 5522 (quas
919 5450 988 5505 ad
1014 5450 1250 5504 verbum
1281 5450 1579 5520 desumpta
1603 5454 1736 5504 sunt
1755 5466 1824 5502 ex
1847 5450 1929 5502 ln-
2028 5445 2332 5518 Zephyrini
2381 5462 2472 5517 ep.
2519 5451 2566 5501 1.
2597 5448 2732 5504 Sixti
2775 5451 2841 5504 lll
2875 5469 2966 5525 ep.
3003 5457 3048 5507 l.
3077 5453 3319 5508 Marcelli
3359 5469 3450 5523 ep.
3483 5457 3532 5507 1.
3563 5454 3661 5508 Ju—

295 5536 534 5602 terpret.
562 5547 610 5584 c.
633 5534 686 5584 2.
713 5535 799 5585 15.
821 5530 1000 5584 C.Th.
1024 5530 1092 5584 de
1124 5530 1308 5601 appell
1331 5530 1439 5598 (11.
1472 5528 1584 5597 30).
1623 5527 1926 5582 Eleutherii
2029 5527 2087 5580 lii
2118 5543 2208 5596 ep.
2251 5530 2294 5580 1.
2327 5542 2374 5579 c.
2407 5529 2462 5580 2.
2507 5528 2636 5582 Julii
2669 5545 2761 5600 ep.
2817 5536 2863 5586 1.
2901 5549 3137 5603 procem.
3187 5531 3385 5586 Felicis
3413 5533 3452 5587 ll
3484 5550 3575 5605 ep.
3611 5552 3660 5590 c.

293 5630 382 5681 ep.
422 5616 470 5664 1.
502 5628 550 5664 c.
583 5614 634 5664 3.
664 5609 832 5664 Felic.
886 5611 900 5662 Ι
952 5626 1042 5679 ep.
1098 5613 1142 5664 1.
1177 5627 1223 5663 c.
1259 5612 1290 5664 8
1323 5609 1410 5677 (ex
1451 5610 1751 5678 lnterpret.
1787 5608 1922 5661 Nov.
2033 5609 2116 5659 t7.
2156 5606 2239 5659 18.
2269 5605 2428 5659 Dam.
2462 5621 2552 5675 ep.
2591 5607 2642 5662 4.
2675 5624 2723 5662 c.
2758 5612 2808 5662 2.

294 5692 557 5747 Martiani
589 5692 630 5746 Ι.
663 5692 729 5745 Ill
757 5692 816 5746 T.
841 5695 892 5744 7.
928 5694 972 5744 1.

841 5694 972 5744 7.1.
2101 5685 2206 5756 (61)
2247 5687 2304 5740 c.
2334 5687 2422 5740 26.
