4046 6188
373 210 461 250 xv:
1245 194 1525 248 ⁸ᾹΡΡΕΝΙ).
1567 193 1653 247 ΑΙ)
1691 193 1850 247 SA‘JC.
1895 192 1971 245 IX.

1247 194 1525 248 ᾹΡΡΕΝΙ).
1567 193 1653 247 ΑΙ)
1691 193 1850 247 δΑΞΟ.
1895 192 1978 245 IX.
2012 219 2079 229 —
2119 191 2429 247 lSlDORUS
2467 190 2845 247 MERCATOR.

447 321 662 374 Novam
691 319 942 390 denique
972 319 1167 374 dicunt
1211 321 1486 390 regulam,
1519 335 1645 391 qua
1671 318 1888 384 statuit,
1920 322 1984 371 ut
2014 332 2215 371 omnes
2257 317 2461 388 synodi
2502 315 2673 370 etiam
2719 315 3086 388 particulares
3130 315 3357 368 nonnisi
3397 317 3726 372 auctoritate

371 408 656 480 pontificis
701 408 909 462 summi
938 407 1254 463 habeantur
1281 411 1409 479 (62).
1443 410 1611 480 Atqui
1659 409 1782 463 hac
1820 423 1889 462 ex
1935 406 2174 460 historia
2217 406 2500 477 tripertita
2527 406 2737 474 hausit,
2769 422 2897 477 qua
2926 427 2953 454 «
2984 404 3244 476 regulam
3291 404 3726 460 ecclesiasticam

365 499 567 568 jubere
603 499 698 566 ait,
726 514 841 551 non
872 499 1141 567 oportere
1177 502 1388 568 prater
1413 498 1757 554 sententiam
1785 495 2027 551 Romani
2055 494 2338 566 pontiﬁcis
2367 495 2604 550 concilia
2629 494 2902 549 celebrari
2931 494 3059 565 (63).
3089 515 3114 541 »
3147 493 3284 556 Qua
3314 509 3450 547 sane
3478 493 3727 548 Pseudo-

375 587 612 640 isidorus
645 585 722 638 ita
749 583 1088 640 intellexisse
1123 585 1361 653 videtur,
1397 592 1460 642 ut
1489 603 1813 659 expressam
1838 585 2128 640 licentiam
2157 585 2442 657 pontificis
2463 585 2808 656 exquireret.
2833 586 3045 638 Verum
3076 586 3133 638 et
3163 583 3266 636 hoc
3295 588 3427 637 tunc
3456 583 3731 654 temporis

368 675 491 745 jam
516 678 647 728 ante
677 677 896 726 exortae
922 675 1242 730 Decretales
1273 682 1330 731 et
1356 676 1570 748 requiri
1601 679 1659 730 et
1687 674 1970 730 observari
2005 677 2281 744 capcrat.
2317 673 2552 744 Sergius
2580 675 2625 726 ll
2645 672 2882 742 epistola
2906 672 2978 726 ad
3006 671 3299 743 episcopos
3328 672 3728 743 transalpinos,

374 780 487 833 qua
509 779 559 817 a.
591 763 693 815 844
723 764 1044 833 Drogonem
1071 765 1372 820 Metensem
1403 781 1571 819 suum
1603 765 1662 818 in
1687 764 1867 818 Gallia
1896 767 1953 817 et
1979 763 2284 817 Germania
2311 762 2586 817 vicarium
2617 761 2930 828 constituit,
2955 761 3073 817 hac
3099 761 3176 816 ait
3205 760 3352 815 inter
3374 761 3480 816 alia
3503 778 3516 816 :
3544 783 3571 810 ε(
3595 762 3732 816 Huic

376 851 432 904 in
449 851 863 922 congregandis
885 853 1248 921 generalibus
1271 854 1502 926 synodis
1519 853 1576 908 in
1598 853 1864 907 omnibus
1886 851 2292 923 pradictarum
2321 852 2620 923 regionum
2639 851 2896 922 partibus
2914 855 3167 905 nostram
3189 851 3622 906 commodamus
3640 869 3734 905 auo

376 939 722 1007 ctoritatem,
741 942 798 993 et
813 941 1091 1011 quidquid
1112 942 1443 1012 provinciali
1459 942 1677 1013 synodo
1695 941 1870 996 fuerit
1891 938 2213 1009 definitum,
2235 941 2310 996 ad
2331 941 2453 1012 ejus
2469 941 2685 1011 absque
2707 940 2984 995 dilatione
3003 940 3304 994 statuimus
3328 941 3588 995 notitiam
3611 958 3734 1012 per-

378 1030 730 1084 ducendum.
762 1050 789 1081 »
821 1031 930 1084 Lco
957 1033 1016 1084 ιν
1050 1032 1117 1086 ad
1149 1033 1520 1086 l-lincmarum
1550 1032 1805 1086 scribens
1836 1031 1967 1102 (64),
1991 1031 2299 1085 concilium
2329 1030 2736 1085 Suessionense
2764 1047 2796 1083 a
2826 1047 2883 1084 se
2911 1047 3030 1085 non
3058 1030 3517 1086 conﬁrmandum
3542 1032 3611 1086 iri
3632 1033 3731 1087 de-

378 1119 572 1186 clarat,
608 1120 731 1172 tum
764 1135 827 1172 ex
867 1120 990 1172 aliis
1019 1120 1353 1187 rationibus,
1388 1124 1510 1174 tum
1541 1141 1565 1170 (ι
1601 1137 1668 1174 eo
1699 1120 1853 1192 quod
1898 1119 2074 1190 legati
2122 1122 2270 1176 sedis
2298 1121 2618 1192 apostolica
2662 1126 2972 1192 praesentes
3017 1121 3228 1175 ibidem
3272 1137 3390 1176 non
3433 1122 3667 1190 fuerint,
3703 1143 3730 1170 ››

379 1226 520 1280 quos
544 1208 602 1263 in
630 1208 832 1263 eadem
859 1210 1103 1280 epistola
1121 1211 1193 1264 ad
1217 1211 1581 1266 sarciendum
1605 1211 1888 1265 defectum
1911 1209 2158 1283 delegat,
2175 1212 2408 1265 Petrum
2429 1211 2784 1282 Spoletinum
2809 1214 2864 1264 et
2881 1210 3286 1281 cognominem
3307 1211 3600 1266 Aretinum
3621 1211 3735 1284 epi-

383 1314 634 1369 scopum.

453 1405 616 1470 Quod
640 1410 695 1460 et
713 1407 975 1477 agnitum
1005 1407 1260 1462 videmus
1281 1424 1351 1462 ex
1372 1407 1557 1462 verbis
1575 1407 1784 1462 Nicolai
1809 1410 1829 1461 l
1854 1424 1866 1462 :
1894 1427 1921 1458 α
1946 1406 2053 1479 (65)
2077 1406 2300 1478 Regalis
2321 1407 2656 1462 excellentia
2675 1411 2862 1476 vestra
2884 1424 3067 1478 nuper
3087 1408 3426 1479 apostolatui
3448 1410 3638 1462 nostro
3658 1408 3738 1462 di-

382 1495 550 1556 rexit,
575 1497 640 1548 ut
659 1511 763 1566 pro
793 1496 1141 1566 perficienda
1173 1497 1393 1567 synodo
1422 1497 1625 1551 missos
1653 1515 1683 1551 e
1711 1498 1884 1551 latere
1919 1498 2110 1550 nostro
2139 1495 2384 1566 dirigere
2413 1496 2803 1567 dignaremur.
2831 1517 2858 1544 ››
2881 1497 3036 1552 Idem
3065 1513 3235 1569 porro
3261 1497 3525 1569 religiose
3549 1498 3738 1552 obser-

382 1590 572 1640 vatum
603 1586 789 1640 fuerat
813 1603 844 1639 a
865 1588 920 1641 S.
953 1585 1262 1654 Bonifacio,
1289 1586 1386 1657 qui
1416 1603 1534 1641 non
1559 1587 1745 1642 solum
1778 1586 1849 1641 ad
1878 1584 2129 1656 synodos
2153 1577 2464 1652 habendas,
2494 1584 2701 1656 quibus
2727 1584 2788 1639 in
2813 1585 3002 1639 Galliis
3027 1585 3316 1656 prasedit,
3341 1586 3446 1656 (66)
3469 1586 3638 1640 etiam
3664 1587 3737 1640 ad

382 1689 473 1726 eas
505 1689 643 1744 quas
670 1674 728 1728 in
756 1674 1057 1729 Germania
1091 1675 1214 1746 jam
1253 1674 1709 1746 archiepiscopus
1739 1674 2070 1743 celebravit,
2095 1677 2202 1746 (67)
2233 1674 2629 1729 auctoritatem
2656 1674 2804 1729 sedis
2847 1675 3173 1746 apostolica
3205 1675 3439 1746 expetiit
3465 1680 3520 1730 et
3553 1677 3735 1747 impe-

382 1764 569 1817 travit.
589 1764 748 1828 Quod
767 1769 959 1818 autem
987 1779 1191 1834 parum
1213 1764 1317 1818 hac
1346 1764 1404 1818 in
1431 1781 1491 1819 re
1518 1764 1830 1842 effecerint,
1858 1763 2061 1819 exinde
2088 1767 2241 1835 patet
2270 1764 2426 1835 quod
2454 1764 2820 1835 postmodum
2846 1765 2903 1819 id
2923 1765 2982 1819 in
3005 1781 3170 1819 usum
3198 1782 3315 1819 non
3344 1765 3655 1831 transierit,
3677 1768 3739 1820 ut

381 1855 538 1906 tanto
565 1851 756 1923 rigore
786 1852 1042 1922 specialis
1071 1853 1168 1906 illa
1197 1853 1483 1923 pontificis
1501 1853 1683 1924 jussio
1711 1857 1766 1907 et
1793 1853 2100 1907 auctoritas
2126 1853 2513 1924 requireretur
2541 1853 2666 1925 (68).

453 1959 539 2033 Ad
565 1960 824 2015 inaudita
843 1977 970 2032 qua
990 1979 1022 2015 a
1049 1961 1480 2016 Pseudoisidoro
1507 1961 1743 2015 inducta
1773 1960 2006 2027 fuerint,
2026 1960 2246 2015 addidit
2272 1960 2520 2015 Theiner
2545 1961 2705 2016 illam
2733 1960 3204 2031 propositionem,
3228 1962 3472 2033 primam
3495 1963 3685 2018 sedem
3707 1980 3738 2017 a

383 2048 616 2103 nemine
644 2049 702 2104 in
735 2050 901 2105 terris
921 2050 1190 2121 judicari.
1219 2054 1290 2106 At
1314 2051 1634 2106 doctrinam
1663 2051 1821 2105 illam
1846 2049 2074 2104 nonnisi
2102 2049 2159 2103 in
2191 2050 2331 2105 actis
2360 2050 2628 2121 Sylvestri
2652 2049 2762 2122 (69)
2791 2050 3257 2105 Pseudoisidorus
3283 2051 3558 2122 exposuit,
3589 2069 3738 2123 qua,

384 2138 516 2192 licet
537 2140 883 2208 apocrypha,
903 2140 1060 2192 nullo
1084 2144 1278 2194 tamen
1303 2141 1626 2210 antiquiora
1647 2144 1798 2194 sunt.
1817 2139 2034 2192 Pluries
2052 2138 2110 2192 id
2129 2139 2302 2192 etiam
2322 2139 2383 2192 in
2404 2139 2671 2208 genuinis
2694 2139 3046 2192 documentis
3071 2143 3201 2193 ante
3222 2138 3502 2194 Isidorum
3524 2140 3740 2195 dictum

383 2226 670 2296 reperitur
703 2228 829 2294 (70).
861 2227 1108 2281 Leonem
1139 2229 1208 2280 lll
1248 2233 1572 2281 accusatum
1603 2229 1796 2281 Patres
1839 2227 2040 2296 synodi
2083 2228 2352 2282 Romana
2394 2228 2586 2299 paucis
2637 2230 2771 2282 ante
2814 2229 2977 2282 annis
3019 2244 3072 2282 a.
3103 2231 3207 2282 800
3237 2245 3271 2282 a
3303 2228 3501 2284 Carolo
3541 2229 3739 2300 Magno

299 2348 302 2349 ν
385 2319 746 2387 congregatae
769 2316 1032 2387 judicare
1062 2317 1536 2372 detrectaverunt.
1569 2315 1846 2386 Gregorio
1879 2317 1945 2368 IV
1976 2314 2146 2370 minis
2171 2316 2568 2388 episcoporum
2595 2317 2909 2372 Germania
2936 2317 3361 2389 perterrefacto,
3395 2317 3571 2384 Wala,
3600 2318 3736 2371 Cor-

386 2405 630 2459 beiensis
657 2406 832 2460 abbas
860 2406 1335 2460 documentorum
1363 2405 1623 2477 syllogen
1649 2422 1700 2459 a.
1729 2407 1830 2460 803
1858 2403 2086 2471 obtulit,
2115 2421 2230 2476 qua
2261 2407 2550 2462 Romanos
2578 2406 2875 2478 pontifices
2907 2423 2940 2460 a
2973 2405 3204 2461 nemine
3227 2406 3470 2478 judicari
3497 2407 3738 2461 demon-

387 2494 614 2550 strabat.
648 2496 762 2550 Hac
783 2495 986 2550 eadem
1015 2495 1270 2549 doctrina
1295 2495 1366 2549 ab
1388 2495 1511 2566 ipso
1534 2497 1730 2550 sancto
1763 2494 2075 2562 Bonifacio,
2105 2495 2426 2550 Germania
2458 2497 2710 2566 apostolo
2738 2495 2996 2550 imbutus
3016 2495 3204 2550 fuerat
3225 2496 3488 2566 Otgarius
3515 2497 3600 2551 vel
3621 2497 3742 2569 qui-

386 2600 611 2656 cunque
630 2586 996 2656 Moguntinus
1018 2586 1332 2640 Decretales
1352 2584 1600 2656 collegit.
1625 2587 1704 2640 Ex
1734 2585 1882 2639 illius
1915 2601 2160 2656 namque
2182 2585 2344 2640 dictis
2372 2585 2647 2640 traditum
2670 2589 2754 2640 est
2773 2584 2912 2639 illud
2943 2584 3011 2640 de
3040 2571 3301 2640 Romano
3327 2585 3588 2656 pontifice
3612 2604 3738 2658 pro-

386 2675 719 2730 nuntiatum
750 2691 762 2730 :
799 2697 826 2724 «
853 2678 1097 2730 Cunctos
1124 2675 1244 2746 ipse
1267 2675 1630 2746 judicaturus
1660 2692 1693 2730 a
1719 2675 1948 2730 nemine
1995 2679 2081 2729 est
2103 2673 2447 2744 judicandus
2478 2674 2607 2745 (71).
2646 2695 2673 2722 ››

461 2783 653 2853 Neque
681 2782 987 2853 primatum
1012 2783 1349 2854 dignitatem
1379 2784 1613 2838 omnino
1645 2783 1880 2850 invenit,
1913 2783 2066 2854 quod
2109 2799 2238 2838 sane
2277 2784 2347 2838 ab
2390 2783 2655 2839 omnibus
2700 2783 2896 2838 fuisset
2936 2784 3250 2855 explosum,
3277 2801 3408 2838 cum
3437 2784 3495 2838 in
3525 2771 3743 2839 viCariis

389 2872 710 2941 apostolicis
755 2872 1035 2942 ejusmodi
1084 2873 1299 2944 aliquid
1340 2873 1681 2944 jamdudum
1729 2873 2072 2941 inveniatur,
2104 2872 2338 2945 propius
2384 2871 2559 2927 etiam
2601 2872 2660 2926 in
2696 2873 2939 2942 primate
2983 2871 3211 2940 Africa,
3243 2872 3339 2943 qui
3371 2879 3428 2926 et
3469 2873 3744 2945 dignitate

389 2966 446 3014 ct
491 2959 720 3015 nomine
764 2960 915 3016 idem
961 2961 1194 3017 omnino
1243 2967 1382 3029 erat,
1425 2963 1580 3035 quod
1627 2962 1887 3018 Ecclesia
1931 2962 2280 3034 Moguntina
2343 2961 2877 3017 Pseudodecretales
2923 2962 3331 3019 vindicandum
3375 2962 3477 3018 sibi
3535 2980 3743 3035 propo-

390 3055 649 3107 sacrant.

463 3162 534 3214 lix
566 3160 770 3232 quibus
808 3162 1076 3216 omnibus
1103 3161 1506 3216 concludamus
1537 3161 2037 3218 Pseudoisidorum
2063 3162 2380 3234 disciplina
2409 3161 2788 3218 mutationem
2816 3177 2930 3216 non
2973 3160 3248 3228 effecisse,
3281 3161 3382 3217 sed
3410 3161 3617 3217 factam
3655 3177 3746 3217 ex-

311 3255 314 3257 λ
389 3249 658 3320 pressisse
690 3254 746 3306 et
772 3266 1185 3323 propugnasse,
1217 3250 1705 3323 incipientemque
1733 3253 2183 3309 concomitatum
2213 3252 2407 3306 fuisse.

461 3456 564 3526 (62)
603 3457 738 3511 Julii
780 3473 870 3528 ep.
900 3460 953 3525 2,
989 3473 1036 3511 c.
1064 3459 1153 3512 29.
1187 3456 1362 3527 Epist.
1391 3458 1618 3528 zEgypt.
1648 3457 1717 3512 ad
1747 3458 1915 3513 Felic.
1951 3459 2015 3512 ll.
2119 3458 2294 3529 plina,
2325 3463 2366 3513 t.
2397 3458 2462 3524 ll,
2497 3458 2534 3512 l.
2568 3473 2644 3522 Ill,
2679 3473 2726 3510 c.
2758 3460 2846 3525 57,
2878 3457 3122 3525 Blascus,
3151 3457 3222 3512 de
3249 3457 3589 3514 Collectione
3621 3473 3743 3510 can.

389 3535 631 3590 Marcelli
658 3552 748 3606 ep.
783 3540 832 3602 1,
867 3539 918 3589 2.
954 3535 1173 3590 Damasi
1199 3551 1291 3606 ep.
1320 3536 1374 3591 4.
1404 3552 1452 3590 c.
1481 3539 1534 3591 2.

720 3557 748 3591 ι.
783 3540 832 3602 1,
867 3539 918 3589 2.
954 3535 1173 3590 Damasi
1199 3551 1291 3606 ep.
1320 3536 1374 3591 4.
1404 3552 1452 3590 c.
1481 3539 1534 3591 2.
2120 3537 2318 3592 Isidor.

464 3615 566 3682 (63)
609 3615 668 3670 L.
698 3632 770 3670 1v.
800 3631 848 3670 c.
883 3620 932 3670 9.
969 3618 1052 3669 19.

2196 3616 2305 3689 (69)
2345 3619 2541 3674 Canon
2573 3617 2862 3689 Sylvestri,
2891 3633 2940 3672 c.
2974 3620 3027 3684 3,
3064 3619 3150 3670 20.

462 3694 566 3764 (64)
609 3695 786 3749 Mansi
825 3700 864 3750 t.
897 3695 1026 3763 XIV,
1059 3695 1165 3748 col.
1196 3697 1318 3769 886.
2198 3699 2300 3769 (70)
2341 3698 2519 3752 Gelas.
2553 3714 2645 3768 ep.
2675 3699 2741 3752 ιν
2771 3697 2840 3751 ad
2867 3697 3156 3759 Faustum,
3184 3709 3273 3763 ep.
3311 3692 3373 3746 14
3403 3691 3473 3745 ad
3499 3690 3742 3745 Dardan.

461 3774 565 3843 (65)
608 3776 709 3846 Ep.
771 3779 831 3830 17
878 3775 1015 3828 ibid.
1077 3777 1114 3828 t.
1171 3766 1278 3829 xv:
1331 3777 1457 3842 278,
1509 3777 1579 3830 cf.
1631 3792 1720 3846 ep.
1779 3777 1866 3843 28,
1935 3779 2018 3844 l9,
2123 3766 2379 3847 Synodus
2409 3766 2702 3829 Romfsub
2722 3773 3065 3844 Symmacho
3089 3788 3141 3824 a.
3166 3774 3289 3825 501.
3323 3769 3744 3824 Ennod.libell.

465 3894 477 3907 .
2120 3854 2346 3923 apolog.
2396 3870 2447 3907 a.
2495 3855 2616 3906 502.
2673 3853 2815 3906 Avili
2873 3851 3148 3906 Viennen.
3205 3866 3296 3922 ep.
3356 3849 3430 3904 ad
3484 3853 3744 3904 senatum

462 3933 568 4006 (66)
611 3935 709 4005 Ep.
747 3936 837 4000 49,
868 3938 956 3989 63.
985 3933 1271 3988 Zacharia
1303 3949 1391 4004 ep.
1421 3937 1476 4003 2,
1510 3938 1561 3989 9.
2122 3948 2176 3986 a.
2204 3935 2325 3987 502.

461 4013 566 4083 (67)
611 4013 872 4084 Gregorii
899 4014 969 4066 Ill
999 4029 1089 4083 ep.
1127 4014 1181 4081 4,
1210 4017 1263 4066 7.
2196 4012 2299 4081 (71)
2337 4011 2502 4082 Apud
2523 4010 2677 4066 card.
2708 4010 3031 4080 Deusdedit,
3065 4010 3104 4066 l.
3134 4027 3150 4066 1
3180 4012 3256 4066 De
3287 4010 3479 4064 Rebus
3511 4011 3673 4076 eccl.,
3695 4026 3741 4064 c.

486 4095 569 4161 68)
612 4094 694 4148 Cf.
725 4093 1087 4147 Thomassini
1117 4094 1286 4147 Vetus
1315 4095 1371 4146 et
1400 4109 1543 4147 nova
1578 4093 1833 4148 Ecclesia
1862 4092 2022 4147 disci-
2120 4094 2244 4146 231.
2284 4091 2617 4146 Nauclerum
2661 4107 2794 4162 gen.
2824 4093 2914 4146 26.
2943 4090 3218 4158 Gratiam,
3249 4107 3298 4145 c.
3335 4093 3388 4156 6,
3419 4090 3552 4145 diss.
3585 4092 3672 4144 40.

389 3857 456 3909 22

1171 4428 1333 4546 D.
1410 4426 2068 4547 GEORG.
2121 4606 2128 4610 .
2169 4425 2989 4545 PHILLIPS

800 4761 1875 4889 GOLLECTIONE
2038 4759 2646 4887 PSEUDO
2686 4835 2724 4856 -
2768 4758 3347 4885 ISIDORI

1657 5054 1666 5062 .
1717 4980 2438 5096 DISQUISITIO.

515 5180 603 5260 (E
637 5179 1018 5243 Germanico
1057 5180 1368 5244 z’dz'omate
1399 5179 1889 5256 Kirchenrecht,
1923 5177 2335 5259 Regensburg
2373 5182 2545 5250 1851,
2575 5195 2642 5257 ρ.
2677 5180 2776 5249 61,
2813 5176 2879 5237 in
2922 5174 3232 5239 Latinum
3263 5173 3634 5252 translata.)

2061 5426 2100 5478 Ι.

1777 5524 2022 5581 Collectio
2062 5523 2402 5579 describitur.

469 5645 869 5701 Collectionem
923 5644 1246 5717 Hispanam,
1279 5647 1511 5716 propter
1556 5643 1841 5716 insignem
1871 5659 1941 5698 ex
1981 5658 2048 5697 ea
2088 5645 2410 5713 susceptam
2453 5641 2775 5710 utilitatem,
2809 5656 3038 5698 necesse
3076 5641 3183 5697 fuit
3221 5645 3378 5697 extra
3421 5641 3580 5706 lines,
3610 5639 3758 5695 intra
