4046 6188
1737 289 2250 348 PROLEGOMENA.

287 436 439 492 quos
467 418 755 490 originem
785 417 968 485 duxit,
996 416 1158 472 brevi
1184 420 1446 489 tempore
1479 417 1721 473 diffundi
1752 419 1879 488 (72).
1911 418 2134 472 Primus
2166 416 2423 472 omnium
2453 417 2887 487 Argentinensis
2914 419 3212 493 episcopus
3246 423 3481 492 Baebio,
3520 441 3676 482 anno

288 512 420 576 787,
468 507 623 560 illius
669 504 966 574 exemplar
1011 502 1445 561 rescribendum
1495 507 1730 561 curavit.
1776 509 1910 570 Quae.
1958 507 2190 576 quidem
2234 505 2466 572 Rikulli,
2539 505 2948 579 archiepiscopi
2990 510 3309 582 Moguntini
3372 513 3675 569 Rachionis

291 595 702 666 metropolitaz,
739 609 915 663 opera
955 595 1326 666 multiplicata
1361 612 1468 666 per
1501 599 1684 650 totum
1733 596 2080 649 Francorum
2118 611 2359 664 regnum
2409 597 2731 665 propagata
2763 597 2890 652 fuit.
2933 599 3236 654 Rachionis
3276 603 3671 674 manuscripti,

284 687 441 758 quod
468 686 658 739 adhuc
685 687 886 749 exstat,
916 685 1260 754 prooemium
1287 685 1560 740 Ordinem
1587 686 1656 739 de
1686 682 2032 740 celebrando
2054 683 2313 750 concilio,
2346 700 2375 736 a
2407 686 2614 753 quarto
2643 683 2910 739 Toletano
2944 686 3311 758 desumptum
3341 690 3450 760 (73)
3481 693 3668 762 pri'mo

289 775 582 839 continet;
611 772 742 826 ideo
768 771 1001 826 fortasse
1032 773 1168 843 quia
1200 772 1332 827 dicti
1358 772 1566 827 codicis
1593 773 1904 843 descriptor
1929 776 2273 829 Francorum
2307 789 2550 844 regnum
2581 773 2869 846 praecipue
2897 775 3247 844 intendebat,
3272 795 3402 832 cum
3432 782 3671 836 concilia

287 864 364 918 ad
395 864 783 934 Hispanorum
810 862 1183 916 conciliorum
1212 878 1477 916 normam
1503 862 1857 917 instituenda
1882 865 2236 934 proponeret
2266 863 2395 933 (74).

357 954 473 1018 Qui
490 953 794 1008 Rachionis
813 951 1010 1020 codex,
1035 969 1104 1006 ex
1121 951 1467 1007 Collectione
1482 953 1726 1022 Hispana
1747 952 2083 1022 descriptus,
2100 968 2218 1005 non
2234 951 2384 1006 ultra
2405 950 2709 1006 concilium
2727 953 3048 1008 toletanum
3063 969 3141 1009 xu
3156 956 3504 1025 procedebat
3522 961 3613 1013 681
3630 960 3669 1029 );

285 1043 621 1114 generatim
633 1045 823 1096 autem
839 1042 1182 1096 Francorum
1195 1041 1586 1112 manuscripta
1600 1041 1890 1095 decimum
1905 1040 2139 1096 tertium
2152 1042 2315 1110 (683),
2332 1056 2449 1094 non
2463 1055 2596 1094 vero
2616 1040 2904 1096 decimum
2917 1045 3185 1114 quartum
3202 1044 3504 1099 concilium
3516 1048 3672 1101 Tole-

289 1140 500 1187 ianum
522 1133 663 1202 (686)
680 1130 1155 1200 complectuntur.
1183 1130 1283 1200 Cuj
1295 1129 1514 1184 usmodi
1535 1130 1950 1200 manuscripta,
1974 1128 2232 1200 pluribus
2259 1128 2413 1182 falsis
2443 1128 2822 1184 decretalibus
2849 1129 3089 1202 aliisque
3116 1133 3460 1204 apocryphis
3485 1140 3671 1198 aucta,

295 1237 457 1276 nono
477 1219 552 1274 ad
567 1221 741 1274 tinem
765 1224 1036 1290 vergente
1057 1219 1283 1286 saeculo,
1307 1219 1410 1272 sub
1431 1218 1668 1273 nomine
1693 1217 2051 1272 Collectionis
2072 1217 2262 1271 lsidori
2290 1218 2393 1287 (75)
2431 1217 2644 1287 ubique
2667 1217 2722 1271 in
2745 1218 3089 1272 Francorum
3112 1236 3292 1291 regno
3315 1221 3671 1278 circumfere-

291 1311 528 1365 bantur.
558 1308 671 1363 Sub
695 1307 888 1378 judice
919 1307 984 1360 lis
1005 1310 1090 1360 est
1119 1309 1314 1360 utrum
1339 1307 1451 1362 tale
1484 1323 1692 1362 nomen
1714 1309 1822 1377 (76)
1851 1323 1980 1361 vera
2007 1307 2253 1378 Hispana
2278 1306 2592 1361 obtinuerit
2619 1310 2809 1373 antea,
2836 1324 2908 1360 an
2938 1307 3114 1362 fuerit
3143 1309 3221 1363 sic
3251 1310 3537 1381 appellata
3565 1312 3669 1381 (77)

295 1419 367 1455 ex
404 1417 522 1471 quo
572 1400 630 1453 in
664 1398 970 1471 prommio,
1021 1397 1180 1468 operi
1221 1397 1524 1463 recentius,
1562 1402 1774 1465 assuto,
1817 1397 2062 1451 Isidorus
2102 1398 2168 1449 ut
2207 1400 2407 1450 auctor
2440 1395 2680 1466 loquens
2706 1394 2997 1449 inducitur
3017 1397 3147 1466 (78).
3183 1397 3300 1460 Qua
3325 1414 3392 1452 ex
3421 1400 3670 1466 ratione,

291 1488 620 1543 novissimis
651 1487 1022 1558 temporibus,
1054 1485 1375 1540 Collectioni
1408 1485 1666 1555 Hispanas
1707 1489 1888 1539 auctze
1927 1484 2370 1539 Pseudo-Isidori
2405 1500 2614 1538 nomen
2651 1483 2897 1538 inditum
2935 1484 3064 1555 (79).
3118 1485 3365 1549 Quidam
3409 1488 3672 1543 llistorici

291 1579 472 1648 hujus
517 1576 703 1647 operis
756 1576 974 1630 honore
1019 1574 1300 1630 lsidorum
1347 1577 1392 1628 ll
1445 1574 1809 1629 Setabensem
1853 1577 1939 1628 vel
1997 1573 2392 1629 Xantivensem
2439 1572 2583 1642 (683)
2638 1571 2970 1643 episcopum
3021 1571 3334 1643 dignantur
3362 1576 3504 1646 (80);
3545 1591 3672 1646 qua:

298 1666 537 1737 quidem
576 1664 774 1735 opinio
815 1681 929 1718 non
959 1665 1239 1734 majorem
1273 1663 1446 1718 ﬁdem
1479 1663 1583 1717 sibi
1614 1663 1862 1718 vindicat
1898 1680 2072 1735 quam
2105 1680 2170 1718 ea
2209 1680 2338 1734 quze
2373 1662 2482 1733 ipsi
2521 1661 2918 1715 collectionem
2955 1677 3242 1716 canonum
3270 1664 3520 1719 arcribit.
3551 1666 3671 1719 Non

298 1754 618 1809 admodum
645 1752 1021 1824 improbabile
1056 1758 1201 1808 esset
1227 1753 1435 1823 ipsum,
1472 1753 1616 1808 sicut
1646 1759 1704 1808 et
1733 1754 1848 1822 alii,
1881 1752 2114 1808 diversis
2140 1750 2491 1822 temporibus
2517 1749 2897 1820 antiquiorem
2925 1751 3233 1821 Hispanam
3263 1752 3672 1808 Collectionem

302 1844 597 1914 complere
633 1847 920 1908 conatum,
957 1842 1101 1895 hanc
1145 1841 1215 1894 ad
1254 1841 1538 1896 decimum
1577 1841 1810 1897 tertium
1852 1860 2028 1913 usque
2069 1840 2403 1894 Toletanum
2437 1838 2747 1893 concilium
2781 1838 2888 1910 (81)
2931 1844 3296 1910 prosecutum
3334 1859 3473 1910 esse,
3505 1843 3580 1898 ita
3609 1848 3674 1898 ut

302 1948 516 1986 nomen
548 1930 770 1996 Isidori,
800 1930 1130 1985 Collectioni
1157 1933 1559 2002 aggregatum,
1587 1948 1716 1985 cum
1741 1932 1972 1987 nomine
2015 1929 2195 1985 sancti
2237 1927 2484 2000 episcopi
2511 1927 2857 1998 Hispalensis
2886 1928 3335 1984 confunderetur
3367 1934 3492 2001 (82).
3527 1932 3675 1986 Mere

308 2025 397 2074 est
432 2020 765 2091 suppositio,
799 2035 928 2090 qua:
960 2035 1097 2074 sane
1130 2020 1412 2090 judicanti
1453 2037 1570 2074 non
1614 2021 1764 2075 ultra
1805 2021 1944 2076 fines
1982 2020 2324 2090 coqjecturzn
2356 2018 2500 2072 facto
2536 2015 2808 2087 opposita:
2835 2016 3202 2087 progreditur
3237 2035 3248 2072 :
3292 2018 3504 2073 factum
3534 2020 3691 2076 illud.

315 2109 668 2180 praecipuum
693 2108 746 2162 in
769 2108 876 2162 hoc
901 2108 1160 2162 consistit
1177 2109 1328 2180 quod
1353 2108 1501 2163 illius
1527 2109 1785 2180 Hispana:
1811 2108 2169 2164 Collectionis
2189 2110 2368 2161 auctae
2390 2105 2752 2176 compilator,
2775 2103 3007 2174 qualem
3031 2103 3195 2158 nobis
3215 2105 3434 2176 praebet
3452 2124 3670 2163 nonum

317 2198 613 2263 saeculum,
638 2213 746 2251 sese
773 2197 860 2249 vel
887 2199 1234 2252 Mercatorem
1263 2198 1368 2268 (83)
1399 2199 1483 2252 vel
1513 2201 1843 2253 Peccatorem
1871 2195 2380 2268 cognominaverit.
2410 2193 2666 2248 Priorem
2692 2192 2996 2247 lectionem
3029 2196 3266 2247 tuentur
3282 2195 3670 2268 antiquissima

308 2288 695 2357 manuscripta
741 2280 872 2357 (84),
918 2287 1294 2357 posteriorem
1338 2304 1461 2342 mos
1500 2288 1650 2358 apud
1681 2289 1975 2358 episcopos
1999 2291 2058 2341 et
2099 2284 2410 2340 monachos
2457 2282 2627 2351 hujus
2677 2279 2866 2334 seaculi
2923 2279 3322 2337 usitatissimus
3368 2285 3498 2356 (85),
3553 2303 3670 2342 sese

306 2378 610 2430 Peccatoris
636 2375 978 2445 cognomine
1007 2375 1364 2446 designandi.

3565 315 3674 358 Χνιι

379 2532 488 2604 (72)
535 2531 877 2604 Hincmarus
916 2531 1248 2588 Rhemensis
1284 2533 1476 2604 nepoti
1505 2549 1608 2587 suo
1638 2531 1940 2587 Hincmaro
2032 2535 2146 2589 10c.
2175 2534 2290 2598 cit.,
2317 2549 2450 2604 opp.
2483 2548 2557 2601 v1,
2590 2548 2646 2602 p.
2677 2533 2807 2604 607,_
2834 2529 2993 2604 legit,
3021 2530 3257 2604 Hectori.
3289 2532 3460 2604 Cujus
3480 2536 3665 2592 nomio

310 2602 680 2684 Laudunensi
717 2603 912 2658 scribit
953 2605 1166 2674 (limen.
1217 2600 1420 2672 lissi,
1467 2606 1660 2673 Opusc.
1685 2604 1787 2665 LV,
1817 2618 1935 2673 cap.
2041 2606 2130 2660 nis
2163 2600 2462 2676 episcopus
2494 2600 2753 2725 temlpore
2792 2600 2990 2680 lsidori
3027 2603 3222 2656 nullus
3267 2600 3669 2725 cognoscitur“;

310 2675 440 2725 adv.
471 2677 686 2725 Hincm.
715 2675 914 2725 Laud..
949 2691 998 2725 c.
1028 2675 1116 2725 24.
1163 2674 1330 2725 000..
1372 2681 1512 2725 tom.
1562 2676 1624 2725 ll.
1668 2692 1723 2725 ο.
1767 2676 1887 2725 476)
1925 2691 1936 2725 :
2039 2693 2192 2725 anno
2225 2677 2324 2725 516
2347 2678 2580 2725 annaret
2647 2677 2801 2725 ector
2824 2672 3061 2725 cuidam
3088 2690 3178 2725 en.
3211 2674 3346 2725 Cart
3388 2679 3669 2725 aginensis

308 2675 440 2751 adp.
471 2676 686 2751 Hincm.
715 2675 914 2751 Lauri”
949 2671 998 2728 c.
1028 2674 1330 2751 24,__(_)pp._,
1372 2671 1535 2751 tum:
1562 2676 1626 2751 ll,
1668 2692 1723 2745 p.
1767 2671 1936 2751 476);
2039 2671 2324 2751 anno-516
2347 2671 2580 2751 apparet
2601 2671 3061 2751 Hectonqnidam
3086 2690 3178 2751 ep.
3211 2671 3672 2751 Carthaginensis

315 2766 340 2790 ιι
371 2745 432 2798 Si
460 2761 591 2797 vero
617 2744 750 2798 ideo
777 2745 927 2812 talia,
958 2761 1086 2815 qua:
1127 2741 1231 2798 tibi
1249 2741 1384 2798 _visa
1413 2749 1564 2812 sunt,
1595 2741 1941 2815 depraefatis
2041 2748 2100 2800 in
2116 2746 2352 2801 concilio
2365 2741 2937 2810 TairraconensiWide
2960 2741 3252 2814 Harduin.,
3273 2741 3581 2803 Concftom.
3603 2750 3668 2814 ll,

310 2817 607 2869 sententiis
635 2832 702 2868 ac
734 2832 881 2886 saepe
913 2817 1244 2870 memoratis
1271 2818 1524 2886 epistolis
1555 2815 1941 2870 detruncando
2042 2819 2150 2872 col.
2190 2818 2366 2882 1043).

308 2895 365 2940 et
393 2884 858 2956 praeposterand'o
879 2893 1048 2958 atque
1063 2884 1469 2941 disordiiiando
1491 2888 1788 2957 collegisti,
1811 2887 1942 2956 quia
2117 2890 2242 2957 (79).
2276 2887 2450 2940 Unica
2483 2885 2658 2958 editio
2699 2884 2822 2938 haec
2861 2888 2945 2937 est
2993 2901 3006 2938 :
3052 2885 3282 2958 Manus,
3314 2889 3669 2944 Conciliorum

309 2959 457 3010 forte
483 2957 697 3027 putasti
725 2957 1021 3011 neminem
1051 2958 1225 3012 alium
1258 2958 1490 3012 easdem
1520 2959 1830 3012 sententias
1857 2959 1943 3010 vel

310 3029 464 3098 ipsas
487 3029 756 3099 epistolas
781 3032 993 3099 praeter
1019 3032 1073 3082 te
1102 3030 1332 3096 habere,
1371 3035 1428 3083 et
1463 3030 1675 3083 idcirco
1709 3029 1846 3082 talia
1883 3028 1943 3082 li-

307 3101 448 3154 bene
491 3106 548 3153 te
587 3099 922 3154 existimasti
976 3117 1138 3171 posse
1180 3101 1473 3170 colligere,
1517 3116 1606 3154 res
1650 3099 1794 3171 mira
1836 3105 1940 3167 est,

309 3187 484 3242 quam
513 3171 586 3224 de
613 3171 747 3241 ipsis
768 3170 1066 3225 sententiis
1089 3173 1259 3242 plena
1283 3173 1355 3224 sit
1384 3173 1493 3224 ista
1516 3177 1686 3239 terra,
1718 3170 1863 3223 sicut
1887 3175 1946 3222 et

310 3247 378 3295 de
418 3243 569 3295 libro
607 3244 970 3295 collectarum
1000 3243 1369 3295 epistularum
1403 3242 1474 3295 ab
1503 3243 1736 3295 Isidoro.
1770 3257 1941 3295 auem

348 3260 378 3296 e
418 3257 569 3295 llDI'U
607 3257 970 3296 couectarum
1000 3257 1369 3308 epistularum
1403 3257 1474 3295 8D
1503 3257 1736 3308 151001‘0,
1770 3257 1941 3308 quem

312 3257 378 3296 ae
418 3257 569 3295 llDI‘U
607 3257 970 3296 couectarum
1000 3257 1369 3312 epistularum
1403 3257 1474 3295 an
1503 3257 1736 3308 ismoro,
1770 3257 1941 3312 quem

312 3315 379 3366 de
410 3315 680 3382 Hispania
699 3314 933 3366 allatum
960 3313 1212 3366 Riculqu
1239 3313 1600 3383 Moguntinus
1626 3314 1941 3382 episcopus,

313 3385 371 3437 in
401 3385 731 3453 hujusmodi
761 3385 904 3438 sicut
922 3385 981 3436 in
1002 3385 1261 3455 capitulis
1281 3383 1454 3454 regiis
1474 3384 1781 3449 studiosus,
1803 3384 1944 3436 obti-

321 3455 462 3521 nuit,
491 3463 549 3508 et
574 3456 710 3509 istas
734 3456 999 3526 regiones
1024 3473 1092 3510 ex
1123 3457 1218 3508 illo
1243 3455 1450 3526 repleri
1477 3455 1628 3508 fecit.
1667 3477 1692 3502 ››

397 3529 497 3594 (73)
523 3529 691 3580 Cone.
715 3527 888 3580 Tolet.
921 3542 994 3594 iv,
1027 3543 1120 3582 an.
1148 3529 1270 3593 633,
1299 3543 1420 3596 cap.
1448 3526 1500 3579 4.

397 3600 496 3668 (74)
516 3596 837 3650 Dolendum
859 3602 945 3651 est
959 3599 1112 3668 quod
1132 3599 1305 3663 Koch,
1321 3601 1435 3651 tam
1453 3596 1864 3667 parcimoniose
1880 3612 1942 3650 ex

321 3667 622 3721 Rachionis
640 3668 831 3722 codice
853 3667 1150 3722 citationes
1170 3668 1690 3722 communicaverit.
1705 3669 1942 3722 Multum

317 3741 621 3793 interesset
645 3741 786 3794 scire
813 3757 889 3794 an
917 3739 974 3793 in
1002 3742 1283 3811 prooemio
1308 3738 1513 3811 codicis
1538 3738 1755 3811 aliquid
1784 3739 1942 3808 lege-

319 3814 474 3863 retur
519 3825 639 3864 non
677 3811 926 3864 alienum
963 3808 1218 3865 {verbis
1257 3808 1692 3865 Pseudo-lsidori
1734 3808 1794 3862 in
1845 3825 1946 3862 sua

319 3882 653 3950 praefatione
696 3898 708 3934 :
741 3903 781 3953 Λα
822 3883 882 3935 ln
927 3882 1209 3953 principio
1244 3898 1379 3937 vero
1416 3881 1718 3935 voluminis
1751 3879 1943 3953 hujus,

317 3953 569 4022 qualiter
591 3951 898 4006 concilium
930 3951 1087 4023 apud
1115 3951 1220 4009 nos
1255 3953 1592 4021 celebratur,
1627 3951 1942 4022 posuimus,

317 4029 379 4096 ut
405 4024 504 4096 qui
531 4029 775 4078 nostrum
801 4023 1064 4096 ordinem
1085 4024 1246 4096 sequi
1268 4024 1579 4096 voluerint,
1599 4025 1777 4077 sciant
1799 4038 1943 4096 qua-

317 4093 445 4148 liter
473 4095 586 4148 hoc
613 4111 783 4165 agere
823 4095 1088 4150 debeant.
1119 4093 1394 4160 {Quibus
1432 4094 1614 4148 verbis
1642 4099 1840 4148 auctor
1863 4093 1941 4146 vi-

318 4166 489 4220 detur
532 4167 768 4220 innuere
801 4182 859 4220 se
889 4167 1044 4238 apud
1074 4171 1293 4222 exteros
1318 4165 1582 4220 scribere.
1615 4165 1719 4228 Qui
1751 4166 1811 4218 in
1833 4165 1946 4238 llis:

314 4238 491 4308 pania
520 4239 888 4308 reperiuntur
911 4235 1168 4308 Hispana:
1205 4238 1550 4292 collectionis
1575 4235 1945 4308 manuscripti

314 4307 544 4362 codices
578 4307 838 4363 Ordinem
871 4308 941 4363 de
971 4307 1082 4380 quo
1113 4309 1590 4364 Pseudo-lsidorus
1621 4307 1853 4380 nonnisi
1886 4307 1943 4359 in

315 4381 539 4433 actibus
564 4382 733 4434 Cone.
757 4381 937 4435 Tolet.
967 4377 1039 4448 1v,
1069 4381 1356 4435 exhibent.
1392 4380 1554 4434 Conf.
1588 4377 1858 4433 Batterini
1887 4394 1942 4447 p.

317 4467 394 4518 v1,
423 4467 550 4521 cap.
579 4453 632 4518 4,
661 4454 691 4522 §
716 4452 770 4519 4,
801 4468 856 4504 n.
891 4455 975 4521 16,
1006 4468 1064 4522 p.
1097 4455 1218 4506 519.

391 4525 499 4592 (75)
530 4521 686 4576 Hinc.
717 4523 919 4576 Bhem.
954 4521 1143 4594 opusc.
1176 4538 1359 4589 xnvm,
1402 4525 1634 4594 cap.721
1686 4523 1827 4590 (tom.
1877 4521 1943 4586 ll,

313 4609 375 4664 ρ.
411 4595 560 4662 793).
603 4594 889 4665 Scriptum
928 4593 1182 4664 namque
1212 4601 1293 4648 est
1325 4595 1384 4647 in
1407 4593 1666 4665 quodam
1683 4607 1946 4648 sermone

321 4665 441 4718 sine
464 4664 778 4736 exceptoris
794 4665 1029 4719 nomine
1055 4668 1123 4720 de
1145 4665 1318 4737 gestis
1330 4665 1384 4719 S.
1401 4664 1673 4737 Sylvestri
1690 4669 1945 4737 excepto,

321 4752 497 4806 quem
540 4737 786 4790 Isidorus
834 4738 1132 4807 episcopus
1159 4736 1514 4807 'Hispalensis
1553 4736 1780 4806 collegit
1816 4749 1947 4788 cum

323 4808 578 4876 epistolis
619 4809 885 4862 Romana:
922 4810 1068 4864 sedis
1106 4811 1465 4879 pontiﬁcum,
1502 4825 1534 4861 a
1563 4809 1616 4860 S.
1657 4811 1949 4861 Clemente

327 4894 507 4948 usque
549 4879 620 4932 ad
667 4881 724 4932 Β.
773 4880 1133 4950 Gregorium,
1175 4879 1446 4935 eumdem
1491 4880 1548 4935 S.
1599 4880 1950 4950 Sylvestrum

323 4949 634 5073 Sicergeisse
681 4957 742 5004 ut
787 4951 976 5006 nullus
1019 4952 1191 5006 laicus
1236 4952 1453 5006 crimen
1503 4952 1707 5006 clerico
1747 4950 1953 5004 audeat

325 5037 558 5076 inierre.

398 5094 530 5171 (76)
560 5093 747 5171 Quod-
769 5094 957 5171 adhuc
1008 5095 1245 5171 omnino
1265 5095 1741 5171 Δὶιιίδοιιιρενῑιιῐιι.
1786 5095 1948 5171 Conf.

325 5166 591 5233 Arevalo,
642 5164 968 5236 lsidoriana,
1020 5183 1068 5221 c.
1116 5170 1174 5221 91
1230 5167 1386 5238 (Opp.
1427 5164 1656 5229 SfIsid.
1702 5174 1839 5223 tom.
1886 5167 1952 5236 ll,

329 5251 385 5304 p.
423 5240 544 5302 176,
572 5253 630 5291 n.
665 5240 770 5304 18).
1641 5285 1646 5289 ς

423 5243 544 5302 176,
572 5253 630 5291 n.
665 5243 770 5308 18).

405 5309 510 5382 (77)
544 5309 705 5382 Conf.
732 5309 1041 5382 Eichhorn,
1085 5328 1142 5382 p.
1177 5313 1296 5369 159.

406 5381 511 5444 (78)
548 5381 712 5450 Apud
748 5381 944 5435 Merlin
985 5400 996 5436 :
1037 5381 1276 5438 Isidorus
1311 5405 1495 5446 servus
1533 5391 1733 5448 Christi
1775 5389 1959 5442 lectori

333 5465 714 5532 conseruosuo
748 5453 846 5522 (sic
875 5454 1242 5532 _legitAet_iaI.n
1282 5477 1461 5532 usque
1487 5462 1556 5518 ad
1584 5463 1691 5515 hoc
1721 5459 1960 5513 verbum

333 5523 570 5575 Gratian
598 5523 656 5576 in
685 5540 791 5578 can
821 5541 834 5578 :
867 5523 1078 5580 Placuit
1104 5527 1157 5594 4,
1187 5526 1242 5579 d.
1277 5523 1444 5594 16)’et
1481 5533 1703 5604 parenti
1739 5532 1961 5586 Domino

332 5595 484 5660 ﬁdeli
555 5595 803 5650 salutem.
859 5596 940 5649 De
1007 5597 1293 5657 additi'one
1348 5608 1614 5660 Mercator
1678 5618 1776 5656 seu
1831 5603 1960 5655 Pec-

461 5610 482 5644 ι

333 5671 504 5748 ceter,
552 5666 676 5748 vide
714 5683 886 5748 supra
930 5672 1150 5748 textum
1197 5675 1256 5726 et
1289 5679 1592 5748 sequentes
1625 5676 1812 5729 notas.
1857 5673 1963 5748 P_ro

330 5738 681 5807 ﬁdelualius
733 5740 946 5810 lcm'tur
993 5747 1148 5816 fidei,
1203 5749 1261 5798 et
1303 5738 1409 5820 pro
1464 5749 1645 5804 lectori
1699 5745 1962 5809 Arevalo,

555 5595 803 5650 salutem.
859 5596 940 5649 De
1007 5597 1293 5657 additi‘one
1348 5595 1614 5661 Mercator
1678 5618 1776 5656 seu
1831 5603 1960 5655 Pec-

2042 2964 2276 3028 quatuor
2300 2957 2634 3027 generalium
2661 2961 2830 3010 tomus
2857 2958 3089 3028 primus.
3132 2957 3509 3024 Quadraginta
3545 2976 3672 3028 quo-

2041 3027 2142 3100 (jac
2168 3033 2367 3098 septem
2395 3027 2741 3082 conciliorum
2760 3027 3182 3095 provincialium
3213 3027 3669 3086 authenticorum.

2043 3099 2382 3156 Decretorum
2425 3099 2589 3152 etiam
2652 3100 2939 3166 sexaginta
2981 3113 3164 3151 novem
3210 3102 3549 3166 pontiﬁcum,
3603 3102 3672 3155 ab

2043 3171 2298 3242 apostolis
2330 3175 2377 3222 et
2408 3168 2709 3242 earumdem
2740 3168 3033 3242 canonibus
3063 3184 3228 3242 usque
3255 3171 3328 3222 ad
3353 3172 3672 3225 Zachariam

2039 3239 2297 3313 primum,
2331 3241 2537 3313 Isidoro
2567 3240 2808 3313 authore.
2837 3241 2971 3292 Item
2990 3239 3155 3313 (Bulla
3181 3243 3365 3294 Aurea
3397 3243 3578 3298 Caroli
3595 3246 3677 3298 1V

2044 3309 2406 3382 imperatoris,
2467 3309 2533 3364 de
2581 3311 2830 3363 electione
2877 3311 3040 3382 regis
3066 3311 3442 3382 Romanorum.
3496 3313 3673 3378 Paris,

2048 3380 2212 3449 1523;
2241 3381 2434 3436 Colon.
2465 3383 2618 3446 1530,
2649 3383 2680 3432 2
2705 3386 2844 3434 tom.
2876 3380 2992 3447 fol.)
3023 3381 3194 3448 Paris,
3231 3384 3386 3447 1535,
3418 3386 3449 3435 2
3474 3387 3612 3438 tom.
3641 3387 3672 3437 8

2046 3457 2369 3534 (emo/Ticina
2399 3453 2669 3534 litteraria
2696 3451 3339 3534 honestipiriFrancisci
3363 3455 3670 3534 Regnault).

2044 3521 2215 3582 Multa
2240 3526 2570 3594 fragmenta
2596 3538 2724 3592 quae
2746 3522 2805 3595 in
2830 3521 3252 3595 antiquioribus
3276 3521 3675 3595 manuscriptis

2045 3592 2447 3651 desiderantur
2489 3593 2796 3663 assumpsit
2834 3593 2928 3646 illa
2963 3592 3158 3646 editio.
3192 3623 3259 3634 —
3286 3594 3444 3649 Conf.
3475 3592 3676 3649 Camus

2045 3670 2229 3724 Notice
2273 3667 2339 3720 de
2387 3667 2715 3719 Manuscrits
2765 3669 3051 3718 contena-nt
3106 3665 3196 3718 des
3247 3666 3559 3722 Collections
3613 3668 3678 3721 de

2047 3741 2252 3794 Canens
2300 3741 2350 3790 et
2398 3736 2463 3789 de
2511 3735 2812 3788 Décrétales
2872 3735 3113 3801 (Notices
3175 3739 3232 3788 et
3285 3736 3530 3790 Extraits
3579 3737 3677 3791 des

2045 3806 2372 3862 Manuscrits
2417 3805 2486 3858 de
2531 3806 2580 3857 la
2632 3804 3370 3874 Bibliothequewnationale,
3417 3811 3550 3860 tom.
3585 3808 3673 3873 Vl,

2045 3896 2103 3949 p.
2132 3880 2256 3943 270,
2285 3879 2406 3930 not.
2440 3875 2543 3945 12).
2576 3874 2658 3929 Cf.
2683 3890 2911 3954 quoque
2930 3873 3237 3942 ’Ballerini,
3271 3873 3377 3929 loc.
3413 3877 3506 3930 cit.
3547 3893 3670 3947 cap.

2046 3954 2099 4002 7.
2129 3965 2186 4002 ι).
2218 3950 2316 4002 559
2349 3962 2474 4002 sua.

2046 3954 2099 4015 7,
2129 3965 2186 4015 p.
2218 3951 2316 4002 559
2349 3962 2474 4015 sqq.

2118 3962 2620 4091 (ἓὸῗῧῖρἒἓιάδορ,
2651 4015 2758 4091 loc.
2793 4015 2915 4091 ci_t.,
2945 4031 3068 4091 cap.
3106 4017 3159 4083 6,
3196 4032 3252 4086 p.
3301 4017 3488 4091 3_5_:__—
3510 4015 3670 4091 Conl'.

2046 4086 2270 4162 quoque
2311 4089 2527 4156 Florez,
2566 4089 2778 4157 Espafia
2819 4086 3097 4156 Sagrada,
3146 4091 3286 4140 tom.
3329 4086 3460 4153 Vlll,
3505 4103 3564 4157 p.
3606 4089 3672 4141 48

2119 4255 2223 4324 (81)
2255 4252 2447 4307 Adfuit
2471 4250 3011 4324 concilioiToletano
3039 4267 3131 4316 xv,
3163 4267 3315 4324 anno
3358 4251 3674 4324 688.‘(Hia_r-

2047 4321 2216 4381 duin.
2259 4324 2414 4379 Cone.
2467 4329 2605 4377 tom.
2662 4321 2751 4386 111,
2807 4322 2912 4374 col.
2966 4325 3141 4391 1771);
3205 4323 3426 4376 ratione
3491 4321 3678 4377 habita

2046 4396 2319 4468 temporis
2345 4394 2531 4468 potuit
2552 4408 2673 4446 esse
2697 4407 2842 4445 unus
2863 4408 3067 4468 eorum
3079 4392 3180 4468 qui
3207 4393 3394 4468 denuo
3415 4393 3676 4468 Hispanae

2046 4463 2379 4524 Collectioni
2405 4480 2640 4536 Operam
2666 4479 2877 4516 navaru
2887 4466 2967 4516 nt.
3005 4463 3162 4517 Alius
3183 4470 3268 4518 est
3285 4480 3349 4518 ac
3369 4463 3613 4518 Isidorus
3635 4465 3677 4533 1,

2047 4540 2135 4594 cui
2177 4536 2443 4592 successit
2486 4537 2775 4602 (677-682;
2822 4549 2967 4589 conc.
3004 4536 3166 4590 Tolet.
3213 4551 3313 4602 χιι,
3359 4551 3495 4588 ann.
3549 4537 3673 4601 681,

2047 4611 2155 4665 col.
2185 4611 2359 4665 1726).

2121 4610 2441 4750 28;)lg2dex
2469 4674 2798 4750 Mutinensis
2830 4678 2904 4750 _nt
2918 4676 3162 4750 _Vatic._:
3196 4678 3397 4750 Incipit
3422 4679 3678 4750 praefatio

2046 4746 2223 4808 sancti
2248 4751 2450 4805 Isidori
2477 4748 2604 4802 libri
2623 4746 2804 4814 hujus.
2830 4747 2890 4800 V.
2915 4747 3189 4813 Zaccaria,
3214 4748 3322 4801 loc.
3345 4746 3465 4814 citi,
3489 4765 3542 4802 v.
3565 4749 3674 4814 42):

2049 4826 2115 4878 In
2143 4824 2354 4876 nomine
2387 4821 2602 4875 Domini
2627 4819 2802 4871 nostri
2825 4820 2948 4872 Iesu
2979 4819 3183 4876 Christi
3207 4820 3396 4888 incipit
3422 4821 3680 4888 praefatio

2050 4895 2225 4950 sancti
2250 4893 2446 4948 lsidori
2463 4891 2592 4944 libri
2608 4889 2789 4956 hujus.

2124 4965 2226 5034 (83)
2255 4963 2436 5018 Codex
2463 4977 2632 5034 unus,
2663 4960 2814 5034 inter
2836 4958 3218 5034 Arevalianos,
3246 4959 3386 5031 legit
3411 4963 3675 5017 Mercatus

2057 5032 2335 5106 (arevalo,
2364 5035 2468 5106 loc.
2499 5033 2617 5106 cit.,
2640 5032 2843 5106 p.209,
2871 5047 2927 5083 n.
2960 5033 3065 5099 52).

2126 5108 2232 5176 (84)
2263 5102 2517 5176 Arevalo,
2546 5105 2656 5176 loc.
2670 5102 2778 5176 cit.

2128 5170 2230 5247 (85)
2257 5176 2396 5230 Vide
2425 5173 2683 5247 Elipandi
2711 5171 2873 5247 epist.
2899 5170 3311 5247 adMigetinm,
3343 5189 3400 5228 n.
3429 5176 3493 5247 l0
3516 5172 3679 5247 (apud

2060 5245 2276 5316 Florez,
2302 5247 2406 5302 loc.
2437 5246 2554 5313 cit.,
2586 5249 2719 5298 tom.
2759 5245 2817 5309 V,
2846 5260 2909 5316 ρ.
2935 5245 3054 5314 531)
3092 5259 3104 5297 :
3138 5266 3163 5292 «
3197 5245 3271 5299 De
3297 5245 3682 5299 sacerdotibus

2058 5337 2193 5374 vero
2229 5314 2383 5390 quod
2421 5317 2621 5371 asseris
2654 5314 2952 5390 quompdo
2995 5331 3059 5390 se
3079 5316 3451 5384 pronuntient
3480 5329 3678 5390 pecca-

2059 5386 2307 5458 toresfsi
2332 5405 2464 5443 vere
2493 5387 2668 5442 sancti
2694 5387 2866 5458 sunt?
2897 5389 2994 5458 aut
3019 5386 3066 5439 si
3099 5389 3248 5440 certe
3278 5388 3684 5458 sepeccatores

2061 5479 2182 5516 esse
2204 5454 2476 5525 fatentur,
2497 5474 2674 5529 quare
2695 5457 2762 5511 ad
2787 5456 3163 5529 ministerium
3184 5454 3450 5509 accedere
3474 5469 3684 5529 praesa:

2065 5536 2252 5587 munt.
2274 5554 2298 5579 ››
2311 5532 2448 5585 Vide
2465 5524 2641 5584 ret-iam
2661 5529 2874 5594 Blasco,
2890 5527 2997 5580 loc.
3017 5528 3112 5580 cit.
3129 5543 3184 5594 p.
3210 5529 3276 5578 35
3293 5524 3686 5594 sqq.—Devoti

2064 5607 2161 5659 lus
2185 5619 2391 5658 canon.
2411 5601 2588 5668 univ.,
2605 5599 2849 5670 Proleg.,
2875 5614 2996 5668 cap.
3017 5597 3151 5670 18,§
3177 5599 3259 5661 15,
3283 5597 3452 5670 n‘ot._1
3481 5598 3684 5663 (tom.1.

2060 5693 2118 5747 p.
2152 5678 2294 5745 357).
2326 5673 2459 5747 Vide
2487 5664 2643 5726 conc.
2675 5664 2846 5747 Trull.
2883 5664 3017 5747 ann.
3049 5664 3150 5747 692
3182 5683 3196 5718 :
3233 5686 3260 5712 «
3286 5664 3542 5747 andreas
3558 5683 3685 5747 pec-

2065 5735 2233 5808 cator,
2257 5735 2568 5815 'Philippus
2610 5743 2884 5812 episcopus
2931 5742 2988 5791 et
3022 5736 3215 5808 plures
3251 5735 3344 5790 alii
3372 5735 3688 5808 (Harduin.,
