4046 6188
769 539 1555 724 ISIDORI
1641 534 3120 724 MERCATOBIS.
3569 806 3572 809 ι

307 863 1651 1007 COLLECTIO
1789 842 3499 1010 DEC'BETALIUM.

1117 1144 1300 1216 (Apud
1344 1143 1667 1212 Merlinum,
1707 1144 1940 1201 Collect.
1972 1143 2207 1211 Concil.,
2239 1143 2486 1201 Coloniae
2522 1145 2699 1215 1530.)

436 1566 800 1670 JACOBI
865 1567 1304 1672 MERLINI
1365 1569 1872 1674 DOCTORIS
1940 1567 2446 1672 EPISTOLA
2510 1569 3360 1677 NUNCUPATORIA.

282 1986 786 2044 Reverendissimis
810 1985 871 2042 in
895 1986 1118 2042 Christo
1145 1987 1407 2044 Patribus
1435 1991 1492 2043 et
1522 1986 1767 2042 dominis
1795 1986 1938 2043 meis
1963 1984 2451 2058 praestantissimis
2485 1985 2766 2042 Srerasuo
2796 1990 2852 2040 et
2887 1985 3191 2042 Fuxucrsco
3231 1987 3578 2054 Paucasnus,

206 2086 566 2141 Senonensis
605 2090 657 2141 et
699 2085 1032 2141 Parisiensis
1077 2086 1333 2142 Ecclesiae
1370 2086 1710 2158 praesulibus
1753 2084 2355 2158 circumspectissimis,
2403 2087 2638 2141 Jacosvs
2693 2085 2967 2142 malumus
3010 2084 3212 2141 doctor
3257 2085 3578 2157 theologus,

201 2183 270 2239 S.
306 2185 368 2238 P.
401 2185 466 2238 D.

278 2370 781 2427 Sacrosanctorum
809 2370 1183 2428 conciliorum
1211 2371 1780 2444 orthodoxorumque
1801 2371 2133 2443 pontificum
2162 2370 2447 2440 instituta,
2465 2386 2594 2442 quae
2619 2370 2831 2442 partim
2863 2369 3082 2426 dudum
3104 2370 3303 2428 beatus
3330 2372 3580 2430 Isidorus

200 2461 263 2515 in
294 2477 479 2515 unum
499 2466 968 2532 comportaverat,
997 2463 1210 2533 partim
1240 2465 1322 2531 tu,
1351 2461 1829 2518 reverendissime
1856 2463 2038 2529 Pater,
2069 2460 2304 2533 plumbo
2349 2460 2645 2516 obﬁrmata
2671 2459 3012 2531 publicanda
3055 2460 3276 2530 dedisti,
3310 2461 3370 2516 in
3401 2478 3581 2519 unum

201 2550 425 2604 referre
456 2550 729 2605 volumen
755 2567 869 2606 non
902 2551 1273 2623 dissimulavi,
1301 2551 1715 2608 conducibilius
1742 2550 2073 2623 reipublicae
2104 2550 2248 2606 nihil
2280 2550 2405 2606 fore
2433 2549 2782 2618 existimans,
2808 2549 3018 2621 quippe
3049 2566 3180 2604 cum
3205 2556 3326 2606 tam
3352 2552 3580 2623 copiose

201 2643 443 2710 tamque
486 2641 760 2694 catholice
804 2640 1026 2712 singula
1072 2657 1201 2713 qua:
1251 2645 1350 2696 aut
1392 2641 1465 2696 ad
1507 2641 1840 2696 atterendos
1881 2640 2211 2696 mortalium
2251 2655 2492 2708 errores,
2533 2644 2632 2694 aut
2673 2638 2746 2693 ad
2786 2639 3216 2694 instaurandum
3244 2641 3367 2711 jam
3404 2658 3580 2715 prope

199 2729 525 2801 collapsum
551 2731 749 2786 orbem
777 2731 1165 2802 praeseferant,
1200 2735 1263 2786 ut
1286 2731 1449 2786 facile
1475 2747 1628 2786 nunc
1651 2730 1892 2802 quisque
1919 2729 1993 2784 ad
2019 2745 2257 2794 manum
2287 2729 2498 2784 habeat
2527 2728 2678 2783 unde
2706 2728 2947 2783 haereses
2985 2733 3042 2784 et
3075 2728 3371 2785 haereticos
3400 2731 3578 2802 jugu-

199 2818 303 2887 let,
341 2819 524 2874 elatos
549 2820 850 2891 deprimat,
881 2821 1247 2892 voluptuosos
1274 2821 1569 2892 defatiget,
1601 2821 1809 2876 excitet
1831 2823 2143 2892 torpentes,
2171 2819 2465 2876 exinaniat
2501 2817 2849 2887 ambitiosos,
2881 2817 3078 2889 vulpes
3105 2817 3288 2890 capiat
3316 2820 3579 2890 parvulas

197 2908 434 2963 vineam
482 2909 920 2965 ecclesiasticam
966 2910 1357 2966 demolientes.
1391 2911 1444 2966 Si
1486 2909 1664 2980 igitur
1709 2910 1949 2982 posthac
1998 2914 2251 2965 monstra
2298 2925 2332 2964 a
2375 2907 2667 2980 republica
2702 2923 2898 2962 arcere
2939 2907 3268 2979 pellereque
3297 2908 3580 2980 quispiam

199 2997 534 3066 contendat,
561 2999 698 3069 quid
743 3001 1101 3070 praestantius
1149 3000 1427 3072 lapidibus
1471 3000 1666 3068 David,
1698 3016 1840 3072 quos
1883 3000 1976 3054 hic
2001 2999 2260 3055 Iordanis
2302 2997 2686 3070 copiosissime
2719 2995 3156 3053 subministrat?
3185 2996 3240 3052 Si
3266 2996 3409 3052 item
3434 2998 3578 3054 votis

200 3086 582 3142 esurientium
625 3088 948 3144 satisfacere
991 3093 1190 3161 tentet,
1223 3084 1365 3162 quid
1399 3089 1686 3162 copiosius
1731 3089 2070 3162 suaviusque
2111 3088 2315 3160 opibus
2355 3103 2497 3159 quas
2529 3086 2651 3142 haec
2681 3086 2751 3142 de
2785 3084 3181 3141 remotissimis
3207 3086 3322 3141 oris
3345 3086 3578 3143 veniens

201 3177 359 3230 navis
407 3177 638 3232 attulit?
667 3179 726 3233 Si
765 3194 895 3233 vero
938 3180 1201 3234 semitam
1247 3183 1304 3235 et
1349 3180 1596 3251 veritatis
1632 3179 1996 3251 splendorem
2044 3177 2423 3250 concupiscat,
2471 3193 2536 3232 ex
2587 3175 2794 3248 quibus
2847 3175 3066 3247 optimo
3113 3175 3243 3246 jure
3289 3175 3576 3247 pellantur

206 3281 470 3320 errorum
515 3267 788 3335 tenebrae,
830 3272 888 3323 et
924 3256 1123 3341 procul
1167 3269 1376 3325 abeant
1409 3286 1543 3325 cum
1577 3269 1692 3324 suis
1720 3269 2065 3336 auctoribus,
2093 3267 2232 3340 quid
2261 3266 2511 3338 apertius
2538 3267 2770 3321 Patrum
2794 3268 3224 3337 parentumque
3256 3265 3572 3336 sententiis,

196 3370 339 3424 quas
367 3355 703 3426 impellente
733 3361 924 3412 sancto
961 3358 1174 3429 Spiritu
1217 3359 1277 3414 in
1315 3359 1469 3414 hunc
1513 3375 1778 3436 acervum
1825 3357 2299 3429 comportarunt?
2327 3355 2425 3411 Hic
2450 3372 2678 3427 nempe,
2711 3355 2866 3410 velut
2893 3370 2959 3410 ex
2997 3357 3160 3425 prato
3186 3353 3421 3409 floribus
3448 3355 3572 3409 uni-

195 3443 382 3496 versis
407 3444 596 3514 pleno,
627 3446 796 3501 facile
819 3447 1162 3518 colliguntur
1188 3465 1542 3522 quaecunque
1567 3449 1639 3503 ad
1676 3465 1799 3505 rem
1840 3449 2143 3504 conferunt
2176 3446 2632 3514 ecclesiasticam,
2663 3459 3021 3517 quaecunque
3047 3443 3121 3497 ad
3148 3443 3577 3515 comprimenda

197 3531 336 3586 vitia
365 3534 891 3607 extinguendosque
917 3539 1386 3609 concupiscentiae
1423 3539 1652 3594 ardores
1679 3539 2029 3594 conducunt.
2061 3536 2159 3591 Hic
2194 3533 2660 3608 praestantissima
2685 3533 3000 3605 margarita
3026 3549 3177 3602 mox,
3205 3531 3249 3586 si
3277 3531 3572 3604 paululum

195 3621 491 3690 effoderis,
519 3629 795 3680 occurret.
818 3627 916 3681 Hic
939 3643 1305 3700 quoscunque
1331 3627 1559 3683 daemon
1589 3627 1875 3700 suscitavit
1899 3626 2218 3696 haereticos,
2245 3625 2558 3697 jugulatos,
2591 3623 2902 3691 confossos,
2933 3626 3360 3695 prostratosque
3379 3621 3568 3680 intue-

196 3711 376 3766 beris.
398 3712 496 3766 Hic
520 3713 734 3769 rituum
753 3718 927 3787 atque
947 3697 1284 3772 orthodoxae
1305 3717 1565 3773 Ecclesia:
1585 3697 2070 3772 sacramentorum
2097 3730 2308 3782 osores,
2331 3712 2514 3784 plagis
2533 3711 2834 3783 impositis,
2859 3712 3259 3767 semimortuos
3277 3727 3568 3784 agnosces.

197 3799 297 3853 Hic
330 3816 447 3872 quo
478 3802 682 3873 Sponsi
705 3805 968 3860 Ecclesia:
988 3806 1122 3876 jura
1146 3807 1379 3877 tuearis,
1413 3807 1506 3862 hic
1532 3823 1755 3878 sponsae
1783 3806 2094 3875 libertates,
2127 3806 2185 3859 et
2210 3817 2566 3874 quascunque
2605 3800 2822 3871 reliqua
2848 3816 2975 3872 quae
3000 3800 3074 3854 ad
3103 3799 3399 3871 paciﬁcum
3429 3817 3566 3856 con-

196 3887 414 3944 victum
445 3891 744 3948 hominum
778 3895 1126 3967 conspirant,
1151 3896 1312 3952 facile
1345 3896 1665 3968 depromes.
1689 3897 1787 3952 Hic
1811 3896 1964 3952 velut
1988 3895 2061 3951 ad
2099 3897 2318 3967 petram
2345 3890 2567 3964 parvuli
2593 3892 2834 3947 Novatus
2864 3889 3232 3958 Helchesaite,
3267 3889 3565 3957 Sabellius,

196 3977 526 4047 Cerinthus,
555 3981 898 4053 Nepotianus
924 4001 1055 4040 cum
1078 3985 1252 4042 Paulo
1279 3986 1648 4042 Samosateno
1667 3986 1974 4042 eliduntur.
2005 3985 2104 4040 Hic
2133 3982 2375 4038 scintilla
2393 3981 2620 4038 Arianae
2638 3977 2914 4051 perfidiae,
2935 3994 3008 4033 ne
3030 3993 3313 4049 magnum
3335 3977 3569 4034 tandem

195 4067 489 4136 praeberet
524 4068 873 4141 incendium,
907 4074 1206 4146 Photinus,
1247 4076 1580 4144 Eunomius,
1627 4075 1864 4144 Hebion,
1910 4076 2210 4131 Montanus
2254 4071 2442 4145 prisca
2483 4068 2860 4125 emoriuntur.
2908 4067 3008 4122 Hic
3047 4067 3202 4122 velut
3239 4066 3564 4124 condensis-

194 4157 340 4213 sima
385 4157 523 4212 silva
561 4159 787 4216 latitant
826 4163 1151 4234 orthodoxi,
1192 4165 1310 4238 qui,
1356 4165 1534 4222 instar
1584 4182 1871 4232 ursorum,
1916 4164 2236 4236 Pelagium,
2268 4161 2669 4234 Apollinarem,
2704 4157 3135 4228 Priscillianum,
3164 4155 3484 4214 Nestorium
3510 4162 3566 4214 et

194 4249 612 4322 Cataphrygas,
636 4269 768 4307 cum
785 4253 914 4309 ﬁliis
938 4255 1158 4311 Hierico
1186 4257 1401 4311 laniant
1424 4257 1807 4328 lacerantque.
1836 4255 1934 4310 Hic
1961 4255 2240 4327 Eutyches
2264 4251 2625 4320 Manichacus,
2653 4247 2942 4320 Acephali,
2972 4247 3269 4302 Dioscorus
3296 4251 3353 4303 et
3378 4248 3559 4304 Theo-

196 4338 379 4393 dorus
426 4345 887 4411 prosternuntur.
930 4344 1027 4399 Hic
1075 4345 1310 4400 Severus
1345 4345 1762 4418 Aquilegiensis
1800 4344 1990 4416 gladio
2037 4343 2282 4398 Phinees
2312 4341 2630 4414 jugulatur.
2673 4339 2771 4393 Hic
2813 4336 3192 4393 Monothelita:
3227 4337 3564 4392 mandibula

192 4427 343 4482 asini
381 4428 744 4500 dejiciuntur.
793 4433 894 4488 Hic
933 4434 1184 4506 Sergius,
1212 4437 1482 4508 Pyrrhus,
1508 4435 1841 4505 Macharius,
1871 4435 2024 4490 velut
2067 4434 2265 4505 vulpes
2309 4430 2559 4504 parvulae
2605 4431 2894 4484 tenentur.
2935 4425 3032 4480 Hic
3058 4425 3294 4480 Hussitae
3333 4426 3557 4497 perfidi,

195 4516 516 4572 Wiclefistze
559 4521 764 4588 insani,
805 4528 862 4578 et
904 4524 1138 4580 Bohemi
1184 4529 1454 4597 apostatae
1495 4530 1667 4597 atque
1708 4524 2071 4590 schismatici,
2109 4539 2238 4579 cum
2278 4538 2380 4576 sua
2413 4523 2533 4576 tota
2565 4517 2912 4592 posteritate,
2945 4518 3007 4570 ut
3045 4514 3347 4585 singularis
3388 4514 3558 4586 fetus,

190 4611 467 4678 perpetuo
492 4608 776 4666 feriuntur
806 4615 1191 4672 anathemate.
1224 4616 1323 4670 Hic
1348 4632 1552 4687 regum
1573 4620 1630 4671 et
1654 4617 2069 4688 imperatorum
2101 4613 2361 4686 tyrannis
2393 4610 2545 4666 velut
2567 4609 2775 4664 chamo
2803 4611 2860 4662 et
2891 4606 3053 4661 freno
3084 4603 3437 4676 reprimitur.
3461 4603 3558 4660 Hic

187 4698 505 4765 praesulum
547 4705 606 4755 et
643 4701 975 4772 pontificum
1015 4705 1182 4761 luxus
1219 4706 1570 4777 coarguitur.
1597 4706 1655 4762 Si
1685 4705 2018 4761 dissentiant
2042 4703 2351 4776 principes,
2385 4701 2476 4756 hic
2506 4699 2727 4754 sincera
2753 4712 2861 4768 pax
2890 4695 3091 4750 latitat.
3122 4693 3180 4749 Si
3206 4694 3277 4749 de
3304 4693 3556 4764 primatu

187 4783 510 4856 disceptent
535 4791 822 4862 praesules,
854 4793 944 4848 hic
974 4795 1173 4866 magni
1198 4796 1421 4851 consilii
1450 4796 1694 4868 angelus
1726 4795 2156 4867 praeficiendum
2183 4791 2404 4849 caeteris
2429 4787 2718 4862 patefacit.
2743 4785 2801 4843 Si
2827 4785 3093 4858 pestilens
3117 4783 3325 4839 zizania
3345 4800 3551 4856 agrum

186 4872 546 4931 Dominicum
570 4879 904 4938 labefactare
929 4883 1183 4956 incipiat,
1210 4902 1346 4941 mox
1374 4890 1537 4958 pater
1563 4885 1838 4941 excitatur
1864 4885 2242 4956 evangelicus,
2273 4881 2370 4953 qui
2403 4881 2462 4934 in
2486 4877 2798 4944 fasciculos,
2819 4874 3084 4930 incendio
3103 4873 3377 4941 dandam,
3400 4874 3553 4930 colli-

184 4977 329 5032 gere
352 4966 661 5038 praecipiat,
691 4987 937 5042 quorum
961 4973 1078 5028 vim
1106 4979 1276 5046 atque
1301 4976 1692 5031 conditionem
1726 4975 1771 5030 si
1799 4975 1976 5030 semel
2014 4971 2445 5045 degustaverint
2471 4967 2840 5024 auctoritates
2867 4965 2975 5020 ille
3004 4979 3304 5035 supremae,
3339 4963 3549 5034 princi-

181 5067 334 5122 pum
361 5055 569 5112 scilicet
592 5062 652 5113 et
669 5061 1022 5130 pontificum,
1050 5065 1484 5122 ecclesiasticam
1514 5082 1651 5122 mox
1675 5065 2008 5122 excitabunt
2030 5065 2396 5136 potestatem,
2427 5075 2558 5132 quae
2586 5055 2803 5112 dudum
2829 5071 2863 5109 a
2889 5053 3180 5109 Basiliensi
3205 5053 3442 5108 concilio
3473 5058 3552 5108 to-

181 5141 292 5196 ties
320 5147 688 5215 commonita,
715 5150 862 5206 vires
889 5170 1178 5211 resumere
1201 5171 1318 5212 non
1341 5156 1536 5227 valuit,
1561 5156 1799 5212 excitata
1816 5154 2053 5210 tandem
2071 5152 2371 5208 brachium
2392 5147 2653 5214 vibravit,
2673 5161 2779 5200 nec
2798 5143 2955 5216 prius
2979 5142 3049 5197 ab
3069 5142 3324 5197 instituto
3346 5159 3550 5198 manus

181 5231 494 5304 revocabit,
526 5235 708 5294 donec
732 5240 870 5296 olim
891 5245 1174 5315 perditam
1200 5245 1539 5302 drachmam
1553 5247 1870 5319 (veritatem
1897 5244 2020 5299 dico
2049 5243 2179 5298 vitae
2207 5241 2498 5307 doctrinae,
2518 5231 2581 5292 et
2598 5233 2856 5309 justitita)
2879 5230 3339 5288 invenerit.Cum
3359 5231 3547 5303 itaque

180 5336 252 5374 ex
287 5320 618 5392 hujusmodi
639 5332 993 5401 argumentis
1015 5338 1133 5389 tam
1158 5336 1452 5408 copiosum
1474 5337 1727 5409 utileque
1756 5335 2090 5408 reipublicae
2125 5332 2451 5389 antidotum
2479 5328 2860 5400 exspectetur,
2889 5321 3043 5376 vobis
3068 5319 3545 5377 reverendissimis

179 5409 466 5480 Patribus,
498 5416 594 5487 qui
632 5419 986 5478 verissimam
1031 5424 1347 5483 cicatricem
1385 5427 1589 5484 Christi
1635 5425 1861 5494 tenetis,
1905 5423 2306 5496 supremisque
2348 5417 2549 5476 studiis
2579 5417 2831 5471 sanctam
2875 5411 3243 5477 Hierusalem,
3275 5423 3541 5478 sponsam

179 5499 389 5556 Christi
432 5504 845 5582 electissimam,
887 5514 1185 5572 restituere
1230 5517 1646 5590 illustrareque,
1684 5516 1858 5590 pulsis
1895 5515 2161 5571 omnibus
2198 5527 2459 5569 errorum
2499 5506 2662 5574 fucis,
2695 5498 3060 5569 contenditis,
3096 5499 3247 5553 hunc
3286 5501 3544 5590 nostrum

181 5591 470 5647 tantillum
517 5596 764 5655 laborem
805 5619 911 5674 per
949 5620 1046 5659 vos
1079 5605 1404 5678 reipublicae
1443 5589 1825 5675 oﬁ'erendum,
1858 5606 2101 5678 dignum
2126 5603 2258 5660 duxi
2291 5620 2304 5658 ε
2340 5617 2454 5657 non
2484 5611 2691 5672 parum
2724 5589 3000 5649 mercedis
3031 5603 3138 5678 me
3151 5589 3546 5678 assecuturum

183 5680 534 5755 existimans,
567 5687 742 5744 modo
767 5705 838 5746 ex
868 5692 1099 5749 alumno
1124 5674 1308 5751 vestro
1330 5697 1508 5769 (cujus
1535 5698 1795 5752 animum
1813 5674 2158 5752 rvixhumeri
2175 5691 2472 5760 sufferunt)
2498 5685 2993 5760 qualibuscunque
3015 5674 3215 5731 studiis
3235 5674 3410 5747 (velut
3431 5680 3543 5735 mel

587 5785 860 5856 PATROL.
913 5791 1149 5860 cxxx.
3119 5781 3148 5842 ί
