4046 6188
497 291 528 340 7
1083 316 1092 320 -
1390 286 1670 343 APPEND.
1711 286 1797 343 AD
1835 288 1998 344 S.EC.
2045 288 2130 342 IX.
2165 317 2233 327 -—
2272 286 2520 343 lSlDORl
2559 282 2984 345 MERCATORIS
3817 293 3850 344 8

1048 587 1655 682 PRIEFATIO
1724 590 2148 683 ISIDORI
2217 590 2332 683 IN
2403 591 2908 700 SEQUENS
2975 589 3294 683 OPUS.

562 847 815 902 lsmoaus
840 861 1033 901 servus
1059 845 1266 902 Christi
1302 847 1499 903 lectori
1531 864 1803 905 conservo
1825 865 1928 905 suo
1949 851 2007 905 et
2030 865 2126 921 pa-
2145 863 2205 936 Α
2225 849 2339 906 sive
2381 866 2510 922 qua
2560 855 2748 921 antea,
2780 866 2880 906 seu
2920 866 3048 922 qua
3095 847 3462 921 postmodum
3509 847 3654 902 facta
3699 849 3850 914 sunt,

491 940 642 996 renti
671 939 730 994 in
760 939 1000 994 Domino
1029 939 1181 994 fideli
1219 941 1478 998 salutem.

562 1033 882 1104 Compellor
906 1049 939 1086 a
969 1033 1164 1088 multis
1206 1039 1323 1090 tam
1363 1035 1636 1107 episcopis
1679 1052 1850 1108 quam
1890 1035 2122 1109 reliquis

493 1126 666 1182 servis
709 1124 917 1181 Christi
964 1143 1247 1182 canonum
1295 1130 1600 1184 sententias
1649 1130 1932 1202 colligere,
1963 1135 2021 1186 et
2061 1129 2121 1184 in

493 1237 608 1275 uno
639 1219 924 1274 volumine
952 1220 1233 1292 redigere,
1267 1226 1324 1277 et
1361 1221 1432 1277 de
1468 1223 1660 1278 multis
1699 1241 1876 1280 unum
1915 1225 2118 1280 facere.

491 1313 604 1369 Sed
628 1313 735 1369 hoc
759 1313 968 1384 oppido
997 1315 1320 1382 conturbat,
1343 1316 1501 1387 quod
1521 1317 1754 1373 diversa
1787 1318 2122 1390 interpreta-

488 1407 671 1463 tiones
716 1408 896 1462 varias
941 1407 1248 1464 sententias
1292 1409 1528 1480 faciunt,
1584 1416 1640 1466 et
1682 1411 1813 1468 licet
1855 1429 2001 1466 unus
2051 1412 2122 1467 sit

486 1517 705 1571 sensus,
741 1501 980 1556 diversa
1015 1507 1209 1557 tamen
1252 1508 1385 1558 sunt
1422 1505 1738 1573 sententia,
1767 1508 1824 1560 et
1852 1506 1977 1560 alia
2005 1506 2122 1560 lon-

486 1595 696 1667 giores,
724 1595 849 1650 aliae
877 1594 1179 1652 breviores.
1209 1597 1285 1652 Ea
1309 1612 1442 1650 vero
1482 1597 1721 1653 concilia
1762 1615 1891 1670 qua
1929 1600 2121 1654 Graco

489 1693 622 1745 sunt
647 1689 797 1744 edita
831 1689 996 1761 stylo,
1023 1689 1264 1760 amplius
1295 1706 1467 1760 quam
1508 1690 1804 1764 tripliciter
1841 1695 1941 1748 aut
1977 1709 2119 1764 qua-

489 1782 825 1854 drupliciter
849 1782 1218 1854 interpretata
1247 1788 1419 1856 atque
1445 1786 1761 1858 conscripta
1781 1786 2118 1858 reperimus.

487 1877 647 1941 Quod
683 1876 730 1931 si
759 1877 962 1931 veritas
987 1879 1072 1931 est
1099 1877 1407 1948 quarenda
1435 1895 1465 1932 e
1489 1879 1765 1950 pluribus,
1795 1881 2122 1935 Gracorum

487 1985 798 2041 sequamur
848 1971 1079 2040 stylum,
1130 1986 1445 2042 eorumque
1507 1972 1798 2027 imitemur
1853 1973 2124 2029 dictiones

485 2068 655 2136 atque
695 2062 1066 2134 exemplaria;
1109 2064 1196 2118 sin
1234 2065 1449 2134 minus,
1480 2064 1588 2137 ipsi
1614 2065 1802 2121 dicant
1826 2071 1995 2138 atque
2025 2083 2121 2122 ex-

486 2161 706 2228 ponant
749 2157 955 2226 quibus
993 2159 1080 2210 tot
1121 2160 1255 2211 sunt
1302 2159 1648 2228 exemplaria
1693 2163 1835 2230 quot
1879 2159 2121 2214 codices.

2223 943 2327 998 sub
2360 943 2558 999 ordine
2585 960 2957 999 numerorum
2989 960 3055 997 ac
3093 945 3421 1014 temporum
3448 940 3706 1011 capitulis
3737 938 3855 994 suis

2223 1037 2486 1092 distincta
2541 1037 2646 1093 sub
2702 1037 2870 1108 hujus
2917 1036 3219 1091 voluminis
3274 1039 3513 1108 aspectu
3573 1034 3853 1101 locamus,

2223 1131 2583 1201 subjicientes
2620 1131 2793 1186 etiam
2842 1131 3060 1202 reliqua
3119 1131 3344 1185 decreta
3390 1128 3699 1200 prasulum
3738 1127 3853 1181 Ro-

2221 1241 2524 1279 manorum
2549 1241 2728 1297 usque
2750 1225 2823 1280 ad
2842 1230 3101 1280 sanctum
3123 1222 3482 1292 Gregorium,
3505 1225 3560 1276 et
3579 1220 3854 1292 quasdam

2222 1318 2492 1389 epistolas
2527 1318 2703 1389 ipsius
2749 1319 2806 1373 in
2849 1318 3053 1390 quibus
3095 1334 3198 1388 pro
3241 1315 3490 1371 culmine
3535 1314 3684 1368 sedis
3725 1329 3859 1384 apo-

2223 1412 2430 1466 stolica
2482 1429 2596 1466 non
2635 1412 2820 1484 impar
2866 1409 3238 1466 conciliorum
3292 1411 3477 1465 exstat
3531 1407 3854 1474 auctoritas,

2221 1511 2500 1578 quatenus
2539 1504 2892 1561 ecclesiastici
2920 1505 3136 1559 ordinis
3178 1503 3474 1574 disciplina
3508 1502 3567 1556 in
3611 1517 3797 1556 unum
3825 1516 3857 1554 a

2221 1599 2386 1654 nobis
2413 1603 2605 1655 coacta
2642 1602 2812 1670 atque
2858 1598 3074 1670 digesta
3117 1601 3174 1653 et
3218 1596 3395 1652 sancti
3433 1595 3703 1668 prasules
3747 1609 3854 1666 pa-

2222 1693 2395 1748 ternis
2430 1693 2801 1748 instituantur
2849 1692 3080 1764 regulis,
3121 1696 3177 1747 et
3215 1690 3543 1747 obedientes
3593 1687 3857 1744 Ecclesia

2223 1787 2469 1842 ministri
2506 1787 2590 1841 vel
2626 1785 2820 1858 populi
2861 1785 3245 1857 spiritualibus
3288 1783 3622 1839 imbuantur
3662 1797 3856 1836 exem-

2224 1881 2350 1952 plis,
2379 1885 2437 1935 et
2473 1897 2588 1934 non
2625 1880 2908 1934 malorum
2948 1879 3252 1934 hominum
3292 1876 3664 1949 pravitatibus
3703 1874 3856 1928 deci-

2223 1975 2470 2046 piantur.
2501 1973 2656 2028 Multi
2675 1973 2851 2044 enim,
2874 1972 3149 2045 pravitate
3175 1976 3231 2027 et
3252 1969 3559 2042 cupiditate
3581 1967 3857 2040 depressi,

2223 2071 2552 2123 accusantes
2615 2068 2932 2124 sacerdotes
2998 2066 3420 2138 oppresserunt.
3482 2063 3612 2118 Ideo
3674 2060 3861 2116 sancti

2224 2163 2413 2216 Patres
2459 2163 2611 2232 leges
2659 2161 3084 2216 constituerunt
3135 2175 3274 2230 quas
3329 2160 3551 2212 sanctos
3605 2171 3860 2209 canones

486 2249 656 2305 Nobis
687 2252 879 2303 tamen
910 2248 1152 2318 videtur,
1184 2265 1316 2304 cum
1348 2250 1410 2304 in
1447 2257 1643 2306 nostro
1683 2229 2672 2326 discrepaverintBappellaverunt.
2728 2253 2882 2309 Multi
2941 2268 3079 2324 ergo
3139 2229 3349 2305 idcirco
3397 2250 3533 2304 alios
3571 2252 3860 2315 accusant,

488 2359 769 2411 sermone,
791 2346 856 2398 ut
884 2341 1089 2412 unitas,
1123 2347 1180 2397 et
1201 2343 1405 2398 veritas
1431 2343 1501 2398 ab
1528 2345 1663 2416 ipsis
1692 2345 2000 2416 quarenda
2028 2345 2120 2412 sit,

489 2453 738 2509 quorum
783 2436 980 2507 lingua
1021 2435 1173 2492 edita
1209 2453 1332 2492 esse
1367 2441 1700 2494 noscuntur.
1740 2438 1900 2503 Quod
1938 2445 1994 2493 et
2018 2455 2123 2493 nos

485 2530 742 2600 fecimus,
773 2533 830 2586 et
855 2529 1000 2584 sicut
1023 2544 1056 2583 a
1080 2529 1224 2584 veris
1253 2546 1452 2586 eorum
1478 2531 1792 2602 reperimus
1817 2531 2118 2602 magistris,

485 2625 545 2680 in
573 2623 860 2680 volumine
890 2623 981 2678 cui
1000 2623 1123 2678 hac
1149 2624 1500 2696 praponitur
1524 2624 1952 2696 prafatiuncula
1979 2625 2123 2680 inse-

2221 2351 2288 2402 ut
2324 2365 2382 2403 se
2412 2364 2514 2419 per
2536 2347 2660 2403 illos
2697 2351 2982 2414 excusent,
3009 2350 3110 2401 aut
3149 2361 3349 2400 eorum
3385 2343 3550 2398 bonis
3577 2343 3857 2397 ditentur.

2222 2441 2483 2512 Plerique
2522 2457 2655 2496 vero
2697 2441 2830 2496 boni
2873 2439 3177 2496 Christiani
3219 2443 3520 2510 propterea
3563 2440 3769 2503 tacent,
3804 2440 3865 2490 et

2223 2539 2453 2606 portant
2499 2535 2742 2590 aliorum
2787 2535 3020 2605 peccata
3061 2549 3190 2605 qua
3231 2534 3535 2600 noverunt,
3578 2529 3713 2601 quia
3757 2529 3859 2584 do-

2222 2627 2506 2684 cumentis
2532 2644 2680 2700 sape
2705 2629 3046 2683 deseruntur
3071 2626 3276 2699 quibus
3303 2642 3369 2680 ea
3391 2640 3520 2697 qua
3541 2623 3649 2696 ipsi
3671 2621 3864 2678 sciunt

485 2735 613 2774 rere
649 2718 987 2774 curaVimlls-
1015 2717 1208 2773 Callon
1249 2721 1442 2773 autem
1469 2719 1680 2787 Cretice,
1711 2719 1904 2774 Latine
1931 2719 2123 2788 regula
2215 2723 2505 2795 judicibus
2523 2721 2910 2777 ecclesiasticis
2932 2721 3172 2792 probare
3187 2737 3302 2774 non
3317 2722 3570 2790 possunt,
3586 2716 3863 2787 quoniam

486 2816 869 2883 nuncupatur.
916 2811 1132 2882 Regula
1158 2815 1351 2866 autem
1377 2811 1530 2867 dicta
1559 2812 1714 2884 quod
1755 2817 1908 2868 recte
1945 2811 2118 2882 ducit,
2222 2816 2355 2872 licet
2381 2832 2516 2870 vera
2562 2815 2675 2870 sint
2717 2815 3002 2886 quadam,
3031 2830 3148 2868 non
3188 2817 3381 2868 tamen
3421 2810 3709 2882 judicibus
3736 2825 3860 2864 cre-

488 2921 592 2961 nec
621 2904 928 2977 aliquando
969 2903 1238 2959 aliorsum
1280 2905 1471 2959 trahit.
1518 2904 1629 2960 Alii
1668 2905 1930 2961 dixerunt
1957 2922 2123 2978 regu-
2224 2909 2414 2965 denda
2438 2913 2588 2977 sunt,
2620 2908 2730 2963 nisi
2757 2924 2886 2980 qua
2913 2907 3082 2963 certis
3117 2905 3337 2960 indiciis
3376 2904 3862 2970 demonstrantur,

484 3000 602 3056 lam
623 2997 830 3054 dictam
850 2999 938 3054 vel
960 2997 1118 3070 quod
1145 2999 1436 3069 regat,vel
1457 2999 1607 3070 quod
1622 3016 1882 3055 normam
1897 2999 2123 3055 vivendi
2223 3003 2332 3060 nisi
2363 3020 2491 3076 qua
2533 3002 2834 3058 manifesto
2874 3001 3091 3072 judicio
3130 2999 3562 3064 convincuntur,
3589 2996 3698 3052 nisi
3727 3013 3863 3068 qua

487 3093 757 3165 prabeat,
789 3092 902 3147 sive
928 3091 1080 3163 quod
1111 3091 1413 3147 distortum
1444 3109 1797 3165 pravumque
1835 3094 1970 3166 quid
1996 3110 2122 3148 cor-
2178 3117 2180 3120 ν
2218 3097 2521 3169 judiciario
2552 3096 2749 3151 ordine
2774 3095 3153 3167 publicentur.
3187 3092 3379 3149 Nullus
3419 3091 3574 3145 enim
3607 3090 3704 3161 qui
3743 3090 3866 3143 suis

487 3187 658 3259 rigat.
686 3185 977 3258 Synodum
1005 3189 1198 3240 autem
1228 3201 1292 3240 ex
1323 3187 1517 3241 Graeco
1553 3187 1918 3258 interpretari
1960 3188 2121 3242 comi-
2224 3191 2396 3246 rebus
2433 3193 2517 3245 est
2557 3189 2845 3261 spoliatus,
2873 3191 2971 3243 aut
3006 3204 3040 3242 a
3066 3187 3197 3242 sede
3247 3184 3476 3258 propria
3516 3183 3568 3238 vi
3616 3185 3714 3238 aut
3744 3186 3864 3237 ter-

488 3285 663 3336 tatum
693 3279 779 3336 vel
806 3285 1015 3336 catum.
1043 3278 1357 3334 Concilium
1378 3296 1510 3335 vero
1539 3296 1756 3336 nomen
1781 3284 2024 3336 tractum
2055 3297 2124 3335 ex
2225 3301 2352 3339 rore
2409 3284 2623 3354 pulsus,
2663 3286 2973 3353 antequam
3026 3280 3219 3335 omnia
3273 3277 3376 3334 sibi
3433 3278 3615 3332 ablata
3669 3275 3722 3328 ei
3774 3276 3865 3329 le-

488 3373 781 3430 communi
814 3373 1150 3440 intentione,
1183 3389 1248 3428 eo
1275 3373 1430 3444 quod
1457 3374 1517 3428 in
1544 3390 1721 3428 unum
1763 3390 1960 3429 omnes
1985 3373 2123 3428 diri-

491 3472 633 3541 gant
675 3465 882 3523 mentis
931 3466 1214 3522 obtutum.
1259 3467 1400 3521 Cilia
1443 3466 1597 3521 enim
1634 3467 1934 3523 oculorum
1973 3470 2122 3522 sunt.

2227 3377 2392 3450 gibus
2417 3375 2808 3445 restituantur,
2842 3378 2898 3429 et
2928 3374 3046 3446 ipse
3076 3373 3314 3447 paciﬂce
3352 3371 3449 3426 diu
3484 3369 3598 3424 suis
3631 3367 3871 3422 fruatur

2227 3470 2565 3539 honoribus,
2611 3469 2844 3542 sedique
2899 3468 3130 3541 proprie
3186 3465 3523 3539 regulariter
3567 3461 3871 3518 restitutus

491 3562 650 3618 Unde
665 3559 833 3632 etqui
853 3558 1080 3614 sibimet
1099 3559 1459 3628 dissentiunt,
1473 3564 1784 3632 nonagunt
1798 3560 2122 3630 concilium,
2148 3599 2204 3674 Ο
2229 3565 2351 3636 ejus
2388 3565 2569 3619 multo
2624 3568 2882 3635 tempore
2930 3563 3104 3617 libere
3142 3561 3390 3633 potiatur
3428 3559 3663 3622 honore,
3698 3555 3869 3626 juxta

504 3655 619 3674 ___._
653 3669 763 3674 -η
804 3652 1051 3674 ,ηιεημι
1082 3669 1258 3674 ______
1308 3653 1492 3674 ρμιη,
1523 3669 1649 3674 -η,
2029 3659 2103 3674 --ι
2417 3657 2426 3668 .
2778 3673 2789 3674 ,
2824 3656 2850 3674 ,.
2922 3654 3100 3674 __r___,
3171 3649 3406 3674 :__,:_-_:
3465 3655 3558 3674 ,ηι
3610 3647 3864 3674 Amm“;

495 3655 630 3727 quia
653 3669 770 3710 non
800 3652 1056 3710 sentiunt
1082 3669 1286 3709 unum.
1307 3653 1494 3708 Coetus
1523 3669 1656 3710 vero
1686 3659 1996 3710 conventus
2022 3659 2126 3722 est,

490 3749 578 3804 vel
620 3748 991 3820 congregatio
1035 3765 1068 3802 a
1110 3747 1389 3818 coeundo,
1424 3747 1485 3802 id
1523 3751 1608 3804 est
1648 3748 2037 3805 conveniendo
2071 3747 2130 3802 in

495 3858 694 3913 unum,
717 3842 870 3898 unde
897 3844 955 3897 et
978 3846 1285 3896 conventus
1311 3846 1396 3896 est
1421 3847 1800 3914 nuncupatus,
1828 3843 1980 3914 quod
2007 3858 2128 3895 om-

494 3951 593 3992 nes
632 3935 710 3991 ibi
740 3935 1104 4002 conveniunt,
1137 3934 1281 3990 sicut
1320 3941 1650 4004 conventus,
1678 3940 1854 3990 catus
1879 3935 1964 3989 vel
1995 3949 2128 3988 con-

493 4030 691 4086 cilium
715 4048 749 4084 a
774 4030 1039 4084 societate
1063 4029 1378 4082 multorum
1408 4028 1468 4081 in
1498 4044 1698 4082 unum.

567 4125 628 4176 ln
672 4121 952 4192 principio
989 4136 1123 4174 vero
1165 4119 1474 4174 voluminis
1515 4119 1684 4190 hujus
1723 4119 1963 4190 qualiter
1994 4136 2128 4176 con-

495 4214 686 4270 cilium
760 4213 913 4286 apud
987 4229 1090 4268 nos
1165 4211 1482 4268 celebratur
1544 4213 1859 4284 posuimus,
1911 4216 1974 4268 ut
2034 4215 2132 4287 qui

496 4311 758 4365 nostrum
809 4306 1069 4363 ordinem
1116 4307 1274 4378 sequi
1311 4306 1615 4377 voluerint,
1657 4307 1839 4362 sciant
1891 4307 2134 4380 qualiter

495 4403 604 4459 hoc
646 4418 817 4474 agere
863 4400 1129 4457 debeant.
1171 4401 1277 4466 Qui
1321 4404 1516 4456 autem
1569 4401 1676 4456 hoc
1715 4417 1884 4472 agere
1927 4402 2135 4456 melius

497 4496 794 4569 elegerint,
848 4495 1060 4549 faciant
1112 4495 1267 4566 quod
1315 4495 1470 4564 justo
1524 4494 1906 4567 canonicoque
1962 4499 2135 4568 atque

501 4589 916 4662 sapientissimo
978 4587 1216 4644 consilio
1266 4588 1668 4660 judicaverint.
1711 4589 1966 4661 Denique
2002 4606 2132 4661 pro-

500 4688 630 4756 pter
684 4699 886 4739 eorum
942 4682 1334 4738 auctoritatem
1396 4683 1617 4737 cateris
1677 4683 1924 4738 conciliis
1987 4699 2132 4754 pra-

500 4777 795 4851 posuimus
835 4792 1080 4831 canones
1127 4775 1224 4849 qui
1267 4776 1537 4831 dicuntur
1569 4777 1976 4848 apostolorum,
2008 4777 2138 4832 licet

503 4887 538 4925 a
553 4871 892 4944 quibusdam
913 4869 1224 4943 apocryphi
1246 4869 1522 4937 dicantur,
1541 4871 1812 4942 quoniam
1832 4871 2021 4942 plures
2041 4887 2138 4927 eos

2229 3657 2561 3714 canonicam
2603 3656 2877 3723 accusari,
2920 3654 3126 3722 vocari,
3163 3649 3410 3722 judicari
3463 3655 3561 3704 aut
3607 3647 3867 3704 damnari

2229 3751 2645 3808 institutionem
2684 3767 2803 3805 non
2846 3750 3049 3819 potest.
3085 3744 3246 3802 Unde
3276 3749 3334 3798 et
3362 3742 3742 3798 ecclesiastica
3766 3741 3862 3795 Hi-

2229 3845 2421 3912 storia,
2470 3843 2540 3897 ab
2591 3841 2832 3896 Eusebio
2875 3836 3205 3894 Casariensi
3257 3835 3522 3908 episcopo
3579 3835 3864 3903 confecta,

2231 3936 2302 3990 de
2327 3935 2566 3990 muliere
2594 3933 2841 4005 quadam
2876 3949 3002 4004 qua
3033 3947 3134 4003 pro
3163 3929 3420 3989 castitate
3463 3946 3498 3984 a
3526 3929 3737 3984 marito
3767 3944 3865 3983 ac-

2231 4027 2532 4083 cusabatur
2573 4026 2653 4082 ait
2693 4043 2708 4081 :
2751 4045 2779 4079 α
2825 4027 3201 4097 Praeceptum,
3230 4024 3319 4079 vel
3364 4022 3737 4078 interdictum
3780 4025 3868 4076 est

2231 4121 2303 4177 ab
2349 4121 2691 4192 imperatore
2739 4119 2868 4190 lege
2908 4120 3040 4188 lata,
3089 4123 3150 4173 ut
3197 4116 3383 4188 primo
3434 4115 3869 4188 permitteretur

2234 4214 2285 4271 ei
2342 4231 2468 4270 rem
2526 4213 2863 4268 familiarem
2915 4213 3092 4268 libere
3143 4210 3353 4266 diutius
3408 4208 3692 4275 ordinare,
3737 4210 3868 4260 tum

2233 4309 2439 4365 deinde
2468 4307 2833 4380 responderet
2865 4305 3114 4378 objectis.
3149 4328 3176 4355 ››
3207 4305 3305 4360 Ha
3334 4319 3535 4360 omnes
3561 4302 3718 4372 leges
3743 4305 3865 4355 tam

2233 4402 2622 4459 ecclesiastica
2673 4417 2845 4472 quam
2893 4403 2950 4454 et
2986 4399 3248 4471 vulgares
3305 4396 3657 4468 publicaque
3714 4409 3861 4463 pra-

2234 4497 2472 4570 cipiunt.

2307 4592 2523 4646 Horum
2534 4605 2667 4645 vero
2684 4587 3082 4644 concinnantia
3099 4586 3146 4640 si
3158 4584 3349 4640 omnia
3360 4581 3872 4656 ponerentur,ante

2236 4687 2548 4743 deficerent
2592 4684 2744 4752 dies,
2786 4689 2842 4739 et
2896 4683 3067 4738 nimis
3122 4680 3341 4754 prolixa
3391 4680 3554 4734 ﬁeret
3606 4676 3868 4748 epistola.

2236 4783 2316 4837 Ex
2354 4779 2611 4852 pluribus
2657 4781 2854 4834 tamen
2899 4776 3085 4847 aliqua
3131 4775 3222 4829 hic
3277 4773 3350 4827 ad
3401 4769 3869 4843 provocationem

2237 4874 2479 4930 aliorum
2517 4873 2766 4929 inserere
2797 4869 3194 4942 judicavimus.
3235 4866 3328 4922 Ait
3365 4881 3616 4936 namque
3644 4868 3875 4918 sanctus

503 4965 809 5036 recipiunt,
851 4968 907 5019 et
948 4964 1127 5019 sancti
1156 4963 1351 5018 Patres
1382 4980 1579 5018 eorum
1625 4965 1930 5020 sententias
1965 4982 2136 5037 syno-
2159 4970 2217 5043 Ι)
2240 4969 2349 5024 Leo
2390 4969 2658 5022 Romana
2693 4963 2954 5022 Ecclesia
2981 4962 3214 5017 antistes
3256 4961 3316 5016 in
3362 4958 3601 5032 epistola
3639 4957 3868 5012 Chalce-

505 5061 615 5117 dali
656 5061 988 5116 auctoritate
1044 5060 1478 5130 roboraverunt,
1537 5064 1593 5115 et
1644 5061 1793 5116 inter
1835 5062 2138 5118 canonicas

503 5156 820 5228 posuerunt
851 5153 1301 5210 constitutiones.
1347 5153 1558 5209 Deinde
1601 5155 1973 5225 quarumdam
2017 5155 2136 5227 epi-

504 5249 778 5306 stolarum
803 5248 1028 5304 decreta
1051 5248 1299 5305 virorum
1326 5247 1766 5319 apostolicorum
1808 5248 2138 5304 interserui-

505 5360 656 5413 mus,
690 5343 748 5397 id
787 5345 873 5397 est
913 5341 1240 5411 Clementis,
1279 5342 1554 5412 Anacleti,
1591 5342 1826 5396 Evaristi
1873 5347 1929 5396 et
1970 5348 2134 5397 cate-

506 5453 706 5494 rorum
735 5435 1196 5509 apostolicorum,
1221 5452 1360 5509 quas
1377 5436 1665 5508 potuimus
1687 5435 1957 5490 hactenus
1982 5451 2140 5508 repe-

509 5532 622 5586 rire
675 5531 944 5603 epistolas
991 5546 1166 5602 usque
1216 5529 1289 5585 ad
1336 5529 1669 5585 Silvestrum
1715 5544 1945 5600 papam.
1983 5529 2135 5584 Post-

509 5625 747 5680 modum
760 5641 892 5681 vero
907 5624 1190 5680 Nicanam
1203 5623 1378 5696 synod
1388 5640 1483 5679 um
1499 5623 1897 5678 constituimus
1911 5628 2141 5694 propter

511 5719 906 5775 auctoritatem
944 5717 1202 5787 ejusdem
1244 5716 1439 5786 magni
1478 5716 1717 5772 concilii.
1748 5715 2022 5788 Deinceps
2051 5717 2135 5772 di-

509 5827 800 5868 versorum
859 5810 1230 5867 conciliorum
1275 5810 1600 5867 Gracorum
1659 5816 1716 5866 et
1787 5811 2136 5881 Latinorum,

2238 5057 2477 5114 donensi
2519 5054 2758 5110 concilio
2800 5053 2995 5121 missa,
3045 5051 3205 5122 cujus
3250 5049 3478 5105 initium
3523 5051 3647 5103 est:
3691 5067 3719 5095 «
3762 5047 3873 5100 Leo

2239 5151 2533 5224 episcopus
2576 5147 2792 5220 synodo
2831 5143 3298 5202 Chalcedonensi.
3341 5143 3685 5215 Optaveram
3742 5138 3870 5210 qui-

2239 5245 2390 5312 dem,
2420 5241 2794 5310 dilectissimi,
2824 5261 2851 5290 »
2887 5244 2944 5295 et
2969 5243 3190 5295 catera.
3233 5239 3292 5292 ln
3332 5253 3444 5308 qua
3480 5235 3628 5290 inter
3664 5239 3872 5288 catera

2239 5339 2317 5394 sic
2338 5340 2580 5394 testatur
2599 5336 2794 5391 dicens
2820 5353 2834 5390 :
2869 5355 2897 5383 «
2925 5334 3072 5399 Quia
3100 5348 3234 5388 vero
3262 5347 3376 5385 non
3405 5330 3739 5401 ignoramus
3768 5341 3872 5397 per

2239 5449 2436 5506 pravas
2463 5429 2858 5487 amulationes
2888 5428 3197 5484 multarum
3240 5422 3617 5482 Ecclesiarum
3659 5424 3872 5475 statum

2239 5527 2410 5584 fuisse
2435 5525 2752 5593 turbatum,
2775 5524 3164 5596 plurimosque
3183 5521 3386 5575 fratres
3410 5517 3616 5589 injuste
3641 5512 3873 5570 sedibus

2241 5623 2355 5678 suis
2399 5621 2585 5694 pulsos
2629 5621 2683 5674 et
2717 5618 2775 5672 in
2805 5617 2998 5672 exsilia
3028 5616 3357 5688 deportatos
3398 5615 3569 5682 atque
3597 5608 3656 5664 in
3688 5609 3871 5662 locum

2229 5715 2609 5788 superstitum
2657 5713 2808 5768 alios
2842 5711 3206 5778 substitutos;
3239 5708 3327 5762 his
3363 5704 3632 5778 primitus
3671 5702 3868 5757 vulne-

2238 5809 2396 5866 ribus
2449 5809 2786 5866 adhibeatur
2826 5804 3108 5862 medicina
3150 5800 3405 5875 justitia.
3451 5799 3530 5854 Ne
3568 5796 3868 5869 quisquam
