4046 6188
212 299 236 348 9
1423 292 1890 348 DECRETALIUM
1929 295 2318 350 CULLECTIU.
3493 307 3552 357 lO

210 404 276 458 ita
327 402 504 454 careat
528 397 795 470 propriis,
844 403 911 453 ut
959 399 1104 453 alter
1145 401 1340 454 utatur
1383 399 1597 455 alienis.
1643 401 1821 464 Quem
1842 409 1954 484 Aa
1993 419 2067 458 xu
2113 404 2346 460 Kalend.
2394 405 2599 476 Aprilis
2636 421 2814 478 usque
2855 406 2914 460 in
2966 391 3092 462 xviu
3149 407 3381 464 Kalend.
3424 409 3551 464 Maii

211 495 274 548 ita
305 508 555 547 errorem
593 507 797 546 omnes
834 491 1181 563 relinquant,
1226 497 1291 547 ut
1338 493 1553 548 nemini
1590 494 1822 566 quidem

211 587 378 658 perire
417 585 593 640 honor
634 585 860 653 debeat,
907 585 1005 640 sed
1051 585 1336 656 prioribus
1379 586 1655 658 episcopis
1693 605 1823 643 cum

209 681 351 734 omni
397 678 694 750 privilegio
743 695 844 733 suo
887 679 986 748 jus
1032 679 1330 750 proprium
1373 681 1744 736 reformetnr.
1793 701 1820 732 »

210 773 403 830 Eadem
441 775 496 827 et
539 771 758 843 antiqui
796 771 1087 842 apostolici
1136 773 1236 843 qui
1283 773 1516 828 fuerunt
1555 779 1687 829 ante
1729 792 1820 846 sy-

208 866 402 922 nodum
443 866 725 920 Nictenam
766 869 1095 920 sanxerunt.
1142 866 1350 921 Eadem
1399 867 1647 937 synodus
1695 884 1824 940 quas

209 960 386 1016 habita
432 965 518 1013 est
559 959 617 1013 in
657 959 872 1013 Larissa
909 958 1013 1014 sub
1054 958 1346 1014 Valeriano
1387 960 1659 1032 loquitur.
1717 963 1819 1016 Ea-

208 1056 320 1110 dem
371 1053 633 1124 plurimaa
677 1053 956 1108 Romanae
1009 1052 1210 1124 synodi
1267 1056 1576 1124 testantur,
1627 1055 1823 1111 eadem

208 1166 337 1221 papa
363 1147 734 1218 Symmachus
760 1152 817 1201 et
839 1146 1032 1201 caeteri
1061 1147 1240 1201 sancti
1268 1149 1458 1203 Patres
1487 1153 1820 1204 sanxerunt.

208 1233 446 1306 Quorum
486 1245 694 1295 statuta
751 1240 1135 1311 proxilitatem
1174 1240 1412 1296 vitantes
1447 1241 1539 1296 hic
1573 1242 1823 1299 inserere

207 1335 526 1391 distulimus.
583 1334 643 1389 Si
691 1334 816 1406 quis
870 1337 1065 1389 autem
1115 1334 1239 1389 haec
1291 1335 1516 1406 plenius
1571 1336 1714 1392 scire
1767 1342 1824 1391 et

208 1431 383 1501 legere
410 1429 671 1495 voluerit,
699 1428 815 1482 suis
845 1428 902 1482 in
928 1427 1250 1483 auctoribus
1267 1427 1525 1484 invenire
1553 1433 1611 1484 et
1629 1430 1820 1501 legere

209 1523 434 1595 pleniter
474 1523 704 1593 poterit.
745 1521 915 1576 Nobis
952 1538 1087 1575 vero
1129 1521 1234 1576 hac
1277 1522 1338 1577 in
1383 1523 1823 1594 prmfatiuncula

207 1618 298 1670 ista
341 1615 641 1671 sufficiant.
690 1617 758 1670 Et
795 1614 940 1670 sicut
967 1613 1135 1670 militi
1170 1631 1234 1669 ex
1277 1615 1470 1670 multis
1508 1617 1682 1672 armis
1723 1617 1822 1673 illa

208 1709 480 1765 sufﬁciunt
517 1725 646 1781 quae
680 1709 827 1764 ferre
871 1712 1250 1780 congruenter
1289 1726 1463 1782 super
1503 1727 1562 1766 se
1591 1711 1818 1782 poterit,

211 1806 278 1859 sic
320 1803 482 1859 nobis
525 1803 596 1858 de
642 1803 835 1858 multis
881 1803 1176 1858 sententiis
1214 1781 1499 1873 una,aut
1543 1781 1690 1874 dum,
1735 1781 1898 1860 velB

211 1901 472 1970 quantum
513 1901 650 1952 tunc
684 1912 914 1952 necesse
956 1897 1146 1966 fuerit,
1197 1898 1509 1968 sufﬁciunt,
1554 1898 1826 1969 quoniam

213 1992 344 2046 sicut
366 2007 498 2046 cum
524 2007 637 2046 uno
671 1992 786 2046 telo
812 1994 912 2046 aut
939 1990 1159 2046 duobus
1187 1990 1484 2046 inimicum
1520 1991 1823 2062 vincimus,

213 2086 288 2140 sic
311 2102 438 2139 cum
456 2101 569 2139 una
593 2087 692 2139 aut
719 2084 939 2139 duabus
959 2084 1256 2140 sententiis
1283 2085 1622 2140 auctoritate
1640 2085 1826 2156 plenis

212 2179 475 2234 amulum
509 2194 853 2249 superamus.
886 2177 941 2233 Si
978 2178 1132 2233 enim
1162 2177 1232 2232 de
1254 2177 1592 2233 mulieribus
1623 2183 1680 2234 et
1717 2196 1822 2234 sae-

213 2273 486 2328 cularibus
538 2270 868 2326 hominibus
909 2272 1031 2326 haec
1076 2271 1385 2326 constituta
1436 2275 1598 2340 sunt,
1647 2272 1825 2327 multo

213 2367 378 2437 magis
402 2364 792 2421 ecclesiasticis
831 2364 961 2419 viris
994 2367 1052 2420 et
1087 2365 1473 2421 sacerdotibus
1519 2370 1650 2420 sunt
1689 2382 1823 2420 con-

214 2477 367 2516 cessa.
407 2461 536 2515 Haec
581 2460 782 2515 eadem
827 2476 961 2515 vero
1014 2459 1386 2514 ecclesiastica
1431 2459 1567 2530 jura
1620 2459 1827 2529 jubent

213 2557 262 2609 et
291 2554 470 2609 saeculi
501 2555 661 2626 leges
695 2553 1055 2626 praecipiunt.
1087 2553 1356 2609 Similiter
1383 2558 1730 2609 accusatores
1771 2557 1828 2609 et

214 2649 595 2717 accusationes,
623 2663 762 2719 quas
792 2648 981 2703 sazculi
1015 2647 1168 2720 leges
1199 2647 1524 2719 prohibent,
1556 2647 1825 2703 canonica

213 2743 443 2798 funditus
478 2740 708 2814 repellit
742 2742 1072 2798 auctoritas.
1121 2741 1483 2813 Synodorum
1523 2757 1657 2797 vero
1697 2759 1826 2797 con-

216 2837 618 2909 gregandarum
668 2835 969 2890 auctoritas
1042 2836 1360 2907 apostolicae
1426 2835 1544 2891 sedi
1610 2835 1828 2907 privata

213 2930 489 2986 commissa
511 2934 603 2986 est
626 2932 921 3002 potestate,
953 2945 1058 2985 nec
1097 2931 1278 2985 ullam
1323 2930 1602 3002 synodum
1642 2935 1827 2984 ratam

216 3040 316 3080 esse
355 3025 626 3096 legimus,
665 3039 793 3095 quae
831 3024 952 3094 ejus
995 3040 1109 3078 non
1149 3023 1322 3080 fuerit
1341 3024 1670 3080 auctoritate
1700 3040 1827 3079 con-

1923 497 2158 552 solerter
2183 497 2415 568 inquiri,
2445 499 2570 553 etsi
2598 499 2688 556 die
2716 500 3091 556 Sabbatorum
3117 501 3396 571 inciderit,
3419 519 3552 558 con-

1923 590 2183 661 sequenti
2208 591 2297 646 die
2336 592 2651 658 Dominico,
2683 593 2740 648 id
2768 597 2851 649 est
2875 595 3011 649 luna
3041 612 3132 664 xv,
3159 596 3372 651 Pascha
3396 598 3547 652 cele-

1922 683 2088 738 brare
2116 682 2464 755 conscripsit,
2493 689 2550 740 et
2578 685 2622 738 si
2659 685 2750 740 die
2781 686 3071 742 Dominico
3106 687 3242 742 luna
3267 704 3364 743 xui
3395 690 3547 760 ejus-

1925 776 2056 832 dem
2100 778 2342 842 mensis,
2384 778 2439 832 id
2488 783 2572 834 est
2614 779 2788 849 primi
2831 781 3072 850 mensis,
3127 781 3378 836 evenerit
3426 782 3551 854 ipsa

1923 869 2277 926 hebdomada
2300 871 2626 926 transmissa
2653 872 2710 927 in
2727 872 2970 928 alterum
2992 873 3143 929 diem
3168 875 3546 944 Dominicum,

1923 963 2132 1018 Pascha
2170 964 2291 1019 sine
2318 963 2489 1019 dubio
2524 964 2808 1020 celebrare
2846 966 3194 1038 conscripsit.
3225 968 3318 1022 His
3349 973 3404 1023 et
3426 969 3548 1023 aliis

1922 1056 2359 1128 quamplurimis
2374 1057 2647 1129 exemplis
2667 1063 2820 1130 patet
2839 1060 3001 1130 plura
3020 1076 3140 1115 esse
3155 1077 3329 1132 quam
3350 1061 3551 1133 viginti

1921 1150 2134 1205 Nicaeni
2164 1150 2384 1206 concilii
2422 1151 2688 1222 capitula,
2730 1157 2785 1207 et
2820 1169 3016 1208 veram
3054 1169 3175 1208 esse
3219 1154 3551 1225 praedictam

1919 1243 2048 1301 Julii
2080 1261 2245 1316 papae
2290 1244 2602 1316 epistolam.
2645 1245 2816 1302 Nobis
2852 1252 3045 1302 autem
3082 1248 3316 1318 quidam
3354 1264 3385 1302 e
3424 1265 3552 1304 con-

1923 1338 2095 1392 sortio
2124 1337 2367 1393 fratrum
2408 1344 2733 1394 nostrorum
2778 1339 3090 1396 Orientales
3124 1341 3308 1396 testati
3337 1346 3468 1397 sunt
3492 1359 3552 1398 se

1921 1431 2122 1487 vidisse
2138 1432 2440 1486 concilium
2464 1432 2755 1488 Nicaenum
2773 1433 2987 1488 habens
3008 1434 3286 1505 potiorem
3308 1441 3551 1506 quatuor

1922 1524 2360 1596 Evangeliorum
2397 1526 2880 1597 magnitudinem,
2915 1527 3212 1582 continens
3253 1529 3312 1583 in
3339 1545 3400 1583 se
3429 1546 3545 1585 ses-

1921 1618 2106 1675 siones
2145 1618 2560 1691 episcoporum,
2608 1624 2664 1675 et
2704 1620 3168 1690 introductiones,
3217 1622 3549 1694 judiciaque

1921 1713 2426 1785 querimoniarum,
2449 1718 2619 1784 atque
2638 1713 2995 1771 deﬁnitiones
3022 1719 3081 1770 et
3100 1716 3550 1784 constitutiones,

1924 1823 2145 1862 necnon
2176 1810 2233 1862 et
2259 1807 2701 1878 subscriptiones
2730 1824 2947 1862 eorum.
2982 1808 3066 1863 Ad
3096 1809 3258 1880 cujus
3286 1809 3550 1865 similitu-

1927 1901 2120 1956 dinem
2145 1917 2422 1972 magnum
2448 1900 2906 1956 Chalcedonense
2931 1901 3238 1958 concilium
3275 1904 3555 1976 conscrip-

1925 1999 2049 2048 tum
2077 2009 2196 2048 esse
2224 1993 2720 2061 conﬁrmaverunt,
2751 1997 2807 2048 et
2826 1995 3059 2049 demum
3093 1995 3204 2050 alia
3231 1997 3551 2052 Constanti-

1925 2086 2116 2158 nopoli
2174 2086 2428 2155 condita,
2483 2103 2667 2141 unum
2744 2087 3007 2142 videlicet
3059 2088 3162 2142 sub
3234 2089 3554 2145 Justiniano

1926 2181 2283 2252 imperatore,
2335 2184 2532 2235 contra
2580 2179 2680 2234 Dei
2734 2179 3162 2252 impngnatores
3208 2182 3550 2255 Origenem,

1924 2274 2250 2345 Didymum,
2275 2278 2332 2329 et
2345 2273 2670 2344 Evagrium,
2694 2279 2750 2328 et
2767 2274 2924 2329 aliud
2947 2274 3298 2346 temporibus
3313 2277 3559 2347 Agatho-

1925 2367 2014 2423 nis
2043 2385 2208 2439 papae
2236 2371 2294 2422 et
2316 2365 2668 2423 Constantini
2709 2367 3069 2439 imperatoris
3111 2373 3308 2424 contra
3344 2371 3557 2425 Macha-

1926 2461 2079 2517 rium
2112 2461 2462 2533 episcopum,
2496 2464 2554 2516 et
2583 2461 2932 2532 Stephanum
2958 2462 3080 2532 ejus
3108 2462 3469 2534 discipulum,
3491 2481 3556 2522 ac

1927 2557 2177 2628 reliquos
2207 2555 2514 2627 episcopos,
2545 2553 2643 2626 qui
2672 2571 2775 2626 pro
2801 2555 3090 2610 frumento
3130 2555 3339 2611 zizania
3367 2557 3557 2614 Eccle-

1927 2650 2020 2705 siis
2071 2649 2532 2718 seminaverimt,
2580 2649 2776 2703 vinum
2841 2648 3196 2705 miscuerunt
3261 2667 3441 2721 aquae,
3501 2654 3558 2706 et

1927 2744 2187 2816 proximo
2213 2747 2412 2816 potum
2451 2743 2730 2798 dederunt
2754 2743 3040 2798 eversione
3070 2743 3314 2810 turbida,
3344 2747 3402 2798 et
3433 2747 3555 2800 tan-

1927 2853 2098 2910 quam
2111 2837 2230 2908 lupi
2254 2836 2387 2908 agni
2413 2835 2760 2891 simulabant
2785 2835 3165 2906 mendacium,
3189 2841 3245 2892 et
3271 2836 3475 2893 veritas
3494 2841 3558 2892 ut

1927 2930 2288 2987 mendacium
2320 2931 2411 2985 ref
2412 2929 2694 2985 utabatur.

1997 3027 2167 3080 Nosse
2193 3024 2362 3080 etiam
2398 3027 2621 3095 oportet
2657 3023 2803 3092 (licet
2833 3026 2985 3079 certa
3025 3040 3141 3078 non
3171 3024 3556 3095 inﬁrmentur,

219 3123 424 3189 gregata
450 3118 543 3174 vel
575 3117 734 3172 fulta.
776 3118 903 3172 Haec
928 3117 1196 3172 canonica
1232 3120 1473 3173 testatur
1499 3117 1823 3185 auctoritas,
1847 3148 1902 3222 Ο
1926 3123 2172 3192 quatuor
2197 3133 2314 3173 esse
2336 3116 2670 3189 principalia
2697 3117 2937 3172 concilia
2968 3133 3038 3173 ex
3063 3118 3268 3190 quibus
3294 3119 3556 3190 plenissi-

219 3209 318 3266 haec
340 3211 585 3266 historia
611 3210 985 3266 ecclesiastica
1008 3211 1254 3281 roborat,
1285 3211 1409 3266 haec
1437 3211 1616 3266 sancti
1633 3213 1827 3266 Patres

219 3304 554 3360 conﬁrmant.

275 3397 410 3454 Scire
435 3402 643 3453 autem
665 3413 766 3452 vos
793 3397 937 3466 volo,
959 3397 1249 3470 octoginta
1275 3395 1584 3468 episcopos,
1605 3396 1700 3468 qui
1723 3398 1830 3453 hoc

219 3507 338 3561 opus
364 3508 452 3547 me
477 3491 763 3562 incipere,
801 3495 857 3546 et
882 3491 1153 3561 perficere
1188 3491 1472 3562 coegistis,
1511 3494 1569 3545 et
1596 3495 1828 3546 cunctos

219 3583 437 3656 reliquos
485 3583 724 3638 Domini
774 3585 1089 3639 sacerdotes
1139 3588 1398 3654 oportet,
1459 3584 1610 3654 quod
1665 3586 1830 3655 plura

217 3693 363 3746 quam
395 3678 490 3733 illa
529 3676 737 3747 viginti
781 3677 1028 3748 capitula
1065 3693 1191 3748 qua:
1225 3675 1378 3747 apud
1407 3692 1508 3731 nos
1550 3678 1831 3732 habentur

219 3770 427 3826 Nicena
457 3769 670 3842 synodi
695 3769 1027 3841 reperimus,
1061 3775 1118 3825 et
1142 3770 1200 3824 in
1227 3770 1469 3826 decretis
1489 3770 1621 3825 Julii
1665 3787 1829 3842 papas

219 3864 559 3937 septuaginta
579 3863 829 3934 capitula
859 3863 1114 3933 ejusdem
1145 3863 1347 3934 synodi
1373 3879 1493 3918 esse
1521 3863 1725 3919 debere
1744 3864 1826 3918 le-

427 3960 623 4023 Quam
651 3956 947 4028 epistolam
978 3957 1037 4012 in
1075 3973 1178 4012 suo
1221 3957 1423 4012 ordine
1448 3957 1598 4012 inter
1622 3960 1830 4012 cratera

219 4048 418 4106 decreta
448 4050 897 4123 apostolicorum
925 4049 1252 4121 posuimus,
1291 4051 1411 4105 haec
1449 4050 1830 4106 scrutantibus

215 4147 259 4197 et
291 4145 494 4199 cunctis
548 4160 707 4198 nosse
753 4143 1069 4198 volentibus
1112 4143 1453 4198 rimandam.
1486 4144 1631 4198 Nam
1675 4144 1829 4215 quod

214 4235 351 4304 plura
375 4253 564 4309 quam
590 4235 795 4308 viginti
821 4237 1064 4309 capitula
1103 4236 1215 4292 sint
1248 4236 1459 4292 Nicaeni
1496 4237 1736 4307 concilii,
1768 4237 1830 4292 in

216 4329 381 4385 multis
402 4330 704 4386 invenitur
721 4330 875 4385 locis.
910 4330 1140 4401 Legitur
1169 4330 1325 4385 enim
1355 4330 1414 4385 in
1441 4331 1830 4386 Constantino-

215 4423 434 4490 politano
455 4423 704 4480 concilio
726 4423 804 4478 ita
828 4441 841 4478 :
870 4446 896 4474 ‹‹
927 4424 1287 4479 Manifestum
1308 4427 1392 4479 est
1416 4424 1567 4496 quod
1587 4424 1682 4479 illa
1701 4441 1828 4496 quae

1929 3229 2085 3268 mam
2108 3211 2243 3267 ﬁdei
2271 3211 2584 3266 doctrinam
2604 3215 2802 3266 tenent
2830 3211 3110 3281 Ecclesiae,
3133 3215 3250 3267 tam
3271 3212 3340 3268 de
3359 3214 3556 3284 Patris,

1930 3309 1986 3361 et
2013 3305 2155 3374 Filii,
2185 3309 2241 3360 et
2271 3304 2510 3376 Spiritus
2541 3304 2718 3359 sancti
2759 3303 3074 3372 divinitate,
3102 3321 3279 3376 quam
3318 3307 3387 3362 de
3416 3324 3559 3378 prae-

1931 3399 2066 3454 dicti
2111 3398 2232 3454 Filii
2267 3400 2323 3453 et
2369 3397 2666 3452 Salvatoris
2718 3398 2894 3452 nostri
2940 3398 3355 3454 incarnatione.
3401 3400 3559 3455 Prior

1929 3494 2136 3548 harum
2183 3492 2406 3546 Nicacna
2447 3492 2693 3563 synodus
2733 3495 2816 3548 est
2850 3495 3232 3548 trecentorum
3275 3494 3469 3549 decem
3501 3499 3558 3550 et

1930 3591 2054 3642 octo
2085 3587 2483 3657 episcoporum
2507 3585 2612 3640 sub
2635 3585 3007 3641 Constantino
3033 3587 3289 3658 Augusto
3311 3591 3556 3658 peracta,

1928 3680 1988 3735 in
2030 3695 2140 3751 qua
2180 3680 2406 3734 Arianae
2452 3679 2710 3750 perfidiae
2756 3679 3112 3750 blasphemia
3157 3680 3553 3750 condemnata,

1928 3789 2042 3845 qua
2091 3772 2534 3843 inasqualitatem
2591 3775 2802 3827 sanctae
2845 3772 3135 3827 Trinitatis
3191 3774 3343 3836 idem
3391 3776 3557 3830 Arius

1930 3865 2233 3932 asserebat,
2268 3864 2805 3919 consubstantialem
2834 3865 2946 3918 Deo
2970 3865 3120 3918 Patri
3147 3868 3328 3920 Deum
3349 3867 3552 3922 Filium

1929 3960 2130 4015 eadem
2157 3962 2351 4013 sancta
2377 3957 2622 4029 synodus
2657 3973 2759 4029 per
2787 3956 3116 4029 Symbolum
3149 3957 3422 4016 deﬁnivit.
3454 3959 3550 4016 Se—

1928 4053 2114 4108 cunda
2142 4051 2389 4124 synodus
2418 4053 2650 4106 centum
2684 4050 3106 4122 quinquaginta
3148 4052 3400 4120 Patrum,
3445 4053 3550 4108 sub

1927 4145 2239 4202 Theodosio
2267 4145 2488 4201 seniore
2515 4143 3006 4215 Constantinopoli
3031 4151 3394 4215 congregata,
3423 4162 3554 4218 qua:

1927 4240 2334 4306 Macedonium,
2372 4243 2628 4294 sanctum
2660 4237 2937 4310 Spiritum
2971 4237 3275 4293 Dominum
3305 4254 3425 4294 esse
3450 4256 3551 4295 ne-

1929 4338 2178 4405 gantem,
2207 4333 2605 4398 condemnans,
2637 4330 3178 4387 consubstantialem
3209 4332 3359 4387 Patri
3385 4337 3443 4386 et
3472 4333 3554 4388 Fi-

1927 4425 2006 4482 lio
2035 4427 2301 4481 eumdem
2342 4427 2696 4480 Paracletum
2742 4424 3168 4490 demonstravit,
3210 4424 3348 4480 dans
3388 4425 3555 4482 latius

216 4522 324 4571 sunt
335 4534 430 4588 per
447 4533 928 4589 unamquamque
949 4517 1301 4588 provinciam
1325 4516 1504 4588 ipsius
1525 4517 1828 4588 provinciae
1847 4518 1907 4590 D
1929 4519 2179 4592 Symboli
2221 4520 2484 4586 formam,
2526 4535 2702 4590 quam
2723 4521 2838 4572 tota
2862 4517 3079 4572 Graecia
3117 4520 3174 4572 et
3200 4518 3464 4573 Latinitas
3493 4520 3552 4573 in

219 4610 439 4677 synodus
473 4610 790 4682 dispenset,
835 4610 980 4664 sicut
1018 4610 1247 4665 Niceno
1279 4613 1496 4665 constat
1534 4611 1828 4666 decretum

223 4716 318 4757 esse
335 4705 594 4760 concilio.
622 4723 649 4755 ι)
665 4703 894 4774 Legitur
912 4706 970 4759 et
995 4703 1055 4758 in
1073 4703 1313 4775 epistola
1337 4703 1648 4758 Innocentii
1664 4720 1829 4775 papae

222 4793 452 4852 Victricio
486 4796 940 4867 Rothomagensi
981 4797 1247 4869 episc0po
1283 4796 1519 4865 directa,
1549 4797 1630 4852 ita
1660 4813 1672 4851 :
1710 4818 1737 4845 ‹‹
1770 4795 1828 4852 Si

219 4901 326 4957 quae
353 4907 535 4946 causae
571 4891 663 4945 vel
691 4891 1088 4946 contentiones
1114 4890 1264 4946 inter
1292 4890 1518 4945 clericos
1551 4895 1608 4946 et
1634 4889 1826 4958 laicos,

220 4982 292 5035 vel
313 4981 459 5039 inter
499 4984 735 5040 clericos
776 4987 895 5039 tam
926 4983 1156 5055 majoris
1192 4983 1406 5039 ordinis
1443 4999 1617 5054 quam
1655 4983 1829 5039 etiam

220 5072 476 5131 inferioris
551 5077 772 5132 fuerint
833 5081 1082 5145 exortae,
1141 5077 1357 5149 placuit
1404 5080 1466 5132 ut
1520 5076 1829 5132 secundum

219 5169 472 5236 synodum
530 5170 818 5226 Nicmnam
861 5171 1217 5243 congregatis
1267 5169 1528 5226 omnibus
1573 5169 1828 5241 ejusdem

223 5262 504 5328 provincia:
532 5263 811 5336 episcopis
829 5264 1114 5336 judicium
1147 5263 1510 5330 terminatur,
1545 5284 1573 5313 »
1607 5268 1664 5318 et
1692 5263 1826 5319 reli-

222 5368 331 5421 qua.
361 5355 579 5412 Sanctae
606 5357 778 5412 etiam
809 5357 1100 5413 memoria:
1125 5356 1474 5429 Theophilus
1499 5356 1830 5413 Alexandri-

225 5461 313 5500 nus
338 5448 633 5521 episcOpus
675 5450 792 5506 suis
828 5451 888 5506 in
927 5451 1178 5524 epistolis
1206 5450 1469 5507 meminit
1497 5450 1556 5505 in
1593 5449 1827 5505 concilio

226 5536 425 5596 Niceno
451 5545 726 5599 statutum
753 5561 876 5600 esse
902 5547 966 5599 ut
990 5544 1062 5600 ab
1088 5561 1185 5600 vm
1205 5543 1333 5600 Idus
1357 5543 1545 5600 Martii
1574 5559 1752 5614 usque
1772 5543 1830 5597 in

229 5627 358 5687 idem
379 5633 563 5690 Nonas
589 5637 812 5709 Aprilis,
848 5637 1044 5693 diebus
1071 5637 1283 5694 scilicet
1299 5640 1389 5708 28,
1417 5635 1830 5708 qualiscunque

230 5720 342 5778 luna
379 5732 516 5783 nata
541 5727 712 5785 fuerit
751 5731 810 5786 in
839 5731 1091 5802 quolibet
1115 5731 1303 5787 medio
1337 5729 1537 5803 spatio,
1569 5729 1832 5801 perhibet

233 5813 391 5874 facere
405 5820 631 5879 initium
651 5823 817 5897 primi
836 5825 1069 5897 mensis,
1089 5828 1353 5899 quartam
1382 5823 1666 5883 decimam
1693 5839 1828 5880 vero

1929 4613 2188 4668 Ecclesiis
2243 4612 2572 4683 praedicant.
2626 4607 2812 4666 Tertia
2851 4609 3102 4680 synodus
3146 4615 3228 4665 est
3275 4611 3554 4682 Ephesina

1928 4701 2118 4773 prima
2146 4701 2521 4756 ducentorum
2550 4699 2968 4771 episcoporum,
2993 4699 3096 4753 sub
3123 4699 3344 4754 minore
3371 4700 3552 4755 Theo-

1930 4795 2092 4850 dosio
2125 4797 2378 4866 Augusto
2412 4793 2579 4862 edita,
2610 4809 2738 4864 qum
2763 4792 3083 4848 Nestorium
3118 4793 3257 4848 duas
3286 4809 3556 4864 personas

1930 4888 1990 4943 in
2040 4887 2261 4944 Christo
2303 4891 2650 4942 asserentem
2688 4886 2843 4957 justo
2888 4886 3247 4942 anathemate
3280 4886 3554 4942 condem-

1929 4981 2104 5051 navit,
2149 4981 2449 5036 ostendens
2493 4995 2726 5035 manere
2760 4979 2821 5033 in
2865 4979 3084 5035 duabus
3127 4979 3342 5036 naturis
3383 4998 3556 5036 unam

1929 5075 2156 5130 Domini
2199 5073 2375 5129 nostri
2424 5074 2558 5128 Jesu
2603 5072 2807 5128 Christi
2846 5089 3169 5144 personam.
3215 5075 3426 5138 Quarta
3473 5078 3560 5130 est

1928 5168 2179 5240 synodus
2197 5165 2666 5223 Chalcedonensis
2691 5171 3086 5222 sexeentorum
3111 5167 3351 5239 triginta
3368 5185 3552 5224 sacer-

1929 5263 2147 5329 dotum,
2179 5261 2283 5317 sub
2309 5261 2586 5316 Martiano
2625 5259 2882 5332 principe
2913 5260 3126 5328 habita,
3157 5261 3216 5315 in
3244 5278 3360 5334 qua
3379 5263 3550 5332 Euty-

1929 5355 2095 5412 chem
2139 5353 2826 5424 Constantinopolitanum
2865 5352 3129 5409 abbatem
3166 5354 3332 5409 Verbi
3369 5353 3465 5407 Dei
3500 5358 3557 5408 et

1928 5448 2112 5504 carnis
2137 5464 2312 5503 unam
2332 5450 2601 5503 naturam
2619 5445 3113 5518 pronuntiantem,
3136 5450 3192 5502 et
3215 5447 3337 5516 ejus
3358 5445 3556 5500 defen-

1929 5557 2117 5598 sorem
2159 5540 2487 5596 Dioscorum
2530 5540 2821 5613 quondam
2855 5538 3300 5596 Alexandrinum
3330 5537 3551 5609 episco-

1928 5652 2087 5708 pum,
2121 5640 2178 5690 et
2205 5635 2394 5706 ipsum
2421 5650 2649 5690 rursum
2673 5633 2994 5690 Nestorium
3021 5647 3148 5686 cum
3178 5629 3406 5702 reliquis
3433 5631 3553 5686 has-

1930 5728 2117 5784 reticis
2135 5745 2251 5784 una
2260 5730 2493 5784 Patrum
2511 5727 2791 5784 sententia
2805 5723 3229 5798 praedamnavit,
3246 5724 3558 5795 prmdicans

1932 5823 2134 5880 eadem
2175 5822 2423 5895 synodus
2463 5821 2749 5879 Christum
2796 5819 3102 5876 Dominum
3139 5817 3217 5875 sic
3261 5823 3458 5877 natum
3488 5820 3558 5877 de
