4046 6188
478 281 527 331 ll
1360 275 1639 330 ΛΡΡΕΝΙ).
1681 274 1766 327 ΑΙ)
1806 272 1964 326 SA‘JC.
2008 271 2092 324 IX.

2232 269 2479 324 ISIDORI
2520 266 2941 323 MERCA’I‘ORIS
3757 264 3770 312 I
3788 264 3828 312 2

471 384 722 454 Virgine,
774 387 839 438 ut
885 384 942 437 in
979 353 1100 437 ima
1143 382 1454 437 substantia
1507 379 1698 435 divina
1743 383 1800 434 et
1845 378 2097 432 humana
2117 377 2410 462 Avigore.
2443 375 2632 430 Primo
2674 373 2913 445 quidem
2956 372 3114 437 ordo,
3151 374 3215 424 ut
3243 367 3579 440 praedictum
3614 369 3715 462 est,
3748 366 3828 420 de

471 476 871 531 contineantur
896 479 1136 530 naturas.
1160 477 1256 530 Hae
1286 477 1436 542 sunt,
1461 478 1521 528 ut
1539 472 1930 545 praediximus,
1953 487 2094 542 qua-

469 574 608 624 tuor
625 569 966 641 principales
993 571 1051 623 et
1075 567 1426 622 venerabiles
1453 566 1676 636 synodi,
1704 565 1874 620 tidem
1900 564 2093 618 catho—

469 663 634 718 licam
678 664 1132 734 complectentes.
1176 661 1287 716 Sed
1328 660 1518 731 siqua
1561 659 1674 712 sint
1704 657 1939 713 concilia
1967 673 2097 729 quae

471 757 648 811 sancti
681 758 871 811 Patres
894 754 1110 828 Spiritu
1130 753 1231 808 Dei
1252 752 1408 824 pleni
1437 757 1772 821 sanxerunt,
1795 756 1921 823 post
1940 752 2093 822 ipso-

469 866 596 904 rum
659 854 900 920 quatuor
950 848 1344 905 auctoritatem
1375 846 1530 902 omni
1564 851 1802 901 manent
1855 845 2096 899 stabilita

2197 469 2534 525 celebrando
2560 467 2800 523 concilio
2828 467 3074 521 insertus
3098 462 3358 529 habetur,
3386 463 3442 514 et
3462 458 3830 530 postmodum

2197 578 2478 618 canonum
2503 560 2902 632 apostolorum,
2934 575 2997 612 ac
3022 556 3342 628 primorum
3362 551 3826 623 apostolicorum,

2196 657 2254 711 id
2283 660 2366 711 est
2399 673 2432 709 a
2469 659 2659 709 sancto
2686 654 2979 708 Clemente
3005 665 3188 720 usque
3224 647 3298 701 ad
3337 647 3597 700 sanctum
3640 642 3821 697 Silve-

2197 755 2375 805 strum
2409 763 2652 820 sequens
2671 745 2927 802 ordinem
2955 759 3141 799 suum.

728 1151 2175 1324 INGIPIUNT
2360 1049 3659 1320 CANONES'

2037 1397 2102 1451 ID
2150 1395 2270 1452 EST

1278 1536 1859 1648 REGUL/E
1969 1531 3030 1646 ECCLESIASTIC/E

636 1736 688 1798 A
745 1735 984 1798 sanctis
1041 1733 1348 1798 Patribus
1401 1734 1796 1809 constitutae,
1857 1741 1918 1795 et
1970 1733 2053 1794 ab
2105 1731 2355 1795 Ismoao
2415 1731 2483 1792 in
2543 1730 2739 1792 unius
2793 1727 3028 1791 codicis
3091 1743 3322 1809 corpus
3383 1724 3674 1788 collectae.

1115 2035 1162 2105 1
1267 2030 1548 2110 OBDO
1632 2031 1764 2109 DE
1846 2028 2569 2110 CELEBRANDO
2654 2026 3186 2107 CONCILIO.

545 2317 694 2370 Hora
745 2313 857 2369 diei
909 2312 1113 2384 prima,
1169 2315 1301 2366 ante
1364 2311 1494 2366 solis
1537 2315 1747 2380 ortum,
1811 2311 2269 2398 ejicianturBut
2291 2312 2351 2366 in
2371 2311 2667 2366 sinistrum
2689 2327 2794 2366 nos
2810 2327 2926 2366 non
2954 2311 3281 2382 ignorantia
3309 2312 3518 2377 trahat,
3545 2328 3662 2367 non
3677 2314 3847 2368 favor

475 2424 674 2464 omnes
720 2407 791 2462 ab
855 2405 1112 2474 ecclesia,
1176 2405 1557 2477 obseratisque
1619 2404 1832 2460 foribus
1885 2405 2103 2460 cunctis

471 2503 544 2557 ad
557 2518 730 2556 unam
737 2501 760 2572 j
769 2517 842 2556 an
850 2516 979 2555 uam
992 2515 1095 2572 per
1107 2515 1281 2572 quam
1297 2498 1612 2554 sacerdotes
1623 2497 1849 2569 ingredi
1860 2502 2103 2570 oportet,

477 2594 692 2652 ostiarii
732 2593 984 2649 stabunt.
1039 2594 1107 2648 Et
1158 2592 1558 2648 convenientes
1604 2608 1800 2646 omnes
1853 2591 2105 2664 episcopi

476 2689 688 2760 pariter
733 2687 1074 2757 introibunt,
1128 2690 1186 2742 et
1217 2685 1532 2742 secundum
1577 2684 1952 2740 ordinationis
1988 2701 2106 2739 suae

476 2786 704 2853 tempus
756 2780 1105 2836 residebunt.
1153 2781 1284 2834 Post
1339 2779 1661 2850 ingressum
1711 2779 2104 2850 episcoporum

476 2876 734 2930 omnium
788 2877 959 2945 atque
1006 2889 1370 2942 consessum,
1416 2877 1689 2928 vocentur
1728 2872 1932 2928 deinde
1975 2889 2102 2945 pre-

478 2969 710 3041 sbyteri,
753 2983 896 3039 quos
942 2983 1108 3022 causa
1143 2965 1470 3038 probaverit
1510 2966 1767 3034 introire,
1804 2966 2107 3038 nullusque

477 3079 535 3119 se
574 3063 725 3117 inter
766 3078 864 3116 eos
907 3060 1134 3133 ingerat
1172 3059 1560 3115 diaconorum.
1603 3061 1733 3114 Post
1770 3059 1874 3115 hos
1912 3059 2105 3131 ingre-

481 3156 708 3211 diantur
739 3155 998 3210 diacones
1031 3153 1370 3225 probabiles,
1415 3170 1560 3224 quos
1605 3153 1744 3208 ordo
1786 3153 2110 3225 poposcerit

478 3250 772 3304 interesse.
800 3250 870 3303 Et
905 3263 1111 3302 corona
1134 3247 1283 3302 facta
1319 3247 1390 3302 de
1421 3246 1646 3302 sedibus
1688 3247 2106 3318 episcoporum,

477 3341 790 3414 presbyteri
841 3358 874 3395 a
923 3344 1081 3411 tergo
1121 3356 1321 3395 eorum
1365 3340 1678 3408 resideant,
1732 3357 1873 3412 quos
1914 3345 2108 3395 tamen

480 3451 728 3491 sessuros
753 3451 946 3489 secum
975 3434 1444 3505 metropolitanus
1481 3433 1739 3504 elegerit,
1777 3434 1876 3505 qui
1917 3433 2112 3505 utique

483 3533 540 3584 et
587 3546 718 3584 cum
760 3544 827 3583 eo
867 3527 1123 3598 judicare
1170 3527 1414 3598 aliquid,
1461 3532 1517 3581 et
1562 3526 1799 3582 definire
1849 3532 2107 3598 possunt.

2204 2405 2474 2472 inﬂectat,
2500 2421 2620 2460 non
2645 2404 2896 2476 acceptio
2924 2405 3177 2460 muneris
3202 2406 3289 2462 vel
3305 2421 3564 2477 persona
3585 2423 3848 2462 corrum-

2204 2503 2319 2571 pat,
2347 2499 2445 2556 sed
2467 2499 2652 2570 junge
2677 2515 2779 2554 nos
2809 2498 2912 2554 tibi
2944 2498 3242 2556 efﬁcaciter
3276 2500 3452 2555 solius
3489 2504 3605 2556 tuae
3637 2502 3843 2573 gratias

2206 2593 2376 2663 dono,
2408 2597 2474 2647 ut
2496 2592 2672 2647 simus
2701 2591 2762 2646 in
2801 2595 2856 2646 te
2891 2608 3091 2660 unum,
3129 2597 3187 2648 et
3212 2593 3272 2648 in
3306 2594 3461 2648 nullo
3489 2593 3784 2651 deviemus
3809 2614 3845 2651 a

2207 2703 2357 2756 vero,
2385 2686 2628 2758 qualiter
2654 2685 2714 2740 in
2750 2685 2983 2740 nomine
3017 2689 3115 2740 tuo
3145 2686 3382 2756 collecti,
3414 2687 3494 2742 sic
3531 2687 3592 2744 in
3619 2692 3847 2747 cunctis

2206 2783 2504 2835 teneamus
2531 2795 2662 2834 cum
2692 2779 3080 2835 moderamine
3106 2779 3329 2852 pietatis
3350 2781 3656 2853 justitiam,
3687 2789 3756 2840 ut
3785 2792 3846 2841 et

2207 2873 2299 2929 hic
2333 2889 2365 2928 a
2399 2877 2456 2928 te
2476 2873 2537 2927 in
2586 2872 2739 2927 nullo
2781 2873 3078 2928 dissentiat
3125 2875 3404 2930 sententia
3452 2879 3665 2946 nostra,
3695 2882 3751 2933 et
3780 2878 3844 2934 in

2205 2967 2398 3024 futuro
2422 2983 2526 3038 pro
2550 2966 2696 3023 bene
2723 2966 2892 3039 gestis
2922 2983 3338 3039 consequamur
3362 2970 3602 3040 praemia
3625 2972 3842 3045 sempi-

2206 3064 2386 3116 terna.

2281 3157 2342 3208 In
2395 3170 2506 3226 qua
2547 3154 2802 3210 oratione
2845 3157 3008 3211 Pater
3047 3161 3229 3212 noster
3266 3174 3381 3213 non
3424 3159 3677 3231 dicatur,
3735 3179 3849 3219 nec

2211 3247 2533 3310 benedictio,
2573 3247 2671 3302 sed
2701 3247 2823 3318 ipsa
2854 3249 3210 3304 solummodo
3239 3251 3415 3307 oratio
3445 3253 3850 3312 confirmetur.

2212 3340 2394 3394 Finita
2437 3342 2630 3396 autem
2680 3341 2958 3410 oratione,
3015 3347 3073 3398 et
3127 3359 3398 3415 responso
3457 3345 3527 3400 ab
3571 3347 3850 3403 omnibus

2212 3435 2402 3495 Amen,
2454 3450 2651 3488 rursus
2704 3433 2855 3490 dicat
2906 3435 3337 3493 archidiaconus
3391 3455 3404 3493 :
3469 3441 3671 3507 Ertgite
3720 3455 3846 3496 vos.

2213 3526 2522 3582 Confestim
2557 3543 2752 3583 omnes
2780 3533 3017 3600 surgant
3055 3534 3113 3585 et
3150 3547 3280 3585 cum
3316 3531 3474 3587 omni
3510 3533 3712 3588 timore
3740 3534 3851 3590 Dei

482 3621 711 3676 Diaconi
758 3622 818 3675 in
876 3624 1184 3692 conspectu
1232 3619 1628 3691 episcoporum
1677 3624 1853 3688 stent,
1906 3620 2112 3676 deinde
2153 3694 2172 3696 _
2215 3623 2269 3675 et
2295 3620 2588 3692 disciplina
2615 3625 2732 3676 tam
2761 3623 3009 3693 episcopi
3032 3639 3206 3693 quam
3233 3624 3553 3693 presbyteri
3573 3626 3845 3696 sedeant;

483 3714 879 3802 ingrediantur
924 3713 1068 3780 laici,
1118 3713 1216 3784 qui
1267 3712 1537 3768 electione
1583 3713 1802 3767 concilii
1843 3694 2188 3769 interesseC
2216 3714 2404 3785 sicque
2433 3713 2697 3768 omnibus
2729 3715 2791 3768 in
2828 3714 2943 3768 suis
2983 3715 3135 3780 locis,
3172 3714 3232 3768 in
3275 3715 3498 3770 silentio
3541 3694 3852 3775 consederi-

484 3812 836 3864 meruerunt.
885 3806 1284 3878 Ingrediantur
1327 3823 1554 3879 quoque
1597 3806 1824 3874 notarii,
1867 3823 2007 3879 quos
2043 3807 2114 3862 ad

482 3902 840 3958 recitandum
877 3901 962 3958 vel
995 3900 1389 3972 excipiendum
1420 3900 1559 3954 ordo
1591 3899 1848 3971 requirit.
1878 3898 2111 3953 Obsera-

482 3997 666 4069 tisque
711 3995 927 4067 januis,
973 3998 1030 4048 et
1080 3993 1409 4048 sedentibus
1456 3991 1514 4045 in
1565 3991 1834 4045 diuturno
1893 3990 2116 4044 silentio

485 4088 889 4154 sacerdotibus,
939 4088 1111 4155 atque
1159 4101 1258 4138 cor
1295 4087 1483 4138 totum
1520 4082 1862 4138 habentibus
1905 4082 1975 4137 ad
2017 4084 2117 4136 Do-

485 4182 728 4249 minum,
775 4179 1027 4234 dicturus
1054 4180 1139 4232 est
1183 4175 1632 4242 archidiaconus,
1673 4176 1853 4238 Orate,
1903 4176 2117 4230 statim-

489 4290 602 4346 que
628 4273 688 4328 in
723 4275 941 4326 terram
976 4285 1176 4324 omnes
1211 4272 1664 4341 prosternentur,
1714 4272 1828 4323 tam
1871 4269 2118 4341 episcopi

487 4383 662 4439 quam
712 4363 1048 4439 presbyteri,
1101 4367 1158 4418 et
1204 4367 1444 4418 orantes
1480 4362 1715 4433 diutius,
1768 4363 1936 4418 tacite
1987 4379 2118 4418 cum

488 4459 712 4516 ﬂetibus
735 4463 904 4531 atque
931 4456 1254 4529 gemitibus,
1293 4473 1441 4511 unus
1477 4472 1547 4511 ex
1588 4456 1866 4528 episcopis
1889 4457 2120 4512 seniori-

487 4555 593 4610 bus
623 4569 882 4626 surgens,
907 4551 1222 4606 orationem
1248 4551 1432 4622 palam
1457 4549 1661 4605 fundat
1683 4550 1755 4604 ad
1791 4551 2114 4620 Dominum,

488 4647 704 4703 cunctis
737 4647 922 4702 adhuc
952 4645 1012 4701 in
1044 4651 1193 4701 terra
1221 4643 1563 4716 jacentibus,
1603 4643 1795 4699 dicens
1825 4644 1968 4700 hanc
2001 4661 2118 4699 ora-

488 4741 703 4798 tionem
739 4758 751 4795 :

1198 4814 1402 4866 Oratio.

559 4929 863 4998 Adsumus,
892 4927 1123 4982 domine
1162 4931 1349 4981 sancte
1387 4926 1648 4998 Spiritus,
1682 4926 1949 4980 adsumus
1988 4942 2117 4998 pec-

2212 3807 2383 3874 tibus,
2412 3806 2684 3860 diaconus
2725 3806 2852 3859 alba
2895 3806 3146 3875 indutus,
3175 3806 3426 3862 codicem
3456 3825 3743 3867 canonum
3787 3814 3849 3868 in

2214 3898 2404 3952 medio
2444 3897 2758 3968 proferens,
2787 3898 3032 3968 capitula
3056 3899 3125 3954 de
3160 3899 3412 3954 conciliis
3441 3904 3680 3974 agendis
3706 3922 3850 3977 pro-

2216 3989 2464 4058 nuntiet,
2511 3991 2571 4044 id
2614 3994 2725 4060 est,
2771 3990 2839 4045 de
2885 3992 3119 4046 concilio
3167 3993 3435 4050 Toletano
3481 3997 3672 4067 tertio,
3731 4016 3852 4055 tera

2219 4099 2372 4138 xvm.
2414 4084 2574 4152 Item,
2617 4099 2686 4138 ex
2733 4084 2971 4139 concilio
3006 4085 3276 4143 Toletano
3324 4093 3554 4160 quarto,
3605 4108 3719 4146 aera
3761 4110 3850 4149 ιιι.

2218 4178 2379 4246 Item,
2416 4193 2487 4231 ex
2515 4175 2774 4248 capitulis
2800 4177 3172 4235 Orientalium
3203 4182 3472 4252 partium,
3498 4200 3625 4254 quas
3655 4185 3849 4240 Marti-

2217 4287 2325 4325 nus
2371 4269 2668 4341 episcopus
2719 4271 2789 4326 de
2850 4272 3039 4326 Graeco
3084 4274 3143 4327 in
3187 4275 3456 4330 Latinum
3495 4277 3680 4345 vertit,
3732 4295 3851 4333 aera

2217 4379 2369 4430 xvui,
2402 4363 2471 4418 de
2510 4363 2732 4435 Synodo
2777 4364 3053 4420 facienda.
3096 4369 3258 4437 Item,
3307 4385 3370 4422 ex
3406 4369 3640 4424 concilio
3669 4371 3848 4426 Chal-

2220 4457 2542 4526 cedonensi,
2569 4474 2683 4512 aera
2715 4474 2867 4514 XVIII.
2917 4461 3076 4526 Item,
3122 4477 3193 4515 cx
3232 4461 3471 4517 concilio
3515 4464 3848 4534 Agathensi,

2219 4567 2333 4606 tera
2375 4567 2507 4620 xxv,
2551 4551 2639 4605 vel
2678 4567 2823 4622 xxvr,
2871 4554 2960 4606 vel
3005 4553 3156 4608 aliud
3196 4555 3266 4610 de
3313 4555 3643 4623 canonibus,
3694 4559 3852 4628 quod

2220 4644 2653 4716 metropolitano
2673 4645 2860 4716 aptius
2872 4646 3054 4700 visum
3071 4647 3260 4716 fuerit,
3284 4653 3349 4702 ut
3366 4648 3606 4720 legatur.
3628 4649 3853 4705 Finitis-

2222 4754 2332 4810 que
2391 4738 2588 4807 titulis,
2639 4739 3110 4811 metropolitanus
3163 4740 3488 4812 episcopus,
3546 4744 3850 4800 concilium

2219 4831 2541 4903 alloquatur
2579 4833 2996 4902 exhortatione,
3028 4834 3108 4889 ita
3138 4833 3332 4888 dicens
3368 4851 3381 4889 ε
3411 4837 3573 4906 Ecce,
3619 4839 3853 4894 sanctis-

2221 4926 2345 4982 simi
2387 4925 2721 4995 sacerdotes,
2752 4926 3058 4997 praamissis
3103 4928 3219 4982 Deo
3260 4928 3544 4999 precibus,
3592 4931 3852 4987 fraterni-

489 5023 597 5077 cati
622 5021 857 5093 quidem
883 5020 1241 5075 immanitate
1273 5019 1509 5089 detenti,
1544 5019 1643 5074 sed
1667 5019 1729 5073 in
1764 5020 1997 5075 nomine
2025 5024 2199 5132 tuoD
2221 5024 2394 5075 tatem
2435 5023 2676 5074 vestram
2716 5036 2845 5074 cum
2881 5019 2975 5090 pia
3015 5021 3411 5078 exhortatione
3457 5025 3748 5091 convenio,
3795 5030 3852 5081 et

488 5114 804 5188 specialiter
829 5113 1128 5186 aggregati
1142 5131 1159 5182 ;
1183 5113 1314 5168 veni
1340 5113 1412 5168 ad
1439 5129 1560 5177 nos.
1586 5115 1642 5169 et
1662 5116 1780 5168 esto
1802 5113 2118 5182 nobiscum,

491 5209 729 5281 dignare
754 5207 908 5262 illabi
947 5207 1208 5262 cordibus
1250 5206 1476 5276 nostris,
1506 5206 1644 5262 doce
1669 5223 1772 5262 nos
1811 5207 1949 5278 quid
1993 5224 2123 5279 aga-

488 5319 637 5372 mus,
669 5318 782 5373 quo
806 5299 1154 5373 gradiamur,
1179 5304 1236 5356 et
1254 5300 1486 5356 ostende
1511 5300 1648 5371 quid
1670 5301 1897 5356 efficere
1924 5299 2120 5355 debea-

490 5413 635 5462 mus,
663 5399 748 5462 ut,
765 5399 821 5449 te
842 5393 1169 5463 auxiliante,
1190 5385 1292 5448 tibi
1319 5393 1378 5448 in
1410 5393 1678 5448 omnibus
1701 5394 1923 5464 placere
1944 5394 2123 5448 valea-

488 5505 638 5544 mus.
667 5490 796 5544 Esto
818 5487 987 5555 salus,
1008 5492 1067 5542 et
1092 5491 1408 5558 suggestor,
1442 5492 1500 5542 et
1528 5487 1756 5541 effector
1772 5486 2122 5558 judiciorum

492 5584 838 5647 nostrorum,
870 5581 969 5653 qui
1008 5581 1160 5636 solus
1198 5597 1330 5636 cum
1374 5581 1489 5636 Deo
1528 5582 1708 5650 Patre,
1738 5583 1795 5635 et
1833 5581 1956 5652 ejus
1981 5580 2121 5635 Filio

493 5689 700 5727 nomen
721 5674 969 5745 possides
991 5673 1321 5745 gloriosum.
1357 5674 1476 5727 Non
1513 5690 1617 5727 nos
1645 5672 1876 5743 patiaris
1901 5678 2121 5744 pertur-

486 5764 713 5820 batorcs
735 5783 852 5820 esse
864 5765 1119 5836 justitiae,
1140 5765 1240 5838 qui
1257 5781 1541 5820 summam
1558 5764 1746 5837 diligis
1766 5765 2117 5838 aequitatem,

2222 5130 2326 5185 per
2351 5113 2607 5168 divinum
2644 5129 2853 5168 nomen
2879 5113 3130 5170 obtestor
3153 5121 3219 5170 ut
3258 5133 3345 5185 ea,
3373 5133 3501 5188 quae
3527 5133 3561 5170 a
3589 5117 3753 5172 nobis
3779 5119 3850 5174 de

2220 5207 2358 5274 Deo,
2413 5212 2470 5261 et
2510 5207 2580 5260 de
2633 5206 2801 5261 sacris
2853 5207 3168 5278 ordinibus,
3218 5211 3303 5264 vel
3356 5209 3558 5264 sanctis
3594 5211 3850 5266 moribus

2221 5300 2375 5355 vobis
2393 5299 2606 5355 fuerint
2633 5300 2801 5370 dicta,
2837 5317 2968 5356 cum
2998 5302 3155 5357 omni
3195 5302 3402 5373 pietate
3441 5303 3756 5375 suscipiatis
3793 5309 3850 5358 et

2220 5410 2350 5450 cum
2391 5409 2614 5449 summa
2660 5395 2973 5450 reverentia
3021 5395 3292 5466 perﬁcere
3326 5396 3650 5452 intendatis.
3689 5398 3844 5462 Quod

2219 5487 2266 5542 si
2294 5487 2531 5543 forsitan
2556 5487 2760 5558 aliquis
2787 5494 3034 5544 vestrum
3063 5489 3227 5543 aliter
3260 5505 3431 5560 quam
3467 5490 3614 5545 dicta
3638 5490 3848 5546 fuerint

2219 5581 2480 5650 senserit,
2535 5581 2656 5637 sine
2699 5582 2889 5655 aliquo
2936 5582 3198 5654 scrupulo
3243 5582 3619 5638 contentionis
3653 5583 3716 5638 in
3752 5599 3848 5639 no-

2218 5679 2465 5729 strorum
2503 5676 2761 5731 omnium
2813 5677 3188 5748 copulatione,
3235 5695 3300 5733 ea
3347 5678 3487 5750 ipsa,
3533 5679 3603 5733 de
3641 5677 3846 5750 quibus

2220 5768 2577 5841 dubitaverit,
2600 5770 2937 5828 conferenda
2962 5771 3212 5840 reducat,
3244 5771 3510 5844 qualiter,
3540 5773 3653 5828 Deo
3679 5771 3838 5827 auxi-
