4046 6188
207 311 261 360 l3
1444 301 1912 356 Dl‘ltjltli'l'ALllfM
1953 302 2341 356 CUIJJ'XZ'I‘IO.
3497 306 3508 356 l
3529 307 3556 359 4

203 415 396 480 liante,
429 414 525 464 aut
562 409 751 466 doceri
796 409 995 480 possit,
1025 411 1125 462 aut
1163 407 1377 463 doceat.
1412 408 1625 464 Deinde
1657 408 1826 463 simili
1849 421 1906 494 Α
1929 409 2143 464 fuerint
2158 412 2361 464 cuncta
2378 410 2771 478 determinata,
2791 411 2870 466 ita
2890 413 2950 464 ut
2971 426 3327 482 quaecunque
3345 410 3556 466 delibe-

202 523 288 560 vos
336 504 712 559 obtestatione
761 501 1059 571 convenio,
1107 506 1163 557 et
1219 501 1472 571 obsecro,
1529 506 1591 556 ut
1637 503 1826 558 nullus

203 604 446 654 vestrum
486 597 543 652 in
573 596 907 668 judicando,
952 599 1051 650 aut
1095 611 1397 666 personam
1435 595 1692 667 accipiat,
1729 598 1828 650 aut

201 692 447 766 quolibet
481 693 691 759 favore,
724 694 821 745 aut
856 706 1094 744 munere
1123 689 1400 759 pulsatus,
1432 707 1463 743 a
1487 690 1640 760 justo
1664 689 1823 761 judi-

201 789 280 842 cio
318 787 561 841 scienter
595 788 906 852 avertatur,
940 786 1039 838 aut
1079 783 1360 851 discedat;
1391 783 1488 837 sed
1537 800 1668 836 cum
1708 788 1828 838 tota

201 881 420 952 pietate,
449 878 727 949 quidquid
759 876 926 931 coetui
957 880 1151 930 nostro
1181 893 1240 930 se
1261 875 1641 946 judicandum
1671 876 1823 930 intu-

202 973 318 1029 lerit
344 975 673 1040 retractate,
705 976 767 1025 ut
792 987 898 1025 nec
927 970 1256 1025 discordans
1286 969 1576 1023 contentio
1601 970 1673 1024 ad
1701 970 1827 1024 sub-

203 1067 506 1121 versionem
543 1065 778 1136 justitiaa
828 1065 979 1118 inter
1017 1080 1122 1118 nos
1174 1064 1360 1117 locum
1411 1062 1680 1131 inveniat,
1721 1080 1827 1118 nec

201 1163 327 1214 item
363 1162 424 1214 in
465 1157 849 1230 perquirenda
885 1157 1153 1229 aequitate
1192 1156 1353 1226 vigor
1392 1157 1570 1210 nostri
1612 1157 1830 1212 ordinis

203 1255 276 1308 vel
301 1252 622 1307 sollicitudo
649 1254 922 1322 tepescat.

263 1349 391 1401 Post
413 1347 565 1401 hanc
598 1345 1055 1400 exhortationem
1099 1343 1421 1399 introibunt
1449 1359 1667 1412 omnes,
1699 1343 1827 1414 qui-

201 1457 415 1512 cunque
455 1439 671 1494 fuerint
720 1437 1058 1510 presbyteri,
1111 1437 1395 1507 diacones,
1444 1439 1529 1494 vel
1579 1436 1828 1508 religiosi

202 1533 438 1589 universi
461 1533 535 1587 ad
566 1532 919 1587 audiendum
947 1531 1287 1586 doctrinam.
1313 1531 1520 1602 Sicque
1545 1529 1827 1585 archidia-

200 1645 365 1683 conus
392 1630 642 1682 lecturus
676 1629 760 1680 est
799 1642 1076 1680 canonem
1106 1625 1356 1679 Toletani
1395 1624 1617 1679 concilii
1649 1625 1824 1679 unde-

201 1723 342 1787 cimi,
362 1738 479 1776 mra
499 1721 708 1792 prima,
732 1735 802 1774 ne
825 1720 1075 1774 tumultu
1095 1718 1398 1773 concilium
1419 1718 1688 1789 agitetur.
1707 1722 1826 1787 Quo

1926 504 2146 558 ratione
2174 504 2466 559 communi
2484 505 2761 560 finiuntur
2781 505 3177 576 episcoporum
3199 505 3557 576 singulorum

1927 598 2194 652 manibus
2222 597 2671 666 subscribantur,
2701 599 2781 653 ita
2812 603 3012 653 tamen
3047 600 3114 652 ut
3142 607 3272 653 ante
3299 598 3442 654 duos
3467 599 3552 653 vel

1929 694 2042 746 tres
2067 691 2186 746 dies
2215 708 2386 764 quam
2414 693 2636 747 solvant
2660 692 2956 746 concilium
2979 709 3181 746 omnes
3207 691 3557 747 constitutio-

1927 801 2029 839 nes
2057 802 2090 840 a
2111 802 2168 840 se
2190 785 2370 840 editas
2392 785 2651 854 diligenti
2671 785 3116 840 consideratione
3137 789 3458 852 retractent,
3481 802 3554 840 ne

1928 878 1987 932 in
2027 879 2218 950 aliquo
2247 879 2632 934 offendissent.
2677 881 2836 946 Item,
2869 878 2927 932 in
2968 877 3056 934 die
3094 895 3206 950 quo
3250 878 3555 933 concilium

1927 973 2332 1028 absolvendum
2359 977 2463 1041 est,
2492 989 2733 1028 canones
2759 973 2854 1045 qui
2884 973 2944 1027 in
2971 978 3164 1027 sancta
3187 973 3403 1043 synodo
3425 976 3559 1041 con;

1929 1066 2108 1121 stituti
2155 1071 2306 1133 sunt,
2335 1083 2530 1122 coram
2574 1067 2809 1122 ecclesia
2844 1067 2902 1121 in
2943 1065 3172 1138 publico
3206 1067 3552 1137 relegantur.

1927 1160 2142 1224 Quibus
2185 1160 2481 1232 explicitis,
2524 1161 2938 1232 respondeatur
2981 1161 3036 1214 in
3084 1160 3260 1214 choro
3304 1176 3316 1215 :
3359 1160 3554 1214 Amen.

1929 1254 2141 1309 Deinde
2174 1255 2247 1308 ad
2279 1255 2469 1308 locum
2506 1254 2828 1323 redeuntes,
2857 1254 2954 1309 ubi
2983 1255 3042 1308 in
3071 1253 3304 1308 concilio
3330 1253 3555 1308 resede-

1930 1353 2083 1417 runt,
2107 1365 2356 1403 canones
2384 1349 2532 1420 ipsos
2559 1347 2932 1403 subscribant.
2955 1347 3315 1403 Admonendi
3337 1363 3560 1418 quoque

1931 1460 1964 1497 a
1991 1443 2436 1514 metropolitano
2467 1446 2599 1495 sunt
2629 1442 2698 1496 de
2729 1442 2941 1496 Pascha
2962 1445 3222 1510 venturo,
3246 1457 3357 1512 quo
3374 1440 3563 1495 veniat

1930 1537 2042 1591 die.
2071 1535 2434 1591 Admonendi
2461 1535 2634 1590 etiam
2674 1541 2807 1590 sunt
2842 1552 2956 1606 quo
2990 1539 3250 1606 tempore
3291 1551 3559 1606 superve-

1929 1629 2110 1685 nienti
2147 1647 2300 1684 anno
2339 1629 2412 1683 ad
2451 1629 2779 1684 faciendum
2828 1629 3129 1683 concilium
3170 1629 3418 1684 veniant.
3449 1628 3558 1683 Eli-

1932 1723 2106 1795 gendi
2137 1723 2309 1778 ctiam
2346 1727 2479 1778 sunt
2519 1723 2587 1778 de
2614 1722 2911 1794 episcOpis,
2946 1722 3042 1794 qui
3070 1738 3200 1776 cum
3228 1721 3559 1793 metropoli-

201 1832 410 1870 canone
455 1816 728 1886 perlecto,
776 1812 1078 1868 concilium
1128 1812 1477 1883 Ephesinum
1520 1829 1583 1867 ex
1630 1792 1905 1867 ordineB
1933 1821 2067 1871 tano
2106 1816 2225 1872 dies
2268 1817 2439 1871 festos
2478 1816 2690 1870 Natalis
2721 1815 2945 1870 Domini
2987 1820 3043 1870 et
3066 1820 3323 1870 sanctum
3353 1817 3562 1870 Pascha

205 1912 540 1982 perlegatur.
571 1907 787 1962 Deinde
822 1906 1042 1962 collatio
1075 1906 1287 1977 pariter
1325 1908 1381 1960 et
1421 1905 1719 1960 instructio
1757 1906 1826 1961 de

202 2001 464 2073 mysterio
506 2004 717 2056 sanctae
761 1999 1050 2054 Trinitatis
1089 2000 1388 2068 habeatur,
1435 1999 1721 2070 simulque
1772 2002 1830 2052 et

201 2098 269 2152 de
297 2096 613 2150 ofﬁciorum
639 2093 956 2162 ordinibus,
977 2093 1024 2147 si
1053 2093 1112 2148 in
1144 2093 1404 2148 omnium
1426 2093 1654 2148 sedibus
1674 2092 1824 2164 ejus-

201 2190 330 2245 dem
375 2189 704 2243 celebritatis
749 2187 936 2242 unitas
985 2190 1268 2242 teneatur.
1318 2189 1424 2242 Pro
1469 2186 1558 2242 his
1597 2203 1828 2258 quoque

201 2286 363 2355 prout
403 2282 650 2354 spatium
699 2280 815 2336 diei
853 2280 1196 2352 permiserit,
1249 2284 1306 2336 et
1353 2280 1611 2352 epistola:
1663 2297 1827 2351 papze

201 2377 388 2431 Leonis
468 2375 540 2430 ad
617 2374 945 2429 Flavianum
1011 2373 1344 2446 episcopum
1407 2375 1476 2429 de
1540 2373 1829 2428 erroribus

203 2469 541 2540 Eutychetis,
586 2472 643 2522 et
686 2468 960 2540 mysterio
1005 2467 1311 2534 Trinitatis,
1358 2467 1619 2538 legendm
1673 2472 1825 2522 sunt.

202 2566 446 2618 Canones
479 2579 708 2634 quoque
740 2562 810 2616 de
840 2561 1058 2616 unitate
1085 2561 1421 2628 officiorum,
1453 2577 1554 2616 nec
1574 2561 1645 2616 ad
1673 2560 1829 2615 aliud

203 2658 400 2729 aliquid
442 2661 619 2712 antea
668 2659 1009 2724 transeatur,
1053 2672 1228 2726 quam
1269 2655 1378 2710 ista
1419 2655 1612 2709 omnia
1651 2654 1826 2726 expli-

203 2757 403 2819 centur,
450 2752 534 2806 ita
570 2756 766 2805 tamen
809 2753 870 2804 ut
907 2749 967 2803 in
1003 2752 1151 2804 totos
1187 2751 1301 2804 tres
1344 2748 1464 2804 dies
1499 2747 1831 2803 litaniarum

205 2847 328 2901 nihil
355 2845 519 2901 aliud
547 2846 754 2915 agatur
783 2859 890 2897 nec
919 2845 1216 2911 tractetur,
1238 2842 1346 2896 nisi
1370 2843 1484 2896 sola
1514 2841 1738 2896 collatio
1761 2841 1832 2896 de

203 2939 460 3011 mysterio
512 2939 724 2992 sanctae
779 2934 1097 3002 Trinitatis,
1156 2937 1214 2989 et
1265 2935 1334 2990 de
1394 2934 1688 2990 ordinibus
1738 2934 1832 2989 vel

203 3033 373 3099 sacris,
405 3032 504 3085 vel
537 3030 853 3086 officiorum
886 3027 1179 3095 institutis,
1206 3028 1284 3083 ita
1311 3033 1376 3083 ut
1401 3029 1523 3082 haec
1549 3031 1670 3083 tota
1697 3044 1829 3100 par-

207 3129 398 3181 tiantur
423 3142 540 3197 per
572 3127 717 3179 totos
747 3123 871 3177 illos
901 3127 1018 3176 tres
1047 3122 1188 3189 dies,
1219 3127 1284 3176 ut
1318 3121 1460 3176 nihil
1491 3121 1644 3176 aliud
1672 3121 1832 3193 (sicut

205 3220 396 3274 dictum
412 3219 548 3288 est),
567 3217 673 3271 nisi
687 3217 808 3271 sola
822 3214 1060 3287 quaestio
1074 3215 1143 3270 de
1156 3214 1246 3270 his
1259 3231 1386 3286 quae
1397 3214 1667 3286 praedicta
1677 3220 1827 3282 sunt,

209 3314 476 3380 habeatur,
510 3312 600 3367 ita
630 3315 691 3365 ut
714 3309 884 3365 lectio
912 3326 1142 3380 semper
1171 3324 1498 3379 congruens
1530 3307 1737 3378 ordini,
1775 3313 1832 3362 et

208 3424 365 3461 causae
401 3422 544 3478 quae
587 3403 898 3476 quaerenda
945 3407 1047 3470 est,
1081 3402 1394 3457 antecedat.
1430 3403 1556 3457 Post
1595 3402 1737 3471 hmo,
1769 3401 1829 3455 in

206 3506 382 3570 quarto
397 3499 490 3555 die
511 3497 752 3569 reliquae
770 3513 871 3568 per
889 3496 1156 3551 ordinem
1173 3494 1542 3550 admittenda:
1562 3497 1714 3562 sunt,
1730 3495 1830 3549 sic-

207 3611 300 3664 que
330 3609 538 3648 omnes
572 3591 670 3662 qui
699 3591 768 3644 de
795 3589 1076 3660 religiosis
1106 3589 1166 3643 in
1187 3588 1482 3643 retroactis
1504 3587 1703 3642 diebus
1722 3605 1828 3658 pro

209 3686 462 3755 spirituali
489 3682 867 3738 instructione
894 3681 1276 3736 interfuerant
1313 3680 1370 3734 in
1402 3680 1664 3747 concilio,
1689 3680 1829 3734 foris

206 3779 585 3848 egrediantur,
626 3774 1007 3830 residentibus
1047 3774 1332 3845 aliquibus
1377 3772 1722 3845 presbyteris
1769 3772 1827 3827 in

207 3874 439 3939 concilio,
472 3887 626 3942 quos
669 3868 1140 3940 metropolitanus
1177 3867 1502 3938 probaverit
1533 3867 1826 3921 honoran-

207 3966 310 4020 dos.
340 3967 441 4020 Per
480 3964 742 4035 singulos
783 3966 977 4016 tamen
1015 3961 1144 4015 illos
1170 3966 1286 4015 tres
1316 3960 1433 4014 dies
1461 3959 1826 4030 rogationum

206 4059 541 4126 litaniarum,
572 4055 823 4128 episcopi
847 4056 936 4110 vel
965 4053 1281 4126 presbyteri
1306 4069 1438 4108 cum
1464 4053 1828 4108 admonitore

208 4152 435 4221 primum
465 4149 828 4206 orationibus
857 4165 915 4204 se
942 4151 1324 4220 prosternant.
1355 4145 1561 4217 Sicque
1591 4145 1829 4202 collecta

208 4262 233 4297 a
258 4244 706 4318 metr0politano
747 4244 1001 4298 oratione
1043 4243 1395 4311 consurgant
1439 4243 1496 4294 et
1525 4240 1594 4295 de
1625 4239 1828 4294 divinis

209 4343 410 4394 tantum
439 4341 535 4408 (ut
571 4337 790 4393 dictum
828 4336 930 4405 est)
958 4335 1126 4390 rebus
1163 4333 1522 4389 collationem
1560 4333 1824 4399 habeant,

211 4433 257 4484 in
290 4433 531 4506 reliquis
565 4435 760 4486 autem
795 4429 1010 4495 diebus,
1048 4427 1265 4481 cunctis
1299 4425 1614 4480 astantibus
1643 4425 1826 4480 oratio

1931 1910 2176 1965 debeant
2199 1910 2509 1965 celebrare.
2541 1912 2672 1964 Post
2698 1910 2840 1978 haec,
2869 1909 3094 1964 dicente
3123 1908 3520 1964 archidiacono
3546 1927 3558 1963 :

1929 2005 2110 2066 Orate,
2140 2020 2338 2058 omnes
2364 2003 2534 2057 simul
2576 2003 2634 2057 in
2668 2007 2816 2057 terra
2846 2002 3059 2073 pariter
3088 2019 3147 2056 se
3177 2007 3560 2073 prosternant,

1928 2097 2028 2152 ubi
2082 2097 2396 2151 diutissime
2448 2099 2699 2164 orantes,
2743 2096 2890 2150 hanc
2938 2111 3086 2151 unus
3130 2111 3197 2151 ex
3249 2095 3562 2166 majoribus

1931 2191 2250 2246 orationem
2278 2190 2453 2246 dicat:

2642 2263 2845 2317 Oratio.

2004 2379 2164 2434 Nulla
2206 2382 2308 2445 est,
2364 2378 2625 2444 Domine,
2668 2378 2932 2433 humanae
2978 2379 3344 2434 conscientiae
3390 2379 3565 2436 virtus

1932 2492 2060 2546 quae
2083 2472 2360 2528 inoffense
2383 2472 2561 2544 possit
2581 2475 2694 2526 tuae
2712 2472 3021 2526 voluntatis
3032 2472 3252 2544 judicia
3269 2475 3562 2546 expedire,

1933 2578 1989 2628 et
2007 2573 2133 2627 ideo
2155 2570 2288 2643 quia
2308 2570 2710 2642 imperfectum
2730 2573 2986 2626 nostrum
3004 2571 3271 2626 viderunt
3291 2573 3437 2627 oculi
3463 2573 3563 2641 tui,

1931 2664 2272 2738 perfectioni
2297 2664 2525 2736 deputa,
2560 2680 2910 2736 quaesumus,
2942 2681 3069 2736 qua:
3101 2665 3352 2736 perfecto
3381 2667 3562 2736 tequi-

1933 2760 2062 2815 tatis
2081 2759 2196 2813 ﬁne
2225 2757 2568 2813 concludere
2600 2763 2988 2829 peroptamus.
3013 2759 3086 2811 Te
3109 2757 3168 2813 in
3188 2759 3394 2814 nostris
3413 2759 3566 2831 prin-

1933 2853 2094 2926 cipiis
2121 2868 2479 2908 occursorem
2497 2851 2876 2923 poposcimus,
2900 2855 2956 2905 te
2985 2869 3212 2925 quoque
3235 2852 3293 2907 in
3318 2854 3426 2908 hoc
3449 2854 3562 2908 fine

1927 2947 2273 3018 judiciorum
2305 2949 2632 3000 nostrorum
2665 2945 2985 3000 excessibus
3013 2947 3206 3002 adesse
3238 2965 3561 3018 precamur,

1935 3041 2163 3108 scilicet,
2183 3043 2247 3094 ut
2278 3039 2615 3110 ignorantiae
2636 3056 2850 3111 parcas,
2869 3042 2931 3093 ut
2951 3040 3132 3094 errori
3158 3040 3474 3112 indulgeas,
3506 3045 3566 3096 ut

1933 3134 2197 3207 perfectis
2216 3133 2358 3188 votis
2386 3133 2699 3204 perfectam
2730 3132 2916 3203 operis
2943 3133 3250 3188 efficaciam
3282 3134 3560 3205 largiaris.

1934 3231 1999 3283 Et
2024 3228 2156 3298 quia
2183 3226 2528 3282 conscientia
2571 3225 2938 3280 remordente
2974 3226 3336 3294 tabescimus,
3369 3245 3440 3284 ne
3465 3233 3566 3283 aut

1932 3321 2260 3393 ignorantia
2287 3337 2392 3374 nos
2417 3319 2651 3374 traxerit
2671 3319 2728 3373 in
2758 3336 3034 3387 errorem,
3059 3326 3157 3375 aut
3182 3339 3436 3394 praeceps
3454 3324 3566 3377 for-

1933 3415 2081 3470 sitan
2107 3416 2370 3469 voluntas
2400 3413 2995 3484 impuleritjustitiam
3023 3413 3332 3483 declinare,
3365 3417 3436 3470 ob
3455 3417 3563 3471 hoc

1933 3514 1988 3564 te
2026 3509 2338 3580 poscimus,
2377 3512 2431 3562 te
2473 3524 2761 3578 rogamus,
2805 3512 2865 3561 ut
2899 3507 2944 3561 si
2982 3507 3117 3579 quid
3150 3508 3475 3563 offensionis
3502 3509 3560 3563 in

1934 3605 2039 3657 hac
2071 3601 2293 3657 concilii
2325 3601 2605 3656 celebrate
2634 3601 2988 3668 attraximus,
3018 3601 3341 3657 condonare
3369 3620 3435 3658 ac
3466 3620 3558 3657 re-

1932 3695 2202 3750 missibile
2251 3696 2433 3749 facere
2483 3693 2757 3764 digneris,
2804 3697 2864 3748 ut
2908 3695 2968 3750 in
3018 3712 3083 3750 eo
3131 3697 3283 3766 quod
3323 3697 3561 3752 soluturi

1931 3805 2126 3844 sumus
2168 3789 2551 3858 aggregatum
2602 3786 2922 3854 concilium,
2970 3805 3003 3842 a
3047 3789 3262 3842 cunctis
3310 3789 3560 3860 primum

1931 3881 2290 3937 absolvamur
2322 3883 2642 3933 nostrorum
2668 3877 2904 3933 nexibus
2932 3880 3287 3947 delictorum,
3316 3873 3559 3952 qualiter

1931 3979 1988 4030 et
2036 3978 2482 4045 transgressores
2526 3971 2710 4037 venia,
2751 3975 2808 4026 et
2845 3973 3180 4027 confitentes
3218 3972 3323 4026 tibi
3362 3973 3555 4029 subse-

1931 4073 2136 4140 quatur
2164 4065 2544 4123 remuneratio
2574 4064 2940 4136 sempiterna.

2001 4162 2138 4216 Huic
2182 4159 2428 4215 orationi
2475 4160 2656 4214 oratio
2694 4161 2858 4214 Pater
2892 4162 3069 4213 noster
3100 4157 3466 4229 adjungatur,
3501 4164 3558 4213 et

1930 4255 2146 4311 cunctis
2165 4253 2352 4309 adhuc
2367 4253 2710 4324 jacentibus,
2734 4253 2852 4307 haec
2878 4251 3201 4307 benedictio
3221 4253 3553 4325 explicetur.

2582 4391 2901 4446 Benedictio.

205 4527 513 4597 colligenda
542 4527 646 4590 est,
672 4528 729 4577 et
756 4521 832 4576 sic
859 4520 1221 4576 considentes
1251 4535 1550 4574 causarum
1573 4519 1824 4590 negotia,
1846 4523 1906 4595 Ι)
2001 4515 2254 4572 Christus
2282 4513 2384 4568 Dei
2419 4513 2605 4580 Filius,
2636 4511 2734 4584 qui
2766 4514 2852 4566 est
2877 4510 3103 4565 initium
3135 4516 3190 4566 et
3216 4510 3364 4580 finis,
3395 4529 3552 4568 com-

202 4616 328 4684 juste
358 4624 415 4675 et
437 4617 715 4688 religiose
743 4613 1034 4686 colligant.
1063 4614 1260 4668 Nullus
1302 4616 1495 4666 tamen
1529 4612 1822 4678 tumultus,

207 4717 288 4766 aut
321 4712 467 4768 inter
519 4711 888 4774 conﬁdentes,
917 4711 1016 4762 aut
1054 4707 1207 4761 inter
1246 4709 1498 4761 astantes
1523 4705 1822 4760 habeatur.

207 4804 397 4859 Eodem
446 4811 649 4860 tamen
695 4801 890 4868 modo,
921 4801 1238 4872 eodemque
1282 4799 1484 4854 ordine
1527 4799 1598 4854 ad
1639 4798 1822 4852 conci-

205 4894 327 4950 lium
375 4913 580 4952 omnes
629 4913 734 4966 per
787 4894 1040 4964 singulos
1087 4893 1208 4948 dies
1253 4892 1668 4964 ingrediantur,
1712 4908 1825 4964 quo

207 4990 443 5058 superius
459 4991 588 5061 jam
611 4989 964 5058 praemissum
985 4989 1087 5042 est.
1111 4987 1256 5040 Nam
1282 4986 1390 5041 etsi
1408 4985 1726 5056 presbyteri
1745 5001 1828 5037 re-

209 5080 329 5151 liqui
354 5087 454 5137 aut
473 5081 722 5146 diaconi,
745 5079 934 5135 clerici
955 5079 1069 5132 sive
1092 5078 1221 5133 laici
1243 5079 1313 5133 de
1336 5078 1426 5132 his
1442 5078 1541 5149 qui
1560 5078 1699 5132 foris
1721 5083 1829 5132 ste-

209 5177 401 5242 terunt,
433 5174 736 5229 concilium
766 5190 870 5244 pro
902 5171 1154 5244 qualibet
1174 5188 1234 5226 re
1256 5170 1602 5226 crediderint
1627 5171 1824 5243 appel-

211 5266 446 5334 landum,
482 5267 742 5322 Ecclesiae
769 5266 1224 5337 metropolitanae
1266 5264 1666 5320 archidiacono
1693 5281 1824 5319 cau-

211 5376 316 5414 sam
344 5378 514 5416 suam
541 5361 826 5427 intiment,
861 5364 919 5416 et
944 5359 1037 5414 ille
1071 5358 1308 5414 concilio
1335 5357 1654 5414 denuntiet.
1674 5359 1828 5412 Tunc

213 5452 301 5506 illis
329 5461 384 5509 et
409 5454 736 5510 introeundi
765 5453 1099 5524 singulatim
1125 5457 1182 5507 et
1211 5451 1574 5524 proponendi
1602 5450 1830 5506 licentia

214 5548 554 5603 concedatur.
584 5549 777 5602 Nullus
806 5551 1000 5602 autem
1026 5563 1423 5618 episcoporum
1447 5563 1480 5600 a
1499 5549 1645 5601 coetu
1675 5560 1828 5598 com-

217 5641 357 5694 muni
384 5641 627 5712 secedat,
655 5644 966 5713 antequam
1011 5641 1153 5695 hora
1181 5640 1468 5712 generalis
1498 5637 1830 5695 secessionis

219 5732 490 5789 adveniat.

278 5826 583 5884 Concilium
637 5843 867 5901 quoque
922 5828 1110 5884 nullus
1159 5825 1377 5882 solvere
1429 5824 1662 5896 audeat,
1721 5826 1828 5882 nisi

1926 4609 2288 4682 plementum
2326 4606 2483 4661 vobis
2519 4607 2727 4661 tribuat
2771 4603 3083 4660 charitatis.
3111 4606 3315 4659 Amen.
3349 4606 3416 4661 Et
3460 4608 3556 4677 qui

1929 4719 2028 4758 vos
2069 4703 2138 4756 ad
2183 4700 2556 4772 expletionem
2599 4699 2770 4770 hujus
2821 4698 2953 4752 fecit
2992 4697 3287 4769 pervenire
3329 4700 3555 4755 concilii

1928 4797 2219 4851 absolutos
2260 4811 2360 4849 vos
2405 4792 2617 4848 efficiat
2661 4792 2731 4846 ab
2771 4791 2925 4846 omni
2965 4791 3307 4862 contagione
3348 4793 3552 4849 delicti.

1928 4893 2129 4945 Amen.
2162 4890 2231 4942 Et
2260 4887 2330 4942 ab
2363 4886 2524 4941 omni
2561 4889 2721 4940 reatu
2757 4884 3049 4940 liberiores
3077 4885 3283 4953 effecti,
3313 4886 3557 4942 absoluti

1929 4983 2103 5038 etiam
2134 4998 2236 5054 per
2264 4981 2482 5036 donum
2523 4979 2764 5052 Spiritus
2805 4979 3002 5045 sancti,
3035 4978 3183 5033 felici
3219 4979 3409 5034 reditu
3441 4997 3558 5034 ves-

1929 5081 2149 5132 trarum
2173 5075 2397 5130 sedium
2424 5073 2635 5129 cubilia
2663 5072 2926 5144 repetatis
2957 5071 3142 5126 illaesi.
3171 5074 3375 5128 Amen.
3399 5075 3555 5138 Quod

1928 5169 2046 5241 ipse
2077 5171 2349 5239 praestare
2375 5166 2661 5237 dignetur,
2692 5165 2852 5236 cujus
2889 5181 3134 5235 regnum
3161 5168 3218 5221 et
3246 5165 3552 5239 imperium

1930 5266 2228 5334 permanet
2252 5260 2310 5314 in
2345 5261 2551 5315 saecula
2575 5259 2932 5313 saaculorum.
2965 5260 3168 5313 Amen.

2001 5355 2215 5420 Quibus
2255 5353 2512 5425 expletis,
2545 5369 2676 5407 cum
2707 5352 2924 5407 dictum
2959 5352 3134 5406 fuerit
3169 5353 3239 5406 ab
3272 5351 3552 5406 archidia-

1929 5465 2073 5504 cono
2103 5466 2115 5503 :
2147 5451 2213 5503 1n
2255 5450 2468 5503 nomine
2507 5448 2720 5502 Domini
2757 5448 2933 5501 nostri
2963 5449 3089 5502 Iesu
3126 5446 3342 5507 Christi,
3374 5460 3556 5499 eamus

1929 5559 2048 5598 cum
2065 5557 2220 5612 pace,
2242 5556 2440 5596 omnes
2466 5539 2615 5594 illico
2632 5539 2846 5611 pariter
2863 5541 3246 5611 exsurgentes,
3266 5535 3554 5593 residente

1929 5635 2363 5708 metropolitano
2400 5634 2470 5688 ab
2509 5633 2630 5706 ipso
2665 5633 2917 5705 primum
2943 5631 3268 5702 incipiente,
3297 5631 3554 5687 osculum

1929 5730 2034 5785 sibi
2067 5730 2309 5785 invicem
2337 5744 2536 5784 omnes
2561 5727 2776 5799 pariter
2799 5727 3031 5781 dabunt.
3056 5723 3259 5794 Sicque
3287 5723 3419 5780 data
3449 5726 3554 5783 sibi

1931 5823 2174 5881 invicem
2205 5839 2362 5896 pace,
2391 5825 2702 5880 conventus
2731 5817 2952 5875 concilii
2978 5817 3315 5874 absolvatur.
