  <div class='ocr_page' id='page_1' title='image "/cluster/home/n/w/nwhite01/storage/ocr_20150623/130/hvd.32044054759915/037.png"; bbox 0 0 4046 6188; ppageno 0'>
   <div class='ocr_carea' id='block_1_1' title="bbox 520 332 3872 404">
    <p class='ocr_par' dir='ltr' id='par_1_1' title="bbox 520 332 3872 404">
     <span class='ocr_line' id='line_1_1' title="bbox 520 332 3872 404; baseline -0 0"><span class='ocrx_word' id='word_1_1' title='bbox 520 353 580 404; x_wconf 70' lang='lat' dir='ltr'>is</span> <span class='ocrx_word' id='word_1_2' title='bbox 1397 345 1680 401; x_wconf 57' lang='lat' dir='ltr'>arma.</span> <span class='ocrx_word' id='word_1_3' title='bbox 1721 346 1809 402; x_wconf 80' lang='lat' dir='ltr'>AD</span> <span class='ocrx_word' id='word_1_4' title='bbox 1846 346 2007 401; x_wconf 57' lang='lat' dir='ltr'>suae.</span> <span class='ocrx_word' id='word_1_5' title='bbox 2052 345 2136 400; x_wconf 86' lang='lat' dir='ltr'>IX.</span> <span class='ocrx_word' id='word_1_6' title='bbox 2169 373 2236 384; x_wconf 84' lang='grc'>-</span> <span class='ocrx_word' id='word_1_7' title='bbox 2280 345 2522 401; x_wconf 81' lang='lat' dir='ltr'>Iswom</span> <span class='ocrx_word' id='word_1_8' title='bbox 2562 344 2989 402; x_wconf 77' lang='lat' dir='ltr'>MERCATORIS</span> <span class='ocrx_word' id='word_1_9' title='bbox 3653 332 3666 340; x_wconf 69' lang='lat'>‘</span> <span class='ocrx_word' id='word_1_10' title='bbox 3812 352 3872 403; x_wconf 74' lang='grc' dir='ltr'>ιδ</span> 
     </span>
    </p>
   </div>
   <div class='ocr_carea' id='block_1_2' title="bbox 1014 451 3333 538">
    <p class='ocr_par' dir='ltr' id='par_1_2' title="bbox 1014 451 3333 538">
     <span class='ocr_line' id='line_1_2' title="bbox 1014 451 3333 538; baseline -0.001 -29"><span class='ocrx_word' id='word_1_11' title='bbox 1014 455 1201 510; x_wconf 80' lang='lat' dir='ltr'>Oratio</span> <span class='ocrx_word' id='word_1_12' title='bbox 1231 453 1342 509; x_wconf 76' lang='lat' dir='ltr'>diei</span> <span class='ocrx_word' id='word_1_13' title='bbox 1378 454 1641 509; x_wconf 56' lang='lat' dir='ltr'>secunda.</span> <span class='ocrx_word' id='word_1_14' title='bbox 2165 466 2224 538; x_wconf 82' lang='grc' dir='ltr'><strong>Α</strong></span> <span class='ocrx_word' id='word_1_15' title='bbox 2779 453 2964 510; x_wconf 76' lang='lat' dir='ltr'>Oratio</span> <span class='ocrx_word' id='word_1_16' title='bbox 2999 451 3110 508; x_wconf 75' lang='lat' dir='ltr'>diei</span> <span class='ocrx_word' id='word_1_17' title='bbox 3146 455 3333 508; x_wconf 67' lang='lat' dir='ltr'>tertias.</span> 
     </span>
    </p>
   </div>
   <div class='ocr_carea' id='block_1_3' title="bbox 586 545 3870 620">
    <p class='ocr_par' dir='ltr' id='par_1_3' title="bbox 586 545 3870 620">
     <span class='ocr_line' id='line_1_3' title="bbox 586 545 3870 620; baseline 0 -16"><span class='ocrx_word' id='word_1_18' title='bbox 586 551 916 605; x_wconf 86' lang='lat' dir='ltr'>Nostrorum</span> <span class='ocrx_word' id='word_1_19' title='bbox 964 546 1084 617; x_wconf 82' lang='lat' dir='ltr'>tibi,</span> <span class='ocrx_word' id='word_1_20' title='bbox 1136 547 1399 617; x_wconf 87' lang='lat' dir='ltr'>Domine,</span> <span class='ocrx_word' id='word_1_21' title='bbox 1438 550 1736 603; x_wconf 78' lang='lat' dir='ltr'>curvantes</span> <span class='ocrx_word' id='word_1_22' title='bbox 1780 563 1968 619; x_wconf 88' lang='lat' dir='ltr'>genua</span> <span class='ocrx_word' id='word_1_23' title='bbox 2022 562 2141 602; x_wconf 85' lang='lat' dir='ltr'>cor-</span> <span class='ocrx_word' id='word_1_24' title='bbox 2316 547 2397 602; x_wconf 85' lang='lat' dir='ltr'>Ad</span> <span class='ocrx_word' id='word_1_25' title='bbox 2435 550 2515 614; x_wconf 89' lang='lat' dir='ltr'>te,</span> <span class='ocrx_word' id='word_1_26' title='bbox 2543 547 2800 616; x_wconf 88' lang='lat' dir='ltr'>Domine,</span> <span class='ocrx_word' id='word_1_27' title='bbox 2831 545 3041 602; x_wconf 87' lang='lat' dir='ltr'>interni</span> <span class='ocrx_word' id='word_1_28' title='bbox 3079 546 3340 601; x_wconf 89' lang='lat' dir='ltr'>clamoris</span> <span class='ocrx_word' id='word_1_29' title='bbox 3382 546 3608 603; x_wconf 83' lang='lat' dir='ltr'>vocibus</span> <span class='ocrx_word' id='word_1_30' title='bbox 3653 549 3870 620; x_wconf 87' lang='lat' dir='ltr'>procla-</span> 
     </span>
    </p>
   </div>
   <div class='ocr_carea' id='block_1_4' title="bbox 513 640 3870 714">
    <p class='ocr_par' dir='ltr' id='par_1_4' title="bbox 513 640 3870 714">
     <span class='ocr_line' id='line_1_4' title="bbox 513 640 3870 714; baseline -0 -15"><span class='ocrx_word' id='word_1_31' title='bbox 513 644 692 712; x_wconf 86' lang='lat' dir='ltr'>dium,</span> <span class='ocrx_word' id='word_1_32' title='bbox 721 657 1076 714; x_wconf 66' lang='lat' dir='ltr'>quresumus,</span> <span class='ocrx_word' id='word_1_33' title='bbox 1108 646 1173 696; x_wconf 91' lang='lat' dir='ltr'>ut</span> <span class='ocrx_word' id='word_1_34' title='bbox 1194 641 1409 696; x_wconf 89' lang='lat' dir='ltr'>bonum</span> <span class='ocrx_word' id='word_1_35' title='bbox 1438 641 1590 712; x_wconf 92' lang='lat' dir='ltr'>quod</span> <span class='ocrx_word' id='word_1_36' title='bbox 1620 640 1785 696; x_wconf 91' lang='lat' dir='ltr'>nobis</span> <span class='ocrx_word' id='word_1_37' title='bbox 1815 658 1848 695; x_wconf 90' lang='lat' dir='ltr'>a</span> <span class='ocrx_word' id='word_1_38' title='bbox 1877 643 1932 695; x_wconf 85' lang='lat' dir='ltr'>te</span> <span class='ocrx_word' id='word_1_39' title='bbox 1959 640 2146 712; x_wconf 89' lang='lat' dir='ltr'>requi-</span> <span class='ocrx_word' id='word_1_40' title='bbox 2245 645 2485 708; x_wconf 90' lang='lat' dir='ltr'>mantes,</span> <span class='ocrx_word' id='word_1_41' title='bbox 2511 640 2863 695; x_wconf 83' lang='lat' dir='ltr'>unanimiter</span> <span class='ocrx_word' id='word_1_42' title='bbox 2891 642 3269 712; x_wconf 84' lang='lat' dir='ltr'>postulamus,</span> <span class='ocrx_word' id='word_1_43' title='bbox 3299 642 3360 695; x_wconf 90' lang='lat' dir='ltr'>ut</span> <span class='ocrx_word' id='word_1_44' title='bbox 3385 643 3646 714; x_wconf 81' lang='lat' dir='ltr'>respectu</span> <span class='ocrx_word' id='word_1_45' title='bbox 3674 641 3870 712; x_wconf 65' lang='lat' dir='ltr'>gratia;</span> 
     </span>
    </p>
   </div>
   <div class='ocr_carea' id='block_1_5' title="bbox 511 733 3870 807">
    <p class='ocr_par' dir='ltr' id='par_1_5' title="bbox 511 733 3870 807">
     <span class='ocr_line' id='line_1_5' title="bbox 511 733 3870 807; baseline 0 -17"><span class='ocrx_word' id='word_1_46' title='bbox 511 737 656 790; x_wconf 84' lang='lat' dir='ltr'>ritur</span> <span class='ocrx_word' id='word_1_47' title='bbox 683 751 1080 806; x_wconf 85' lang='lat' dir='ltr'>exsequamur,</span> <span class='ocrx_word' id='word_1_48' title='bbox 1113 737 1178 789; x_wconf 92' lang='lat' dir='ltr'>ut</span> <span class='ocrx_word' id='word_1_49' title='bbox 1205 739 1472 807; x_wconf 80' lang='lat' dir='ltr'>prompta</span> <span class='ocrx_word' id='word_1_50' title='bbox 1504 750 1733 806; x_wconf 84' lang='lat' dir='ltr'>semper</span> <span class='ocrx_word' id='word_1_51' title='bbox 1761 733 2143 788; x_wconf 82' lang='lat' dir='ltr'>sollicitudine</span> <span class='ocrx_word' id='word_1_52' title='bbox 2243 737 2354 788; x_wconf 62' lang='lat' dir='ltr'>tua:</span> <span class='ocrx_word' id='word_1_53' title='bbox 2385 733 2628 800; x_wconf 83' lang='lat' dir='ltr'>solidati,</span> <span class='ocrx_word' id='word_1_54' title='bbox 2651 750 2944 806; x_wconf 58' lang='lat' dir='ltr'>praecones</span> <span class='ocrx_word' id='word_1_55' title='bbox 2970 733 3190 789; x_wconf 88' lang='lat' dir='ltr'>virtutis</span> <span class='ocrx_word' id='word_1_56' title='bbox 3219 737 3333 788; x_wconf 63' lang='lat' dir='ltr'>tua:</span> <span class='ocrx_word' id='word_1_57' title='bbox 3359 734 3680 789; x_wconf 84' lang='lat' dir='ltr'>efﬁciamur</span> <span class='ocrx_word' id='word_1_58' title='bbox 3704 734 3870 791; x_wconf 63' lang='lat' dir='ltr'>intre«</span> 
     </span>
    </p>
   </div>
   <div class='ocr_carea' id='block_1_6' title="bbox 512 826 3870 902">
    <p class='ocr_par' dir='ltr' id='par_1_6' title="bbox 512 826 3870 902">
     <span class='ocr_line' id='line_1_6' title="bbox 512 826 3870 902; baseline 0 -18"><span class='ocrx_word' id='word_1_59' title='bbox 512 829 856 901; x_wconf 80' lang='lat' dir='ltr'>gradientes,</span> <span class='ocrx_word' id='word_1_60' title='bbox 888 827 1245 884; x_wconf 80' lang='lat' dir='ltr'>discretionis</span> <span class='ocrx_word' id='word_1_61' title='bbox 1282 828 1474 883; x_wconf 68' lang='lat' dir='ltr'>ardua:</span> <span class='ocrx_word' id='word_1_62' title='bbox 1515 827 1718 882; x_wconf 84' lang='lat' dir='ltr'>subtile</span> <span class='ocrx_word' id='word_1_63' title='bbox 1741 827 2026 899; x_wconf 89' lang='lat' dir='ltr'>judicium</span> <span class='ocrx_word' id='word_1_64' title='bbox 2057 827 2140 882; x_wconf 87' lang='lat' dir='ltr'>fa-</span> <span class='ocrx_word' id='word_1_65' title='bbox 2241 826 2386 898; x_wconf 85' lang='lat' dir='ltr'>pidi,</span> <span class='ocrx_word' id='word_1_66' title='bbox 2417 831 2699 902; x_wconf 91' lang='lat' dir='ltr'>tuumque</span> <span class='ocrx_word' id='word_1_67' title='bbox 2729 827 3016 884; x_wconf 86' lang='lat' dir='ltr'>valeamus</span> <span class='ocrx_word' id='word_1_68' title='bbox 3046 827 3284 884; x_wconf 87' lang='lat' dir='ltr'>verbum</span> <span class='ocrx_word' id='word_1_69' title='bbox 3319 845 3448 884; x_wconf 90' lang='lat' dir='ltr'>cum</span> <span class='ocrx_word' id='word_1_70' title='bbox 3483 827 3639 886; x_wconf 90' lang='lat' dir='ltr'>omni</span> <span class='ocrx_word' id='word_1_71' title='bbox 3667 827 3870 887; x_wconf 83' lang='lat' dir='ltr'>ﬁducia</span> 
     </span>
    </p>
   </div>
   <div class='ocr_carea' id='block_1_7' title="bbox 511 920 2419 993">
    <p class='ocr_par' dir='ltr' id='par_1_7' title="bbox 511 920 2419 993">
     <span class='ocr_line' id='line_1_7' title="bbox 511 920 2419 993; baseline -0.001 -15"><span class='ocrx_word' id='word_1_72' title='bbox 511 923 752 990; x_wconf 87' lang='lat' dir='ltr'>ciamus,</span> <span class='ocrx_word' id='word_1_73' title='bbox 782 937 847 976; x_wconf 90' lang='lat' dir='ltr'>ac</span> <span class='ocrx_word' id='word_1_74' title='bbox 873 920 1326 977; x_wconf 89' lang='lat' dir='ltr'>misericordiam</span> <span class='ocrx_word' id='word_1_75' title='bbox 1356 921 1658 993; x_wconf 83' lang='lat' dir='ltr'>diligentes</span> <span class='ocrx_word' id='word_1_76' title='bbox 1687 920 2003 978; x_wconf 89' lang='lat' dir='ltr'>clareamus</span> <span class='ocrx_word' id='word_1_77' title='bbox 2031 922 2144 976; x_wconf 89' lang='lat' dir='ltr'>stu-</span> <span class='ocrx_word' id='word_1_78' title='bbox 2241 921 2419 993; x_wconf 87' lang='lat' dir='ltr'>loqui.</span> 
     </span>
    </p>
   </div>
   <div class='ocr_carea' id='block_1_8' title="bbox 511 1014 1290 1087">
    <p class='ocr_par' dir='ltr' id='par_1_8' title="bbox 511 1014 1290 1087">
     <span class='ocr_line' id='line_1_8' title="bbox 511 1014 1290 1087; baseline -0.001 -16"><span class='ocrx_word' id='word_1_79' title='bbox 511 1015 620 1072; x_wconf 91' lang='lat' dir='ltr'>diis</span> <span class='ocrx_word' id='word_1_80' title='bbox 647 1015 750 1071; x_wconf 84' lang='lat' dir='ltr'>tibi</span> <span class='ocrx_word' id='word_1_81' title='bbox 779 1014 1002 1087; x_wconf 71' lang='lat' dir='ltr'>placitae</span> <span class='ocrx_word' id='word_1_82' title='bbox 1035 1015 1290 1072; x_wconf 85' lang='lat' dir='ltr'>actionis.</span> 
     </span>
    </p>
   </div>
   <div class='ocr_carea' id='block_1_9' title="bbox 1201 1321 3177 1451">
    <p class='ocr_par' dir='ltr' id='par_1_9' title="bbox 1201 1321 3177 1451">
     <span class='ocr_line' id='line_1_9' title="bbox 1201 1321 3177 1451; baseline -0.001 -45"><span class='ocrx_word' id='word_1_83' title='bbox 1201 1321 1263 1394; x_wconf 90' lang='grc'>2</span> <span class='ocrx_word' id='word_1_84' title='bbox 1338 1325 1830 1451; x_wconf 83' lang='lat' dir='ltr'><strong>INCIPIUNT</strong></span> <span class='ocrx_word' id='word_1_85' title='bbox 1912 1324 2349 1407; x_wconf 82' lang='lat' dir='ltr'>CANONES</span> <span class='ocrx_word' id='word_1_86' title='bbox 2429 1324 3177 1423; x_wconf 87' lang='lat' dir='ltr'>APOSTOLORUM,</span> 
     </span>
    </p>
   </div>
   <div class='ocr_carea' id='block_1_10' title="bbox 1632 1489 2737 1564">
    <p class='ocr_par' dir='ltr' id='par_1_10' title="bbox 1632 1489 2737 1564">
     <span class='ocr_line' id='line_1_10' title="bbox 1632 1489 2737 1564; baseline -0.002 -28"><span class='ocrx_word' id='word_1_87' title='bbox 1632 1493 1742 1536; x_wconf 73' lang='lat' dir='ltr'>PER</span> <span class='ocrx_word' id='word_1_88' title='bbox 1787 1491 2158 1538; x_wconf 76' lang='lat' dir='ltr'>CLEMENTEM</span> <span class='ocrx_word' id='word_1_89' title='bbox 2204 1489 2410 1535; x_wconf 82' lang='lat' dir='ltr'><strong>PAPAM</strong></span> <span class='ocrx_word' id='word_1_90' title='bbox 2453 1490 2737 1564; x_wconf 74' lang='lat' dir='ltr'><strong>PROLATI.</strong></span> 
     </span>
    </p>
   </div>
   <div class='ocr_carea' id='block_1_11' title="bbox 1971 1635 2398 1648">
    <p class='ocr_par' dir='ltr' id='par_1_11' title="bbox 1971 1635 2398 1648">
     <span class='ocr_line' id='line_1_11' title="bbox 1971 1635 2398 1648; baseline 0.002 -4"><span class='ocrx_word' id='word_1_91' title='bbox 1971 1635 2398 1648; x_wconf 76' lang='lat'>_———_..</span> 
     </span>
    </p>
   </div>
   <div class='ocr_carea' id='block_1_12' title="bbox 575 1749 3866 1834">
    <p class='ocr_par' dir='ltr' id='par_1_12' title="bbox 575 1749 3866 1834">
     <span class='ocr_line' id='line_1_12' title="bbox 575 1749 3866 1834; baseline 0 -30"><span class='ocrx_word' id='word_1_92' title='bbox 575 1752 699 1806; x_wconf 76' lang='lat' dir='ltr'>CAP.</span> <span class='ocrx_word' id='word_1_93' title='bbox 732 1753 770 1804; x_wconf 91' lang='grc' dir='ltr'>Ι.</span> <span class='ocrx_word' id='word_1_94' title='bbox 819 1750 1123 1823; x_wconf 84' lang='lat' dir='ltr'>Episcopus</span> <span class='ocrx_word' id='word_1_95' title='bbox 1155 1767 1188 1806; x_wconf 88' lang='lat' dir='ltr'>a</span> <span class='ocrx_word' id='word_1_96' title='bbox 1234 1751 1453 1806; x_wconf 92' lang='lat' dir='ltr'>duobus</span> <span class='ocrx_word' id='word_1_97' title='bbox 1493 1755 1590 1806; x_wconf 87' lang='lat' dir='ltr'>aut</span> <span class='ocrx_word' id='word_1_98' title='bbox 1633 1751 1813 1806; x_wconf 87' lang='lat' dir='ltr'>tribus</span> <span class='ocrx_word' id='word_1_99' title='bbox 1855 1750 2208 1834; x_wconf 83' lang='lat' dir='ltr'>episcopisB</span> <span class='ocrx_word' id='word_1_100' title='bbox 2233 1765 2558 1822; x_wconf 89' lang='lat' dir='ltr'>suspensus,</span> <span class='ocrx_word' id='word_1_101' title='bbox 2607 1766 2704 1804; x_wconf 89' lang='lat' dir='ltr'>seu</span> <span class='ocrx_word' id='word_1_102' title='bbox 2758 1750 3217 1815; x_wconf 85' lang='lat' dir='ltr'>communicans,</span> <span class='ocrx_word' id='word_1_103' title='bbox 3259 1750 3330 1804; x_wconf 88' lang='lat' dir='ltr'>ad</span> <span class='ocrx_word' id='word_1_104' title='bbox 3377 1749 3545 1804; x_wconf 83' lang='lat' dir='ltr'>aliam</span> <span class='ocrx_word' id='word_1_105' title='bbox 3594 1755 3866 1826; x_wconf 82' lang='lat' dir='ltr'>properet</span> 
     </span>
    </p>
   </div>
   <div class='ocr_carea' id='block_1_13' title="bbox 504 1841 3866 1915">
    <p class='ocr_par' dir='ltr' id='par_1_13' title="bbox 504 1841 3866 1915">
     <span class='ocr_line' id='line_1_13' title="bbox 504 1841 3866 1915; baseline -0.001 -17"><span class='ocrx_word' id='word_1_106' title='bbox 504 1843 820 1899; x_wconf 87' lang='lat' dir='ltr'>ordinetur.</span> <span class='ocrx_word' id='word_1_107' title='bbox 2234 1844 2541 1913; x_wconf 85' lang='lat' dir='ltr'>civitatem,</span> <span class='ocrx_word' id='word_1_108' title='bbox 2592 1848 2650 1898; x_wconf 89' lang='lat' dir='ltr'>et</span> <span class='ocrx_word' id='word_1_109' title='bbox 2699 1842 3037 1915; x_wconf 89' lang='lat' dir='ltr'>suspiciatur</span> <span class='ocrx_word' id='word_1_110' title='bbox 3077 1845 3314 1915; x_wconf 89' lang='lat' dir='ltr'>propter</span> <span class='ocrx_word' id='word_1_111' title='bbox 3363 1841 3866 1897; x_wconf 87' lang='lat' dir='ltr'>commendatitias</span> 
     </span>
    </p>
   </div>
   <div class='ocr_carea' id='block_1_14' title="bbox 571 1935 3864 2010">
    <p class='ocr_par' dir='ltr' id='par_1_14' title="bbox 571 1935 3864 2010">
     <span class='ocr_line' id='line_1_14' title="bbox 571 1935 3864 2010; baseline 0 -19"><span class='ocrx_word' id='word_1_112' title='bbox 571 1937 631 1990; x_wconf 91' lang='lat' dir='ltr'>II.</span> <span class='ocrx_word' id='word_1_113' title='bbox 664 1937 968 2009; x_wconf 87' lang='lat' dir='ltr'>Presbyter</span> <span class='ocrx_word' id='word_1_114' title='bbox 1005 1936 1075 1992; x_wconf 89' lang='lat' dir='ltr'>ab</span> <span class='ocrx_word' id='word_1_115' title='bbox 1121 1953 1236 1992; x_wconf 92' lang='lat' dir='ltr'>uno</span> <span class='ocrx_word' id='word_1_116' title='bbox 1274 1936 1541 2010; x_wconf 92' lang='lat' dir='ltr'>episcopo</span> <span class='ocrx_word' id='word_1_117' title='bbox 1577 1937 1895 2004; x_wconf 86' lang='lat' dir='ltr'>ordinetur,</span> <span class='ocrx_word' id='word_1_118' title='bbox 1930 1940 1986 1993; x_wconf 90' lang='lat' dir='ltr'>et</span> <span class='ocrx_word' id='word_1_119' title='bbox 2017 1935 2132 1991; x_wconf 90' lang='lat' dir='ltr'>dia-</span> <span class='ocrx_word' id='word_1_120' title='bbox 2232 1937 2468 2006; x_wconf 84' lang='lat' dir='ltr'>litteras,</span> <span class='ocrx_word' id='word_1_121' title='bbox 2503 1941 2560 1993; x_wconf 90' lang='lat' dir='ltr'>et</span> <span class='ocrx_word' id='word_1_122' title='bbox 2602 1938 2703 2010; x_wconf 89' lang='lat' dir='ltr'>qui</span> <span class='ocrx_word' id='word_1_123' title='bbox 2745 1940 3138 2008; x_wconf 90' lang='lat' dir='ltr'>susceperunt,</span> <span class='ocrx_word' id='word_1_124' title='bbox 3177 1941 3234 1992; x_wconf 89' lang='lat' dir='ltr'>et</span> <span class='ocrx_word' id='word_1_125' title='bbox 3278 1936 3377 2008; x_wconf 89' lang='lat' dir='ltr'>qui</span> <span class='ocrx_word' id='word_1_126' title='bbox 3426 1937 3719 2007; x_wconf 88' lang='lat' dir='ltr'>susceptus</span> <span class='ocrx_word' id='word_1_127' title='bbox 3758 1942 3864 2003; x_wconf 86' lang='lat' dir='ltr'>est,</span> 
     </span>
    </p>
   </div>
   <div class='ocr_carea' id='block_1_15' title="bbox 499 2029 3864 2102">
    <p class='ocr_par' dir='ltr' id='par_1_15' title="bbox 499 2029 3864 2102">
     <span class='ocr_line' id='line_1_15' title="bbox 499 2029 3864 2102; baseline 0 -19"><span class='ocrx_word' id='word_1_128' title='bbox 499 2044 679 2084; x_wconf 91' lang='lat' dir='ltr'>conus</span> <span class='ocrx_word' id='word_1_129' title='bbox 704 2034 761 2085; x_wconf 90' lang='lat' dir='ltr'>et</span> <span class='ocrx_word' id='word_1_130' title='bbox 788 2029 991 2102; x_wconf 89' lang='lat' dir='ltr'>reliqui</span> <span class='ocrx_word' id='word_1_131' title='bbox 1018 2029 1228 2086; x_wconf 89' lang='lat' dir='ltr'>clerici.</span> <span class='ocrx_word' id='word_1_132' title='bbox 2233 2031 2630 2087; x_wconf 89' lang='lat' dir='ltr'>communione</span> <span class='ocrx_word' id='word_1_133' title='bbox 2675 2031 2990 2102; x_wconf 88' lang='lat' dir='ltr'>priventur.</span> <span class='ocrx_word' id='word_1_134' title='bbox 3024 2029 3526 2085; x_wconf 83' lang='lat' dir='ltr'>Excommunicato</span> <span class='ocrx_word' id='word_1_135' title='bbox 3557 2045 3690 2084; x_wconf 89' lang='lat' dir='ltr'>vero</span> <span class='ocrx_word' id='word_1_136' title='bbox 3731 2045 3864 2102; x_wconf 90' lang='lat' dir='ltr'>pro-</span> 
     </span>
    </p>
   </div>
   <div class='ocr_carea' id='block_1_16' title="bbox 567 2121 3868 2196">
    <p class='ocr_par' dir='ltr' id='par_1_16' title="bbox 567 2121 3868 2196">
     <span class='ocr_line' id='line_1_16' title="bbox 567 2121 3868 2196; baseline 0.001 -20"><span class='ocrx_word' id='word_1_137' title='bbox 567 2123 650 2176; x_wconf 92' lang='grc' dir='ltr'>ΠΙ.</span> <span class='ocrx_word' id='word_1_138' title='bbox 688 2123 745 2178; x_wconf 92' lang='lat' dir='ltr'>Si</span> <span class='ocrx_word' id='word_1_139' title='bbox 774 2123 900 2194; x_wconf 86' lang='lat' dir='ltr'>quis</span> <span class='ocrx_word' id='word_1_140' title='bbox 931 2123 1230 2194; x_wconf 91' lang='lat' dir='ltr'>episcopus</span> <span class='ocrx_word' id='word_1_141' title='bbox 1270 2127 1370 2178; x_wconf 89' lang='lat' dir='ltr'>aut</span> <span class='ocrx_word' id='word_1_142' title='bbox 1402 2124 1702 2195; x_wconf 80' lang='lat' dir='ltr'>presbyter</span> <span class='ocrx_word' id='word_1_143' title='bbox 1732 2128 1940 2195; x_wconf 61' lang='lat' dir='ltr'>printer</span> <span class='ocrx_word' id='word_1_144' title='bbox 1974 2123 2128 2179; x_wconf 87' lang='lat' dir='ltr'>ordi-</span> <span class='ocrx_word' id='word_1_145' title='bbox 2232 2125 2434 2180; x_wconf 88' lang='lat' dir='ltr'>teletur</span> <span class='ocrx_word' id='word_1_146' title='bbox 2465 2125 2584 2196; x_wconf 88' lang='lat' dir='ltr'>ipsa</span> <span class='ocrx_word' id='word_1_147' title='bbox 2622 2125 2925 2196; x_wconf 88' lang='lat' dir='ltr'>correptio,</span> <span class='ocrx_word' id='word_1_148' title='bbox 2953 2128 3221 2196; x_wconf 87' lang='lat' dir='ltr'>tanquam</span> <span class='ocrx_word' id='word_1_149' title='bbox 3263 2121 3359 2195; x_wconf 90' lang='lat' dir='ltr'>qui</span> <span class='ocrx_word' id='word_1_150' title='bbox 3390 2123 3660 2178; x_wconf 88' lang='lat' dir='ltr'>mentitus</span> <span class='ocrx_word' id='word_1_151' title='bbox 3688 2123 3781 2191; x_wconf 89' lang='lat' dir='ltr'>sit,</span> <span class='ocrx_word' id='word_1_152' title='bbox 3811 2131 3868 2180; x_wconf 88' lang='lat' dir='ltr'>et</span> 
     </span>
    </p>
   </div>
   <div class='ocr_carea' id='block_1_17' title="bbox 501 2215 2936 2287">
    <p class='ocr_par' dir='ltr' id='par_1_17' title="bbox 501 2215 2936 2287">
     <span class='ocr_line' id='line_1_17' title="bbox 501 2215 2936 2287; baseline 0.002 -19"><span class='ocrx_word' id='word_1_153' title='bbox 501 2215 798 2270; x_wconf 89' lang='lat' dir='ltr'>nationem</span> <span class='ocrx_word' id='word_1_154' title='bbox 823 2215 1065 2284; x_wconf 90' lang='lat' dir='ltr'>Domini,</span> <span class='ocrx_word' id='word_1_155' title='bbox 1098 2215 1208 2272; x_wconf 89' lang='lat' dir='ltr'>alia</span> <span class='ocrx_word' id='word_1_156' title='bbox 1239 2216 1504 2287; x_wconf 78' lang='lat' dir='ltr'>quaedam</span> <span class='ocrx_word' id='word_1_157' title='bbox 1533 2216 1592 2271; x_wconf 89' lang='lat' dir='ltr'>in</span> <span class='ocrx_word' id='word_1_158' title='bbox 1622 2217 1897 2272; x_wconf 78' lang='lat' dir='ltr'>sacrificio</span> <span class='ocrx_word' id='word_1_159' title='bbox 1929 2215 2132 2271; x_wconf 80' lang='lat' dir='ltr'>offerat</span> <span class='ocrx_word' id='word_1_160' title='bbox 2231 2217 2537 2272; x_wconf 89' lang='lat' dir='ltr'>Ecclesiam</span> <span class='ocrx_word' id='word_1_161' title='bbox 2569 2218 2664 2273; x_wconf 89' lang='lat' dir='ltr'>Dei</span> <span class='ocrx_word' id='word_1_162' title='bbox 2697 2217 2936 2273; x_wconf 86' lang='lat' dir='ltr'>seduxit.</span> 
     </span>
    </p>
   </div>
   <div class='ocr_carea' id='block_1_18' title="bbox 500 2308 3866 2384">
    <p class='ocr_par' dir='ltr' id='par_1_18' title="bbox 500 2308 3866 2384">
     <span class='ocr_line' id='line_1_18' title="bbox 500 2308 3866 2384; baseline 0.001 -22"><span class='ocrx_word' id='word_1_163' title='bbox 500 2323 671 2379; x_wconf 90' lang='lat' dir='ltr'>super</span> <span class='ocrx_word' id='word_1_164' title='bbox 706 2309 903 2379; x_wconf 88' lang='lat' dir='ltr'>altare,</span> <span class='ocrx_word' id='word_1_165' title='bbox 939 2308 998 2363; x_wconf 85' lang='lat' dir='ltr'>id</span> <span class='ocrx_word' id='word_1_166' title='bbox 1037 2311 1140 2377; x_wconf 90' lang='lat' dir='ltr'>est,</span> <span class='ocrx_word' id='word_1_167' title='bbox 1172 2312 1271 2363; x_wconf 88' lang='lat' dir='ltr'>aut</span> <span class='ocrx_word' id='word_1_168' title='bbox 1309 2309 1441 2376; x_wconf 93' lang='lat' dir='ltr'>mel,</span> <span class='ocrx_word' id='word_1_169' title='bbox 1473 2311 1570 2364; x_wconf 92' lang='lat' dir='ltr'>aut</span> <span class='ocrx_word' id='word_1_170' title='bbox 1604 2309 1714 2378; x_wconf 89' lang='lat' dir='ltr'>lac,</span> <span class='ocrx_word' id='word_1_171' title='bbox 1747 2315 1845 2366; x_wconf 89' lang='lat' dir='ltr'>aut</span> <span class='ocrx_word' id='word_1_172' title='bbox 1872 2326 1974 2381; x_wconf 88' lang='lat' dir='ltr'>pro</span> <span class='ocrx_word' id='word_1_173' title='bbox 2000 2309 2129 2364; x_wconf 93' lang='lat' dir='ltr'>vino</span> <span class='ocrx_word' id='word_1_174' title='bbox 2298 2312 2430 2366; x_wconf 85' lang='lat' dir='ltr'>XIV.</span> <span class='ocrx_word' id='word_1_175' title='bbox 2453 2311 2725 2383; x_wconf 90' lang='lat' dir='ltr'>Episcopo</span> <span class='ocrx_word' id='word_1_176' title='bbox 2751 2327 2869 2366; x_wconf 93' lang='lat' dir='ltr'>non</span> <span class='ocrx_word' id='word_1_177' title='bbox 2896 2310 3030 2366; x_wconf 92' lang='lat' dir='ltr'>licet</span> <span class='ocrx_word' id='word_1_178' title='bbox 3053 2310 3224 2365; x_wconf 88' lang='lat' dir='ltr'>aliam</span> <span class='ocrx_word' id='word_1_179' title='bbox 3251 2310 3602 2382; x_wconf 85' lang='lat' dir='ltr'>parochiam,</span> <span class='ocrx_word' id='word_1_180' title='bbox 3632 2312 3866 2384; x_wconf 89' lang='lat' dir='ltr'>propria</span> 
     </span>
    </p>
   </div>
   <div class='ocr_carea' id='block_1_19' title="bbox 500 2401 3864 2476">
    <p class='ocr_par' dir='ltr' id='par_1_19' title="bbox 500 2401 3864 2476">
     <span class='ocr_line' id='line_1_19' title="bbox 500 2401 3864 2476; baseline 0.002 -22"><span class='ocrx_word' id='word_1_181' title='bbox 500 2401 759 2470; x_wconf 85' lang='lat' dir='ltr'>siceram,</span> <span class='ocrx_word' id='word_1_182' title='bbox 788 2406 844 2457; x_wconf 93' lang='lat' dir='ltr'>et</span> <span class='ocrx_word' id='word_1_183' title='bbox 869 2402 1132 2457; x_wconf 89' lang='lat' dir='ltr'>confecta</span> <span class='ocrx_word' id='word_1_184' title='bbox 1155 2401 1442 2474; x_wconf 64' lang='lat' dir='ltr'>quaedam,</span> <span class='ocrx_word' id='word_1_185' title='bbox 1471 2406 1570 2457; x_wconf 92' lang='lat' dir='ltr'>aut</span> <span class='ocrx_word' id='word_1_186' title='bbox 1595 2401 1864 2470; x_wconf 86' lang='lat' dir='ltr'>volatilia,</span> <span class='ocrx_word' id='word_1_187' title='bbox 1887 2405 1986 2457; x_wconf 89' lang='lat' dir='ltr'>aut</span> <span class='ocrx_word' id='word_1_188' title='bbox 2012 2401 2132 2457; x_wconf 90' lang='lat' dir='ltr'>ani-</span> <span class='ocrx_word' id='word_1_189' title='bbox 2229 2404 2447 2472; x_wconf 86' lang='lat' dir='ltr'>relicta,</span> <span class='ocrx_word' id='word_1_190' title='bbox 2470 2403 2806 2476; x_wconf 85' lang='lat' dir='ltr'>pervadere,</span> <span class='ocrx_word' id='word_1_191' title='bbox 2830 2403 2963 2459; x_wconf 89' lang='lat' dir='ltr'>licet</span> <span class='ocrx_word' id='word_1_192' title='bbox 2981 2409 3216 2476; x_wconf 84' lang='lat' dir='ltr'>cogatur</span> <span class='ocrx_word' id='word_1_193' title='bbox 3234 2420 3266 2458; x_wconf 90' lang='lat' dir='ltr'>a</span> <span class='ocrx_word' id='word_1_194' title='bbox 3285 2403 3566 2476; x_wconf 90' lang='lat' dir='ltr'>plurimis,</span> <span class='ocrx_word' id='word_1_195' title='bbox 3587 2403 3696 2460; x_wconf 87' lang='lat' dir='ltr'>nisi</span> <span class='ocrx_word' id='word_1_196' title='bbox 3714 2405 3864 2462; x_wconf 89' lang='lat' dir='ltr'>forte</span> 
     </span>
    </p>
   </div>
   <div class='ocr_carea' id='block_1_20' title="bbox 497 2495 3867 2570">
    <p class='ocr_par' dir='ltr' id='par_1_20' title="bbox 497 2495 3867 2570">
     <span class='ocr_line' id='line_1_20' title="bbox 497 2495 3867 2570; baseline 0 -18"><span class='ocrx_word' id='word_1_197' title='bbox 497 2496 671 2552; x_wconf 89' lang='lat' dir='ltr'>malia</span> <span class='ocrx_word' id='word_1_198' title='bbox 711 2496 999 2568; x_wconf 55' lang='lat' dir='ltr'>quaedam,</span> <span class='ocrx_word' id='word_1_199' title='bbox 1043 2498 1143 2551; x_wconf 88' lang='lat' dir='ltr'>aut</span> <span class='ocrx_word' id='word_1_200' title='bbox 1184 2495 1499 2567; x_wconf 85' lang='lat' dir='ltr'>legumina,</span> <span class='ocrx_word' id='word_1_201' title='bbox 1535 2500 1738 2552; x_wconf 90' lang='lat' dir='ltr'>contra</span> <span class='ocrx_word' id='word_1_202' title='bbox 1775 2495 2128 2552; x_wconf 89' lang='lat' dir='ltr'>constitutio-</span> <span class='ocrx_word' id='word_1_203' title='bbox 2228 2497 2354 2569; x_wconf 88' lang='lat' dir='ltr'>quis</span> <span class='ocrx_word' id='word_1_204' title='bbox 2382 2513 2518 2552; x_wconf 91' lang='lat' dir='ltr'>eum</span> <span class='ocrx_word' id='word_1_205' title='bbox 2549 2495 2874 2552; x_wconf 87' lang='lat' dir='ltr'>rationabili</span> <span class='ocrx_word' id='word_1_206' title='bbox 2905 2513 3073 2552; x_wconf 87' lang='lat' dir='ltr'>causa</span> <span class='ocrx_word' id='word_1_207' title='bbox 3103 2496 3428 2569; x_wconf 89' lang='lat' dir='ltr'>compellat,</span> <span class='ocrx_word' id='word_1_208' title='bbox 3459 2501 3734 2569; x_wconf 85' lang='lat' dir='ltr'>tanquam</span> <span class='ocrx_word' id='word_1_209' title='bbox 3765 2500 3867 2570; x_wconf 88' lang='lat' dir='ltr'>qui</span> 
     </span>
    </p>
   </div>
   <div class='ocr_carea' id='block_1_21' title="bbox 498 2588 3866 2662">
    <p class='ocr_par' dir='ltr' id='par_1_21' title="bbox 498 2588 3866 2662">
     <span class='ocr_line' id='line_1_21' title="bbox 498 2588 3866 2662; baseline 0.001 -16"><span class='ocrx_word' id='word_1_210' title='bbox 498 2607 635 2646; x_wconf 91' lang='lat' dir='ltr'>nem</span> <span class='ocrx_word' id='word_1_211' title='bbox 663 2589 895 2645; x_wconf 90' lang='lat' dir='ltr'>Domini</span> <span class='ocrx_word' id='word_1_212' title='bbox 934 2588 1168 2657; x_wconf 85' lang='lat' dir='ltr'>faciens,</span> <span class='ocrx_word' id='word_1_213' title='bbox 1208 2605 1461 2660; x_wconf 88' lang='lat' dir='ltr'>congruo</span> <span class='ocrx_word' id='word_1_214' title='bbox 1494 2593 1748 2662; x_wconf 89' lang='lat' dir='ltr'>tempore</span> <span class='ocrx_word' id='word_1_215' title='bbox 1785 2589 2124 2662; x_wconf 87' lang='lat' dir='ltr'>deponatur.</span> <span class='ocrx_word' id='word_1_216' title='bbox 2228 2590 2406 2662; x_wconf 89' lang='lat' dir='ltr'>possit</span> <span class='ocrx_word' id='word_1_217' title='bbox 2439 2590 2654 2646; x_wconf 88' lang='lat' dir='ltr'>ibidem</span> <span class='ocrx_word' id='word_1_218' title='bbox 2693 2590 3013 2646; x_wconf 89' lang='lat' dir='ltr'>constitutis</span> <span class='ocrx_word' id='word_1_219' title='bbox 3059 2590 3188 2662; x_wconf 88' lang='lat' dir='ltr'>plus</span> <span class='ocrx_word' id='word_1_220' title='bbox 3229 2590 3372 2645; x_wconf 90' lang='lat' dir='ltr'>lucri</span> <span class='ocrx_word' id='word_1_221' title='bbox 3399 2591 3682 2658; x_wconf 86' lang='lat' dir='ltr'>conferre,</span> <span class='ocrx_word' id='word_1_222' title='bbox 3719 2592 3866 2648; x_wconf 89' lang='lat' dir='ltr'>etin</span> 
     </span>
    </p>
   </div>
   <div class='ocr_carea' id='block_1_22' title="bbox 564 2682 3866 2756">
    <p class='ocr_par' dir='ltr' id='par_1_22' title="bbox 564 2682 3866 2756">
     <span class='ocr_line' id='line_1_22' title="bbox 564 2682 3866 2756; baseline 0.001 -18"><span class='ocrx_word' id='word_1_223' title='bbox 564 2685 648 2738; x_wconf 89' lang='lat' dir='ltr'>IV.</span> <span class='ocrx_word' id='word_1_224' title='bbox 681 2682 881 2739; x_wconf 82' lang='lat' dir='ltr'>Offerri</span> <span class='ocrx_word' id='word_1_225' title='bbox 912 2698 1030 2738; x_wconf 91' lang='lat' dir='ltr'>non</span> <span class='ocrx_word' id='word_1_226' title='bbox 1058 2682 1224 2739; x_wconf 89' lang='lat' dir='ltr'>liceat</span> <span class='ocrx_word' id='word_1_227' title='bbox 1248 2683 1466 2754; x_wconf 89' lang='lat' dir='ltr'>aliquid</span> <span class='ocrx_word' id='word_1_228' title='bbox 1486 2684 1561 2738; x_wconf 89' lang='lat' dir='ltr'>ad</span> <span class='ocrx_word' id='word_1_229' title='bbox 1582 2683 1758 2739; x_wconf 79' lang='lat' dir='ltr'>altare</span> <span class='ocrx_word' id='word_1_230' title='bbox 1779 2688 1991 2755; x_wconf 61' lang='lat' dir='ltr'>praeter</span> <span class='ocrx_word' id='word_1_231' title='bbox 2014 2699 2124 2738; x_wconf 92' lang='lat' dir='ltr'>no-</span> <span class='ocrx_word' id='word_1_232' title='bbox 2227 2699 2394 2738; x_wconf 88' lang='lat' dir='ltr'>causa</span> <span class='ocrx_word' id='word_1_233' title='bbox 2424 2683 2721 2754; x_wconf 86' lang='lat' dir='ltr'>religionis</span> <span class='ocrx_word' id='word_1_234' title='bbox 2749 2683 2967 2756; x_wconf 90' lang='lat' dir='ltr'>aliquid</span> <span class='ocrx_word' id='word_1_235' title='bbox 2994 2683 3280 2755; x_wconf 88' lang='lat' dir='ltr'>profectus</span> <span class='ocrx_word' id='word_1_236' title='bbox 3300 2683 3640 2755; x_wconf 89' lang='lat' dir='ltr'>prospicere.</span> <span class='ocrx_word' id='word_1_237' title='bbox 3663 2684 3733 2739; x_wconf 90' lang='lat' dir='ltr'>Et</span> <span class='ocrx_word' id='word_1_238' title='bbox 3754 2684 3866 2740; x_wconf 91' lang='lat' dir='ltr'>hoc</span> 
     </span>
    </p>
   </div>
   <div class='ocr_carea' id='block_1_23' title="bbox 494 2776 3866 2851">
    <p class='ocr_par' dir='ltr' id='par_1_23' title="bbox 494 2776 3866 2851">
     <span class='ocr_line' id='line_1_23' title="bbox 494 2776 3866 2851; baseline 0.001 -21"><span class='ocrx_word' id='word_1_239' title='bbox 494 2794 591 2831; x_wconf 89' lang='lat' dir='ltr'>vas</span> <span class='ocrx_word' id='word_1_240' title='bbox 620 2776 822 2848; x_wconf 90' lang='lat' dir='ltr'>spicas,</span> <span class='ocrx_word' id='word_1_241' title='bbox 854 2779 914 2831; x_wconf 89' lang='lat' dir='ltr'>et</span> <span class='ocrx_word' id='word_1_242' title='bbox 938 2792 1077 2832; x_wconf 89' lang='lat' dir='ltr'>uvas</span> <span class='ocrx_word' id='word_1_243' title='bbox 1107 2779 1166 2831; x_wconf 88' lang='lat' dir='ltr'>et</span> <span class='ocrx_word' id='word_1_244' title='bbox 1190 2777 1380 2832; x_wconf 91' lang='lat' dir='ltr'>oleum</span> <span class='ocrx_word' id='word_1_245' title='bbox 1401 2776 1477 2831; x_wconf 91' lang='lat' dir='ltr'>ad</span> <span class='ocrx_word' id='word_1_246' title='bbox 1501 2777 1894 2848; x_wconf 91' lang='lat' dir='ltr'>luminarium,</span> <span class='ocrx_word' id='word_1_247' title='bbox 1919 2781 1975 2833; x_wconf 90' lang='lat' dir='ltr'>et</span> <span class='ocrx_word' id='word_1_248' title='bbox 1993 2777 2123 2850; x_wconf 88' lang='lat' dir='ltr'>thy-</span> <span class='ocrx_word' id='word_1_249' title='bbox 2227 2793 2344 2832; x_wconf 91' lang='lat' dir='ltr'>non</span> <span class='ocrx_word' id='word_1_250' title='bbox 2375 2793 2410 2832; x_wconf 91' lang='lat' dir='ltr'>a</span> <span class='ocrx_word' id='word_1_251' title='bbox 2435 2777 2740 2849; x_wconf 89' lang='lat' dir='ltr'>semetipso</span> <span class='ocrx_word' id='word_1_252' title='bbox 2765 2779 3070 2849; x_wconf 87' lang='lat' dir='ltr'>pertentet,</span> <span class='ocrx_word' id='word_1_253' title='bbox 3099 2777 3197 2832; x_wconf 90' lang='lat' dir='ltr'>sed</span> <span class='ocrx_word' id='word_1_254' title='bbox 3229 2777 3541 2833; x_wconf 83' lang='lat' dir='ltr'>multorum</span> <span class='ocrx_word' id='word_1_255' title='bbox 3569 2777 3866 2851; x_wconf 88' lang='lat' dir='ltr'>episcopo-</span> 
     </span>
    </p>
   </div>
   <div class='ocr_carea' id='block_1_24' title="bbox 494 2869 3710 2943">
    <p class='ocr_par' dir='ltr' id='par_1_24' title="bbox 494 2869 3710 2943">
     <span class='ocr_line' id='line_1_24' title="bbox 494 2869 3710 2943; baseline 0.001 -19"><span class='ocrx_word' id='word_1_256' title='bbox 494 2869 727 2936; x_wconf 89' lang='lat' dir='ltr'>miama,</span> <span class='ocrx_word' id='word_1_257' title='bbox 766 2869 823 2925; x_wconf 91' lang='lat' dir='ltr'>id</span> <span class='ocrx_word' id='word_1_258' title='bbox 848 2873 933 2924; x_wconf 90' lang='lat' dir='ltr'>est</span> <span class='ocrx_word' id='word_1_259' title='bbox 969 2869 1286 2939; x_wconf 91' lang='lat' dir='ltr'>incensum,</span> <span class='ocrx_word' id='word_1_260' title='bbox 1314 2873 1576 2942; x_wconf 90' lang='lat' dir='ltr'>tempore</span> <span class='ocrx_word' id='word_1_261' title='bbox 1617 2887 1730 2943; x_wconf 90' lang='lat' dir='ltr'>quo</span> <span class='ocrx_word' id='word_1_262' title='bbox 1767 2887 1931 2926; x_wconf 89' lang='lat' dir='ltr'>sacra</span> <span class='ocrx_word' id='word_1_263' title='bbox 1975 2871 2124 2927; x_wconf 86' lang='lat' dir='ltr'>cele-</span> <span class='ocrx_word' id='word_1_264' title='bbox 2224 2886 2353 2925; x_wconf 91' lang='lat' dir='ltr'>rum</span> <span class='ocrx_word' id='word_1_265' title='bbox 2375 2870 2595 2941; x_wconf 91' lang='lat' dir='ltr'>judicio</span> <span class='ocrx_word' id='word_1_266' title='bbox 2627 2873 2684 2926; x_wconf 90' lang='lat' dir='ltr'>et</span> <span class='ocrx_word' id='word_1_267' title='bbox 2711 2871 2964 2926; x_wconf 89' lang='lat' dir='ltr'>maxima</span> <span class='ocrx_word' id='word_1_268' title='bbox 2994 2870 3407 2943; x_wconf 88' lang='lat' dir='ltr'>supplicatione</span> <span class='ocrx_word' id='word_1_269' title='bbox 3434 2871 3710 2942; x_wconf 86' lang='lat' dir='ltr'>perficiat.</span> 
     </span>
    </p>
   </div>
   <div class='ocr_carea' id='block_1_25' title="bbox 493 2961 3867 3038">
    <p class='ocr_par' dir='ltr' id='par_1_25' title="bbox 493 2961 3867 3038">
     <span class='ocr_line' id='line_1_25' title="bbox 493 2961 3867 3038; baseline 0.001 -21"><span class='ocrx_word' id='word_1_270' title='bbox 493 2963 693 3018; x_wconf 88' lang='lat' dir='ltr'>bratur</span> <span class='ocrx_word' id='word_1_271' title='bbox 719 2961 951 3018; x_wconf 91' lang='lat' dir='ltr'>oblatio.</span> <span class='ocrx_word' id='word_1_272' title='bbox 2295 2965 2403 3020; x_wconf 90' lang='lat' dir='ltr'>XV.</span> <span class='ocrx_word' id='word_1_273' title='bbox 2437 2963 2497 3020; x_wconf 93' lang='lat' dir='ltr'>Si</span> <span class='ocrx_word' id='word_1_274' title='bbox 2527 2964 2653 3036; x_wconf 89' lang='lat' dir='ltr'>quis</span> <span class='ocrx_word' id='word_1_275' title='bbox 2693 2964 2992 3036; x_wconf 84' lang='lat' dir='ltr'>presbyter</span> <span class='ocrx_word' id='word_1_276' title='bbox 3033 2966 3132 3019; x_wconf 88' lang='lat' dir='ltr'>aut</span> <span class='ocrx_word' id='word_1_277' title='bbox 3167 2963 3460 3031; x_wconf 89' lang='lat' dir='ltr'>diaconus,</span> <span class='ocrx_word' id='word_1_278' title='bbox 3492 2968 3592 3018; x_wconf 88' lang='lat' dir='ltr'>aut</span> <span class='ocrx_word' id='word_1_279' title='bbox 3618 2964 3867 3038; x_wconf 89' lang='lat' dir='ltr'>quilibet</span> 
     </span>
    </p>
   </div>
   <div class='ocr_carea' id='block_1_26' title="bbox 562 3047 3864 3130">
    <p class='ocr_par' dir='ltr' id='par_1_26' title="bbox 562 3047 3864 3130">
     <span class='ocr_line' id='line_1_26' title="bbox 562 3047 3864 3130; baseline 0.001 -19"><span class='ocrx_word' id='word_1_280' title='bbox 562 3057 626 3112; x_wconf 91' lang='lat' dir='ltr'><strong>V.</strong></span> <span class='ocrx_word' id='word_1_281' title='bbox 659 3057 895 3130; x_wconf 79' lang='lat' dir='ltr'>Reliqua</span> <span class='ocrx_word' id='word_1_282' title='bbox 917 3072 1089 3128; x_wconf 89' lang='lat' dir='ltr'>poma</span> <span class='ocrx_word' id='word_1_283' title='bbox 1109 3057 1302 3112; x_wconf 86' lang='lat' dir='ltr'>omnia</span> <span class='ocrx_word' id='word_1_284' title='bbox 1331 3057 1402 3112; x_wconf 90' lang='lat' dir='ltr'>ad</span> <span class='ocrx_word' id='word_1_285' title='bbox 1432 3057 1670 3112; x_wconf 89' lang='lat' dir='ltr'>domum</span> <span class='ocrx_word' id='word_1_286' title='bbox 1702 3056 1970 3129; x_wconf 68' lang='lat' dir='ltr'>primitias</span> <span class='ocrx_word' id='word_1_287' title='bbox 2001 3057 2122 3130; x_wconf 90' lang='lat' dir='ltr'>epi-</span> <span class='ocrx_word' id='word_1_288' title='bbox 2163 3125 2195 3130; x_wconf 28' lang='grc' dir='ltr'><strong>Δ</strong></span> <span class='ocrx_word' id='word_1_289' title='bbox 2224 3057 2295 3112; x_wconf 90' lang='lat' dir='ltr'>de</span> <span class='ocrx_word' id='word_1_290' title='bbox 2338 3073 2583 3113; x_wconf 88' lang='lat' dir='ltr'>numero</span> <span class='ocrx_word' id='word_1_291' title='bbox 2626 3047 2965 3112; x_wconf 84' lang='lat' dir='ltr'>clericorum</span> <span class='ocrx_word' id='word_1_292' title='bbox 3009 3057 3337 3129; x_wconf 90' lang='lat' dir='ltr'>relinquens</span> <span class='ocrx_word' id='word_1_293' title='bbox 3365 3057 3658 3128; x_wconf 80' lang='lat' dir='ltr'>prapriam</span> <span class='ocrx_word' id='word_1_294' title='bbox 3684 3074 3864 3130; x_wconf 86' lang='lat' dir='ltr'>paro-</span> 
     </span>
    </p>
   </div>
   <div class='ocr_carea' id='block_1_27' title="bbox 493 3125 3866 3223">
    <p class='ocr_par' dir='ltr' id='par_1_27' title="bbox 493 3125 3866 3223">
     <span class='ocr_line' id='line_1_27' title="bbox 493 3125 3866 3223; baseline 0.001 -19"><span class='ocrx_word' id='word_1_295' title='bbox 493 3165 662 3221; x_wconf 90' lang='lat' dir='ltr'>scopo</span> <span class='ocrx_word' id='word_1_296' title='bbox 705 3155 762 3205; x_wconf 89' lang='lat' dir='ltr'>et</span> <span class='ocrx_word' id='word_1_297' title='bbox 797 3125 1147 3222; x_wconf 73' lang='lat' dir='ltr'>presbyteris</span> <span class='ocrx_word' id='word_1_298' title='bbox 1190 3149 1529 3222; x_wconf 85' lang='lat' dir='ltr'>dirigantur,</span> <span class='ocrx_word' id='word_1_299' title='bbox 1570 3167 1676 3206; x_wconf 91' lang='lat' dir='ltr'>nec</span> <span class='ocrx_word' id='word_1_300' title='bbox 1704 3125 2122 3208; x_wconf 53' lang='lat' dir='ltr'>offerantur-in</span> <span class='ocrx_word' id='word_1_301' title='bbox 2145 3125 2200 3202; x_wconf 61' lang='grc' dir='ltr'>(ἶ</span> <span class='ocrx_word' id='word_1_302' title='bbox 2226 3149 2414 3205; x_wconf 89' lang='lat' dir='ltr'>chiam</span> <span class='ocrx_word' id='word_1_303' title='bbox 2442 3154 2647 3222; x_wconf 87' lang='lat' dir='ltr'>pergat</span> <span class='ocrx_word' id='word_1_304' title='bbox 2675 3150 2746 3206; x_wconf 91' lang='lat' dir='ltr'>ad</span> <span class='ocrx_word' id='word_1_305' title='bbox 2774 3150 3023 3206; x_wconf 87' lang='lat' dir='ltr'>alienam</span> <span class='ocrx_word' id='word_1_306' title='bbox 3054 3152 3112 3204; x_wconf 89' lang='lat' dir='ltr'>et</span> <span class='ocrx_word' id='word_1_307' title='bbox 3131 3125 3703 3222; x_wconf 51' lang='lat' dir='ltr'>omnino—demigrat,</span> <span class='ocrx_word' id='word_1_308' title='bbox 3717 3167 3866 3223; x_wconf 66' lang='lat' dir='ltr'>prte-</span> 
     </span>
    </p>
   </div>
   <div class='ocr_carea' id='block_1_28' title="bbox 491 3242 3867 3317">
    <p class='ocr_par' dir='ltr' id='par_1_28' title="bbox 491 3242 3867 3317">
     <span class='ocr_line' id='line_1_28' title="bbox 491 3242 3867 3317; baseline 0.001 -20"><span class='ocrx_word' id='word_1_309' title='bbox 491 3242 679 3298; x_wconf 88' lang='lat' dir='ltr'>altari.</span> <span class='ocrx_word' id='word_1_310' title='bbox 702 3244 933 3299; x_wconf 88' lang='lat' dir='ltr'>Certum</span> <span class='ocrx_word' id='word_1_311' title='bbox 967 3247 1052 3298; x_wconf 88' lang='lat' dir='ltr'>est</span> <span class='ocrx_word' id='word_1_312' title='bbox 1076 3245 1268 3298; x_wconf 87' lang='lat' dir='ltr'>autem</span> <span class='ocrx_word' id='word_1_313' title='bbox 1305 3243 1460 3316; x_wconf 92' lang='lat' dir='ltr'>quod</span> <span class='ocrx_word' id='word_1_314' title='bbox 1489 3243 1784 3316; x_wconf 87' lang='lat' dir='ltr'>episcopus</span> <span class='ocrx_word' id='word_1_315' title='bbox 1817 3247 1875 3301; x_wconf 89' lang='lat' dir='ltr'>et</span> <span class='ocrx_word' id='word_1_316' title='bbox 1900 3245 2128 3317; x_wconf 86' lang='lat' dir='ltr'>presby-</span> <span class='ocrx_word' id='word_1_317' title='bbox 2225 3247 2314 3299; x_wconf 89' lang='lat' dir='ltr'>ter</span> <span class='ocrx_word' id='word_1_318' title='bbox 2340 3243 2590 3315; x_wconf 90' lang='lat' dir='ltr'>episcopi</span> <span class='ocrx_word' id='word_1_319' title='bbox 2617 3243 2702 3298; x_wconf 91' lang='lat' dir='ltr'>sui</span> <span class='ocrx_word' id='word_1_320' title='bbox 2732 3243 3143 3299; x_wconf 88' lang='lat' dir='ltr'>conscientiam</span> <span class='ocrx_word' id='word_1_321' title='bbox 3182 3245 3245 3297; x_wconf 89' lang='lat' dir='ltr'>ut</span> <span class='ocrx_word' id='word_1_322' title='bbox 3283 3243 3342 3297; x_wconf 91' lang='lat' dir='ltr'>in</span> <span class='ocrx_word' id='word_1_323' title='bbox 3374 3243 3562 3298; x_wconf 88' lang='lat' dir='ltr'>aliena</span> <span class='ocrx_word' id='word_1_324' title='bbox 3587 3245 3867 3315; x_wconf 86' lang='lat' dir='ltr'>parochia</span> 
     </span>
    </p>
   </div>
   <div class='ocr_carea' id='block_1_29' title="bbox 491 3335 3862 3410">
    <p class='ocr_par' dir='ltr' id='par_1_29' title="bbox 491 3335 3862 3410">
     <span class='ocr_line' id='line_1_29' title="bbox 491 3335 3862 3410; baseline 0.001 -19"><span class='ocrx_word' id='word_1_325' title='bbox 491 3335 600 3392; x_wconf 90' lang='lat' dir='ltr'>teri</span> <span class='ocrx_word' id='word_1_326' title='bbox 641 3335 899 3391; x_wconf 86' lang='lat' dir='ltr'>dividant</span> <span class='ocrx_word' id='word_1_327' title='bbox 935 3335 1188 3391; x_wconf 89' lang='lat' dir='ltr'>diaconis</span> <span class='ocrx_word' id='word_1_328' title='bbox 1229 3342 1288 3392; x_wconf 90' lang='lat' dir='ltr'>et</span> <span class='ocrx_word' id='word_1_329' title='bbox 1326 3337 1562 3410; x_wconf 88' lang='lat' dir='ltr'>reliquis</span> <span class='ocrx_word' id='word_1_330' title='bbox 1601 3337 1839 3392; x_wconf 90' lang='lat' dir='ltr'>clericis.</span> <span class='ocrx_word' id='word_1_331' title='bbox 2225 3339 2629 3404; x_wconf 88' lang='lat' dir='ltr'>commoretur,</span> <span class='ocrx_word' id='word_1_332' title='bbox 2655 3336 2809 3391; x_wconf 92' lang='lat' dir='ltr'>hunc</span> <span class='ocrx_word' id='word_1_333' title='bbox 2842 3336 3076 3391; x_wconf 90' lang='lat' dir='ltr'>ulterius</span> <span class='ocrx_word' id='word_1_334' title='bbox 3097 3335 3422 3391; x_wconf 88' lang='lat' dir='ltr'>ministrare</span> <span class='ocrx_word' id='word_1_335' title='bbox 3443 3353 3554 3390; x_wconf 90' lang='lat' dir='ltr'>non</span> <span class='ocrx_word' id='word_1_336' title='bbox 3576 3336 3862 3407; x_wconf 88' lang='lat' dir='ltr'>patimur,</span> 
     </span>
    </p>
   </div>
   <div class='ocr_carea' id='block_1_30' title="bbox 561 3428 3978 3502">
    <p class='ocr_par' dir='ltr' id='par_1_30' title="bbox 561 3428 3978 3502">
     <span class='ocr_line' id='line_1_30' title="bbox 561 3428 3978 3502; baseline 0.001 -20"><span class='ocrx_word' id='word_1_337' title='bbox 561 3430 644 3484; x_wconf 94' lang='lat' dir='ltr'>VI.</span> <span class='ocrx_word' id='word_1_338' title='bbox 680 3429 984 3500; x_wconf 87' lang='lat' dir='ltr'>Episcopus</span> <span class='ocrx_word' id='word_1_339' title='bbox 1029 3433 1127 3484; x_wconf 88' lang='lat' dir='ltr'>aut</span> <span class='ocrx_word' id='word_1_340' title='bbox 1184 3429 1482 3502; x_wconf 78' lang='lat' dir='ltr'>presbyter</span> <span class='ocrx_word' id='word_1_341' title='bbox 1537 3446 1769 3486; x_wconf 84' lang='lat' dir='ltr'>uxorem</span> <span class='ocrx_word' id='word_1_342' title='bbox 1828 3430 2122 3502; x_wconf 88' lang='lat' dir='ltr'>propriam</span> <span class='ocrx_word' id='word_1_343' title='bbox 2225 3429 2513 3501; x_wconf 72' lang='lat' dir='ltr'>praecipue</span> <span class='ocrx_word' id='word_1_344' title='bbox 2544 3429 2590 3484; x_wconf 91' lang='lat' dir='ltr'>si</span> <span class='ocrx_word' id='word_1_345' title='bbox 2623 3433 2850 3485; x_wconf 89' lang='lat' dir='ltr'>vocatus</span> <span class='ocrx_word' id='word_1_346' title='bbox 2881 3429 2952 3484; x_wconf 89' lang='lat' dir='ltr'>ab</span> <span class='ocrx_word' id='word_1_347' title='bbox 2979 3428 3244 3501; x_wconf 88' lang='lat' dir='ltr'>episcopo</span> <span class='ocrx_word' id='word_1_348' title='bbox 3274 3429 3461 3485; x_wconf 88' lang='lat' dir='ltr'>redire</span> <span class='ocrx_word' id='word_1_349' title='bbox 3492 3433 3862 3501; x_wconf 87' lang='lat' dir='ltr'>contempse-</span> <span class='ocrx_word' id='word_1_350' title='bbox 3973 3445 3978 3449; x_wconf 92' lang='grc'><strong>·</strong></span> 
     </span>
    </p>
   </div>
   <div class='ocr_carea' id='block_1_31' title="bbox 491 3517 3859 3595">
    <p class='ocr_par' dir='ltr' id='par_1_31' title="bbox 491 3517 3859 3595">
     <span class='ocr_line' id='line_1_31' title="bbox 491 3517 3859 3595; baseline 0.001 -17"><span class='ocrx_word' id='word_1_351' title='bbox 491 3538 853 3595; x_wconf 90' lang='lat' dir='ltr'>nequaquam</span> <span class='ocrx_word' id='word_1_352' title='bbox 881 3522 986 3576; x_wconf 90' lang='lat' dir='ltr'>sub</span> <span class='ocrx_word' id='word_1_353' title='bbox 1020 3522 1256 3578; x_wconf 89' lang='lat' dir='ltr'>obtentu</span> <span class='ocrx_word' id='word_1_354' title='bbox 1289 3517 1582 3595; x_wconf 86' lang='lat' dir='ltr'>religionis</span> <span class='ocrx_word' id='word_1_355' title='bbox 1613 3523 1862 3595; x_wconf 87' lang='lat' dir='ltr'>abjiciat.</span> <span class='ocrx_word' id='word_1_356' title='bbox 1898 3524 1958 3579; x_wconf 91' lang='lat' dir='ltr'>Si</span> <span class='ocrx_word' id='word_1_357' title='bbox 1987 3540 2122 3579; x_wconf 90' lang='lat' dir='ltr'>vero</span> <span class='ocrx_word' id='word_1_358' title='bbox 2225 3521 2317 3590; x_wconf 89' lang='lat' dir='ltr'>rit,</span> <span class='ocrx_word' id='word_1_359' title='bbox 2345 3522 2406 3577; x_wconf 91' lang='lat' dir='ltr'>in</span> <span class='ocrx_word' id='word_1_360' title='bbox 2453 3540 2555 3577; x_wconf 90' lang='lat' dir='ltr'>sua</span> <span class='ocrx_word' id='word_1_361' title='bbox 2597 3523 2992 3595; x_wconf 86' lang='lat' dir='ltr'>inquietudine</span> <span class='ocrx_word' id='word_1_362' title='bbox 3029 3540 3417 3594; x_wconf 86' lang='lat' dir='ltr'>perseverans,</span> <span class='ocrx_word' id='word_1_363' title='bbox 3454 3525 3859 3580; x_wconf 86' lang='lat' dir='ltr'>verumtamen</span> 
     </span>
    </p>
   </div>
   <div class='ocr_carea' id='block_1_32' title="bbox 488 3615 3225 3688">
    <p class='ocr_par' dir='ltr' id='par_1_32' title="bbox 488 3615 3225 3688">
     <span class='ocr_line' id='line_1_32' title="bbox 488 3615 3225 3688; baseline 0 -18"><span class='ocrx_word' id='word_1_364' title='bbox 488 3615 774 3686; x_wconf 86' lang='lat' dir='ltr'>rejecerit,</span> <span class='ocrx_word' id='word_1_365' title='bbox 801 3615 1350 3684; x_wconf 79' lang='lat' dir='ltr'>excommunicetur,</span> <span class='ocrx_word' id='word_1_366' title='bbox 1371 3617 1471 3673; x_wconf 92' lang='lat' dir='ltr'>sed</span> <span class='ocrx_word' id='word_1_367' title='bbox 1492 3620 1549 3674; x_wconf 92' lang='lat' dir='ltr'>et</span> <span class='ocrx_word' id='word_1_368' title='bbox 1572 3617 1620 3672; x_wconf 90' lang='lat' dir='ltr'>si</span> <span class='ocrx_word' id='word_1_369' title='bbox 1645 3617 2118 3688; x_wconf 87' lang='lat' dir='ltr'>perseveraverit,</span> <span class='ocrx_word' id='word_1_370' title='bbox 2223 3618 2498 3686; x_wconf 88' lang='lat' dir='ltr'>tanquam</span> <span class='ocrx_word' id='word_1_371' title='bbox 2527 3615 2702 3672; x_wconf 91' lang='lat' dir='ltr'>laicus</span> <span class='ocrx_word' id='word_1_372' title='bbox 2729 3616 2807 3672; x_wconf 90' lang='lat' dir='ltr'>ibi</span> <span class='ocrx_word' id='word_1_373' title='bbox 2829 3617 3225 3672; x_wconf 89' lang='lat' dir='ltr'>communicet.</span> 
     </span>
    </p>
   </div>
   <div class='ocr_carea' id='block_1_33' title="bbox 491 3707 3860 3782">
    <p class='ocr_par' dir='ltr' id='par_1_33' title="bbox 491 3707 3860 3782">
     <span class='ocr_line' id='line_1_33' title="bbox 491 3707 3860 3782; baseline 0.001 -19"><span class='ocrx_word' id='word_1_374' title='bbox 491 3707 810 3779; x_wconf 88' lang='lat' dir='ltr'>dejiciatur.</span> <span class='ocrx_word' id='word_1_375' title='bbox 2290 3709 2421 3765; x_wconf 86' lang='lat' dir='ltr'>XVI.</span> <span class='ocrx_word' id='word_1_376' title='bbox 2473 3709 2778 3782; x_wconf 91' lang='lat' dir='ltr'>Episcopus</span> <span class='ocrx_word' id='word_1_377' title='bbox 2824 3727 2956 3764; x_wconf 91' lang='lat' dir='ltr'>vero</span> <span class='ocrx_word' id='word_1_378' title='bbox 3005 3709 3157 3780; x_wconf 90' lang='lat' dir='ltr'>apud</span> <span class='ocrx_word' id='word_1_379' title='bbox 3198 3724 3370 3779; x_wconf 87' lang='lat' dir='ltr'>quem</span> <span class='ocrx_word' id='word_1_380' title='bbox 3427 3714 3675 3765; x_wconf 87' lang='lat' dir='ltr'>moratos</span> <span class='ocrx_word' id='word_1_381' title='bbox 3729 3727 3860 3766; x_wconf 89' lang='lat' dir='ltr'>esse</span> 
     </span>
    </p>
   </div>
   <div class='ocr_carea' id='block_1_34' title="bbox 559 3799 3858 3875">
    <p class='ocr_par' dir='ltr' id='par_1_34' title="bbox 559 3799 3858 3875">
     <span class='ocr_line' id='line_1_34' title="bbox 559 3799 3858 3875; baseline 0.002 -21"><span class='ocrx_word' id='word_1_382' title='bbox 559 3801 662 3855; x_wconf 91' lang='lat' dir='ltr'><strong>VII.</strong></span> <span class='ocrx_word' id='word_1_383' title='bbox 697 3800 1021 3872; x_wconf 89' lang='lat' dir='ltr'>Episcopus,</span> <span class='ocrx_word' id='word_1_384' title='bbox 1069 3805 1169 3857; x_wconf 89' lang='lat' dir='ltr'>aut</span> <span class='ocrx_word' id='word_1_385' title='bbox 1209 3799 1526 3873; x_wconf 85' lang='lat' dir='ltr'>presbyter,</span> <span class='ocrx_word' id='word_1_386' title='bbox 1569 3805 1667 3857; x_wconf 88' lang='lat' dir='ltr'>aut</span> <span class='ocrx_word' id='word_1_387' title='bbox 1705 3801 1978 3858; x_wconf 88' lang='lat' dir='ltr'>diaconus</span> <span class='ocrx_word' id='word_1_388' title='bbox 2019 3819 2116 3859; x_wconf 87' lang='lat' dir='ltr'>ne-</span> <span class='ocrx_word' id='word_1_389' title='bbox 2220 3802 2554 3870; x_wconf 90' lang='lat' dir='ltr'>constiterit,</span> <span class='ocrx_word' id='word_1_390' title='bbox 2583 3802 2628 3856; x_wconf 89' lang='lat' dir='ltr'>si</span> <span class='ocrx_word' id='word_1_391' title='bbox 2655 3807 2849 3858; x_wconf 87' lang='lat' dir='ltr'>contra</span> <span class='ocrx_word' id='word_1_392' title='bbox 2889 3818 2984 3856; x_wconf 90' lang='lat' dir='ltr'>eos</span> <span class='ocrx_word' id='word_1_393' title='bbox 3021 3801 3307 3856; x_wconf 87' lang='lat' dir='ltr'>decretam</span> <span class='ocrx_word' id='word_1_394' title='bbox 3345 3801 3719 3858; x_wconf 90' lang='lat' dir='ltr'>cessationem</span> <span class='ocrx_word' id='word_1_395' title='bbox 3747 3821 3858 3875; x_wconf 86' lang='lat' dir='ltr'>pro</span> 
     </span>
    </p>
   </div>
   <div class='ocr_carea' id='block_1_35' title="bbox 487 3891 3853 3968">
    <p class='ocr_par' dir='ltr' id='par_1_35' title="bbox 487 3891 3853 3968">
     <span class='ocr_line' id='line_1_35' title="bbox 487 3891 3853 3968; baseline 0.001 -20"><span class='ocrx_word' id='word_1_396' title='bbox 487 3909 775 3966; x_wconf 87' lang='lat' dir='ltr'>quaquam</span> <span class='ocrx_word' id='word_1_397' title='bbox 799 3895 1100 3951; x_wconf 81' lang='lat' dir='ltr'>saeculares</span> <span class='ocrx_word' id='word_1_398' title='bbox 1123 3911 1289 3950; x_wconf 91' lang='lat' dir='ltr'>curas</span> <span class='ocrx_word' id='word_1_399' title='bbox 1315 3897 1593 3963; x_wconf 88' lang='lat' dir='ltr'>assumat;</span> <span class='ocrx_word' id='word_1_400' title='bbox 1626 3895 1714 3950; x_wconf 90' lang='lat' dir='ltr'>sin</span> <span class='ocrx_word' id='word_1_401' title='bbox 1739 3899 1950 3964; x_wconf 89' lang='lat' dir='ltr'>autem,</span> <span class='ocrx_word' id='word_1_402' title='bbox 1981 3895 2120 3968; x_wconf 90' lang='lat' dir='ltr'>deji-</span> <span class='ocrx_word' id='word_1_403' title='bbox 2221 3894 2401 3949; x_wconf 90' lang='lat' dir='ltr'>nihilo</span> <span class='ocrx_word' id='word_1_404' title='bbox 2428 3899 2720 3966; x_wconf 87' lang='lat' dir='ltr'>reputans,</span> <span class='ocrx_word' id='word_1_405' title='bbox 2755 3897 3034 3965; x_wconf 90' lang='lat' dir='ltr'>tanquam</span> <span class='ocrx_word' id='word_1_406' title='bbox 3060 3891 3291 3948; x_wconf 90' lang='lat' dir='ltr'>clericos</span> <span class='ocrx_word' id='word_1_407' title='bbox 3325 3893 3475 3950; x_wconf 87' lang='lat' dir='ltr'>forte</span> <span class='ocrx_word' id='word_1_408' title='bbox 3515 3897 3853 3968; x_wconf 89' lang='lat' dir='ltr'>susceperit,</span> 
     </span>
    </p>
   </div>
   <div class='ocr_carea' id='block_1_36' title="bbox 488 3985 3853 4060">
    <p class='ocr_par' dir='ltr' id='par_1_36' title="bbox 488 3985 3853 4060">
     <span class='ocr_line' id='line_1_36' title="bbox 488 3985 3853 4060; baseline 0.001 -18"><span class='ocrx_word' id='word_1_409' title='bbox 488 3987 696 4044; x_wconf 89' lang='lat' dir='ltr'>ciatur.</span> <span class='ocrx_word' id='word_1_410' title='bbox 2218 3988 2370 4042; x_wconf 90' lang='lat' dir='ltr'>velut</span> <span class='ocrx_word' id='word_1_411' title='bbox 2394 3985 2670 4058; x_wconf 88' lang='lat' dir='ltr'>magister</span> <span class='ocrx_word' id='word_1_412' title='bbox 2694 3985 3109 4057; x_wconf 89' lang='lat' dir='ltr'>inquietudinis</span> <span class='ocrx_word' id='word_1_413' title='bbox 3138 3987 3546 4043; x_wconf 89' lang='lat' dir='ltr'>communione</span> <span class='ocrx_word' id='word_1_414' title='bbox 3573 3989 3853 4060; x_wconf 88' lang='lat' dir='ltr'>privetur.</span> 
     </span>
    </p>
   </div>
   <div class='ocr_carea' id='block_1_37' title="bbox 555 4078 3850 4154">
    <p class='ocr_par' dir='ltr' id='par_1_37' title="bbox 555 4078 3850 4154">
     <span class='ocr_line' id='line_1_37' title="bbox 555 4078 3850 4154; baseline 0 -18"><span class='ocrx_word' id='word_1_415' title='bbox 555 4081 691 4136; x_wconf 90' lang='lat' dir='ltr'><strong>VIII.</strong></span> <span class='ocrx_word' id='word_1_416' title='bbox 725 4079 784 4135; x_wconf 93' lang='lat' dir='ltr'>Si</span> <span class='ocrx_word' id='word_1_417' title='bbox 808 4078 935 4152; x_wconf 90' lang='lat' dir='ltr'>quis</span> <span class='ocrx_word' id='word_1_418' title='bbox 967 4079 1286 4152; x_wconf 89' lang='lat' dir='ltr'>episcopus,</span> <span class='ocrx_word' id='word_1_419' title='bbox 1316 4085 1417 4136; x_wconf 86' lang='lat' dir='ltr'>aut</span> <span class='ocrx_word' id='word_1_420' title='bbox 1455 4081 1769 4154; x_wconf 88' lang='lat' dir='ltr'>presbyter,</span> <span class='ocrx_word' id='word_1_421' title='bbox 1803 4083 1902 4135; x_wconf 89' lang='lat' dir='ltr'>aut</span> <span class='ocrx_word' id='word_1_422' title='bbox 1929 4079 2115 4135; x_wconf 87' lang='lat' dir='ltr'>diaco-</span> <span class='ocrx_word' id='word_1_423' title='bbox 2288 4081 2438 4136; x_wconf 84' lang='lat' dir='ltr'><strong>XVII.</strong></span> <span class='ocrx_word' id='word_1_424' title='bbox 2473 4079 2528 4135; x_wconf 93' lang='lat' dir='ltr'>Si</span> <span class='ocrx_word' id='word_1_425' title='bbox 2574 4079 2702 4152; x_wconf 90' lang='lat' dir='ltr'>quis</span> <span class='ocrx_word' id='word_1_426' title='bbox 2748 4082 2875 4152; x_wconf 89' lang='lat' dir='ltr'>post</span> <span class='ocrx_word' id='word_1_427' title='bbox 2911 4079 3196 4152; x_wconf 89' lang='lat' dir='ltr'>baptisma</span> <span class='ocrx_word' id='word_1_428' title='bbox 3230 4081 3493 4137; x_wconf 91' lang='lat' dir='ltr'>secundis</span> <span class='ocrx_word' id='word_1_429' title='bbox 3535 4082 3711 4137; x_wconf 86' lang='lat' dir='ltr'>fuerit</span> <span class='ocrx_word' id='word_1_430' title='bbox 3736 4099 3850 4138; x_wconf 91' lang='lat' dir='ltr'>nu-</span> 
     </span>
    </p>
   </div>
   <div class='ocr_carea' id='block_1_38' title="bbox 481 4172 3855 4247">
    <p class='ocr_par' dir='ltr' id='par_1_38' title="bbox 481 4172 3855 4247">
     <span class='ocr_line' id='line_1_38' title="bbox 481 4172 3855 4247; baseline 0.001 -19"><span class='ocrx_word' id='word_1_431' title='bbox 481 4188 594 4228; x_wconf 89' lang='lat' dir='ltr'>nus</span> <span class='ocrx_word' id='word_1_432' title='bbox 635 4175 894 4228; x_wconf 88' lang='lat' dir='ltr'>sanctum</span> <span class='ocrx_word' id='word_1_433' title='bbox 935 4174 1166 4228; x_wconf 75' lang='lat' dir='ltr'>Paschae</span> <span class='ocrx_word' id='word_1_434' title='bbox 1195 4172 1348 4228; x_wconf 90' lang='lat' dir='ltr'>diem</span> <span class='ocrx_word' id='word_1_435' title='bbox 1388 4177 1521 4229; x_wconf 89' lang='lat' dir='ltr'>ante</span> <span class='ocrx_word' id='word_1_436' title='bbox 1554 4175 1781 4230; x_wconf 90' lang='lat' dir='ltr'>vernale</span> <span class='ocrx_word' id='word_1_437' title='bbox 1827 4172 2114 4246; x_wconf 70' lang='lat' dir='ltr'>aequinoc-</span> <span class='ocrx_word' id='word_1_438' title='bbox 2217 4174 2349 4247; x_wconf 85' lang='lat' dir='ltr'>ptiis</span> <span class='ocrx_word' id='word_1_439' title='bbox 2377 4174 2691 4245; x_wconf 89' lang='lat' dir='ltr'>copulatus,</span> <span class='ocrx_word' id='word_1_440' title='bbox 2725 4176 2825 4229; x_wconf 88' lang='lat' dir='ltr'>aut</span> <span class='ocrx_word' id='word_1_441' title='bbox 2858 4173 3236 4230; x_wconf 88' lang='lat' dir='ltr'>concubinam</span> <span class='ocrx_word' id='word_1_442' title='bbox 3273 4174 3560 4242; x_wconf 89' lang='lat' dir='ltr'>habuerit,</span> <span class='ocrx_word' id='word_1_443' title='bbox 3596 4192 3710 4231; x_wconf 87' lang='lat' dir='ltr'>non</span> <span class='ocrx_word' id='word_1_444' title='bbox 3745 4193 3855 4247; x_wconf 83' lang='lat' dir='ltr'>po-</span> 
     </span>
    </p>
   </div>
   <div class='ocr_carea' id='block_1_39' title="bbox 483 4265 3858 4339">
    <p class='ocr_par' dir='ltr' id='par_1_39' title="bbox 483 4265 3858 4339">
     <span class='ocr_line' id='line_1_39' title="bbox 483 4265 3858 4339; baseline 0.001 -18"><span class='ocrx_word' id='word_1_445' title='bbox 483 4265 631 4321; x_wconf 90' lang='lat' dir='ltr'>tium</span> <span class='ocrx_word' id='word_1_446' title='bbox 655 4281 788 4320; x_wconf 91' lang='lat' dir='ltr'>cum</span> <span class='ocrx_word' id='word_1_447' title='bbox 813 4265 1022 4321; x_wconf 65' lang='lat' dir='ltr'>Judzeis</span> <span class='ocrx_word' id='word_1_448' title='bbox 1049 4266 1441 4335; x_wconf 88' lang='lat' dir='ltr'>celebraverit,</span> <span class='ocrx_word' id='word_1_449' title='bbox 1471 4267 1793 4339; x_wconf 87' lang='lat' dir='ltr'>abjiciatur.</span> <span class='ocrx_word' id='word_1_450' title='bbox 2013 4307 2022 4318; x_wconf 69' lang='lat'><strong>.</strong></span> <span class='ocrx_word' id='word_1_451' title='bbox 2215 4271 2326 4322; x_wconf 89' lang='lat' dir='ltr'>test</span> <span class='ocrx_word' id='word_1_452' title='bbox 2353 4283 2474 4322; x_wconf 88' lang='lat' dir='ltr'>esse</span> <span class='ocrx_word' id='word_1_453' title='bbox 2508 4266 2823 4338; x_wconf 89' lang='lat' dir='ltr'>episcopus,</span> <span class='ocrx_word' id='word_1_454' title='bbox 2853 4283 2957 4322; x_wconf 91' lang='lat' dir='ltr'>nec</span> <span class='ocrx_word' id='word_1_455' title='bbox 2982 4267 3299 4339; x_wconf 89' lang='lat' dir='ltr'>presbyter,</span> <span class='ocrx_word' id='word_1_456' title='bbox 3321 4273 3419 4323; x_wconf 88' lang='lat' dir='ltr'>aut</span> <span class='ocrx_word' id='word_1_457' title='bbox 3439 4267 3730 4339; x_wconf 88' lang='lat' dir='ltr'>diaconus,</span> <span class='ocrx_word' id='word_1_458' title='bbox 3751 4273 3858 4324; x_wconf 89' lang='lat' dir='ltr'>aut</span> 
     </span>
    </p>
   </div>
   <div class='ocr_carea' id='block_1_40' title="bbox 555 4357 3855 4434">
    <p class='ocr_par' dir='ltr' id='par_1_40' title="bbox 555 4357 3855 4434">
     <span class='ocr_line' id='line_1_40' title="bbox 555 4357 3855 4434; baseline 0.002 -21"><span class='ocrx_word' id='word_1_459' title='bbox 555 4359 641 4414; x_wconf 88' lang='lat' dir='ltr'>IX.</span> <span class='ocrx_word' id='word_1_460' title='bbox 665 4357 724 4414; x_wconf 90' lang='lat' dir='ltr'>Si</span> <span class='ocrx_word' id='word_1_461' title='bbox 745 4358 872 4430; x_wconf 89' lang='lat' dir='ltr'>quis</span> <span class='ocrx_word' id='word_1_462' title='bbox 897 4357 1215 4433; x_wconf 90' lang='lat' dir='ltr'>episcopus,</span> <span class='ocrx_word' id='word_1_463' title='bbox 1243 4364 1340 4417; x_wconf 88' lang='lat' dir='ltr'>aut</span> <span class='ocrx_word' id='word_1_464' title='bbox 1366 4361 1677 4433; x_wconf 88' lang='lat' dir='ltr'>presbyter,</span> <span class='ocrx_word' id='word_1_465' title='bbox 1701 4365 1800 4417; x_wconf 90' lang='lat' dir='ltr'>aut</span> <span class='ocrx_word' id='word_1_466' title='bbox 1824 4360 2114 4429; x_wconf 90' lang='lat' dir='ltr'>diaconus,</span> <span class='ocrx_word' id='word_1_467' title='bbox 2215 4377 2446 4434; x_wconf 88' lang='lat' dir='ltr'>prorsus</span> <span class='ocrx_word' id='word_1_468' title='bbox 2473 4377 2537 4416; x_wconf 84' lang='lat' dir='ltr'>ex</span> <span class='ocrx_word' id='word_1_469' title='bbox 2569 4376 2811 4417; x_wconf 90' lang='lat' dir='ltr'>numero</span> <span class='ocrx_word' id='word_1_470' title='bbox 2836 4361 3065 4416; x_wconf 92' lang='lat' dir='ltr'>illorum</span> <span class='ocrx_word' id='word_1_471' title='bbox 3096 4361 3194 4433; x_wconf 86' lang='lat' dir='ltr'>qui</span> <span class='ocrx_word' id='word_1_472' title='bbox 3217 4360 3539 4416; x_wconf 88' lang='lat' dir='ltr'>ministerio</span> <span class='ocrx_word' id='word_1_473' title='bbox 3565 4377 3723 4416; x_wconf 88' lang='lat' dir='ltr'>sacro</span> <span class='ocrx_word' id='word_1_474' title='bbox 3755 4362 3855 4419; x_wconf 84' lang='lat' dir='ltr'>de-</span> 
     </span>
    </p>
   </div>
   <div class='ocr_carea' id='block_1_41' title="bbox 485 4451 2489 4525">
    <p class='ocr_par' dir='ltr' id='par_1_41' title="bbox 485 4451 2489 4525">
     <span class='ocr_line' id='line_1_41' title="bbox 485 4451 2489 4525; baseline 0.001 -20"><span class='ocrx_word' id='word_1_475' title='bbox 485 4452 571 4506; x_wconf 91' lang='lat' dir='ltr'>vel</span> <span class='ocrx_word' id='word_1_476' title='bbox 600 4451 840 4525; x_wconf 88' lang='lat' dir='ltr'>quilibet</span> <span class='ocrx_word' id='word_1_477' title='bbox 865 4469 936 4509; x_wconf 86' lang='lat' dir='ltr'>ex</span> <span class='ocrx_word' id='word_1_478' title='bbox 961 4453 1300 4510; x_wconf 87' lang='lat' dir='ltr'>sacerdotali</span> <span class='ocrx_word' id='word_1_479' title='bbox 1337 4454 1590 4525; x_wconf 85' lang='lat' dir='ltr'>catalogo</span> <span class='ocrx_word' id='word_1_480' title='bbox 1625 4453 1777 4510; x_wconf 89' lang='lat' dir='ltr'>facta</span> <span class='ocrx_word' id='word_1_481' title='bbox 1805 4453 2112 4523; x_wconf 88' lang='lat' dir='ltr'>oblatione,</span> <span class='ocrx_word' id='word_1_482' title='bbox 2133 4490 2193 4525; x_wconf 70' lang='grc' dir='ltr'>η</span> <span class='ocrx_word' id='word_1_483' title='bbox 2217 4453 2489 4510; x_wconf 89' lang='lat' dir='ltr'>serviunt.</span> 
     </span>
    </p>
   </div>
   <div class='ocr_carea' id='block_1_42' title="bbox 482 4545 3858 4620">
    <p class='ocr_par' dir='ltr' id='par_1_42' title="bbox 482 4545 3858 4620">
     <span class='ocr_line' id='line_1_42' title="bbox 482 4545 3858 4620; baseline 0.001 -18"><span class='ocrx_word' id='word_1_484' title='bbox 482 4562 606 4603; x_wconf 87' lang='lat' dir='ltr'>non</span> <span class='ocrx_word' id='word_1_485' title='bbox 633 4545 1160 4616; x_wconf 89' lang='lat' dir='ltr'>communicaverit,</span> <span class='ocrx_word' id='word_1_486' title='bbox 1197 4550 1294 4602; x_wconf 90' lang='lat' dir='ltr'>aut</span> <span class='ocrx_word' id='word_1_487' title='bbox 1329 4564 1558 4603; x_wconf 88' lang='lat' dir='ltr'>causam</span> <span class='ocrx_word' id='word_1_488' title='bbox 1589 4547 1740 4603; x_wconf 89' lang='lat' dir='ltr'>dicat</span> <span class='ocrx_word' id='word_1_489' title='bbox 1773 4547 1836 4617; x_wconf 89' lang='lat' dir='ltr'>(si</span> <span class='ocrx_word' id='word_1_490' title='bbox 1865 4547 2112 4603; x_wconf 88' lang='lat' dir='ltr'>rationa-</span> <span class='ocrx_word' id='word_1_491' title='bbox 2134 4545 2191 4564; x_wconf 86' lang='grc'>¹¹</span> <span class='ocrx_word' id='word_1_492' title='bbox 2285 4549 2458 4605; x_wconf 86' lang='lat' dir='ltr'><strong>XVII].</strong></span> <span class='ocrx_word' id='word_1_493' title='bbox 2488 4547 2546 4604; x_wconf 91' lang='lat' dir='ltr'>Si</span> <span class='ocrx_word' id='word_1_494' title='bbox 2593 4548 2718 4620; x_wconf 89' lang='lat' dir='ltr'>quis</span> <span class='ocrx_word' id='word_1_495' title='bbox 2759 4547 2986 4603; x_wconf 88' lang='lat' dir='ltr'>viduam</span> <span class='ocrx_word' id='word_1_496' title='bbox 3030 4551 3088 4603; x_wconf 90' lang='lat' dir='ltr'>et</span> <span class='ocrx_word' id='word_1_497' title='bbox 3129 4548 3372 4620; x_wconf 86' lang='lat' dir='ltr'>ejectam</span> <span class='ocrx_word' id='word_1_498' title='bbox 3413 4549 3710 4620; x_wconf 89' lang='lat' dir='ltr'>acceperit,</span> <span class='ocrx_word' id='word_1_499' title='bbox 3750 4554 3858 4605; x_wconf 89' lang='lat' dir='ltr'>aut</span> 
     </span>
    </p>
   </div>
   <div class='ocr_carea' id='block_1_43' title="bbox 482 4638 3855 4715">
    <p class='ocr_par' dir='ltr' id='par_1_43' title="bbox 482 4638 3855 4715">
     <span class='ocr_line' id='line_1_43' title="bbox 482 4638 3855 4715; baseline 0.002 -22"><span class='ocrx_word' id='word_1_500' title='bbox 482 4638 612 4694; x_wconf 90' lang='lat' dir='ltr'>bilis</span> <span class='ocrx_word' id='word_1_501' title='bbox 639 4640 830 4709; x_wconf 88' lang='lat' dir='ltr'>fuerit,</span> <span class='ocrx_word' id='word_1_502' title='bbox 859 4640 1084 4697; x_wconf 86' lang='lat' dir='ltr'>veniam</span> <span class='ocrx_word' id='word_1_503' title='bbox 1113 4640 1512 4713; x_wconf 88' lang='lat' dir='ltr'>consequatur)</span> <span class='ocrx_word' id='word_1_504' title='bbox 1537 4644 1637 4695; x_wconf 92' lang='lat' dir='ltr'>aut</span> <span class='ocrx_word' id='word_1_505' title='bbox 1667 4642 1712 4695; x_wconf 91' lang='lat' dir='ltr'>si</span> <span class='ocrx_word' id='word_1_506' title='bbox 1747 4658 1865 4696; x_wconf 93' lang='lat' dir='ltr'>non</span> <span class='ocrx_word' id='word_1_507' title='bbox 1890 4641 2114 4709; x_wconf 86' lang='lat' dir='ltr'>dixerit,</span> <span class='ocrx_word' id='word_1_508' title='bbox 2218 4641 2604 4711; x_wconf 88' lang='lat' dir='ltr'>meretricem,</span> <span class='ocrx_word' id='word_1_509' title='bbox 2636 4644 2734 4696; x_wconf 91' lang='lat' dir='ltr'>aut</span> <span class='ocrx_word' id='word_1_510' title='bbox 2769 4641 3057 4710; x_wconf 87' lang='lat' dir='ltr'>ancillam,</span> <span class='ocrx_word' id='word_1_511' title='bbox 3089 4642 3174 4696; x_wconf 89' lang='lat' dir='ltr'>vel</span> <span class='ocrx_word' id='word_1_512' title='bbox 3202 4641 3452 4714; x_wconf 89' lang='lat' dir='ltr'>aliquam</span> <span class='ocrx_word' id='word_1_513' title='bbox 3491 4642 3561 4696; x_wconf 91' lang='lat' dir='ltr'>de</span> <span class='ocrx_word' id='word_1_514' title='bbox 3592 4642 3680 4697; x_wconf 91' lang='lat' dir='ltr'>his</span> <span class='ocrx_word' id='word_1_515' title='bbox 3722 4659 3855 4715; x_wconf 61' lang='lat' dir='ltr'>quae</span> 
     </span>
    </p>
   </div>
   <div class='ocr_carea' id='block_1_44' title="bbox 483 4732 3853 4808">
    <p class='ocr_par' dir='ltr' id='par_1_44' title="bbox 483 4732 3853 4808">
     <span class='ocr_line' id='line_1_44' title="bbox 483 4732 3853 4808; baseline 0.002 -22"><span class='ocrx_word' id='word_1_516' title='bbox 483 4732 888 4790; x_wconf 88' lang='lat' dir='ltr'>communione</span> <span class='ocrx_word' id='word_1_517' title='bbox 929 4734 1201 4805; x_wconf 88' lang='lat' dir='ltr'>privetur,</span> <span class='ocrx_word' id='word_1_518' title='bbox 1238 4738 1515 4806; x_wconf 88' lang='lat' dir='ltr'>tanquam</span> <span class='ocrx_word' id='word_1_519' title='bbox 1558 4735 1656 4806; x_wconf 91' lang='lat' dir='ltr'>qui</span> <span class='ocrx_word' id='word_1_520' title='bbox 1692 4735 1904 4806; x_wconf 91' lang='lat' dir='ltr'>populo</span> <span class='ocrx_word' id='word_1_521' title='bbox 1947 4751 2116 4789; x_wconf 87' lang='lat' dir='ltr'>causa</span> <span class='ocrx_word' id='word_1_522' title='bbox 2216 4733 2461 4806; x_wconf 91' lang='lat' dir='ltr'>publicis</span> <span class='ocrx_word' id='word_1_523' title='bbox 2500 4735 2832 4806; x_wconf 87' lang='lat' dir='ltr'>spectaculis</span> <span class='ocrx_word' id='word_1_524' title='bbox 2880 4735 3298 4806; x_wconf 87' lang='lat' dir='ltr'>mancipantur,</span> <span class='ocrx_word' id='word_1_525' title='bbox 3341 4751 3454 4789; x_wconf 90' lang='lat' dir='ltr'>non</span> <span class='ocrx_word' id='word_1_526' title='bbox 3495 4739 3684 4808; x_wconf 88' lang='lat' dir='ltr'>potest</span> <span class='ocrx_word' id='word_1_527' title='bbox 3725 4753 3853 4793; x_wconf 86' lang='lat' dir='ltr'>esse</span> 
     </span>
    </p>
   </div>
   <div class='ocr_carea' id='block_1_45' title="bbox 479 4824 3848 4900">
    <p class='ocr_par' dir='ltr' id='par_1_45' title="bbox 479 4824 3848 4900">
     <span class='ocr_line' id='line_1_45' title="bbox 479 4824 3848 4900; baseline 0.001 -19"><span class='ocrx_word' id='word_1_528' title='bbox 479 4824 725 4882; x_wconf 60' lang='lat' dir='ltr'>Iasionis</span> <span class='ocrx_word' id='word_1_529' title='bbox 753 4826 1052 4896; x_wconf 84' lang='lat' dir='ltr'>exstiterit,</span> <span class='ocrx_word' id='word_1_530' title='bbox 1083 4827 1228 4883; x_wconf 89' lang='lat' dir='ltr'>dans</span> <span class='ocrx_word' id='word_1_531' title='bbox 1249 4827 1629 4899; x_wconf 89' lang='lat' dir='ltr'>suspicionem</span> <span class='ocrx_word' id='word_1_532' title='bbox 1651 4828 1722 4884; x_wconf 89' lang='lat' dir='ltr'>de</span> <span class='ocrx_word' id='word_1_533' title='bbox 1744 4844 1810 4883; x_wconf 90' lang='lat' dir='ltr'>eo</span> <span class='ocrx_word' id='word_1_534' title='bbox 1836 4827 1932 4900; x_wconf 93' lang='lat' dir='ltr'>qui</span> <span class='ocrx_word' id='word_1_535' title='bbox 1951 4827 2117 4883; x_wconf 89' lang='lat' dir='ltr'>sacri-</span> <span class='ocrx_word' id='word_1_536' title='bbox 2219 4827 2537 4900; x_wconf 91' lang='lat' dir='ltr'>episcopus,</span> <span class='ocrx_word' id='word_1_537' title='bbox 2574 4832 2671 4883; x_wconf 90' lang='lat' dir='ltr'>aut</span> <span class='ocrx_word' id='word_1_538' title='bbox 2712 4827 3027 4900; x_wconf 90' lang='lat' dir='ltr'>presbyter,</span> <span class='ocrx_word' id='word_1_539' title='bbox 3071 4830 3171 4882; x_wconf 89' lang='lat' dir='ltr'>aut</span> <span class='ocrx_word' id='word_1_540' title='bbox 3209 4827 3502 4895; x_wconf 89' lang='lat' dir='ltr'>diaconus,</span> <span class='ocrx_word' id='word_1_541' title='bbox 3535 4832 3635 4885; x_wconf 89' lang='lat' dir='ltr'>aut</span> <span class='ocrx_word' id='word_1_542' title='bbox 3675 4845 3742 4884; x_wconf 84' lang='lat' dir='ltr'>ex</span> <span class='ocrx_word' id='word_1_543' title='bbox 3776 4847 3848 4886; x_wconf 90' lang='lat' dir='ltr'>eo</span> 
     </span>
    </p>
   </div>
   <div class='ocr_carea' id='block_1_46' title="bbox 479 4919 3485 4993">
    <p class='ocr_par' dir='ltr' id='par_1_46' title="bbox 479 4919 3485 4993">
     <span class='ocr_line' id='line_1_46' title="bbox 479 4919 3485 4993; baseline 0.001 -19"><span class='ocrx_word' id='word_1_544' title='bbox 479 4919 689 4990; x_wconf 78' lang='lat' dir='ltr'>ﬂcavit,</span> <span class='ocrx_word' id='word_1_545' title='bbox 720 4921 878 4993; x_wconf 90' lang='lat' dir='ltr'>quod</span> <span class='ocrx_word' id='word_1_546' title='bbox 905 4926 1055 4976; x_wconf 88' lang='lat' dir='ltr'>recte</span> <span class='ocrx_word' id='word_1_547' title='bbox 1083 4937 1198 4976; x_wconf 92' lang='lat' dir='ltr'>non</span> <span class='ocrx_word' id='word_1_548' title='bbox 1225 4920 1512 4976; x_wconf 90' lang='lat' dir='ltr'>obtulerit.</span> <span class='ocrx_word' id='word_1_549' title='bbox 2216 4937 2458 4976; x_wconf 90' lang='lat' dir='ltr'>numero</span> <span class='ocrx_word' id='word_1_550' title='bbox 2485 4920 2584 4993; x_wconf 89' lang='lat' dir='ltr'>qui</span> <span class='ocrx_word' id='word_1_551' title='bbox 2612 4920 2928 4976; x_wconf 89' lang='lat' dir='ltr'>ministerio</span> <span class='ocrx_word' id='word_1_552' title='bbox 2955 4937 3110 4975; x_wconf 86' lang='lat' dir='ltr'>sacro</span> <span class='ocrx_word' id='word_1_553' title='bbox 3137 4919 3485 4976; x_wconf 88' lang='lat' dir='ltr'>deserviunt.</span> 
     </span>
    </p>
   </div>
   <div class='ocr_carea' id='block_1_47' title="bbox 549 5012 3845 5087">
    <p class='ocr_par' dir='ltr' id='par_1_47' title="bbox 549 5012 3845 5087">
     <span class='ocr_line' id='line_1_47' title="bbox 549 5012 3845 5087; baseline 0.001 -17"><span class='ocrx_word' id='word_1_554' title='bbox 549 5015 612 5070; x_wconf 89' lang='lat' dir='ltr'>X.</span> <span class='ocrx_word' id='word_1_555' title='bbox 643 5013 854 5071; x_wconf 92' lang='lat' dir='ltr'>Omnes</span> <span class='ocrx_word' id='word_1_556' title='bbox 896 5014 1093 5070; x_wconf 85' lang='lat' dir='ltr'>ﬁdeles</span> <span class='ocrx_word' id='word_1_557' title='bbox 1142 5015 1241 5087; x_wconf 91' lang='lat' dir='ltr'>qui</span> <span class='ocrx_word' id='word_1_558' title='bbox 1290 5014 1693 5086; x_wconf 89' lang='lat' dir='ltr'>ingrediuntur</span> <span class='ocrx_word' id='word_1_559' title='bbox 1730 5013 2027 5069; x_wconf 89' lang='lat' dir='ltr'>ecclesiam</span> <span class='ocrx_word' id='word_1_560' title='bbox 2058 5019 2115 5070; x_wconf 90' lang='lat' dir='ltr'>ct</span> <span class='ocrx_word' id='word_1_561' title='bbox 2284 5015 2415 5074; x_wconf 85' lang='lat' dir='ltr'><strong>XIX.</strong></span> <span class='ocrx_word' id='word_1_562' title='bbox 2436 5013 2546 5079; x_wconf 88' lang='lat' dir='ltr'>Qui</span> <span class='ocrx_word' id='word_1_563' title='bbox 2569 5014 2706 5069; x_wconf 90' lang='lat' dir='ltr'>duas</span> <span class='ocrx_word' id='word_1_564' title='bbox 2731 5013 2789 5068; x_wconf 92' lang='lat' dir='ltr'>in</span> <span class='ocrx_word' id='word_1_565' title='bbox 2816 5012 3151 5084; x_wconf 89' lang='lat' dir='ltr'>conjugium</span> <span class='ocrx_word' id='word_1_566' title='bbox 3180 5030 3406 5070; x_wconf 90' lang='lat' dir='ltr'>sorores</span> <span class='ocrx_word' id='word_1_567' title='bbox 3426 5016 3730 5087; x_wconf 88' lang='lat' dir='ltr'>acceperit,</span> <span class='ocrx_word' id='word_1_568' title='bbox 3753 5017 3845 5072; x_wconf 90' lang='lat' dir='ltr'>vel</span> 
     </span>
    </p>
   </div>
   <div class='ocr_carea' id='block_1_48' title="bbox 478 5106 3459 5180">
    <p class='ocr_par' dir='ltr' id='par_1_48' title="bbox 478 5106 3459 5180">
     <span class='ocr_line' id='line_1_48' title="bbox 478 5106 3459 5180; baseline -0.001 -16"><span class='ocrx_word' id='word_1_569' title='bbox 478 5106 798 5180; x_wconf 88' lang='lat' dir='ltr'>Scripturas</span> <span class='ocrx_word' id='word_1_570' title='bbox 824 5107 1084 5178; x_wconf 87' lang='lat' dir='ltr'>audiunt,</span> <span class='ocrx_word' id='word_1_571' title='bbox 1113 5126 1233 5165; x_wconf 91' lang='lat' dir='ltr'>non</span> <span class='ocrx_word' id='word_1_572' title='bbox 1272 5111 1467 5164; x_wconf 90' lang='lat' dir='ltr'>autem</span> <span class='ocrx_word' id='word_1_573' title='bbox 1496 5111 1861 5180; x_wconf 90' lang='lat' dir='ltr'>perseverant</span> <span class='ocrx_word' id='word_1_574' title='bbox 1887 5109 1947 5163; x_wconf 92' lang='lat' dir='ltr'>in</span> <span class='ocrx_word' id='word_1_575' title='bbox 1979 5126 2110 5164; x_wconf 90' lang='lat' dir='ltr'>ora-</span> <span class='ocrx_word' id='word_1_576' title='bbox 2213 5107 2391 5163; x_wconf 80' lang='lat' dir='ltr'>ﬁliam</span> <span class='ocrx_word' id='word_1_577' title='bbox 2431 5107 2644 5176; x_wconf 85' lang='lat' dir='ltr'>fratris,</span> <span class='ocrx_word' id='word_1_578' title='bbox 2676 5106 2914 5163; x_wconf 88' lang='lat' dir='ltr'>clericus</span> <span class='ocrx_word' id='word_1_579' title='bbox 2941 5123 3061 5161; x_wconf 91' lang='lat' dir='ltr'>esse</span> <span class='ocrx_word' id='word_1_580' title='bbox 3086 5124 3202 5164; x_wconf 92' lang='lat' dir='ltr'>non</span> <span class='ocrx_word' id='word_1_581' title='bbox 3230 5108 3459 5180; x_wconf 89' lang='lat' dir='ltr'>poterit.</span> 
     </span>
    </p>
   </div>
   <div class='ocr_carea' id='block_1_49' title="bbox 477 5198 3841 5280">
    <p class='ocr_par' dir='ltr' id='par_1_49' title="bbox 477 5198 3841 5280">
     <span class='ocr_line' id='line_1_49' title="bbox 477 5198 3841 5280; baseline 0.001 -25"><span class='ocrx_word' id='word_1_582' title='bbox 477 5200 651 5271; x_wconf 85' lang='lat' dir='ltr'>tione,</span> <span class='ocrx_word' id='word_1_583' title='bbox 683 5217 792 5260; x_wconf 90' lang='lat' dir='ltr'>nec</span> <span class='ocrx_word' id='word_1_584' title='bbox 816 5205 1073 5280; x_wconf 76' lang='lat' dir='ltr'>sanctam</span> <span class='ocrx_word' id='word_1_585' title='bbox 1103 5199 1570 5258; x_wconf 91' lang='lat' dir='ltr'>communionem</span> <span class='ocrx_word' id='word_1_586' title='bbox 1595 5200 1939 5273; x_wconf 86' lang='lat' dir='ltr'>percipiunt,</span> <span class='ocrx_word' id='word_1_587' title='bbox 1962 5203 2111 5257; x_wconf 83' lang='lat' dir='ltr'>velut</span> <span class='ocrx_word' id='word_1_588' title='bbox 2284 5203 2388 5258; x_wconf 88' lang='lat' dir='ltr'>XX.</span> <span class='ocrx_word' id='word_1_589' title='bbox 2427 5201 2675 5257; x_wconf 89' lang='lat' dir='ltr'>Clericus</span> <span class='ocrx_word' id='word_1_590' title='bbox 2724 5198 3181 5272; x_wconf 83' lang='lat' dir='ltr'>ﬁdejussionibus</span> <span class='ocrx_word' id='word_1_591' title='bbox 3229 5201 3562 5271; x_wconf 84' lang='lat' dir='ltr'>inserviens,</span> <span class='ocrx_word' id='word_1_592' title='bbox 3605 5202 3841 5275; x_wconf 86' lang='lat' dir='ltr'>abjicia-</span> 
     </span>
    </p>
   </div>
   <div class='ocr_carea' id='block_1_50' title="bbox 476 5294 2328 5367">
    <p class='ocr_par' dir='ltr' id='par_1_50' title="bbox 476 5294 2328 5367">
     <span class='ocr_line' id='line_1_50' title="bbox 476 5294 2328 5367; baseline 0.001 -19"><span class='ocrx_word' id='word_1_593' title='bbox 476 5294 906 5367; x_wconf 88' lang='lat' dir='ltr'>inquietudines</span> <span class='ocrx_word' id='word_1_594' title='bbox 927 5295 1186 5354; x_wconf 84' lang='lat' dir='ltr'>Ecclesiae</span> <span class='ocrx_word' id='word_1_595' title='bbox 1207 5297 1655 5362; x_wconf 90' lang='lat' dir='ltr'>commoventes,</span> <span class='ocrx_word' id='word_1_596' title='bbox 1675 5295 1943 5351; x_wconf 91' lang='lat' dir='ltr'>convenit</span> <span class='ocrx_word' id='word_1_597' title='bbox 1963 5311 2112 5352; x_wconf 88' lang='lat' dir='ltr'>com-</span> <span class='ocrx_word' id='word_1_598' title='bbox 2217 5297 2328 5350; x_wconf 92' lang='lat' dir='ltr'>tur.</span> 
     </span>
    </p>
   </div>
   <div class='ocr_carea' id='block_1_51' title="bbox 475 5387 3842 5461">
    <p class='ocr_par' dir='ltr' id='par_1_51' title="bbox 475 5387 3842 5461">
     <span class='ocr_line' id='line_1_51' title="bbox 475 5387 3842 5461; baseline 0.001 -19"><span class='ocrx_word' id='word_1_599' title='bbox 475 5387 756 5444; x_wconf 90' lang='lat' dir='ltr'>munione</span> <span class='ocrx_word' id='word_1_600' title='bbox 787 5389 1021 5461; x_wconf 85' lang='lat' dir='ltr'>privari.</span> <span class='ocrx_word' id='word_1_601' title='bbox 2284 5390 2414 5445; x_wconf 90' lang='lat' dir='ltr'><strong>XXI.</strong></span> <span class='ocrx_word' id='word_1_602' title='bbox 2462 5387 2767 5445; x_wconf 88' lang='lat' dir='ltr'>Eunuchus</span> <span class='ocrx_word' id='word_1_603' title='bbox 2815 5387 2861 5443; x_wconf 90' lang='lat' dir='ltr'>si</span> <span class='ocrx_word' id='word_1_604' title='bbox 2905 5404 3008 5460; x_wconf 90' lang='lat' dir='ltr'>per</span> <span class='ocrx_word' id='word_1_605' title='bbox 3044 5387 3278 5442; x_wconf 88' lang='lat' dir='ltr'>insidias</span> <span class='ocrx_word' id='word_1_606' title='bbox 3318 5387 3621 5444; x_wconf 90' lang='lat' dir='ltr'>hominum</span> <span class='ocrx_word' id='word_1_607' title='bbox 3659 5390 3842 5445; x_wconf 90' lang='lat' dir='ltr'>factus</span> 
     </span>
    </p>
   </div>
   <div class='ocr_carea' id='block_1_52' title="bbox 542 5480 3836 5556">
    <p class='ocr_par' dir='ltr' id='par_1_52' title="bbox 542 5480 3836 5556">
     <span class='ocr_line' id='line_1_52' title="bbox 542 5480 3836 5556; baseline 0.001 -20"><span class='ocrx_word' id='word_1_608' title='bbox 542 5481 628 5536; x_wconf 90' lang='lat' dir='ltr'>XI.</span> <span class='ocrx_word' id='word_1_609' title='bbox 663 5482 717 5538; x_wconf 92' lang='lat' dir='ltr'>Si</span> <span class='ocrx_word' id='word_1_610' title='bbox 749 5482 875 5556; x_wconf 91' lang='lat' dir='ltr'>quis</span> <span class='ocrx_word' id='word_1_611' title='bbox 900 5497 1030 5536; x_wconf 93' lang='lat' dir='ltr'>cum</span> <span class='ocrx_word' id='word_1_612' title='bbox 1063 5481 1564 5536; x_wconf 83' lang='lat' dir='ltr'>excommunicato</span> <span class='ocrx_word' id='word_1_613' title='bbox 1595 5481 1799 5535; x_wconf 85' lang='lat' dir='ltr'>saltem</span> <span class='ocrx_word' id='word_1_614' title='bbox 1835 5480 1898 5536; x_wconf 91' lang='lat' dir='ltr'>in</span> <span class='ocrx_word' id='word_1_615' title='bbox 1939 5481 2108 5537; x_wconf 93' lang='lat' dir='ltr'>domo</span> <span class='ocrx_word' id='word_1_616' title='bbox 2209 5486 2311 5551; x_wconf 91' lang='lat' dir='ltr'>est,</span> <span class='ocrx_word' id='word_1_617' title='bbox 2333 5482 2420 5539; x_wconf 89' lang='lat' dir='ltr'>vel</span> <span class='ocrx_word' id='word_1_618' title='bbox 2440 5482 2488 5538; x_wconf 91' lang='lat' dir='ltr'>si</span> <span class='ocrx_word' id='word_1_619' title='bbox 2511 5481 2571 5537; x_wconf 89' lang='lat' dir='ltr'>in</span> <span class='ocrx_word' id='word_1_620' title='bbox 2598 5481 2991 5553; x_wconf 87' lang='lat' dir='ltr'>persecutione</span> <span class='ocrx_word' id='word_1_621' title='bbox 3019 5481 3139 5553; x_wconf 89' lang='lat' dir='ltr'>ejus</span> <span class='ocrx_word' id='word_1_622' title='bbox 3167 5487 3300 5536; x_wconf 84' lang='lat' dir='ltr'>sunt</span> <span class='ocrx_word' id='word_1_623' title='bbox 3320 5485 3614 5554; x_wconf 89' lang='lat' dir='ltr'>amputata</span> <span class='ocrx_word' id='word_1_624' title='bbox 3634 5483 3836 5550; x_wconf 87' lang='lat' dir='ltr'>virilia,</span> 
     </span>
    </p>
   </div>
   <div class='ocr_carea' id='block_1_53' title="bbox 471 5571 3836 5649">
    <p class='ocr_par' dir='ltr' id='par_1_53' title="bbox 471 5571 3836 5649">
     <span class='ocr_line' id='line_1_53' title="bbox 471 5571 3836 5649; baseline 0.002 -23"><span class='ocrx_word' id='word_1_625' title='bbox 471 5571 642 5629; x_wconf 91' lang='lat' dir='ltr'>simul</span> <span class='ocrx_word' id='word_1_626' title='bbox 671 5574 936 5642; x_wconf 90' lang='lat' dir='ltr'>oraverit,</span> <span class='ocrx_word' id='word_1_627' title='bbox 969 5574 1072 5630; x_wconf 86' lang='lat' dir='ltr'>iste</span> <span class='ocrx_word' id='word_1_628' title='bbox 1097 5572 1503 5629; x_wconf 90' lang='lat' dir='ltr'>communione</span> <span class='ocrx_word' id='word_1_629' title='bbox 1532 5574 1804 5644; x_wconf 91' lang='lat' dir='ltr'>privetur.</span> <span class='ocrx_word' id='word_1_630' title='bbox 2208 5578 2296 5630; x_wconf 92' lang='lat' dir='ltr'>vel</span> <span class='ocrx_word' id='word_1_631' title='bbox 2332 5575 2378 5631; x_wconf 91' lang='lat' dir='ltr'>si</span> <span class='ocrx_word' id='word_1_632' title='bbox 2421 5574 2499 5631; x_wconf 88' lang='lat' dir='ltr'>ita</span> <span class='ocrx_word' id='word_1_633' title='bbox 2535 5580 2701 5631; x_wconf 90' lang='lat' dir='ltr'>natus</span> <span class='ocrx_word' id='word_1_634' title='bbox 2738 5577 2824 5631; x_wconf 89' lang='lat' dir='ltr'>est</span> <span class='ocrx_word' id='word_1_635' title='bbox 2861 5579 2918 5631; x_wconf 91' lang='lat' dir='ltr'>et</span> <span class='ocrx_word' id='word_1_636' title='bbox 2945 5576 3029 5630; x_wconf 88' lang='lat' dir='ltr'>est</span> <span class='ocrx_word' id='word_1_637' title='bbox 3055 5574 3284 5647; x_wconf 88' lang='lat' dir='ltr'>dignus,</span> <span class='ocrx_word' id='word_1_638' title='bbox 3312 5574 3594 5632; x_wconf 84' lang='lat' dir='ltr'>efﬁciatur</span> <span class='ocrx_word' id='word_1_639' title='bbox 3618 5575 3836 5649; x_wconf 85' lang='lat' dir='ltr'>episco-</span> 
     </span>
    </p>
   </div>
   <div class='ocr_carea' id='block_1_54' title="bbox 546 5666 2332 5740">
    <p class='ocr_par' dir='ltr' id='par_1_54' title="bbox 546 5666 2332 5740">
     <span class='ocr_line' id='line_1_54' title="bbox 546 5666 2332 5740; baseline 0.003 -20"><span class='ocrx_word' id='word_1_640' title='bbox 546 5667 655 5722; x_wconf 90' lang='lat' dir='ltr'><strong>XII.</strong></span> <span class='ocrx_word' id='word_1_641' title='bbox 689 5668 744 5724; x_wconf 92' lang='lat' dir='ltr'>Si</span> <span class='ocrx_word' id='word_1_642' title='bbox 770 5669 896 5740; x_wconf 91' lang='lat' dir='ltr'>quis</span> <span class='ocrx_word' id='word_1_643' title='bbox 923 5684 1054 5723; x_wconf 90' lang='lat' dir='ltr'>cum</span> <span class='ocrx_word' id='word_1_644' title='bbox 1095 5667 1372 5722; x_wconf 88' lang='lat' dir='ltr'>damnato</span> <span class='ocrx_word' id='word_1_645' title='bbox 1401 5666 1608 5722; x_wconf 88' lang='lat' dir='ltr'>clerico</span> <span class='ocrx_word' id='word_1_646' title='bbox 1635 5666 1807 5722; x_wconf 91' lang='lat' dir='ltr'>veluti</span> <span class='ocrx_word' id='word_1_647' title='bbox 1832 5683 1964 5723; x_wconf 92' lang='lat' dir='ltr'>cum</span> <span class='ocrx_word' id='word_1_648' title='bbox 1993 5669 2102 5724; x_wconf 89' lang='lat' dir='ltr'>cle-</span> <span class='ocrx_word' id='word_1_649' title='bbox 2209 5686 2332 5740; x_wconf 90' lang='lat' dir='ltr'>pus.</span> 
     </span>
    </p>
   </div>
   <div class='ocr_carea' id='block_1_55' title="bbox 468 5755 3833 5837">
    <p class='ocr_par' dir='ltr' id='par_1_55' title="bbox 468 5755 3833 5837">
     <span class='ocr_line' id='line_1_55' title="bbox 468 5755 3833 5837; baseline 0.002 -27"><span class='ocrx_word' id='word_1_650' title='bbox 468 5755 585 5812; x_wconf 90' lang='lat' dir='ltr'>rico</span> <span class='ocrx_word' id='word_1_651' title='bbox 612 5758 778 5816; x_wconf 90' lang='lat' dir='ltr'>simul</span> <span class='ocrx_word' id='word_1_652' title='bbox 809 5761 1072 5831; x_wconf 87' lang='lat' dir='ltr'>oraverit,</span> <span class='ocrx_word' id='word_1_653' title='bbox 1104 5761 1209 5816; x_wconf 89' lang='lat' dir='ltr'>iste</span> <span class='ocrx_word' id='word_1_654' title='bbox 1241 5759 1574 5816; x_wconf 88' lang='lat' dir='ltr'>damnetur.</span> <span class='ocrx_word' id='word_1_655' title='bbox 2275 5764 2423 5819; x_wconf 84' lang='lat' dir='ltr'><strong>XXII.</strong></span> <span class='ocrx_word' id='word_1_656' title='bbox 2453 5763 2511 5819; x_wconf 94' lang='lat' dir='ltr'>Si</span> <span class='ocrx_word' id='word_1_657' title='bbox 2539 5763 2667 5837; x_wconf 87' lang='lat' dir='ltr'>quis</span> <span class='ocrx_word' id='word_1_658' title='bbox 2695 5762 2936 5818; x_wconf 87' lang='lat' dir='ltr'>abscidit</span> <span class='ocrx_word' id='word_1_659' title='bbox 2960 5762 3356 5834; x_wconf 87' lang='lat' dir='ltr'>semetipsum,</span> <span class='ocrx_word' id='word_1_660' title='bbox 3391 5762 3442 5818; x_wconf 88' lang='lat' dir='ltr'>id</span> <span class='ocrx_word' id='word_1_661' title='bbox 3476 5766 3580 5829; x_wconf 89' lang='lat' dir='ltr'>est,</span> <span class='ocrx_word' id='word_1_662' title='bbox 3621 5763 3666 5818; x_wconf 89' lang='lat' dir='ltr'>si</span> <span class='ocrx_word' id='word_1_663' title='bbox 3706 5763 3833 5836; x_wconf 90' lang='lat' dir='ltr'>quis</span> 
     </span>
    </p>
   </div>
   <div class='ocr_carea' id='block_1_56' title="bbox 533 5851 3830 5929">
    <p class='ocr_par' dir='ltr' id='par_1_56' title="bbox 533 5851 3830 5929">
     <span class='ocr_line' id='line_1_56' title="bbox 533 5851 3830 5929; baseline 0.001 -20"><span class='ocrx_word' id='word_1_664' title='bbox 533 5851 660 5909; x_wconf 84' lang='lat' dir='ltr'><strong>XIII.</strong></span> <span class='ocrx_word' id='word_1_665' title='bbox 691 5853 747 5910; x_wconf 90' lang='lat' dir='ltr'>Si</span> <span class='ocrx_word' id='word_1_666' title='bbox 792 5855 918 5926; x_wconf 91' lang='lat' dir='ltr'>quis</span> <span class='ocrx_word' id='word_1_667' title='bbox 961 5855 1217 5924; x_wconf 90' lang='lat' dir='ltr'>clericus,</span> <span class='ocrx_word' id='word_1_668' title='bbox 1259 5858 1358 5910; x_wconf 89' lang='lat' dir='ltr'>aut</span> <span class='ocrx_word' id='word_1_669' title='bbox 1400 5854 1592 5923; x_wconf 87' lang='lat' dir='ltr'>laicus,</span> <span class='ocrx_word' id='word_1_670' title='bbox 1625 5871 1657 5911; x_wconf 90' lang='lat' dir='ltr'>a</span> <span class='ocrx_word' id='word_1_671' title='bbox 1699 5853 2102 5912; x_wconf 86' lang='lat' dir='ltr'>communione</span> <span class='ocrx_word' id='word_1_672' title='bbox 2202 5857 2518 5928; x_wconf 88' lang='lat' dir='ltr'>amputavit</span> <span class='ocrx_word' id='word_1_673' title='bbox 2565 5856 2672 5913; x_wconf 89' lang='lat' dir='ltr'>sibi</span> <span class='ocrx_word' id='word_1_674' title='bbox 2721 5855 2919 5920; x_wconf 86' lang='lat' dir='ltr'>virilia,</span> <span class='ocrx_word' id='word_1_675' title='bbox 2969 5872 3084 5912; x_wconf 90' lang='lat' dir='ltr'>non</span> <span class='ocrx_word' id='word_1_676' title='bbox 3127 5855 3228 5912; x_wconf 79' lang='lat' dir='ltr'>ﬁat</span> <span class='ocrx_word' id='word_1_677' title='bbox 3275 5855 3529 5926; x_wconf 88' lang='lat' dir='ltr'>clericus,</span> <span class='ocrx_word' id='word_1_678' title='bbox 3567 5857 3700 5929; x_wconf 86' lang='lat' dir='ltr'>quia</span> <span class='ocrx_word' id='word_1_679' title='bbox 3747 5857 3830 5911; x_wconf 89' lang='lat' dir='ltr'>sui</span> 
     </span>
    </p>
   </div>
  </div>
