4046 6188
270 294 328 346 I7
1496 287 1968 346 DECRETALIUM
2007 288 2394 347 COLLECTIO.
3555 284 3617 339 I8

261 399 435 469 ipsius
513 396 798 452 homicida
863 404 965 468 est,
1031 398 1132 454 Dei
1197 399 1534 454 conditionis
1598 399 1878 455 inimicus.
1903 400 2086 479 Aput
2125 397 2481 468 existiment,
2522 403 2578 454 et
2616 399 2760 455 nihil
2793 401 3036 471 amplius
3077 401 3284 471 praeter
3327 395 3449 470 ejus
3481 402 3619 454 con4

323 493 503 547 XXIII.
541 491 595 547 Si
621 492 770 562 quis,
798 508 930 546 cum
974 491 1208 547 clericus
1244 491 1438 560 fuerit,
1471 493 1772 548 absciderit
1799 509 1881 548 se-

1984 489 2278 545 scientiam
2331 497 2548 561 gerant,
2595 509 2766 563 quam
2807 493 2903 548 illa
2941 493 3059 548 sola
3093 493 3416 564 singulique
3452 507 3616 564 paro-

257 585 586 658 metipsum,
624 584 861 639 omnino
906 585 1230 652 damnetur,
1263 585 1397 659 quia
1437 601 1572 640 suus
1600 585 1885 641 homicida
1983 583 2124 638 chiaa
2153 585 2401 656 proprite
2427 591 2484 641 et
2520 586 2662 640 villis
2701 602 2826 657 quae
2853 587 2956 641 sub
2982 603 3045 641 ea
3073 590 3226 655 sunt,
3256 587 3608 655 competunt.

257 686 353 735 est.

1983 675 2090 732 Sed
2114 693 2216 733 nec
2239 677 2332 732 ille
2362 682 2574 750 praeter
2597 679 2853 734 omnium
2881 679 3286 735 conscientiam
3318 679 3483 733 faciat
3510 679 3612 732 ali-

320 773 496 829 XXIV.
527 772 724 827 Laicus
748 772 1114 844 semetipsum
1137 771 1489 839 abscindens,
1513 773 1674 827 annis
1702 774 1884 829 tribus
1984 770 2123 841 quid
2154 771 2213 825 in
2242 788 2440 826 eorum
2478 772 2778 844 parochiis,
2809 772 2886 827 sic
2917 773 3074 826 enim
3107 772 3449 828 unanimitas
3477 770 3605 839 erit,

254 865 653 922 communione
679 865 954 938 privetur,
985 866 1121 938 quia
1145 881 1264 922 suae
1294 865 1422 920 vita:
1450 865 1751 923 insidiator
1781 884 1880 924 ex-

254 959 405 1014 stitit.

317 1053 469 1108 XXV.
511 1052 834 1124 Episcopus,
860 1057 959 1108 aut
983 1051 1297 1124 presbyter,
1331 1056 1430 1107 aut
1461 1053 1752 1124 diaconus,
1783 1056 1881 1127 qui

255 1146 305 1200 in
331 1144 729 1213 fornicatione,
775 1149 873 1200 aut
915 1145 1187 1217 perjurio,
1225 1149 1324 1200 aut
1357 1146 1510 1201 furto
1552 1151 1750 1218 captus
1774 1153 1877 1215 est,

1982 867 2038 919 et
2069 863 2478 936 glorificabitur
2529 867 2671 922 Deus
2713 881 2817 938 per
2848 866 3131 922 Christum
3162 866 3222 921 in
3250 865 3458 937 Spiritu
3483 881 3612 919 san-

1981 961 2092 1012 cto.

2050 1055 2266 1110 XXXVI.
2315 1055 2652 1126 Episcopum
2701 1071 2815 1109 non
2875 1054 3086 1110 audere
3130 1058 3287 1109 extra
3330 1054 3606 1107 terminos

1979 1147 2236 1218 proprios
2280 1147 2638 1203 ordinatores
2680 1148 2862 1202 facere
2906 1147 2963 1201 in
3010 1146 3326 1202 civitatibus
3370 1149 3426 1200 et
3463 1144 3610 1199 villis

253 1239 588 1310 deponatur,
620 1255 740 1294 non
767 1244 962 1294 tamen
998 1239 1402 1294 communione
1440 1240 1714 1312 privetur,
1742 1242 1880 1297 dicit
1981 1257 2109 1312 quae
2140 1240 2222 1296 illi
2247 1241 2401 1295 nullo
2433 1242 2564 1311 jure
2602 1241 2870 1312 subjecta
2901 1245 3052 1296 sunt.
3082 1240 3136 1296 Si
3162 1255 3294 1294 vero
3321 1239 3610 1293 convictus

251 1333 396 1387 enim
439 1333 772 1404 Scriptura:
815 1334 934 1388 Non
971 1332 1247 1404 judicabit
1285 1335 1557 1390 Dominus
1593 1335 1677 1390 bis
1702 1335 1761 1391 in
1791 1336 1874 1390 id-

250 1427 455 1498 ipsum.

307 1521 479 1575 XXVI.
511 1520 784 1576 Similiter
822 1528 878 1578 et
922 1521 1125 1593 reliqui
1170 1523 1356 1579 clerici
1391 1523 1526 1578 huic
1564 1523 1874 1579 conditioni

248 1612 361 1684 subj
369 1619 590 1668 aceant.

1976 1333 2147 1388 fuerit
2187 1333 2295 1388 hoc
2341 1333 2534 1389 fecisse
2577 1337 2787 1405 praeter
2816 1350 3018 1389 eorum
3065 1332 3466 1388 conscientiam
3508 1330 3607 1401 qui

1976 1426 2223 1482 civitates
2248 1427 2396 1498 ipsas
2430 1432 2486 1482 et
2521 1427 2676 1481 villas
2721 1428 2996 1496 detinent,
3030 1430 3086 1482 et
3124 1426 3244 1498 ipse
3290 1426 3609 1496 deponatur

1976 1524 2033 1574 et
2062 1519 2158 1591 qui
2189 1520 2259 1574 ab
2280 1520 2376 1574 illo
2413 1525 2546 1575 sunt
2568 1520 2830 1576 ordinati.

1939 1651 1944 1655 -
2046 1614 2290 1669 XXXVII.
2337 1613 2394 1668 Si
2439 1614 2568 1685 quis
2620 1615 2914 1686 episcopus
2951 1630 3064 1669 non
3125 1612 3431 1684 susceperit
3476 1611 3602 1666 ofﬁ-

312 1707 509 1762 XXVII.
543 1709 605 1763 In
648 1708 860 1780 nuptiis
903 1714 1090 1764 autem
1122 1710 1218 1781 qui
1267 1711 1337 1765 ad
1374 1712 1590 1764 clerum
1628 1711 1873 1781 provecti
1897 1769 1944 1781 ﬁ
1973 1706 2124 1760 cium
2152 1712 2207 1762 et
2241 1723 2438 1761 curam
2472 1708 2668 1778 populi
2701 1707 2784 1762 sui
2814 1707 3194 1773 commissam,
3222 1705 3314 1761 hic
3343 1721 3601 1760 commu-

248 1804 389 1868 sunt,
418 1800 806 1873 praecipimus,
837 1805 901 1856 ut
926 1802 971 1857 si
1004 1803 1308 1870 voluerint,
1337 1819 1543 1858 uxores
1569 1803 1870 1874 accipiant,
1895 1769 1951 1841 Β
1973 1800 2144 1854 nione
2177 1799 2447 1871 privetur,
2483 1800 2852 1871 quoadusque
2878 1801 3199 1855 consentiat
3222 1797 3602 1853 obedientiam

248 1893 340 1948 sed
366 1893 608 1949 loctores
629 1897 997 1967 cantoresque
1025 1897 1444 1952 tantummodo.

313 1987 537 2042 XXVIII.
572 1987 914 2060 Episcopum
955 1992 1056 2044 aut
1092 1989 1510 2062 presbyterum,
1553 1995 1652 2044 aut
1680 1989 1869 2045 diaco-

249 2095 389 2134 num
416 2082 822 2151 percntientem
853 2081 1048 2137 ﬁdeles
1073 2069 1486 2154 delinquentes,
1505 2088 1603 2138 aut
1615 2082 1874 2138 inﬁdeles

245 2173 435 2244 inique
469 2179 726 2245 agentes,
761 2178 817 2228 et
847 2191 950 2246 per
982 2175 1314 2247 hujusmodi
1338 2177 1626 2232 volentem
1654 2177 1869 2246 timeri,

246 2265 401 2335 dejici
428 2265 502 2320 ab
529 2266 718 2321 ofﬁcio
747 2284 848 2322 suo
880 2268 1265 2340 pra-cipimus,
1294 2269 1430 2341 quia
1459 2286 1744 2341 nusquam
1769 2286 1872 2324 nos

245 2358 340 2412 hoc
373 2359 522 2413 Deus
563 2360 773 2416 docuit.
809 2363 848 2416 E
874 2361 1153 2418 contrario
1179 2379 1333 2431 vero,
1364 2363 1484 2434 ipse
1513 2380 1642 2417 cum
1668 2379 1868 2435 percu-

242 2455 464 2520 teretur,
499 2470 616 2508 non
644 2454 1098 2525 repercutiebat;
1121 2472 1254 2510 eum
1281 2455 1734 2523 malediceretur,
1754 2472 1872 2512 non

244 2545 646 2612 maledicebat;
670 2563 803 2602 cum
833 2550 1152 2620 pateretur,
1179 2565 1293 2604 non
1320 2549 1796 2604 comminabatur.

306 2640 476 2694 XXIX.
507 2626 572 2694 Si
603 2640 734 2711 quis
766 2641 1083 2712 episcopus,
1129 2647 1228 2697 aut
1260 2642 1576 2714 presbyter,
1618 2648 1716 2698 aut
1758 2643 1872 2698 dia-

243 2748 405 2787 conus
435 2733 739 2805 depositus
759 2735 914 2805 juste
940 2751 1112 2806 super
1134 2736 1303 2790 certis
1329 2735 1682 2804 criminibus,
1702 2752 1871 2791 ausus

240 2825 398 2881 fuerit
414 2830 724 2882 attrectare
737 2827 1118 2884 ministerium
1131 2828 1349 2884 dudum
1361 2828 1469 2884 sibi
1483 2829 1866 2899 commissum,

243 2918 320 2974 hic
338 2919 406 2974 ab
434 2920 690 2975 Ecclesia
713 2921 942 2992 penitus
964 2921 1343 2977 abscindatur.

299 3013 440 3069 XXX.
481 3013 538 3069 Si
579 3013 707 3085 quis
745 3014 1063 3085 episcopus,
1094 3019 1194 3070 aut
1217 3014 1533 3086 presbyter,
1563 3019 1662 3070 aut
1689 3015 1870 3070 diaco-

1973 1893 2360 1948 commodans.
2397 1893 2666 1949 Similiter
2697 1898 2753 1948 et
2794 1894 3092 1965 presbyter
3127 1898 3183 1947 et
3221 1893 3527 1959 diaconus;
3558 1891 3604 1945 si

1973 2002 2104 2040 vero
2148 1986 2481 2058 perrexerit,
2524 2003 2628 2042 nec
2669 1991 2932 2058 receptus
2969 1985 3160 2056 fuerit,
3197 2003 3314 2041 non
3351 2001 3456 2056 pro
3501 2000 3604 2038 sua

1973 2080 2269 2150 sententia,
2299 2081 2396 2135 sed
2429 2097 2533 2152 pro
2577 2080 2789 2134 malitia
2829 2081 3045 2152 populi,
3075 2080 3194 2151 ipse
3229 2078 3462 2151 quidem
3484 2094 3602 2132 ma-

1975 2178 2106 2228 neat
2131 2174 2426 2244 episcopus
2457 2192 2470 2228 :
2518 2173 2702 2229 clerici
2752 2189 2888 2228 vero
2929 2173 3167 2229 civitatis
3203 2171 3603 2228 communione

1973 2267 2284 2338 priventur,
2328 2283 2394 2322 eo
2437 2268 2587 2338 quod
2627 2267 2940 2322 eruditores
2987 2265 3364 2322 inobedientis
3407 2264 3601 2338 populi

1971 2377 2084 2415 non
2117 2361 2368 2416 fuerunt.

2043 2455 2308 2510 XXXVIII.
2348 2455 2437 2508 Bis
2480 2454 2541 2509 in
2579 2470 2730 2508 anno
2770 2454 3004 2509 concilia
3036 2454 3428 2526 episcoporum
3464 2453 3603 2508 cele-

1970 2549 2227 2618 brentur,
2262 2553 2324 2603 ut
2349 2548 2499 2602 inter
2518 2563 2577 2604 se
2603 2548 2847 2603 invicem
2874 2548 3137 2620 dogmata
3161 2547 3385 2618 pietatis
3413 2546 3604 2617 explo-

1971 2647 2117 2709 rent,
2148 2647 2204 2697 et
2231 2645 2599 2712 exsurgentes
2627 2641 3020 2696 ecclesiasticas
3041 2640 3430 2696 contentiones
3448 2655 3603 2694 amo-

1971 2740 2158 2804 yeant,
2188 2734 2361 2790 semel
2386 2735 2619 2806 quidem
2649 2737 2857 2806 quarta
2880 2735 3200 2805 septimana
3220 2735 3598 2797 Pentecostes,

1968 2828 2214 2884 secundo
2239 2845 2372 2884 vero
2406 2828 2744 2884 duodecimo
2781 2827 2872 2882 die
2908 2827 3121 2883 mensis
3156 2825 3512 2897 Iperberetae,
3545 2823 3602 2879 id

1969 2925 2072 2989 est,
2097 2922 2253 2992 justa
2276 2923 2578 2988 Romanos,
2607 2938 2663 2975 ιν
2693 2921 2822 2976 Idus
2848 2920 3120 2976 Octobris.

2039 3015 2262 3070 XXXIX.
2291 3014 2559 3069 Omnium
2590 3014 2951 3086 negotiorum
2978 3011 3483 3068 ecclesiasticorum
3509 3028 3600 3065 cu-

241 3121 330 3160 nus
363 3123 480 3178 per
506 3106 777 3178 pecunias
802 3107 951 3162 hanc
976 3107 1288 3163 obtinuerit
1321 3107 1686 3179 dignitatem,
1722 3109 1866 3179 deji-
1889 3129 1944 3204 C
1971 3124 2095 3162 ram
2137 3107 2435 3178 episcopus
2479 3107 2706 3175 habeat,
2756 3111 2812 3162 et
2859 3123 2943 3176 ea,
2991 3107 3147 3160 velut
3192 3106 3301 3161 Deo
3348 3109 3601 3160 contem-

240 3200 418 3269 ciatur,
448 3205 513 3256 et
561 3199 861 3255 ordinator
889 3201 1031 3271 ejus,
1074 3204 1132 3255 et
1173 3217 1206 3255 a
1243 3200 1646 3256 communione
1684 3201 1868 3256 modis

242 3293 489 3348 omnibus
532 3293 922 3361 abscindatur,
966 3293 1112 3349 sicut
1153 3294 1348 3350 Simon
1393 3296 1586 3366 Magus
1622 3311 1654 3348 a
1680 3296 1863 3349 Petro.

299 3387 456 3441 XXXI.
502 3386 563 3441 Si
607 3386 737 3457 quis
773 3386 1066 3458 episcopus
1106 3387 1466 3441 saecularibus
1500 3387 1868 3457 potestatibus

243 3494 374 3547 usus,
418 3479 730 3535 ecclesiam
771 3495 875 3551 per
920 3479 1067 3551 ipsas
1114 3480 1399 3548 obtineat,
1446 3480 1784 3551 deponatur,
1813 3485 1869 3536 et

242 3578 611 3641 segregantur
627 3588 825 3626 omnes
850 3571 1172 3644 quicunque
1202 3571 1281 3626 illi
1306 3573 1755 3627 communicant.

301 3663 488 3721 XXXII.
528 3665 588 3720 Si
635 3665 764 3736 quis
796 3664 1094 3736 presbyter
1122 3669 1496 3720 contemnens
1535 3664 1866 3736 episcopum

242 3770 410 3824 suum,
438 3773 706 3813 seorsum
756 3757 1029 3828 populum
1073 3757 1384 3829 collegerit,
1423 3763 1480 3812 et
1511 3757 1683 3813 altare
1711 3757 1865 3812 aliud

242 3849 484 3920 erexerit,
531 3849 679 3904 nihil
713 3849 925 3904 habens
961 3867 1074 3922 quo
1114 3851 1497 3922 reprehendat
1537 3851 1865 3922 episcopum

242 3940 292 3994 in
315 3958 474 3998 causa
502 3943 745 4014 pietatis
761 3947 817 3998 et
844 3943 1101 4013 justitiae,
1142 3944 1480 4014 deponatur,
1516 3944 1673 4014 quasi
1703 3944 1862 4015 prin-

240 4033 436 4104 cipatus
462 4039 695 4091 amator
719 4035 985 4092 existens.
1027 4039 1122 4091 Est
1153 4036 1308 4092 enim
1341 4040 1632 4106 tyrannus,
1669 4041 1726 4090 et
1754 4054 1860 4091 cae-

241 4129 335 4181 teri
358 4129 555 4184 clerici
578 4129 904 4201 quicunque
930 4130 1029 4184 tali
1056 4129 1436 4196 consentiunt,
1467 4129 1857 4200 deponantur:

240 4217 348 4274 laici
370 4238 508 4278 vero
539 4228 934 4292 segregentur.
964 4223 1092 4276 Haec
1117 4227 1308 4276 tamen
1332 4226 1461 4292 post
1494 4238 1668 4277 unam
1702 4229 1758 4278 et
1782 4240 1863 4278 se-

240 4315 464 4369 cundam
500 4319 564 4368 et
586 4316 813 4370 tertiam
845 4315 1094 4387 episcopi
1120 4314 1568 4370 obsecrationem
1587 4315 1708 4370 ﬁeri
1735 4332 1862 4370 con-

241 4406 467 4464 veniant.

1966 3200 2186 3273 plante,
2215 3200 2524 3271 dispenset,
2558 3216 2660 3254 nec
2697 3200 2750 3255 ei
2775 3200 2940 3256 liceat
2977 3217 3048 3255 ex
3075 3199 3164 3254 his
3199 3198 3462 3252 omnibus
3501 3198 3597 3251 ali-

1967 3294 2104 3366 quid
2159 3294 2392 3349 omnino
2438 3294 2788 3364 contingere,
2839 3297 2937 3348 aut
2981 3292 3307 3364 parentibus
3356 3290 3598 3362 propriis

1969 3403 2096 3458 quae
2143 3386 2240 3442 Dei
2279 3389 2414 3442 sunt
2455 3387 2792 3442 condonare.
2842 3386 2999 3450 Quod
3046 3385 3093 3439 si
3137 3400 3414 3456 pauperes
3443 3387 3594 3450 sunt,

1965 3485 2237 3550 tanquam
2261 3479 2602 3550 pauperibus
2632 3477 3112 3548 subministretur,
3141 3494 3247 3532 nec
3273 3491 3473 3531 eorum
3499 3492 3593 3530 oc-

1966 3572 2188 3626 casione
2215 3571 2472 3627 Ecclesiae
2494 3572 2724 3642 negotia
2750 3572 3172 3643 depraedentur.

2036 3665 2137 3719 XL.
2171 3665 2492 3734 Presbyteri
2519 3670 2575 3718 et
2601 3665 2819 3718 diaconi
2851 3669 3062 3735 preeter
3090 3665 3422 3735 episcopum
3454 3663 3594 3718 nihil

1964 3773 2132 3828 agere
2146 3761 2493 3827 pertentent.
2523 3757 2661 3809 Nam
2690 3755 2914 3809 Domini
2937 3757 3178 3826 populus
3202 3756 3312 3827 ipsi
3339 3755 3596 3809 commis-

1965 3867 2060 3904 sus
2081 3854 2183 3919 est,
2214 3854 2272 3904 et
2310 3866 2414 3921 pro
2447 3849 2745 3903 animabus
2775 3864 2973 3903 eorum
3012 3849 3105 3902 hic
3150 3849 3473 3902 redditurus
3513 3852 3595 3901 est

1964 3943 2264 4012 rationem,
2297 3943 2383 3997 sin
2408 3948 2600 3996 autem
2633 3941 2928 3996 manifeste
2956 3958 3046 3996 res
3074 3940 3320 4012 propriae
3347 3939 3593 4012 episcopi
3657 3995 3669 4002 ,

1965 4036 2032 4106 (si
2060 4041 2252 4090 tamen
2279 4035 2451 4091 habet
2478 4035 2758 4106 proprias)
2785 4039 2841 4090 et
2868 4035 3164 4090 manifeste
3195 4033 3501 4089 Dominica:
3531 4037 3598 4088 ut

1963 4131 2303 4200 potestatem
2340 4129 2546 4184 habeat
2590 4129 2659 4182 de
2701 4129 2948 4200 propriis
2985 4129 3234 4183 moriens
3265 4127 3591 4199 episcopus,

1963 4222 2106 4276 sicut
2135 4221 2394 4290 voluerit,
2428 4225 2485 4276 et
2504 4222 2709 4293 quibus
2729 4221 2988 4290 voluerit,
3014 4222 3356 4292 relinquere,
3386 4231 3461 4274 ne’
3491 4220 3592 4273 sub

1962 4315 2251 4369 occasione
2281 4315 2783 4370 ecclesiasticarum
2813 4331 3006 4369 rerum
3035 4331 3167 4385 quae
3201 4313 3444 4384 episcopi
3475 4329 3596 4368 esse

1965 4407 2293 4478 probantur,
2330 4407 2688 4463 intercidant.
2722 4408 2996 4462 Fortassis
3031 4408 3184 4461 enim
3217 4411 3315 4461 aut
3359 4422 3594 4460 uxorem

297 4499 516 4556 XXXIII.
566 4500 621 4554 Si
661 4499 788 4571 quis
839 4499 1136 4569 presbyter
1173 4504 1271 4554 aut
1311 4499 1577 4555 diaconus
1622 4501 1691 4554 ab
1737 4502 1939 4589 epi-D
1963 4501 2152 4569 habet,
2191 4506 2288 4555 aut
2314 4501 2481 4570 filios,
2509 4506 2608 4555 aut
2646 4501 3012 4571 propinquos,
3049 4505 3148 4555 aut
3179 4515 3389 4565 servos,
3421 4504 3476 4553 et
3493 4499 3591 4568 ju-

242 4605 386 4662 scopo
405 4609 515 4648 suo
544 4595 896 4664 segregatus,
920 4591 1074 4646 hunc
1105 4608 1220 4646 non
1245 4592 1413 4648 licere
1435 4593 1503 4647 ab
1531 4594 1642 4648 alio
1666 4595 1859 4665 recipi,

243 4685 326 4737 sed
373 4687 442 4740 ab
484 4687 613 4757 ipso
654 4686 752 4757 qui
798 4701 931 4739 cum
966 4689 1432 4756 sequestraverat,
1473 4687 1579 4740 nisi
1623 4687 1860 4742 forsitan

238 4775 423 4833 abierit
453 4778 755 4850 episcopus
797 4778 917 4849 ipse
962 4777 1059 4849 qui
1109 4795 1241 4833 eum
1283 4795 1607 4850 segregasse
1653 4796 1863 4852 cogno-

241 4869 418 4925 scitur.

297 4963 510 5020 XXXIV.
555 4965 750 5019 Nullus
793 4964 1191 5035 episcoporum
1247 4963 1716 5036 peregrinorum,
1761 4972 1860 5022 aut

240 5056 713 5127 presbyterorum,
754 5062 853 5112 aut
895 5057 1297 5123 diaconorum,
1337 5057 1456 5111 sine
1502 5059 1859 5114 commenda-

239 5146 359 5203 titiis
389 5151 726 5222 suscipiatur
748 5150 1013 5221 epistolis.
1044 5151 1110 5204 Et
1134 5166 1263 5204 cum
1292 5149 1496 5222 scripta
1527 5151 1854 5220 detulerint,

240 5239 601 5298 discutiantur
627 5243 896 5298 attentius
936 5247 993 5297 et
1028 5243 1107 5296 ita
1131 5243 1530 5314 suscipiantur,
1563 5243 1609 5297 si
1644 5244 1852 5314 praedi-

237 5338 434 5390 catores
455 5336 678 5407 pietatis
705 5336 1045 5391 exstiterint.
1077 5336 1172 5391 Sin
1204 5335 1414 5402 minus,
1449 5352 1553 5390 nec
1572 5353 1701 5406 quze
1725 5343 1857 5393 sunt

240 5429 536 5483 necessaria
577 5429 1013 5484 subministrent
1038 5429 1139 5495 eis,
1180 5431 1237 5483 et
1270 5429 1342 5482 ad
1385 5429 1853 5485 communionem

241 5517 548 5576 nullatenus
594 5523 1005 5589 admittantur,
1069 5522 1203 5593 quia
1275 5537 1378 5592 per
1429 5521 1852 5594 subreptionem

243 5611 404 5666 multa
431 5616 795 5683 proveniunt.

303 5703 489 5761 XXXV.
517 5709 816 5781 Episcopos
846 5709 1103 5780 gentium
1141 5707 1492 5779 singularum
1537 5708 1678 5762 scire
1714 5727 1846 5764 eon-

248 5797 404 5864 venit,
431 5799 552 5870 quis
569 5801 718 5858 inter
733 5819 828 5858 eos
848 5803 1068 5874 primus
1088 5801 1382 5869 habeatur,
1399 5817 1572 5873 quem
1591 5801 1745 5860 velut
1766 5820 1850 5859 ca-

1963 4599 2112 4648 stum
2141 4598 2222 4648 est
2249 4594 2354 4648 hoc
2395 4593 2545 4665 apud
2576 4595 2759 4647 Deum
2786 4597 2844 4647 et
2867 4593 3147 4661 homines,
3177 4597 3244 4647 ut
3271 4608 3376 4646 nec
3413 4592 3594 4646 Eccle-

1963 4687 2041 4740 sia
2067 4687 2315 4758 patiatur
2335 4687 2741 4741 detrimentum
2769 4686 3127 4757 ignoratione
3150 4702 3344 4740 rerum
3370 4685 3594 4757 pontiﬁ-

1961 4779 2057 4844 cis,
2080 4796 2183 4834 nec
2229 4780 2544 4851 episcopus,
2590 4795 2693 4835 nec
2733 4780 2856 4850 ejus
2886 4779 3192 4851 propinqui
3221 4779 3322 4833 sub
3359 4779 3593 4832 obtentu

1959 4872 2207 4927 ecclesiae
2236 4873 2678 4943 proscribantur,
2723 4876 2781 4927 et.
2826 4873 2884 4926 in
2932 4889 3125 4926 causas
3170 4872 3418 4926 incidant
3463 4889 3593 4943 quae

1958 4965 2027 5019 ad
2054 4981 2187 5019 eum
2213 4966 2505 5036 pertinent
2524 4983 2792 5038 morsque
2819 4967 2942 5037 ejus
2969 4966 3194 5036 injuriis
3223 4965 3389 5019 malae
3425 4966 3590 5020 fama:

1959 5057 2080 5127 subj
2089 5063 2264 5113 aceat..

2027 5152 2156 5206 XLI.
2207 5152 2573 5223 Praecipimus
2623 5153 2780 5207 utin
2823 5157 3104 5224 potestate
3144 5170 3243 5207 sua
3295 5153 3588 5224 episcopus

1955 5260 2045 5299 res
2074 5244 2322 5298 ecclesia:
2352 5245 2556 5300 habeat
2584 5263 2597 5300 :
2630 5246 2672 5300 si
2701 5246 2856 5301 enim
2886 5246 3094 5300 anima:
3125 5245 3422 5301 hominum
3454 5260 3588 5316 pre-

1953 5337 2112 5392 tiosae
2146 5337 2229 5390 illi
2271 5342 2403 5392 sunt
2447 5338 2696 5408 creditae,
2745 5340 2928 5394 multo
2979 5340 3162 5411 magis
3199 5341 3421 5411 oportet
3454 5352 3585 5391 eum

1954 5445 2150 5485 curam
2177 5431 2551 5500 pecuniarum
2577 5449 2800 5502 gerere,
2834 5433 2911 5488 ita
2934 5437 3001 5487 ut
3019 5436 3294 5504 potestate
3323 5429 3369 5499 ej
3381 5446 3462 5497 us,
3504 5430 3584 5484 in-

1953 5524 2275 5597 digentibus
2321 5527 2518 5581 omnia
2558 5527 2956 5598 dispensentur
2997 5543 3101 5598 per
3142 5524 3502 5596 presbyteros
3530 5530 3587 5581 et

1952 5617 2239 5688 diaconos,
2271 5624 2328 5675 et
2368 5636 2499 5674 cum
2539 5621 2745 5676 timore
2782 5620 3048 5691 omnique
3077 5617 3448 5673 sollicitudine
3475 5619 3583 5673 mi-

1951 5710 2280 5766 nistrentur.
2313 5714 2390 5767 Ex
2432 5713 2522 5767 his
2566 5718 2755 5768 autem
2788 5713 2882 5783 qui
2924 5711 3144 5781 indiget
3181 5708 3243 5779 (si
3277 5715 3464 5765 tamen
3495 5712 3584 5765 in-

1951 5803 2128 5876 diget)
2154 5806 2222 5860 ad
2252 5822 2380 5861 suas
2424 5805 2783 5862 necessitates
2808 5808 2864 5860 et
2903 5804 2971 5860 ad
3010 5804 3442 5877 peregrinorum
3469 5805 3586 5862 fra-
