4046 6188
469 341 531 395 19
1361 344 1642 397 ΑΡΡΕΝΙ).
1687 341 1771 396 AD
1811 343 1968 396 5.1113.
2013 342 2078 395 IX

2191 371 2198 378 -
2238 341 2314 394 IS]
2325 339 2480 394 DURI
2519 340 2939 395 MERCATORIS
3751 343 3817 393 20

463 454 618 504 trum
638 463 774 504 usus
792 454 849 505 et
867 451 985 520 ipse
1012 449 1308 522 percipiat,
1329 455 1392 506 ut
1406 450 1548 506 nihil
1569 449 1648 504 eis
1666 449 1843 522 possit
1859 449 2091 505 omnino
2113 460 2172 534 Α

467 542 685 598 deesse.
714 542 827 596 Lex
866 541 1019 596 enim
1054 542 1153 596 Dei
1189 543 1448 615 praecipit
1484 548 1545 597 ut
1574 542 1674 614 qui
1703 542 1866 598 altari
1896 542 2089 597 deser-

463 636 641 705 viunt,
675 636 746 691 de
771 635 940 690 altari
969 639 1291 706 pascantur,
1313 636 1446 708 quia
1467 653 1570 690 nec
1603 636 1770 690 miles
1799 635 2092 708 stipendiis

461 728 703 800 propriis
740 733 939 784 contra
959 729 1148 784 hostes
1181 746 1344 786 arma
1371 730 1594 785 sustulit
1619 730 1669 800 (1
1697 730 1818 786 Cor.
1851 730 1944 800 1x).

530 823 683 878 XLII.
704 822 1032 894 EpiscOpus,
1063 827 1162 878 aut
1187 823 1508 894 presbyter,
1535 826 1634 878 aut
1653 823 1922 879 diaconus
1949 823 2091 878 aleae

461 918 559 970 aut
584 915 841 971 ebrietati
866 915 1206 986 deserviens,
1233 920 1332 972 aut
1370 917 1610 984 desinat,
1637 921 1737 973 aut
1761 921 1912 973 certe
1936 916 2093 971 dam-

459 1012 647 1064 netur.
1609 991 1614 996 ’

530 1103 702 1158 XLIII.
731 1102 1139 1172 Subdiaconus,
1179 1107 1276 1158 aut
1304 1104 1496 1172 lector,
1531 1107 1626 1157 aut
1667 1107 1862 1160 cantor
1887 1105 2092 1160 similia

457 1194 687 1262 faciens,
746 1200 845 1250 aut
898 1196 1137 1266 desinat,
1185 1201 1284 1252 aut
1331 1197 1738 1252 communione
1794 1199 2086 1269 privetur:

461 1288 723 1344 similiter
752 1290 922 1344 etiam
947 1290 1139 1346 laicus.

533 1382 710 1437 XLIV.
740 1383 1066 1455 Episcopus,
1095 1389 1193 1439 aut
1218 1383 1532 1456 presbyter,
1555 1389 1654 1440 aut
1671 1385 1937 1440 diaconus
1961 1403 2092 1442 usu-

458 1491 548 1530 ras
590 1491 624 1530 a
659 1476 1005 1533 debitoribus
1049 1464 1313 1550 exigens,
1365 1482 1464 1534 aut
1499 1478 1741 1550 desinat,
1794 1484 1894 1535 aut
1937 1485 2090 1536 certe

459 1567 781 1626 damnetur.

531 1663 683 1717 XLV.
713 1662 1036 1736 Episc0pus,
1069 1665 1364 1738 presbyter
1385 1670 1484 1720 aut
1517 1665 1804 1736 diaconus,
1835 1668 1932 1739 qui
1956 1683 2090 1722 cum

459 1754 740 1810 haereticis
769 1757 1030 1826 oraverit,
1065 1758 1457 1812 tantummodo
1487 1759 1889 1814 communione
1908 1760 2091 1831 prive-

2261 448 2454 502 XLVII.
2504 448 2809 519 Episcopus
2853 452 2951 504 aut
2995 448 3308 520 presbyter,
3355 446 3402 502 si
3432 463 3564 502 eum
3603 445 3702 518 qui
3726 463 3816 502 se-

2191 541 2441 595 cundum
2468 542 2766 596 veritatem
2805 542 3072 598 habuerit
3089 541 3392 612 baptisma,
3426 541 3612 595 denuo
3639 539 3818 611 bapti-

2193 635 2420 703 zavcrit,
2453 638 2553 689 aut
2590 634 2636 688 si
2665 635 2947 706 pollutum
2975 635 3045 689 ab
3075 634 3262 706 impiis
3288 651 3406 689 non
3431 633 3816 705 baptizaverit,

2191 728 2546 799 deponatur,
2598 733 2870 800 tanquam
2907 728 3168 783 deridens
3211 743 3437 783 crucem
3479 731 3535 782 et
3571 729 3817 780 mortem

2191 820 2436 888 Domini,
2470 837 2574 876 nec
2618 838 2782 877 veros
2825 822 3141 878 sacerdotes
3184 839 3217 875 a
3254 821 3406 876 falsis
3436 818 3822 876 sacerdotibus

2183 913 2313 984 jure
2341 914 2690 971 discernens.

2262 1008 2483 1064 XLVIII.
2525 1008 2579 1063 Si
2617 1008 2743 1080 quis
2771 1008 2943 1064 laicus
2987 1025 3221 1064 uxorem
3252 1007 3540 1080 propriam
3578 1006 3816 1077 pellens,

2191 1103 2448 1172 alteram,
2479 1103 2566 1156 vel
2595 1102 2665 1157 ab
2696 1103 2805 1158 alio
2832 1102 3120 1159 dimissam
3145 1101 3388 1172 duxerit,
3417 1099 3818 1157 communione

2190 1193 2462 1266 privetur.

2258 1288 2434 1344 XLIX.
2460 1288 2520 1344 Si
2545 1289 2673 1360 quis
2694 1289 2991 1361 episcOpus
3020 1293 3119 1344 aut
3142 1289 3456 1361 presbyter,
3484 1288 3649 1358 juxta
3674 1303 3818 1358 prae-

2190 1386 2419 1453 ceptum
2457 1382 2682 1438 Domini
2721 1399 2835 1438 non
2865 1383 3230 1454 baptizaverit
3273 1383 3332 1437 in
3382 1381 3612 1437 nomine
3641 1379 3823 1435 Patris

2190 1479 2246 1529 et
2274 1475 2396 1530 Filii
2437 1480 2494 1530 et
2526 1475 2763 1548 Spiritus
2807 1475 3002 1543 sancti,
3052 1477 3145 1531 sed
3189 1476 3249 1531 in
3285 1475 3464 1530 tribus
3509 1475 3629 1528 sine
3655 1472 3822 1528 initio

2188 1567 2502 1640 principiis,
2551 1574 2649 1624 aut
2685 1570 2744 1624 in
2782 1570 2965 1624 tribus
2999 1569 3170 1640 Filiis,
3213 1572 3311 1624 aut
3337 1569 3395 1624 in
3432 1567 3612 1622 tribus
3648 1569 3820 1622 Para-

2189 1662 2366 1731 cletis,
2397 1662 2710 1733 abjiciatur.

2264 1756 2324 1810 L.
2357 1755 2413 1810 Si
2444 1756 2570 1827 quis
2622 1755 2912 1827 episcopus
2954 1760 3052 1811 aut
3096 1755 3412 1828 presbyter,
3441 1770 3561 1809 non
3587 1753 3645 1808 in
3671 1754 3827 1808 trina
3929 1815 3938 1823 ,

459 1851 572 1902 tur.
611 1848 668 1902 Si
708 1863 838 1903 vero
878 1853 1151 1921 tanquam
1202 1851 1437 1906 clericos
1489 1851 1747 1907 hortatus
1781 1868 1874 1907 eos
1915 1847 2162 1918 fueritB
2186 1849 2468 1904 mersione
2491 1849 2662 1904 unius
2695 1849 2952 1920 mysterii
2986 1849 3270 1920 baptisma
3300 1847 3562 1917 celebret,
3600 1846 3700 1902 sed
3727 1863 3821 1902 se-

461 1955 631 2013 agere
657 1942 744 1997 vel
764 1957 944 2010 orare,
973 1943 1298 1999 damnetur.

529 2032 592 2107 3
628 2035 797 2092 XLVI.
843 2036 1179 2108 Episcopum
1218 2042 1317 2093 aut
1357 2039 1754 2110 presbyterum
1787 2039 2084 2094 haeretico-

459 2142 589 2181 rum
625 2127 1028 2198 suscipientem
1082 2131 1366 2201 baptisma
1404 2132 1662 2186 damnari
1700 2132 2082 2203 praecipimus.

462 2238 491 2270 «
535 2221 671 2284 Quae
699 2221 854 2275 enim
889 2223 1186 2277 conventio
1225 2223 1433 2278 Christi
1465 2224 1536 2278 ad
1575 2224 1785 2279 Belial?
1827 2230 1926 2280 aut
1959 2242 2086 2297 quin

461 2327 590 2381 pars
616 2312 768 2367 ﬁdeli
795 2329 924 2368 cum
950 2315 1166 2369 inﬁdeli
1193 2317 1264 2384 (ΙΙ
1282 2316 1401 2372 Cor.
1437 2333 1532 2386 vn,
1565 2319 1646 2388 l5)
1669 2319 1696 2372 ?
1725 2339 1750 2366 »

2186 1946 2301 2000 mel
2348 1951 2573 2018 mergat
2613 1947 2674 2002 in
2711 1947 3070 2018 baptismate,
3113 1946 3266 2018 quod
3308 1946 3432 2001 dari
3477 1945 3702 2001 videtur
3759 1946 3823 2000 in

2186 2041 2415 2096 Domini
2443 2045 2645 2108 morte,
2669 2041 3002 2112 deponatur.
3027 2041 3146 2095 Non
3176 2040 3331 2095 enim
3357 2039 3504 2095 dixit
3534 2039 3696 2094 nobis
3721 2041 3828 2094 Do-

2185 2133 2375 2189 minus
2407 2151 2420 2189 :
2455 2137 2518 2189 In
2547 2137 2729 2190 morte
2759 2150 2885 2189 mea
2920 2133 3218 2205 baptizate,
3257 2134 3375 2203 sed,
3407 2156 3433 2182 ‹‹
3475 2133 3682 2188 Euntes
3714 2134 3823 2188 do-

2186 2231 2306 2281 cete
2328 2243 2524 2281 omnes
2543 2233 2763 2297 gentes,
2793 2227 3135 2299 baptizantes
3165 2244 3262 2281 eos
3284 2226 3344 2281 in
3369 2227 3599 2283 nomine
3619 2228 3824 2284 Patris.

2187 2325 2244 2374 et
2271 2319 2412 2388 Filii,
2445 2323 2503 2374 et
2527 2320 2765 2391 Spiritus
2791 2320 2967 2375 sancti
3000 2322 3212 2390 (Matth.
3247 2320 3454 2391 xxvru).
3485 2344 3511 2370 ››

817 2579 1168 2662 INCIPIT
1252 2581 1708 2663 EPISTOLA
1788 2583 2098 2663 PRIMA
2189 2583 2729 2664 CLEMENTIS
2811 2582 2941 2662 AD
3021 2581 3465 2662 JACOBUM

1817 2722 2140 2778 FRATREM
2202 2721 2413 2778 DOMIN
2420 2725 2460 2779 Ι.
3283 2733 3296 2748 ·

1991 2846 2268 2864 w

524 2933 792 3003 CLEMENS,
837 2939 1044 2994 JACOBO
1078 2920 1625 3026 dominofepiscopo
1665 2939 2082 3012 episCoporum,

454 3028 679 3099 regenti
693 3030 1058 3087 Hebraeorum
1080 3036 1331 3088 sanctam
1343 3034 1645 3088 Ecclesiam
1664 3034 2082 3105 Hierosolymis,

455 3121 552 3176 sed
580 3125 639 3176 et
664 3139 864 3178 omnes
890 3126 1183 3195 Ecclesias,
1215 3144 1340 3198 qua:
1373 3127 1580 3197 ubique
1607 3127 1703 3182 Dei
1732 3128 2088 3198 providentia

454 3213 706 3269 fundatae
736 3199 1046 3309 sun-ﬁcum
1084 3219 1361 3287 Patribus,
1390 3225 1446 3274 et
1475 3220 1804 3275 diaconibus
1833 3223 1890 3276 et
1913 3224 2081 3276 caete-

453 3307 532 3361 ris
561 3307 1128 3382 omnibus‘Patribus,
1162 3329 1270 3384 pax
1301 3313 1401 3367 tibi
1429 3314 1501 3367 sit
1519 3330 1766 3384 semper.

525 3402 728 3456 Notum
779 3403 882 3458 tibi
926 3404 1087 3472 facio,
1141 3406 1391 3472 domine,
1438 3407 1574 3478 quia
1620 3406 1816 3461 Simon
1863 3407 2080 3475 Petrus,
2126 3411 2130 3416 ’

454 3494 553 3565 qui
577 3511 723 3549 verae
765 3497 899 3552 ﬁdei
935 3497 1142 3552 merito
1174 3504 1232 3553 et
1265 3499 1504 3570 integrae
1543 3499 1959 3570 praedicationis
1991 3499 2087 3553 0b-

452 3590 614 3641 tentu
642 3588 1078 3646 fundamentum
1110 3607 1230 3646 esse
1263 3592 1522 3647 Ecclesiae
1547 3591 1810 3647 deﬁnitus
1838 3596 1940 3662 est,
1971 3609 2085 3662 qua

453 3681 522 3735 de
547 3698 716 3736 causa
729 3683 905 3738 etiam
933 3684 1166 3739 Domini
1185 3701 1284 3738 ore
1300 3685 1736 3756 cognominatus
1759 3689 1844 3739 est
1863 3687 2080 3754 Petrus,

453 3773 552 3845 qui
572 3775 680 3829 fuit
698 3776 966 3846 primitiae
995 3778 1284 3833 electionis
1314 3778 1536 3832 Domini
1561 3779 1948 3856 apostolorum
1973 3778 2084 3849 pri-

451 3883 610 3934 mus,
657 3869 748 3924 cui
793 3875 849 3924 et
895 3871 1082 3941 primo
1127 3873 1276 3926 Deus
1335 3873 1502 3926 Pater
1557 3871 1755 3926 Filium
1819 3872 2084 3926 revelavit

454 3962 664 4029 (Matth.
711 3979 822 4030 xvr,
859 3966 963 4034 l7),
995 3965 1088 4020 cui
1123 3970 1180 4020 et
1221 3965 1476 4020 Christus
1514 3968 1902 4036 competenter
1943 3964 2078 4019 bea-

449 4054 753 4110 titudinem
783 4057 1041 4127 contulit,
1081 4058 1216 4128 quia
1254 4063 1310 4112 et
1350 4062 1577 4113 vocatus
1617 4061 1722 4125 est,
1763 4061 1820 4111 et
1849 4049 2080 4126 electus,

450 4151 507 4202 et
535 4148 769 4203 conviva
797 4149 1044 4220 Domini,
1076 4155 1133 4205 et
1176 4167 1372 4206 comes
1397 4151 1649 4220 effectus,
1685 4157 1956 4223 tanquam
1984 4150 2083 4204 bo-

450 4257 558 4295 nus
594 4244 651 4295 et
696 4241 1124 4312 probatissimus
1183 4243 1506 4315 discipulus,
1555 4246 1654 4315 qui
1701 4244 2082 4299 obscuriorem

453 4335 654 4389 mundi
680 4337 907 4407 plagam
925 4336 1230 4392 occidentis
1250 4339 1401 4393 velut
1426 4339 1684 4392 omnium
1713 4338 1997 4410 potentior
2012 4338 2079 4392 il-

452 4427 734 4483 luminare
769 4435 1088 4503 praaceptus
1133 4436 1235 4501 est,
1281 4432 1491 4504 quique
1533 4435 1592 4486 et
1630 4432 1854 4502 integre
1897 4431 2085 4502 potuit

450 4522 690 4593 implere
715 4528 1082 4596 praeceptum.
1117 4525 1226 4581 Sed
1254 4541 1547 4597 quousque
1584 4541 1911 4580 sermonem
1947 4541 2079 4595 pro-
2099 4541 2159 4616 D

450 4617 676 4671 traham
705 4617 1001 4694 refugiens
1027 4618 1276 4674 indicare
1309 4619 1459 4690 quod
1489 4619 1648 4674 triste
1668 4622 1772 4687 est,
1794 4617 1945 4690 quod
1964 4618 2084 4689 qui-

452 4708 584 4763 dem
624 4727 850 4766 necesse
883 4714 986 4782 est,
1017 4712 1145 4766 licet
1174 4712 1350 4780 tarde,
1381 4713 1655 4784 proferre.
1702 4711 1800 4766 Hic
1838 4711 2083 4782 denique

448 4801 572 4873 ipse
596 4805 797 4859 Petrus
823 4805 920 4876 qui
959 4822 1063 4876 pro
1106 4806 1389 4860 immensa
1423 4805 1718 4873 charitate,
1748 4821 1921 4876 quam
1945 4821 2085 4876 erga

451 4911 652 4950 omnes
665 4897 930 4954 homines
947 4899 1202 4971 gerebat,
1215 4900 1425 4971 palam,
1440 4916 1568 4955 cum
1582 4898 1738 4954 omni
1752 4897 1973 4968 ﬁducia,
1989 4898 2085 4952 ad-

449 4995 707 5045 versante
729 4993 904 5046 etiam
928 4997 1194 5064 tyranno,
1213 4993 1389 5048 totius
1409 4992 1610 5048 mundi
1635 4992 1854 5047 bonum
1871 4992 2079 5063 praedi-

449 5099 578 5138 care
599 5100 714 5138 non
742 5086 977 5153 destitit,
1011 5090 1068 5141 et
1094 5103 1292 5158 regem
1329 5086 1589 5140 omnium
1616 5086 1953 5140 saaculorum
1979 5101 2084 5155 per

452 5177 650 5232 orbem
670 5182 837 5232 terrae
862 5195 1043 5250 usque
1065 5180 1136 5234 ad
1152 5179 1327 5250 ipsius
1348 5181 1614 5234 Romanae
1627 5178 1781 5233 urbis
1793 5178 1963 5248 hujus
1979 5195 2080 5232 no-

448 5270 656 5338 titiam,
681 5271 852 5326 etiam
873 5278 934 5328 ut
952 5273 1076 5345 ipsa
1100 5274 1408 5328 salvaretur
1428 5272 1660 5327 invexit.
1701 5272 1819 5338 llic,
1846 5271 2083 5342 inquam

446 5381 550 5437 pro
578 5363 784 5436 pietate
823 5366 939 5437 pati
967 5367 1180 5435 volens,
1216 5370 1557 5437 prmsentem
1586 5365 1756 5418 vitam
1787 5364 1989 5418 ﬁnivit.
2021 5367 2083 5419 In

447 5459 583 5530 ipsis
607 5463 800 5514 autem
834 5459 1037 5516 diebus
1063 5460 1268 5531 quibus
1287 5460 1461 5514 finem
1489 5457 1594 5513 sibi
1609 5458 1910 5512 imminere
1931 5475 2079 5529 pra:-

448 5551 650 5621 sensit,
705 5553 764 5607 in
817 5557 1097 5609 conventu
1147 5553 1387 5608 fratrum
1440 5553 1674 5622 positus,
1730 5551 2084 5623 apprehensa

449 5659 624 5699 manu
641 5662 787 5715 mea,
811 5651 1049 5719 repente
1076 5662 1422 5718 consurgens
1451 5645 1510 5699 in
1541 5644 1772 5699 auribus
1803 5645 1972 5700 totius
1989 5645 2082 5700 Ec-

450 5737 655 5804 clesiae,
684 5740 806 5794 haec
835 5740 1070 5812 protulit
1098 5740 1289 5796 verba.
1324 5761 1351 5788 ‹‹
1388 5738 1592 5793 Audite
1623 5755 1740 5806 me,
1773 5739 1996 5806 fratres,
2027 5744 2085 5794 et

453 5831 704 5884 (reiiservi
755 5835 884 5900 mei,
924 5835 1192 5906 quoniam
1229 5838 1286 5888 ut
1327 5834 1557 5889 edoctus
1595 5849 1719 5887 sum
1765 5833 1834 5888 ab
1875 5849 1939 5887 co
1984 5833 2080 5904 qui

2185 2941 2339 2997 misit
2365 2958 2456 2998 me
2486 2942 2721 2996 Domino
2741 2946 2796 2997 et
2815 2941 3086 3013 magistro
3107 2956 3232 2997 meo
3261 2942 3393 2997 Jesu
3427 2940 3668 3008 Christo,
3701 2941 3826 2996 dies

2187 3036 2386 3090 mortis
2413 3052 2557 3089 meae
2596 3036 2784 3102 instat,
2814 3035 3163 3091 Clementem
3189 3035 3341 3090 hunc
3371 3034 3700 3107 episcopum
3735 3052 3826 3089 vo-

2185 3129 2270 3183 bis
2296 3128 2519 3198 ordino,
2549 3129 2637 3183 cui
2674 3129 2780 3184 soli
2826 3145 2965 3183 mea:
2999 3113 3415 3200 praedicationis
3450 3115 3507 3182 et
3543 3129 3824 3183 doctrinae

2185 3221 2518 3276 cathedram
2541 3221 2722 3291 trado,
2754 3222 2850 3293 qui
2888 3221 3029 3276 mihi
3053 3222 3123 3276 ab
3153 3221 3314 3275 initio
3345 3238 3520 3293 usque
3544 3221 3614 3276 ad
3643 3222 3823 3276 ﬁnem

2185 3331 2371 3370 comes
2396 3316 2456 3369 in
2487 3314 2752 3370 omnibus
2779 3315 2906 3384 fuit,
2941 3319 2997 3369 et
3032 3329 3136 3386 per
3176 3315 3287 3369 hoc
3317 3314 3610 3369 veritatem
3641 3315 3825 3368 totius

2185 3425 2329 3463 mea:
2348 3407 2761 3479 praedicationis
2790 3407 3037 3479 agnovit.
3064 3407 3171 3472 Qui
3193 3408 3252 3463 in
3284 3407 3543 3463 omnibus
3572 3407 3715 3461 meis
3733 3424 3826 3461 so-

2183 3501 2303 3556 cius
2328 3502 2542 3556 exstitit
2579 3500 2819 3556 ﬁdeliter
2851 3517 3236 3572 perseverans.
3276 3503 3455 3566 Quem
3488 3516 3607 3571 prae
3643 3505 3820 3554 caete-

2184 3595 2260 3648 ris
2281 3597 2549 3665 expertus
2577 3610 2704 3648 sum
2735 3594 3045 3649 Dominum
3075 3595 3377 3660 colentem,
3409 3593 3670 3648 homines
3697 3591 3822 3646 dili-

2186 3691 2436 3758 gentem,
2466 3691 2704 3757 castum,
2737 3687 2990 3742 discendi
3012 3686 3209 3740 studiis
3237 3685 3514 3755 deditum,
3543 3685 3819 3750 sobrium,

2180 3780 2515 3852 benignum,
2524 3781 2762 3851 justum,
2778 3779 3114 3850 patientem,
3129 3778 3397 3832 scientem
3415 3778 3564 3834 ferre
3580 3780 3823 3834 nonnul-

2181 3873 2394 3943 lorum,
2427 3872 2601 3927 etiam
2627 3889 2692 3927 ex
2728 3873 2818 3926 his
2846 3871 2947 3942 qui
2973 3871 3030 3924 in
3063 3870 3232 3926 verbo
3265 3870 3491 3925 Domini
3518 3871 3825 3927 instituun-

2182 3969 2294 4032 tur,
2327 3965 2585 4035 injurias.
2608 3966 2843 4034 Propter
2870 3964 3023 4034 quod
3045 3963 3153 4034 ipsi
3181 3963 3340 4017 trado
3362 3981 3394 4017 a
3414 3964 3651 4020 Domino
3673 3966 3823 4020 mihi

2180 4057 2448 4113 traditam
2478 4060 2813 4129 potestatem
2849 4056 3064 4128 ligandi
3102 4060 3159 4111 et
3194 4057 3463 4125 solvendi,
3502 4060 3563 4111 ut
3586 4058 3657 4112 de
3689 4075 3817 4114 om-

2180 4151 2348 4205 nibus
2371 4151 2822 4223 quibuscumque
2851 4149 3165 4205 decreverit
3193 4151 3253 4204 in
3282 4151 3447 4205 terris
3478 4151 3585 4205 hoc
3615 4151 3816 4206 decre-

2180 4250 2302 4300 tum
2335 4245 2405 4299 sit
2429 4249 2484 4299 et
2518 4243 2575 4298 in
2615 4243 2786 4298 caelis.
2830 4243 3050 4315 Ligabit
3092 4243 3247 4299 enim
3291 4244 3443 4316 quod
3480 4249 3700 4313 oportet
3744 4244 3813 4297 li-

2184 4337 2324 4408 gari,
2359 4341 2416 4392 et
2456 4338 2630 4392 solvet
2657 4335 2810 4408 quod
2843 4336 3071 4408 expedit
3114 4336 3273 4401 solvi,
3310 4341 3583 4406 tanquam
3620 4336 3718 4408 qui
3745 4337 3817 4391 ad

2181 4430 2462 4502 liquidum
2495 4430 2753 4485 Ecclesiae
2778 4429 3038 4501 regulam
3063 4429 3299 4486 noverit.
3333 4431 3525 4500 Ipsum
3547 4445 3684 4501 ergo
3707 4447 3813 4484 au-

2182 4524 2317 4594 dite,
2351 4524 2607 4592 scientes,
2646 4525 2779 4596 quia
2807 4524 3136 4595 quicunque
3175 4522 3589 4578 contristaverit
3616 4523 3814 4578 docto-

2183 4635 2306 4673 rem
2329 4618 2574 4673 veritatis
2601 4623 2794 4690 peccat
2813 4617 2870 4671 in
2894 4616 3200 4684 Christum,
3229 4621 3286 4669 et
3309 4620 3527 4687 patrem
3555 4617 3818 4672 omnium

2185 4712 2552 4766 exacerbabit
2575 4713 2772 4777 Deum,
2800 4716 3036 4783 propter
3055 4709 3205 4780 quod
3227 4713 3283 4763 et
3313 4709 3426 4763 vita
3463 4710 3690 4764 carebit.
3723 4713 3815 4782 Ip-

2183 4821 2310 4859 sum
2339 4809 2531 4858 autem
2563 4804 2660 4875 qui
2687 4807 2893 4874 praeest
2917 4802 3138 4856 caeteris
3157 4805 3377 4873 oportet
3401 4801 3605 4856 medici
3630 4802 3814 4858 vicem

2183 4914 2377 4968 agere,
2411 4901 2468 4952 et
2494 4913 2608 4951 non
2635 4896 2772 4950 ferte
2797 4894 2991 4949 bestiae
3019 4895 3211 4948 furore
3241 4894 3604 4950 commoveri.
3630 4913 3658 4945 »
3687 4897 3818 4950 Haec

2183 5008 2251 5045 eo
2280 4991 2521 5059 dicente,
2566 5007 2673 5061 ego
2713 4987 3012 5060 procidens
3051 4987 3122 5040 ad
3159 4987 3331 5058 pedes
3361 4987 3502 5058 ejus,
3535 4988 3817 5059 rogabam

2184 5101 2459 5140 excusans
2473 5099 2563 5137 me
2589 5087 2646 5137 et
2676 5080 2964 5136 declinans
2985 5079 3269 5134 honorem
3297 5080 3581 5135 cathedrae
3601 5082 3693 5136 vel
3712 5099 3813 5152 po-

2182 5181 2460 5233 testatem.
2509 5180 2577 5230 At
2622 5176 2712 5229 ille
2752 5173 3136 5244 respondens:
3184 5190 3288 5244 pro
3320 5173 3445 5241 hoc,
3493 5173 3697 5245 inquit,
3741 5191 3816 5228 ne

2183 5287 2274 5326 me
2305 5270 2610 5342 rogaveris,
2653 5269 2756 5322 hoc
2793 5266 2945 5321 enim
2972 5267 3104 5321 ﬁeri
3146 5271 3421 5321 statutum
3458 5271 3542 5322 est
3572 5267 3736 5336 mihi,
3759 5272 3817 5322 et

2183 5381 2250 5420 eo
2295 5364 2474 5435 magis
2501 5379 2614 5435 quo
2643 5366 2698 5416 te
2740 5377 2992 5431 excusas,
3037 5360 3169 5432 quia
3202 5360 3324 5413 haec
3355 5359 3624 5414 cathedra
3653 5377 3811 5427 eum,

2184 5459 2283 5530 qui
2297 5443 2462 5529 cupit
2486 5473 2611 5511 eam
2638 5458 2694 5511 et
2721 5455 2990 5510 audacter
3017 5452 3250 5524 expetit,
3281 5469 3396 5507 non
3429 5453 3684 5524 requirit,
3714 5454 3813 5508 sed

2184 5557 2447 5607 ornatum
2470 5548 2722 5604 moribus
2752 5553 2808 5604 et
2833 5549 2893 5603 in
2922 5546 3100 5602 verbis
3126 5546 3436 5602 eruditum.
3469 5546 3629 5610 Quod
3661 5545 3706 5600 si
3735 5562 3817 5602 es-

2182 5649 2269 5700 set
2292 5644 2435 5699 alius
2463 5643 2688 5712 melior,
2726 5641 2772 5696 si
2804 5641 2929 5712 quis
2971 5639 3118 5695 mihi
3153 5639 3295 5694 alius
3319 5638 3547 5709 adjutor
3574 5643 3694 5693 tam
3725 5655 3812 5694 se-

2183 5739 2349 5793 dulus
2393 5737 2681 5805 astitisset,
2728 5734 2774 5788 si
2802 5733 2928 5805 quis
2970 5737 3087 5788 tam
3131 5732 3314 5804 plenae
3357 5732 3633 5787 doctrinae
3670 5747 3814 5786 mea:

2183 5831 2463 5887 rationem
2502 5829 2777 5902 cmpisset,
2818 5827 2916 5886 sed
2953 5830 3012 5883 et
3047 5826 3451 5885 ecclesiasticas
3491 5824 3811 5898 dispositio-
