4046 6188
234 258 259 308 2
272 259 286 309 ι
1469 253 1844 310 DECRETALI

1981 253 2276 310 CULLECT
2281 253 2364 308 10.
3516 248 3581 302 2'2

229 380 316 420 nes
342 379 375 419 a
405 379 494 417 me
521 365 637 416 tam
664 361 837 433 plane
863 359 1163 427 didicisset,
1191 360 1407 415 habens
1447 360 1625 416 alium
1649 362 1843 428 talem,
1868 374 1925 447 Α
1945 362 2046 430 est)
2091 361 2418 432 dispensare
2468 362 2729 430 sufﬁcias,
2774 368 2831 418 et
2877 363 3130 419 veritatis
3177 361 3349 416 verbo
3394 359 3574 415 abun-

228 474 328 512 non
355 462 412 512 te
437 471 640 526 cogere
668 470 812 525 opus
839 454 1053 508 bonum
1086 453 1374 524 suscipere
1399 454 1714 508 nolentem.
1739 454 1842 509 Su-

226 551 495 624 periluum
515 553 599 603 est
625 564 765 619 ergo
792 547 966 601 alium
992 562 1266 618 quaerere,
1297 563 1429 601 cum
1455 547 1734 617 primitias
1759 564 1848 602 eo-

225 660 343 699 rum
370 643 467 714 qui
493 659 561 696 ex
594 640 902 712 gentilibus
943 656 1046 711 per
1075 656 1169 695 me
1214 639 1516 706 salvantur,
1550 645 1607 694 et
1648 641 1844 712 praeci-

225 754 322 808 pue
354 736 520 806 hujus
562 735 715 789 urbis
747 738 802 789 te
843 733 1095 805 primum
1135 733 1444 788 obtulerim
1489 734 1621 788 Deo.
1655 734 1763 788 Sed
1794 739 1850 789 et

222 829 345 884 illud
400 829 625 884 intuere
655 870 669 894 ,
711 827 877 898 quia,
919 827 966 880 si
1003 825 1321 897 periculum
1359 827 1568 898 peccati
1607 827 1844 895 timens,

223 924 496 993 suscipere
537 921 752 990 refugis
783 919 1042 975 Ecclesia:
1081 919 1482 989 gubernacula,
1511 925 1696 974 certus
1730 925 1847 974 esto

222 1017 342 1088 quia
383 1014 635 1086 amplius
675 1029 898 1085 peccas,
928 1013 1026 1084 qui
1068 1012 1115 1067 si
1158 1013 1436 1084 populum
1479 1013 1579 1067 Dei
1608 1014 1760 1068 velut
1789 1013 1847 1068 in

222 1109 472 1164 ﬂuctibus
489 1108 740 1180 positum
759 1111 817 1161 et
833 1106 1242 1177 periclitantem
1256 1106 1407 1176 (cum
1427 1106 1628 1177 juvare
1645 1107 1842 1178 possis)

222 1202 458 1256 subterfu
467 1201 662 1274 gis,tui
680 1199 1075 1256 tantummodo
1089 1199 1305 1256 habens
1321 1199 1842 1267 considerationem,

222 1302 392 1351 etnon
414 1294 572 1366 quod
593 1295 651 1349 in
673 1309 976 1349 commune
996 1293 1261 1348 omnibus
1277 1293 1508 1364 expedit
1524 1293 1843 1365 providens.

221 1389 317 1445 Sed
343 1394 535 1444 certus
562 1390 682 1443 esto
705 1388 860 1459 quod
886 1403 1112 1443 necesse
1137 1390 1222 1442 est
1260 1391 1317 1442 te
1354 1387 1639 1458 suscipere
1676 1403 1847 1443 omne

218 1483 542 1554 periculum,
576 1481 709 1554 quia
733 1497 839 1536 nec
869 1495 978 1552 ego
1015 1497 1119 1552 pro
1160 1481 1342 1535 salute
1383 1481 1641 1535 omnium
1678 1480 1842 1535 obse-

218 1575 412 1630 crando
438 1575 696 1630 cessabo.
721 1575 944 1638 Quanto
973 1588 1110 1644 ergo
1131 1573 1274 1629 mihi
1294 1574 1458 1629 citius
1477 1573 1842 1644 acquieveris,

217 1674 361 1723 tanto
424 1685 521 1723 me
577 1668 742 1724 citius
811 1667 1020 1722 laboris
1078 1671 1136 1722 et
1195 1667 1434 1722 tristitiae
1498 1683 1643 1722 meas
1700 1682 1841 1721 ma:-

1952 454 2176 509 dantius
2197 458 2254 508 et
2271 454 2576 510 studiosius
2603 455 2903 511 deservire.
2928 457 2985 512 Si
3012 457 3167 511 enim
3194 453 3580 511 mundialibus

1947 547 2097 602 curis
2135 547 2310 603 fueris
2349 551 2670 618 occupatus,
2712 553 2768 604 et
2811 549 3058 620 teipsum
3107 549 3372 620 decipies,
3402 551 3460 602 et
3485 564 3580 603 eos

1948 640 2045 712 qui
2086 644 2140 694 te
2184 640 2440 706 audiunt,
2475 657 2592 695 non
2636 642 2789 696 enim
2826 643 3038 714 poteris
3077 659 3203 714 quas
3232 642 3303 696 ad
3337 642 3578 697 salutem

1947 733 2242 804 pertinent
2268 734 2491 805 plenius
2511 734 2752 805 singulis
2777 735 3096 806 quibusque
3126 735 3500 805 distinguere,
3523 738 3582 789 et

1948 843 2012 881 ex
2035 843 2101 882 eo
2129 826 2226 882 ﬁet
2253 831 2313 881 ut
2338 832 2393 882 et
2414 831 2472 881 tu
2495 830 2774 900 tanquam
2801 827 2898 900 qui
2925 846 3042 884 non
3069 829 3326 884 docueris
3353 844 3482 898 quas
3505 827 3577 882 ad

1947 921 2188 975 salutem
2217 921 2520 975 hominum
2567 921 2855 993 pertinent
2884 922 3204 993 deponaris,
3235 925 3294 975 et
3320 920 3581 991 discipuli

1947 1029 2050 1084 per
2077 1014 2457 1084 ignorantiam
2484 1020 2752 1085 pereant;
2782 1015 2992 1070 idcirco
3025 1019 3086 1070 tu
3117 1014 3348 1086 quidem
3371 1013 3444 1068 ad
3470 1014 3579 1068 hoc

1947 1107 2133 1162 solum
2181 1112 2399 1174 vacato,
2440 1112 2502 1162 ut
2543 1114 2860 1180 opportune
2903 1113 2962 1164 et
2999 1109 3120 1164 sine
3162 1107 3579 1162 intermissione

1947 1200 2147 1255 doceas
2171 1201 2409 1254 verbum
2439 1201 2562 1269 Dei,
2591 1218 2692 1272 per
2715 1203 2868 1274 quod
2895 1203 3135 1257 salutem
3162 1199 3432 1272 consequi
3458 1216 3581 1271 pos-

1946 1293 2078 1360 sint,
2111 1293 2193 1348 illi
2221 1310 2349 1348 vero
2374 1310 2506 1349 cum
2551 1299 2706 1350 tanta
2745 1296 3061 1350 reverentia
3103 1299 3202 1350 tua
3243 1293 3415 1350 verba
3459 1310 3578 1347 sus-

1946 1386 2176 1457 cipiant,
2201 1390 2472 1458 tanquam
2511 1389 2610 1459 qui
2653 1389 2833 1443 sciant
2869 1389 3122 1460 legatum
3165 1393 3223 1443 te
3265 1392 3322 1442 et
3362 1402 3577 1457 prmeo~

1945 1495 2080 1534 nem
2123 1495 2244 1535 esse
2284 1480 2559 1548 veritatis,
2589 1486 2646 1536 et
2679 1482 3058 1553 quodcunque
3103 1481 3370 1552 ligaveris
3409 1495 3583 1550 super

1945 1576 2181 1639 terram,
2213 1589 2333 1627 esse
2375 1573 2617 1644 ligatum
2673 1579 2729 1629 et
2779 1574 2838 1628 in
2877 1575 3039 1641 ccelo,
3082 1577 3141 1629 et
3178 1572 3580 1644 quodcumque

1947 1666 2196 1733 solveris,
2231 1667 2404 1722 etiam
2448 1667 2524 1721 ibi
2570 1683 2689 1722 esse
2733 1668 3089 1723 solvendum.
3124 1666 3410 1731 Quoniam
3458 1664 3582 1736 qui-

219 1778 336 1816 rore
380 1761 672 1816 relevabis.
719 1761 854 1815 Novi
904 1761 1081 1816 etiam
1131 1761 1258 1827 hoc,
1302 1778 1334 1815 o
1380 1761 1660 1825 Clemens,
1689 1759 1844 1832 quod
1866 1743 1922 1816 Β
1945 1759 2074 1814 dem
2101 1764 2158 1813 et
2182 1762 2244 1814 tu
2271 1762 2356 1830 (ut
2385 1760 2521 1830 dixi)
2547 1777 2672 1832 quae
2705 1765 2934 1833 oportet
2969 1760 3195 1832 ligabis,
3225 1763 3284 1814 et
3311 1775 3438 1830 quae
3481 1775 3576 1812 ex-

219 1855 308 1910 tibi
335 1854 507 1909 taedia
537 1861 597 1909 et
633 1854 936 1922 molestias,
964 1853 1215 1925 pericula
1243 1853 1418 1909 etiam
1458 1858 1517 1907 et
1542 1853 1844 1924 opprobria

217 1948 480 2003 ineruditi
528 1947 683 2018 vulgi
733 1947 1105 2018 indocilisque
1152 1947 1468 2014 conciliem,
1515 1962 1714 2018 quare,
1759 1950 1840 2013 tu,

220 2046 430 2107 tamen,
459 2043 571 2096 scio
609 2057 782 2112 quam
814 2045 1145 2096 constanter
1192 2046 1249 2095 et
1292 2039 1516 2098 fortiter
1554 2040 1724 2108 feras,
1751 2055 1840 2094 re-

217 2134 457 2204 spiciens
483 2135 548 2188 ad
571 2135 743 2188 aliam
766 2151 950 2206 spem,
971 2151 1100 2206 quae
1119 2134 1225 2189 tibi
1248 2134 1400 2205 apud
1421 2135 1606 2188 Deum
1628 2132 1846 2204 patien-

217 2227 303 2281 tiae
329 2233 614 2299 praeparat
637 2243 930 2283 coronam.
959 2228 1071 2283 Sed
1096 2231 1154 2282 et
1173 2226 1317 2281 illud
1341 2227 1509 2298 cupio
1534 2231 1586 2282 te
1617 2241 1845 2281 mecum

210 2323 358 2390 juxta
396 2323 689 2376 rationem
731 2322 1070 2393 perspicere,
1099 2321 1328 2393 quando
1378 2321 1625 2377 maxima
1667 2335 1845 2390 opera

219 2418 304 2467 tua
336 2415 561 2484 indiget
604 2415 858 2469 Christus
900 2431 1074 2484 nunc,
1109 2430 1243 2468 cum
1272 2413 1534 2468 inimicus
1573 2413 1844 2468 adversus

215 2523 472 2578 sponsam
507 2508 631 2578 ejus
663 2513 981 2562 commovet
1005 2507 1242 2576 bellum,
1275 2524 1350 2561 an
1390 2507 1450 2560 in
1479 2506 1670 2561 futuro
1702 2510 1844 2560 tem-

214 2618 340 2671 pore
365 2601 601 2672 quando
623 2602 749 2671 jam
775 2601 1027 2656 Christus
1053 2606 1181 2672 post
1209 2600 1504 2656 victoriam
1533 2599 1846 2670 triumpha-

216 2695 307 2760 bit,
329 2711 433 2749 nec
468 2695 618 2749 ultra
639 2695 816 2749 ullius
843 2710 1016 2765 opera
1035 2694 1347 2765 indigebit?
1374 2693 1510 2758 Quis
1533 2709 1650 2748 non
1668 2693 1843 2748 etiam

214 2789 356 2858 parvi
379 2805 588 2843 sensus
614 2788 901 2859 intelligat
926 2787 1079 2859 quod
1107 2787 1256 2842 istud
1287 2791 1373 2842 est
1397 2791 1623 2858 tempus
1648 2786 1707 2840 in
1732 2802 1845 2858 quo

215 2898 429 2951 operam
469 2887 630 2936 tuam
669 2882 917 2936 Christus
942 2881 1224 2952 requirit?
1256 2882 1396 2936 Tota
1437 2880 1612 2952 igitur
1654 2884 1844 2935 mente

215 2975 264 3028 in
318 2975 596 3046 praesenti
652 2974 987 3030 necessitate
1033 2974 1226 3046 praebe
1275 2991 1506 3046 operam
1563 2977 1742 3042 tuam,
1789 2976 1846 3027 et

216 3068 488 3123 auxilium
523 3067 581 3121 in
609 3068 818 3139 praeliis
847 3067 1053 3122 exhibe
1088 3067 1226 3139 Regi
1261 3068 1479 3139 optimo
1512 3081 1840 3122 remunera-
1865 3109 1920 3182 C

216 3162 310 3182 1:_,.
363 3181 373 3182 κ
404 3179 502 3182 _-_
525 3161 752 3182 ._A2Q-A-
784 3165 900 3182 -ΑΑι
921 3161 1206 3182 --3-Δ-..2-..-
1241 3161 1528 3182 _-_IJ2‘-__-
1579 3162 1595 3182 I
1621 3160 1845 3182 ιι.-..ι,...

216 3162 380 3217 tiones
403 3161 755 3232 magniﬁcas
783 3165 903 3232 post
921 3161 1214 3216 victoriam
1241 3161 1556 3216 reddituro.
1579 3160 1846 3214 Libenter

217 3271 335 3326 ergo
373 3255 610 3326 suscipe
654 3255 1006 3326 episcopatus
1052 3254 1326 3320 ofﬁcium,
1357 3270 1422 3308 eo
1458 3254 1704 3308 maxime
1728 3268 1842 3323 quo

216 3349 610 3404 ecclesiasticas
657 3347 1052 3418 dispositiones
1096 3365 1129 3402 a
1171 3363 1263 3403 me
1302 3347 1675 3418 probabiliter
1702 3345 1843 3400 didi-

216 3442 344 3504 cisti,
369 3448 435 3497 ut
463 3442 626 3496 salus
657 3457 860 3496 eorum
884 3441 980 3513 qui
1009 3458 1112 3511 per
1133 3457 1232 3494 nos
1257 3441 1632 3510 confugerunt
1651 3439 1723 3493 ad
1742 3441 1844 3494 Do-

217 3534 420 3589 minum
439 3550 821 3605 nequaquam
842 3534 1082 3599 vacillet,
1106 3539 1500 3589 verumtamen
1522 3538 1578 3586 et
1598 3532 1845 3587 breviter

217 3633 262 3681 te
287 3628 354 3681 de
390 3628 580 3699 ipsius
622 3627 1052 3698 dispensationis
1098 3627 1296 3681 ordine
1342 3643 1538 3681 coram
1577 3625 1845 3679 omnibus

216 3736 577 3775 commonere
631 3719 1009 3775 necessarium
1061 3719 1218 3774 duxi.
1267 3721 1340 3773 Te
1396 3719 1630 3789 quidem
1685 3733 1845 3788 opor-

217 3817 282 3866 tet
308 3813 894 3886 irreprehensibiliter
925 3813 1131 3880 vivere,
1160 3818 1217 3867 et
1245 3828 1478 3866 summo
1506 3811 1688 3866 studio
1717 3810 1842 3877 niti,

214 3910 270 3960 ut
296 3924 495 3962 omnes
527 3906 662 3960 vita:
691 3907 862 3977 hujus
895 3907 1294 3978 occupationes
1330 3905 1581 3975 abjicias,
1603 3921 1677 3959 ne
1704 3904 1841 3958 ﬁde-

212 4000 385 4066 jussor
421 4000 662 4068 existas,
688 4016 762 4053 ne
807 4000 1116 4054 advocatus
1163 4000 1348 4054 litium
1376 4000 1500 4064 llas,
1534 4014 1604 4055 ne
1631 3998 1690 4052 in
1728 3999 1846 4051 ulla

215 4093 388 4164 aliqua
447 4093 832 4164 occupatione
896 4109 1128 4164 prorsus
1181 4091 1486 4146 inveniaris
1544 4089 1846 4146 mundialis

219 4187 416 4255 negotii
458 4186 767 4242 occasione
795 4187 1112 4258 perplexus.
1149 4187 1340 4257 Neque
1383 4185 1535 4240 enim
1566 4184 1843 4255 judicem,

217 4282 303 4332 aut
337 4280 708 4352 cognitorem
743 4279 1096 4334 saecularium
1147 4279 1534 4350 negotiorum,
1578 4278 1752 4332 hodie
1793 4282 1847 4332 te

222 4373 473 4428 ordinare
520 4375 645 4427 vult
679 4373 948 4441 Christus,
975 4389 1047 4428 ne
1094 4373 1434 4444 praefocatus
1476 4371 1849 4442 praesentibus

1945 1852 2102 1923 pedit
2125 1853 2323 1919 solves,
2352 1858 2406 1908 et
2430 1854 2502 1908 ad
2540 1857 2592 1909 te
2629 1855 2724 1926 qui
2767 1871 2947 1926 prases
2976 1855 3080 1909 ista
3106 1854 3220 1910 sint
3248 1852 3490 1921 monita,
3526 1857 3581 1907 et

1944 1945 2032 2000 liis
2067 1946 2293 2001 similia.
3053 1963 3058 1968 ·

2014 2039 2101 2092 Ad
2153 2039 2513 2110 presbyteros
2564 2055 2695 2094 vero
2746 2041 2860 2095 sint
2906 2041 3033 2095 ista.
3074 2044 3221 2096 Ante
3273 2041 3467 2097 omnia
3515 2048 3580 2097 ut

1945 2129 2230 2201 pudicitite
2247 2131 2540 2186 studentes
2554 2133 2948 2189 adolescentes
2961 2134 3174 2205 nuptiis
3186 2134 3208 2205 j
3218 2137 3453 2205 ungant,
3468 2151 3581 2206 quo

1945 2223 2187 2278 calorem
2214 2224 2478 2280 ferventis
2513 2225 2696 2281 astatis
2724 2227 3012 2298 conjugali
3047 2228 3175 2299 lege
3211 2227 3580 2299 praeveniant,

1945 2317 2041 2371 sed
2069 2333 2140 2370 ne
2169 2317 2227 2372 in
2250 2319 2696 2388 provectioribus
2721 2321 2957 2392 quidem
2999 2338 3196 2376 curam
3232 2321 3442 2376 habere
3471 2321 3577 2376 hu-

1939 2409 2198 2480 jusmodi
2241 2412 2560 2491 negligant,
2591 2413 2723 2484 quia
2764 2413 2824 2468 in
2869 2415 3084 2481 multis,
3117 2415 3290 2470 etiam
3329 2431 3460 2469 cum
3490 2431 3576 2470 se-

1947 2503 2135 2558 nuerit
2180 2519 2386 2574 corpus
2429 2506 2888 2577 concupiscentia
2932 2508 3105 2580 viget,
3141 2525 3214 2563 ne
3253 2509 3401 2564 forte
3439 2525 3578 2579 ergo

1945 2596 2334 2652 fornicationis
2406 2598 2562 2652 labes
2619 2599 2931 2666 (occasione
3001 2603 3252 2673 accepta)
3305 2607 3578 2673 tanquam

1944 2705 2229 2745 venenum
2255 2691 2571 2761 pessimum
2601 2697 2790 2764 serpat
2814 2693 2871 2748 in
2904 2693 3088 2762 nobis,
3117 2711 3313 2751 cavere
3341 2699 3398 2749 et
3426 2699 3577 2750 ante-

1943 2783 2136 2837 venire
2182 2784 2562 2838 necessarium
2608 2790 2710 2853 est,
2741 2802 2814 2840 ne
2853 2788 3003 2858 quod
3030 2788 3090 2843 in
3126 2787 3288 2843 nobis
3315 2787 3578 2843 adulterii

1944 2876 2226 2931 occultum
2277 2877 2522 2932 calescat
2563 2878 2917 2935 incendium.
2947 2883 3016 2934 Et
3053 2881 3193 2954 quid
3221 2882 3281 2936 in
3313 2882 3579 2936 omnibus

1944 2970 2186 3040 peccatis
2224 2969 2500 3024 adulterio
2548 2972 2813 3042 gravius?
2858 2973 3184 3030 Secundum
3228 2991 3478 3047 namque
3516 2977 3572 3029 in

1945 3063 2126 3134 poenis
2151 3063 2367 3119 obtinet
2395 3064 2604 3131 locum,
2635 3067 2910 3136 quoniam
2942 3069 3175 3139 quidem
3215 3069 3470 3140 primum
3498 3069 3577 3124 illi

1946 3157 2164 3211 habent
2187 3157 2284 3229 qui
2309 3157 2577 3212 aberrant
2602 3175 2635 3213 a
2654 3161 2785 3227 Deo,
2815 3161 2986 3216 etiam
3012 3163 3059 3216 si
3101 3163 3289 3218 sobrie
3317 3162 3573 3218 vixerint.

1943 3252 2184 3322 Propter
2212 3252 2364 3322 quod
2401 3268 2497 3306 vos
2538 3253 2851 3325 presbyteri
2894 3256 3200 3312 Ecclesiam
3240 3257 3478 3312 excolite
3523 3262 3580 3312 et

1944 3344 2218 3400 adornate
2261 3361 2528 3416 sponsam
2571 3347 2777 3402 Christi
2815 3349 2886 3403 ad
2927 3350 3275 3420 pudicitiam,
3309 3366 3577 3421 sponsam

1943 3442 2137 3492 autem
2167 3437 2314 3508 dico,
2337 3455 2568 3496 omnem
2599 3441 2861 3497 Ecclesia:
2892 3443 3423 3515 congregationem,
3447 3460 3578 3514 quae

1945 3531 1991 3584 si
2020 3530 2224 3601 pudica
2250 3532 2420 3587 fuerit
2448 3534 2682 3588 inventa
2707 3551 2741 3588 a
2766 3553 2973 3606 sponso
3005 3553 3129 3605 suo,
3157 3537 3486 3608 ingentibus
3508 3537 3579 3591 ab

1947 3639 2015 3677 eo
2046 3624 2209 3678 donis
2236 3627 2659 3681 et'muneribus
2687 3628 3079 3698 honorabitur,
3098 3634 3154 3685 et
3171 3647 3266 3685 vos
3294 3631 3448 3687 velut
3469 3631 3577 3685 mi-

1948 3715 2108 3770 nistri
2133 3733 2375 3786 sponsas,
2409 3723 2466 3772 et
2488 3718 2654 3772 amici
2684 3722 2875 3791 sponsi
2899 3723 3125 3794 ingenti
3155 3724 3370 3793 gaudio
3396 3729 3452 3778 et
3481 3725 3575 3777 la»

1943 3807 2066 3863 titia
2090 3809 2481 3879 perfruemini.
2512 3812 2570 3866 Si
2593 3829 2728 3868 vero
2759 3830 2967 3884 sponsa
3001 3816 3124 3869 haec
3151 3821 3377 3885 reperta
3404 3817 3580 3871 fuerit

1945 3902 2351 3956 commaculata
2371 3904 2634 3974 peccatis,
2653 3905 2776 3977 ipsa
2797 3905 3032 3978 quidem
3047 3910 3324 3978 tanquam
3340 3907 3578 3980 indigna

1947 4011 2064 4049 non
2093 3994 2348 4050 tradetur
2375 3997 2662 4067 regalibus
2689 3999 2888 4065 thoris,
2910 4016 3008 4054 vos
3045 4005 3238 4055 autem
3267 4017 3461 4072 poenas
3487 4003 3579 4057 da-

1947 4088 2097 4156 bitis,
2119 4088 2164 4142 si
2187 4089 2336 4144 forte
2356 4107 2459 4160 per
2477 4095 2724 4146 vestram
2744 4093 3155 4164 negligentiam
3176 4095 3261 4150 vel
3282 4094 3577 4162 desidiam,

1949 4181 2262 4252 obrepserit
2304 4183 2570 4255 contagio
2615 4201 2761 4240 saeva
2797 4188 3034 4258 peccati.
3062 4188 3271 4242 Idcirco
3304 4193 3436 4243 ante
3463 4205 3581 4245 om-

1947 4275 2042 4328 nia
2088 4273 2408 4330 sobrietatis
2451 4280 2508 4330 et
2550 4279 2839 4348 pudicitiae
2886 4280 3329 4337 sollicitudinem
3377 4285 3578 4355 gerite.

1948 4367 2115 4422 Valde
2141 4367 2296 4422 enim
2325 4369 2476 4440 apud
2503 4371 2684 4425 Deum
2731 4389 2900 4443 grave
2945 4374 3160 4430 crimen
3201 4375 3429 4430 ducitur
3465 4378 3578 4432 for-

224 4465 520 4522 hominum
569 4467 738 4532 curis,
787 4484 899 4522 non
949 4466 1125 4538 possis
1162 4466 1334 4521 verbo
1381 4465 1476 4520 Dei
1524 4481 1742 4531 vacare,
1793 4468 1928 4545 etD
1952 4461 2176 4527 nicatio,
2212 4461 2373 4532 cujus
2400 4463 2612 4534 species
2639 4471 2770 4520 sunt
2794 4466 3026 4537 quidem
3070 4469 3279 4538 plures,
3312 4469 3455 4524 sicut
3482 4487 3578 4524 vo-

223 4561 532 4615 secundum
561 4561 813 4615 veritatis
838 4561 1099 4631 regulam
1134 4575 1430 4615 secernere
1460 4558 1636 4612 bonos
1666 4575 1700 4613 a
1729 4574 1849 4612 ma-

225 4651 296 4705 lis.
324 4655 434 4709 lsta
469 4670 722 4725 namque
753 4669 948 4724 opera,
986 4670 1115 4724 quae
1157 4653 1259 4707 tibi
1306 4653 1495 4706 minus
1535 4667 1853 4723 congruere

222 4749 472 4818 superius
498 4747 887 4816 exposuimus,
909 4745 1217 4801 exhibeant
1239 4746 1345 4800 sibi
1367 4745 1608 4800 invicem
1633 4744 1850 4799 discen-

220 4841 313 4902 tes,
345 4839 402 4893 id
437 4843 532 4894 est
559 4838 713 4906 laici,
751 4843 807 4893 et
860 4843 912 4893 te
959 4855 1130 4893 nemo
1181 4842 1415 4910 occupet
1439 4839 1509 4894 ab
1541 4838 1628 4892 his
1655 4837 1854 4892 studiis

220 4946 311 4998 per
351 4949 490 5002 qua:
543 4931 695 4986 salus
739 4932 1005 4986 omnibus
1046 4933 1231 4998 datur,
1265 4932 1407 4986 sicut
1433 4932 1590 4986 enim
1619 4931 1720 4985 tibi
1744 4930 1850 4984 im-

221 5023 432 5090 pietatis
458 5025 683 5078 crimen
712 5029 814 5092 est,
850 5026 1120 5095 neglectis
1149 5025 1304 5080 verbi
1347 5025 1448 5079 Dei
1491 5024 1709 5090 studiis,
1741 5024 1852 5078 sol-

222 5116 538 5172 licitudines
600 5117 886 5188 suscipere
949 5119 1261 5183 saeculares,
1295 5119 1374 5172 ita
1434 5122 1492 5173 et
1552 5117 1853 5188 unicuique

219 5207 492 5263 laicorum
531 5213 832 5280 peccatum
877 5213 981 5277 est,
1015 5211 1120 5264 nisi
1159 5211 1403 5265 invicem
1441 5211 1566 5276 sibi,
1597 5209 1768 5264 etiam
1795 5209 1855 5264 in

222 5299 299 5353 his
325 5317 458 5372 quae
487 5304 557 5356 ad
585 5303 905 5357 communis
929 5303 1056 5357 vitae
1081 5320 1248 5358 usum
1278 5304 1588 5374 pertinent,
1619 5319 1851 5373 operam

221 5391 460 5450 ﬁdeliter
489 5395 768 5451 dederint.
815 5397 890 5451 'l‘e
930 5413 1062 5451 vero
1107 5412 1368 5451 securum
1415 5397 1622 5462 facere,
1668 5399 1723 5450 et
1768 5395 1854 5449 his

219 5486 420 5554 quibus
440 5489 614 5543 debes
628 5495 1150 5558 vacantem,omnes
1165 5490 1554 5545 communiter
1574 5488 1850 5543 laborent.

219 5579 368 5643 Quod
400 5581 448 5634 si
476 5581 617 5637 forte
654 5599 688 5636 a
725 5583 1042 5655 semetipsis
1070 5583 1181 5638 hoc
1211 5583 1334 5638 laici
1365 5600 1478 5637 non
1506 5580 1851 5652 intelligunt,

223 5687 314 5737 per
337 5673 612 5729 diaconos
640 5675 915 5731 edocendi
953 5681 1107 5740 sunt,
1144 5681 1210 5730 ut
1259 5677 1360 5730 tibi
1401 5676 1573 5730 solius
1603 5675 1852 5729 ecclesiae

224 5765 622 5822 sollicrtudines
647 5769 1068 5842 derelinquant,
1103 5770 1256 5840 quod
1288 5771 1467 5840 ipsam
1496 5769 1509 5834 (
1519 5772 1579 5822 ut
1609 5769 1848 5840 dignum

1952 4553 2038 4608 bis
2062 4558 2120 4608 et
2145 4553 2264 4625 ipse
2285 4555 2548 4610 Clemens
2564 4557 2868 4628 diligenter
2882 4565 3126 4631 exponet
3154 4579 3166 4615 :
3189 4566 3578 4619 verumtamen

1953 4647 2141 4717 prima
2166 4647 2376 4718 species
2404 4649 2665 4705 adulterii
2689 4654 2772 4706 est
2803 4653 2989 4708 virum
3022 4654 3253 4726 propria
3287 4673 3464 4713 uxore
3494 4676 3581 4712 so-

1953 4741 2248 4796 lummodo
2267 4757 2382 4796 non
2402 4758 2521 4797 esse
2540 4746 2894 4812 contentum,
2914 4751 2972 4800 et
2996 4748 3299 4804 mulierem
3326 4767 3438 4804 non
3460 4768 3583 4822 pro-

1954 4834 2077 4905 prio
2123 4839 2350 4889 tantum
2397 4852 2622 4890 servare
2667 4855 2726 4892 se
2754 4839 2894 4895 viro.
2925 4841 2983 4895 Si
3027 4857 3165 4913 ergo
3198 4848 3382 4898 castus
3412 4846 3585 4900 fuerit

1953 4927 2099 4998 quis,
2123 4933 2313 4998 potest
2331 4934 2388 4984 et
2406 4929 2694 4986 humanus
2719 4937 2776 4988 et
2796 4933 3117 4989 misericors
3142 4936 3285 5003 ﬁeri,
3305 4954 3409 5008 per
3433 4939 3583 5009 quod

1955 5025 2014 5074 et
2038 5021 2159 5091 ipse
2190 5026 2464 5076 aeternam
2493 5041 2528 5078 a
2557 5025 2668 5079 Deo
2709 5025 3156 5083 misericordiam
3183 5035 3580 5102 consequatur,

1955 5129 2090 5169 sane
2111 5114 2253 5168 sicut
2279 5115 2544 5171 adulterii
2567 5135 2851 5173 venenum
2873 5122 3088 5176 cunctis
3117 5123 3282 5177 malis
3309 5125 3586 5195 pernicio-

1953 5207 2068 5260 sius
2112 5211 2214 5272 est,
2245 5207 2322 5261 ita
2354 5225 2517 5264 amor
2541 5211 2823 5266 fraternus
2869 5219 2926 5268 et
2971 5215 3214 5271 Charitas
3249 5218 3421 5271 totius
3445 5217 3583 5272 boni

1954 5299 2248 5371 fastigium
2277 5305 2454 5357 tenet.
2485 5305 2550 5358 Et
2586 5303 2712 5359 ideo
2739 5305 2958 5377 diligite
3005 5325 3204 5364 omnes
3246 5311 3449 5363 fratres
3493 5326 3582 5363 ve-

1955 5397 2120 5460 stros,
2152 5398 2209 5449 et
2243 5410 2372 5448 cum
2403 5395 2679 5466 religione
2701 5415 2766 5452 ac
2802 5400 3188 5457 misericordia
3225 5401 3483 5472 respicite
3509 5403 3580 5456 ad

1956 5502 2173 5552 omnes,
2223 5487 2491 5557 orphanis
2548 5489 2815 5546 exhibete
2869 5495 3238 5564 vosmetipsos
3295 5498 3580 5563 parentes,

1956 5579 2140 5634 viduis
2164 5580 2417 5636 virorum
2461 5599 2656 5638 curam
2702 5585 3037 5657 impendite,
3069 5603 3198 5640 cum
3232 5587 3389 5641 omni
3419 5590 3582 5644 casti-

1954 5678 2067 5728 tate
2095 5690 2220 5744 quze
2246 5675 2564 5759 necessaria
2583 5681 2715 5731 sunt
2738 5679 3078 5748 prmbentes,
3101 5679 3363 5749 juniores
3390 5686 3583 5737 tamen

1955 5766 2150 5821 viduas
2193 5768 2402 5839 nuptiis
2447 5771 2728 5840 copulate.
2762 5771 2855 5825 His
2886 5771 2980 5841 qui
3025 5772 3293 5843 ignorant
3322 5775 3578 5844 artiﬁcia,
