4046 6188
447 317 513 368 23
1329 315 1608 368 ΛΡΡΕΝΙ).
1653 314 1740 368 Μ)
1779 313 1938 368 8.Ε(ἒ.
1985 314 2067 367 IX.

2209 311 2457 368 lSlDORl
2499 312 2928 368 MERCATORIS
3747 311 3812 361 24

441 420 721 495 exquirite
750 424 1016 478 honestas
1042 421 1264 492 aliquas
1288 421 1609 477 occasiones
1638 421 1842 492 quibus
1867 421 2076 476 victum
2099 431 2158 504 Α
2179 420 2532 476 commoneri
2573 420 2644 475 ab
2684 435 2750 475 eo
2774 419 2954 491 possit
2984 418 3069 472 his
3100 417 3197 489 qui
3228 416 3286 472 in
3312 414 3691 488 prmeipitium
3725 414 3817 468 la-

440 516 820 572 necessarium
850 518 1124 586 quierant.
1155 514 1476 569 Artificibus
1503 531 1639 570 vero
1672 531 1905 586 operam
1944 531 2078 586 pro-

441 609 646 675 videte,
679 607 956 662 debilibus
1006 607 1454 663 misericordiam
1496 608 1682 664 facite.
1714 607 1838 663 Scio
1887 611 2080 662 autem

443 703 566 757 haec
595 701 788 755 omnia
816 701 1064 756 facturos
1090 718 1210 768 vos,
1241 701 1288 755 si
1316 701 1660 757 charitatem
1692 717 1808 773 prae
1838 701 2078 769 caeteris,

442 798 498 850 et
527 799 658 849 ante
689 793 884 848 omnia
911 793 970 849 in
991 799 1174 850 vestro
1204 794 1378 849 corde
1406 795 1616 866 ligatis.
1646 795 1818 865 Cujus
1841 793 2083 849 charita-

445 886 516 942 tis
537 890 596 942 et
625 886 969 958 recipienda:
996 892 1052 942 et
1080 887 1358 944 habenda;
1387 888 1704 943 maximum
1730 888 1840 943 erit
1860 887 2079 942 fomen-

441 984 586 1047 tum,
620 981 666 1036 si
689 981 1025 1052 frequenter
1049 980 1201 1037 inter
1224 982 1598 1053 vosmetipsos
1625 997 1991 1038 communem
2012 981 2083 1036 ci-

444 1073 585 1128 bum
647 1077 916 1140 vestrum,
968 1090 1340 1146 mensamque
1403 1074 1640 1142 faciatis,
1692 1079 1748 1130 et
1806 1079 2082 1146 quantum

451 1168 838 1240 unusquisque
865 1169 1150 1238 prievalet,
1183 1168 1437 1223 crebrius
1467 1185 1640 1239 panes
1681 1185 1745 1224 ac
1788 1169 1934 1222 sales
1955 1184 2086 1222 suos

449 1279 578 1318 cum
623 1261 894 1316 fratribus
925 1261 1039 1314 suis
1064 1266 1269 1328 sumat,
1301 1277 1405 1332 per
1429 1262 1554 1316 haec
1601 1261 1757 1316 enim
1798 1261 2086 1332 prmeipue

448 1355 693 1410 Charitas
723 1357 1106 1425 comparatur,
1137 1357 1195 1409 et
1223 1371 1390 1409 causa
1420 1355 1592 1410 totius
1619 1353 1753 1410 boni
1799 1354 1856 1408 in
1889 1354 2084 1424 hujus-

452 1447 610 1504 modi
673 1446 1079 1502 communione
1140 1448 1431 1516 consistit;
1478 1447 1572 1501 ubi
1621 1452 1815 1503 autem
1861 1463 1992 1518 pax,
2033 1450 2089 1501 et

451 1541 510 1613 4
543 1540 785 1608 bonitas,
813 1539 893 1595 ibi
934 1545 1019 1595 est
1051 1540 1234 1610 salus;
1281 1544 1518 1612 propter
1559 1540 1710 1611 quod
1753 1555 2088 1594 communes

450 1633 617 1688 facite
661 1633 814 1687 cibos
855 1637 1072 1688 vestros
1102 1649 1231 1687 cum
1261 1633 1350 1687 his
1389 1633 1487 1704 qui
1531 1631 1844 1687 secundum
1896 1630 2087 1686 Domi-

452 1743 593 1781 num
639 1727 843 1782 fratres
885 1730 1035 1796 sunt,
1065 1727 1198 1797 quia
1223 1743 1326 1798 per
1350 1727 1472 1781 haec
1508 1725 1839 1796 temporalia
1883 1724 2084 1791 officia,

2179 531 2385 588 psurus
2405 517 2509 583 est,
2531 514 2613 568 uti
2633 517 2930 568 revocetur
2953 514 3010 567 et
3031 528 3146 566 non
3168 512 3391 564 corruat
3411 509 3467 563 in
3495 512 3814 580 peccatum.

2181 609 2258 662 Ne
2264 607 2633 680 gligentiores
2645 621 2870 679 quoque
2882 608 2939 661 et
2959 621 3053 658 eos
3071 604 3171 675 qui
3184 603 3369 658 rarius
3381 602 3453 657 ad
3465 601 3816 656 audiendum

2181 701 2418 757 verbum
2458 701 2556 756 Dei
2595 701 2887 766 accedunt,
2918 714 3023 754 nec
3062 695 3296 752 sollicite
3328 696 3399 750 ad
3425 693 3675 766 episcopi
3699 700 3814 748 tra-

2183 797 2397 848 ctatum
2435 792 2779 848 conveniunt
2821 791 2926 863 ipsi
2975 793 3378 845 commoneant
3413 791 3471 842 et
3495 787 3816 842 hortentur.

2185 887 2240 942 Si
2287 887 2440 942 enim
2489 885 2698 941 assidui
2743 888 2875 940 sunt
2919 884 2991 938 ad
3038 882 3413 949 audiendum,
3464 897 3580 935 non
3628 881 3819 935 solum

2186 981 2311 1036 vita:
2333 985 2559 1035 aeterna
2581 996 2650 1034 ex
2673 977 2880 1033 salubri
2909 975 3357 1032 commonitione
3385 973 3618 1045 capiunt
3635 974 3819 1040 lucra,

2184 1090 2382 1130 verum
2421 1078 2479 1130 et
2511 1088 2870 1145 quascunque
2899 1070 3011 1125 illa:
3044 1073 3175 1124 sunt
3202 1067 3464 1134 tristitiae,
3493 1068 3578 1122 vel
3608 1083 3821 1122 mcero-

2184 1184 2274 1223 res
2292 1183 2421 1240 quae
2447 1184 2517 1221 ex
2544 1165 2841 1238 praesentis
2862 1163 2991 1219 vitae
3020 1160 3467 1226 necessitatibus,
3492 1163 3548 1215 et
3568 1160 3828 1215 cladibus

2186 1266 2512 1332 temporum
2541 1259 2796 1327 veniunt,
2825 1273 3180 1330 quaecunque
3219 1254 3575 1310 sermonibus
3611 1253 3726 1308 suis
3765 1252 3824 1307 in

2187 1355 2378 1422 corde,
2406 1353 2562 1408 velut
2583 1353 2773 1423 jacula
2801 1350 2985 1406 defixa
3021 1350 3447 1416 circumferunt,
3476 1347 3827 1418 abjiciuntur

2187 1448 2383 1502 omnia
2420 1445 2828 1518 praedicatione
2871 1443 3142 1510 veritatis,
3181 1447 3239 1496 et
3272 1443 3398 1496 vitae
3441 1445 3666 1496 aeternae
3720 1440 3824 1494 do-

2187 1540 2367 1595 ctrina
2387 1544 2443 1595 et
2467 1538 2788 1595 eruditione
2807 1541 3073 1610 purgata.
3103 1535 3389 1607 Alioquin,
3413 1534 3459 1589 si
3479 1534 3660 1589 multo
3681 1536 3826 1588 tem-

2186 1650 2326 1705 pore
2353 1633 2612 1689 auditum
2634 1632 2976 1688 subtrahant
3003 1647 3037 1685 a
3065 1629 3238 1685 verbo
3268 1628 3387 1696 Dei,
3411 1631 3469 1684 et
3487 1631 3829 1682 remaneant

2189 1725 2247 1782 in
2269 1727 2423 1782 cultu
2441 1726 2728 1795 vitiorum,
2751 1725 2871 1780 sine
2899 1724 3070 1780 dubio
3092 1722 3268 1794 spinis
3295 1724 3464 1777 erunt
3481 1737 3546 1775 ac
3571 1720 3828 1775 sentibus

450 1819 605 1891 pacis
645 1822 704 1873 et
737 1817 1026 1874 charitatis
1053 1795 1328 1875 fructibus
1359 1819 1567 1890 gaudia
1597 1795 1813 1874 aeterna
1839 1818 2082 1874 merebi-
2107 1795 2165 1867 B
2189 1820 2466 1892 occupati.
2505 1822 2572 1875 Et
2618 1818 2757 1890 quid
2812 1817 2968 1871 aliud
3005 1816 3116 1872 nisi
3153 1815 3226 1870 ad
3265 1815 3480 1886 ignem,
3521 1813 3651 1868 talis
3701 1813 3826 1866 haec

453 1911 617 1966 mini.
647 1912 819 1966 Multo
847 1915 1041 1967 autem
1069 1912 1361 1968 sollicitius
1404 1912 1722 1968 esurientes
1764 1910 1999 1977 reficite,
2031 1915 2089 1966 et

451 2005 774 2060 sitientibus
814 2009 1014 2076 potum
1061 2007 1212 2074 date,
1243 2006 1411 2061 nudis
1453 2005 1874 2072 vestimentum,
1904 2021 2089 2076 mgros

449 2097 688 2164 visitate,
717 2101 773 2152 et
801 2114 895 2152 eos
937 2099 1038 2170 qui
1082 2099 1139 2153 in
1182 2115 1404 2153 carcere
1441 2101 1592 2165 sunt,
1624 2103 1797 2170 prout
1824 2098 2089 2170 possibile

453 2193 557 2258 est,
594 2191 810 2261 juvate,
865 2191 1198 2261 peregrinos
1241 2191 1373 2245 satis
1414 2195 1678 2262 prompte
1725 2192 1784 2244 in
1828 2191 2089 2245 domibus

454 2283 652 2336 vestris
671 2281 956 2352 suscipite,
980 2287 1038 2337 et
1057 2299 1128 2337 ne
1150 2283 1343 2337 omnia
1359 2299 1513 2337 nunc
1532 2283 1860 2354 singulatim
1880 2284 2086 2349 dicam,

453 2390 621 2430 omne
646 2375 866 2430 bonum
896 2375 1020 2446 ipsa
1047 2391 1149 2446 per
1173 2393 1248 2441 se,
1284 2376 1330 2429 si
1359 2375 1420 2430 in
1442 2375 1597 2429 vobis
1624 2375 1794 2430 fuerit
1822 2375 2087 2442 charitas,

455 2469 642 2523 facere
669 2484 769 2522 vos
789 2467 1034 2530 docebit,
1057 2468 1199 2522 sicut
1225 2473 1282 2524 et
1319 2485 1350 2522 e
1389 2467 1690 2533 contrario,
1720 2484 1815 2522 eos
1834 2467 1984 2539 quia
2002 2485 2086 2522 sa-

455 2562 573 2616 lute
613 2561 782 2618 alieni
823 2564 958 2616 sunt
996 2577 1167 2616 omne
1214 2562 1437 2616 malum
1469 2562 1651 2616 facere
1681 2561 1874 2615 odium
1903 2562 2088 2618 docet.

456 2654 514 2710 Si
537 2655 634 2726 qui
660 2671 725 2708 ex
749 2654 1020 2710 fratribus
1049 2655 1281 2726 negotia
1308 2655 1520 2710 habent
1546 2654 1692 2709 inter
1719 2671 1798 2722 se,
1828 2655 1980 2725 apud
2006 2671 2092 2708 co-

460 2747 715 2818 gnitores
741 2747 931 2802 saeculi
963 2763 1076 2802 non
1103 2747 1475 2817 judicentur:
1505 2746 1603 2802 sed
1625 2747 1775 2818 apud
1806 2747 2092 2818 presbyte-

457 2855 549 2893 ros
573 2838 836 2894 Ecclesiae
877 2839 1154 2910 quidquid
1193 2840 1329 2893 illud
1363 2842 1467 2908 est,
1498 2838 1817 2907 dirimatur,
1845 2844 1904 2894 et
1934 2839 2091 2894 omni

456 2932 629 2987 modo
654 2931 922 2987 obediant
949 2932 1172 2988 statutis
1201 2948 1425 2987 eorum.

530 3024 716 3097 Super
739 3025 934 3080 omnia
971 3027 1162 3080 autem
1203 3025 1499 3080 avaritiam
1549 3026 1763 3095 fugite,
1811 3041 1939 3096 quas
1984 3025 2088 3079 ho-

2185 1919 2340 1968 terra
2371 1911 2770 1984 praeparatur?
2792 1911 2870 1965 De
2899 1909 2988 1964 his
3019 1925 3178 1979 ergo,
3201 1911 3268 1962 ut
3293 1906 3556 1973 diximus,
3575 1904 3830 1961 diaconis

2188 2023 2324 2061 cura
2352 2006 2442 2061 sit.
2476 2006 2584 2061 Sed
2625 2022 2742 2073 eos,
2769 2003 2868 2076 qui
2896 2003 3210 2058 secundum
3252 2016 3484 2055 carnem
3524 2001 3825 2070 aegrotant,

2189 2099 2426 2154 sollicite
2456 2097 2809 2171 perquirant,
2839 2100 2894 2152 et
2925 2095 3095 2167 plebi,
3124 2095 3171 2149 si
3202 2095 3351 2149 forte
3390 2092 3546 2165 plebs
3573 2091 3824 2164 ignorat,

2189 2193 2444 2247 indicent
2467 2192 2536 2247 de
2569 2191 2655 2244 his
2679 2194 2745 2245 ut
2769 2193 2824 2244 et
2850 2189 2958 2260 ipsi
2986 2189 3217 2243 visitent
3246 2204 3364 2254 eos,
3398 2190 3456 2242 et
3482 2202 3609 2256 quae
3640 2201 3830 2240 neces-

2190 2285 2335 2340 saria
2352 2289 2486 2339 sunt
2500 2284 2794 2356 praebeant
2821 2283 2900 2336 eis
2923 2299 3054 2336 cum
3069 2280 3412 2336 conscientia
3426 2280 3547 2350 ejus
3567 2279 3666 2350 qui
3685 2295 3829 2350 prae-

2189 2381 2292 2433 est.
2325 2379 2484 2442 Quod
2512 2381 2706 2432 tamen
2731 2375 2774 2430 si
2803 2376 2976 2432 etiam
3013 2377 3162 2430 clam
3200 2374 3458 2441 fecerint,
3485 2389 3600 2428 non
3626 2388 3824 2444 pecca-

2190 2471 2354 2526 bunt

2200 2589 2204 2592 ·
2263 2564 2373 2620 Sed
2395 2564 2545 2618 etde
2575 2562 2891 2634 peregrinis
2925 2561 3186 2616 similiter
3217 2561 3482 2632 episcopo
3516 2562 3831 2632 suggerant

2192 2657 2528 2724 refovendis,
2569 2660 2626 2712 et
2679 2660 2882 2711 caetera
2929 2655 3016 2710 his
3073 2653 3278 2708 similia
3327 2670 3456 2726 qua:
3502 2653 3573 2708 ad
3611 2652 3828 2708 cultum

2192 2751 2450 2806 Ecclesiae
2476 2754 2534 2804 et
2559 2749 2912 2820 disciplinam
2943 2748 3065 2819 ejus
3089 2747 3382 2819 pertinent
3407 2745 3655 2801 diaconis
3675 2762 3829 2801 cura:

2192 2844 2324 2900 sint.
2366 2843 2473 2908 Qui
2517 2842 2900 2911 catechizant,
2937 2841 2995 2896 id
3037 2844 3142 2908 est,
3185 2840 3284 2912 qui
3324 2839 3499 2894 verbo
3540 2839 3832 2894 instruunt
3925 2875 3932 2882 .

2193 2937 2544 3008 incipientes,
2575 2935 2763 3007 primo
2796 2938 3024 3006 oportet
3061 2932 3216 3005 quod
3253 2933 3363 3005 ipsi
3406 2931 3666 2987 instructi
3693 2932 3827 2999 sint,

2192 3031 2261 3086 de
2300 3029 2490 3085 anima
2532 3028 2688 3084 enim
2729 3027 2919 3098 agitur
2970 3025 3291 3093 hominum,
3331 3028 3389 3081 et
3431 3028 3652 3097 oportet
3696 3041 3830 3080 eum

458 3117 641 3174 mines
669 3117 960 3174 occasione
997 3119 1294 3190 presentis
1331 3118 1474 3174 lucri
1513 3119 1584 3174 ab
1614 3118 1843 3173 aeternis
1868 3123 2096 3189 separat
2115 3157 2168 3231 Ο
2193 3123 2290 3196 qui
2333 3123 2496 3178 docet
2542 3127 2599 3177 et
2637 3121 2866 3176 instruit
2909 3119 3127 3175 animas
3176 3119 3344 3175 rudes
3387 3136 3510 3174 esse
3551 3119 3721 3174 talem
3771 3122 3836 3172 ut

458 3211 619 3231 .-_,_
665 3211 914 3231 m__,-_-_
1571 3229 1668 3231 η-
1876 3211 2070 3231 __-..___
2325 3217 2336 3227 .
2501 3215 2512 3226 .
2611 3214 2649 3231 ι.
2727 3230 2732 3231 ,
2795 3214 2830 3231 ..
2883 3230 2904 3231 η
3395 3211 3567 3231 μαι.

457 3211 641 3266 bonis.
665 3211 946 3278 Pondera,
974 3228 1285 3279 mensuras,
1305 3215 1536 3267 stateras
1570 3229 1676 3284 pro
1703 3211 1842 3267 locis
1869 3211 2095 3282 quibus-

457 3320 568 3376 que
587 3304 908 3376 aaquissima
923 3304 1199 3360 custodite
1221 3323 1237 3374 ;
1255 3305 1516 3376 deposita
1533 3305 1778 3361 ﬁdeliter
1793 3305 2090 3360 restituite.

459 3398 600 3462 Qua:
625 3398 840 3462 omnia,
874 3401 931 3453 et
972 3398 1018 3452 si
1055 3415 1170 3468 qua
1209 3403 1341 3452 sunt
1372 3398 1583 3452 similia
1611 3397 1719 3466 his,
1746 3398 1824 3452 ita
1861 3397 2092 3453 demum

458 3491 695 3547 sollicite
714 3494 770 3546 et
789 3491 1096 3562 diligenter
1115 3490 1441 3562 implebitis,
1467 3491 1511 3545 si
1535 3492 1791 3546 futurum
1809 3490 2090 3562 judicium

460 3583 560 3639 Dei
585 3583 705 3639 sine
739 3583 1158 3640 intermissione
1189 3583 1248 3639 in
1273 3589 1458 3639 vestro
1486 3584 1654 3641 corde
1681 3583 1931 3639 volvatis.
1961 3584 2094 3648 Quis

457 3676 613 3733 enim
660 3692 892 3747 peccare
939 3676 1168 3748 poterit,
1211 3677 1255 3730 si
1299 3693 1526 3748 semper
1568 3682 1698 3732 ante
1737 3677 1924 3732 oculos
1968 3694 2095 3732 suos

457 3769 557 3824 Dei
587 3769 868 3840 judicium
902 3769 1123 3841 ponat?
1168 3770 1304 3841 quid
1351 3771 1407 3824 in
1461 3771 1574 3826 fine
1618 3771 1820 3825 mundi
1869 3775 2091 3825 certum

458 3867 544 3918 est
597 3862 956 3934 agitandum,
997 3867 1061 3918 ut
1117 3863 1351 3918 tandem
1404 3864 1504 3936 qui
1551 3864 1701 3919 bene
1740 3863 1798 3918 in
1836 3864 1941 3918 hac
1982 3864 2095 3918 vita

456 3958 701 4028 egerunt
727 3961 1153 4028 consequantur
1176 3957 1331 4012 bona
1357 3959 1623 4027 reposita,
1655 3959 1971 4026 peccatores
1999 3971 2094 4008 au-

456 4053 592 4115 tem,
623 4054 682 4104 ut
714 4054 1136 4119 consequantur
1170 4051 1517 4119 praeparatas
1545 4063 1757 4117 poenas,
1787 4047 1857 4100 de
1889 4047 2093 4116 quibus

455 4141 536 4196 ita
571 4141 828 4195 futurum
882 4140 1142 4194 dubitare
1195 4139 1430 4194 omnino
1483 4155 1600 4193 non
1657 4139 2001 4210 possumus?
2039 4138 2092 4194 Si

454 4232 686 4304 quidem
740 4232 862 4286 hzec
905 4232 1095 4286 omnia
1138 4231 1218 4286 ita
1263 4249 1384 4286 esse
1429 4234 1668 4286 ventura
1711 4247 1874 4288 verus
1931 4232 2093 4286 nobis

453 4325 734 4397 propheta
771 4324 1052 4396 praedixit.
1083 4325 1242 4380 Unde
1269 4329 1327 4379 ct
1354 4341 1467 4392 vos,
1503 4325 1602 4396 qui
1640 4325 1771 4380 estis
1797 4326 1915 4380 veri
1963 4342 2088 4396 pro-

453 4418 643 4490 pheta:
662 4417 938 4489 discipuli,
958 4417 1182 4490 abjicite
1205 4436 1238 4473 a
1253 4419 1515 4474 cordibus
1533 4419 1731 4474 vestris
1750 4422 1880 4475 ante
1901 4420 2092 4474 omnia

2193 3233 2296 3288 pro
2322 3215 2552 3287 ingenio
2595 3214 2956 3284 discentium,
2985 3211 3352 3284 semetipsum
3394 3211 3570 3284 possit
3605 3215 3830 3282 aptare,

2195 3314 2252 3365 et
2279 3309 2438 3364 verbi
2464 3308 2724 3363 ordinem
2750 3324 2854 3378 pro
2882 3307 3167 3362 audientis
3203 3305 3514 3378 capacitate
3555 3303 3831 3375 dirigere.

2193 3403 2370 3459 Debet
2411 3418 2547 3474 ergo
2592 3401 2709 3472 ipse
2750 3400 3036 3472 praecipue
3076 3399 3338 3472 apprime
3385 3414 3502 3454 esse
3544 3396 3830 3466 eruditus,

2193 3501 2249 3552 et
2305 3495 2523 3561 doctus,
2589 3492 3122 3565 irreprehensibilis,
3170 3495 3452 3559 maturus,
3491 3489 3833 3561 impavidus,

2193 3589 2337 3644 sicut
2364 3588 2468 3660 ipsi
2497 3587 2804 3660 probabitis
2833 3587 2956 3643 fore
2986 3586 3340 3642 Clementem
3376 3585 3530 3640 hunc
3567 3587 3692 3655 post
3718 3600 3833 3638 me.

2261 3683 2498 3738 Multum
2535 3685 2619 3736 est
2663 3685 2854 3736 autem
2900 3679 2946 3732 si
2977 3695 3084 3750 ego
3126 3695 3277 3733 nunc
3309 3678 3380 3733 de
3416 3676 3671 3748 singulis,
3705 3692 3836 3746 qua:

2196 3774 2586 3846 unusquisque
2606 3773 2816 3827 habere
2845 3772 3072 3837 debeat,
3091 3787 3424 3841 persequar,
3443 3771 3836 3825 verumtamen

2194 3868 2334 3924 illud
2365 3872 2468 3933 est,
2499 3865 2653 3936 quod
2685 3881 2804 3936 prie
2832 3863 3055 3918 czeteris
3085 3863 3156 3917 ab
3185 3862 3449 3917 omnibus
3475 3861 3634 3918 vobis
3668 3861 3836 3933 cupio

2193 3961 2249 4015 in
2295 3974 2600 4014 commune
2645 3956 2878 4021 servari,
2909 3959 2972 4009 ut
3016 3955 3384 4011 concordiam
3429 3955 3839 4026 teneatiszper

2193 4052 2344 4124 quod
2389 4051 2572 4105 solum
2618 4049 2850 4121 potestis
2894 4051 3124 4121 portum
3165 4048 3371 4121 quietis
3409 4049 3644 4118 intrare,
3673 4052 3730 4104 et
3757 4047 3834 4103 ci-

2193 4145 2430 4200 vitatem
2454 4143 2666 4199 summi
2687 4143 2874 4214 Regis,
2899 4159 3028 4214 quae
3049 4160 3163 4215 pax
3180 4142 3528 4211 nominatur,
3555 4141 3836 4198 habitare.

2270 4237 2484 4294 Similis
2512 4254 2760 4309 namque
2787 4240 2872 4292 est
2899 4237 3086 4291 omnis
3117 4241 3296 4292 status
3328 4236 3582 4291 Ecclesia:
3613 4251 3841 4306 magna:

2191 4331 2320 4387 navi
2358 4348 2488 4403 quae
2539 4348 2645 4402 per
2693 4330 2982 4385 undosum
3036 4330 3276 4402 pelagus
3335 4328 3570 4384 diversis
3625 4345 3655 4383 e
3701 4330 3840 4384 locis

2191 4429 2248 4479 et
2272 4423 2603 4496 regionibus
2630 4424 2779 4478 viros
2808 4427 3000 4495 portat
3037 4423 3106 4478 ad
3161 4439 3331 4477 unam
3383 4421 3630 4477 Potentis
3673 4421 3841 4493 regni

457 4511 764 4567 discordias
810 4516 868 4567 et
913 4511 1240 4567 animorum
1303 4512 1710 4580 dissensiones,
1765 4529 1828 4568 ex
1892 4514 2172 4594 quibusD
2199 4517 2403 4572 urbem
2455 4533 2767 4589 properare
2804 4516 3117 4588 cupientes.
3166 4515 3252 4571 Sit
3287 4531 3425 4585 ergo
3467 4513 3628 4569 navis
3668 4514 3843 4586 hujus

457 4622 632 4661 omne
661 4606 877 4660 malum
921 4622 1062 4678 opus
1096 4605 1373 4677 procedit,
1401 4605 1816 4677 benignitatem
1865 4611 1921 4660 et
1957 4607 2092 4661 sim-

456 4698 768 4771 plicitatem
812 4702 931 4754 tota
974 4703 1166 4754 mente
1205 4701 1444 4755 servate.
1475 4701 1635 4764 Quod
1667 4700 1712 4754 si
1749 4700 1891 4756 forte
1920 4701 2091 4755 alicu-

448 4793 546 4863 jus
582 4793 667 4847 vel
723 4808 838 4857 cor,
879 4793 966 4846 vel
1020 4793 1178 4859 livor,
1219 4791 1308 4847 vel
1362 4792 1688 4864 infidelitas,
1730 4794 1813 4847 vel
1867 4793 2094 4866 aliquod

457 4885 676 4940 malum
706 4902 771 4940 ex
805 4884 892 4939 his
924 4901 1051 4956 qua:
1080 4885 1339 4956 superius
1382 4886 1832 4941 memoravimus
1855 4887 2095 4941 latenter

456 4979 766 5049 irrepserit,
784 4994 899 5032 non
922 4978 1217 5034 erubescat
1239 4979 1338 5051 qui
1357 4979 1566 5034 anima:
1593 4997 1710 5034 suae
1730 4996 1922 5034 curam
1949 4981 2096 5050 gerit

457 5070 716 5127 conﬁteri
743 5072 864 5126 haec
890 5069 1022 5126 huic
1051 5072 1150 5144 qui
1174 5076 1362 5144 potest
1391 5076 1453 5128 ut
1479 5072 1549 5126 ab
1577 5072 1700 5145 ipso
1723 5090 1831 5146 per
1859 5075 2095 5130 verbum

456 5163 682 5220 Domini
729 5167 786 5219 et
833 5164 1133 5219 concilium
1187 5165 1410 5221 salubre
1453 5169 1702 5235 curetur,
1751 5184 1864 5239 quo
1916 5168 2095 5240 possit

456 5258 680 5330 integra
708 5257 841 5327 fide,
869 5261 930 5313 et
971 5257 1239 5329 operibus
1277 5259 1440 5314 bonis
1477 5276 1670 5332 pinnas
1707 5261 1905 5316 aeterni
1945 5261 2094 5334 ignis

458 5352 734 5423 effugere,
763 5355 819 5406 et
845 5351 917 5406 ad
947 5355 1240 5424 perpetua:
1265 5353 1392 5407 vitaz
1421 5354 1664 5425 praemia
1693 5354 2006 5425 pervenire.

529 5445 765 5502 Diaconi
786 5462 920 5501 vero
939 5445 1202 5501 Ecclesiae
1225 5449 1496 5519 tanquam
1516 5449 1666 5503 oculi
1688 5448 1799 5503 sint
1819 5447 2090 5521 episcopi,

459 5539 790 5595 aberrantes
848 5541 906 5594 et
957 5539 1477 5596 circumlustrantes
1551 5558 1682 5596 cum
1755 5542 2093 5598 verecundia

456 5635 614 5687 actus
647 5633 818 5689 totius
850 5632 1128 5702 Ecclesia,
1158 5637 1216 5690 et
1240 5637 1659 5705 perscrutantes
1685 5633 2016 5706 diligentius
2047 5637 2094 5692 si

458 5740 629 5796 quem
657 5725 890 5781 videant
909 5726 1159 5782 vicinum
1185 5725 1305 5780 ﬁeri
1333 5726 1666 5799 praecipitio,
1691 5731 1747 5782 et
1767 5727 2090 5799 proximum

457 5832 577 5872 esse
617 5821 882 5888 peccato,
925 5821 986 5872 ut
1025 5820 1274 5875 referant
1322 5819 1442 5874 haec
1494 5821 1564 5875 ad
1623 5821 1988 5892 episcopum,
2038 5829 2094 5880 et

2197 4610 2475 4666 Dominus
2522 4610 2644 4680 ipse
2691 4609 3052 4680 omnipotens
3108 4609 3276 4675 Deus,
3325 4607 3671 4678 gubernator
3707 4622 3843 4662 vero

2197 4703 2269 4758 sit
2322 4701 2598 4758 Christus.
2641 4702 2786 4756 Tum
2844 4700 3048 4756 deinde
3107 4703 3354 4772 proretae
3407 4698 3661 4754 officium
3712 4699 3838 4770 epi-

2201 4813 2401 4868 scopus
2475 4795 2751 4866 impleat;
2827 4793 3147 4866 presbyteri
3220 4797 3542 4859 nautarum,
3617 4791 3838 4848 diaconi

2197 4890 2657 4961 dispensatorum
2712 4889 2903 4943 locum
2954 4889 3218 4952 teneant;
3297 4885 3356 4939 hi
3409 4885 3525 4957 'qui
3601 4885 3842 4940 catechi-

2197 4987 2327 5038 zant
2353 4981 2675 5053 nautologis
2706 4981 3106 5047 conferantur;
3153 4977 3390 5050 epibatis
3437 4982 3625 5033 autem
3665 4977 3839 5032 totius

2197 5075 2565 5132 fraternitatis
2615 5073 2924 5129 multitudo
2968 5071 3167 5126 similis
3213 5072 3322 5142 sit;
3369 5071 3559 5140 ipsum
3604 5085 3834 5146 quoque

2196 5185 2353 5225 mare
2417 5169 2507 5223 hic
2564 5168 2811 5223 mundus
2862 5165 3166 5233 habeatur;
3218 5169 3518 5220 ventorum
3565 5180 3696 5221 vero
3740 5181 3833 5218 va-

2193 5262 2369 5318 .Iietas
2437 5268 2494 5317 et
2553 5260 2847 5316 turbinum
2921 5259 3157 5315 diversis
3230 5257 3634 5314 tentationibus
3705 5273 3838 5313 con-

2196 5358 2444 5421 feratur;
2504 5353 2948 5428 persecutiones,
3009 5351 3404 5408 tribulationes
3467 5355 3523 5406 et
3585 5350 3839 5422 pericula

2195 5449 2460 5505 fluctibus
2521 5450 2930 5520 exsequantur.
2971 5445 3204 5502 Terreni
3259 5460 3394 5500 vero
3446 5444 3694 5516 spiritus,
3737 5445 3836 5516 qui

2196 5543 2285 5598 vel
2331 5543 2402 5599 de
2438 5542 2806 5610 torrentibus,
2853 5539 2938 5596 vel
2988 5539 3059 5594 de
3091 5537 3331 5594 vallibus
3387 5536 3622 5610 spirant,
3660 5554 3832 5610 pseu-

2195 5638 2682 5710 doprophetarum
2731 5638 2788 5691 et
2832 5632 3221 5703 seductorum,
3255 5648 3353 5688 seu
3397 5647 3588 5703 prava:
3630 5631 3837 5687 doctri-

2197 5747 2285 5786 na:
2349 5731 2521 5786 verba
2582 5729 2894 5793 ducantur;
2962 5725 3351 5799 promontoria
3410 5741 3565 5791 vero,
3608 5728 3668 5780 et
3711 5725 3836 5780 loca

2193 5823 2548 5898 confragosa,
2591 5824 2650 5880 hi
2695 5821 2792 5895 qui
2834 5820 2892 5878 in
2929 5819 3304 5894 potestatibus
3345 5818 3533 5875 seaculi
3572 5822 3703 5875 sunt
3737 5817 3835 5887 ju-
