4046 6188
216 317 280 367 25
1456 307 1924 365 DECRETALIUM
1963 307 2348 364 COLLECTIO.
3512 317 3579 370 26

209 421 379 485 dices,
416 422 473 472 et
514 417 769 489 pericula
815 416 1108 471 minantur
1151 421 1207 471 et
1256 421 1484 472 mortes.
1532 416 1846 472 Bithalassa
1865 430 1925 504 Α
1945 432 2149 471 navem
2177 416 2276 470 ubi
2309 398 2602 471 mercedes
2631 421 2688 471 et
2712 417 2949 488 praamia
2980 435 3083 488 pro
3111 419 3372 474 omnium
3399 422 3581 476 salute

207 528 333 566 vero
399 511 545 580 loca,
589 527 723 583 quae
771 509 1090 582 duplicibus
1131 509 1307 564 undae
1350 509 1566 565 fallacis
1613 509 1844 564 aestibus

201 605 594 670 verberantur,
641 604 831 658 dubiis
873 607 1064 658 mente
1107 606 1165 658 et
1214 603 1286 658 de
1337 603 1846 675 repromissionum

201 698 437 752 veritate
512 697 849 752 nutantibus
923 696 1306 762 conferantur,
1363 703 1533 768 atque
1593 696 1684 750 his
1744 696 1843 767 qui

200 789 579 846 irrationabili
625 790 799 846 ﬁdem
853 794 1109 844 nostram
1166 789 1386 844 ratione
1443 789 1840 844 discutiuntur.

201 885 521 955 Hypocrita:
547 900 703 952 vero,
737 889 794 938 et
821 883 1001 938 dolosi
1031 882 1228 954 piratis
1265 881 1476 936 similes
1505 882 1840 937 habeantur.

197 980 316 1032 Jam
337 993 477 1031 vero
503 976 737 1047 rapidus
754 981 1035 1044 vertex,et
1054 979 1302 1030 tartarea
1321 975 1677 1046 Carybdis,et
1693 975 1843 1029 saxis

203 1070 340 1123 illisa
381 1069 713 1139 naufragia,
753 1085 818 1122 ac
874 1068 1184 1123 mortiferae
1235 1068 1664 1137 subversiones,
1706 1067 1843 1139 quid

197 1163 346 1217 aliud
383 1161 720 1217 aestimanda
749 1166 900 1228 sunt,
929 1177 1101 1233 quam
1131 1162 1405 1232 peccata?
1445 1161 1636 1216 Restat
1666 1160 1843 1231 igitur

196 1262 254 1310 ut
281 1256 410 1310 haec
439 1256 602 1310 navis
629 1271 796 1309 cursu
824 1271 1094 1326 prospero
1124 1259 1244 1310 tuta
1281 1254 1456 1325 possit
1483 1257 1715 1325 portum
1740 1254 1838 1309 de-

197 1350 457 1403 siderata;
478 1348 642 1403 urbis
669 1349 900 1414 intrare,
924 1348 1003 1402 ita
1033 1349 1145 1402 Deo
1173 1363 1406 1418 precem
1431 1347 1673 1402 fundere
1703 1363 1836 1401 cou-

198 1442 365 1509 venit,
391 1446 453 1496 ut
480 1441 820 1511 navigantes
847 1443 1181 1495 mereantur
1199 1439 1402 1495 audiri.
1426 1439 1624 1494 Audiri
1649 1444 1840 1494 autem

199 1552 228 1587 a
257 1536 369 1589 Deo
403 1535 483 1588 ita
514 1534 749 1588 demum
777 1531 1089 1588 merebitur
1116 1533 1261 1605 quis,
1291 1533 1337 1586 si
1368 1533 1650 1588 orationes
1680 1532 1836 1604 ipsae,

195 1627 354 1682 bonis
379 1627 646 1682 moribus
671 1632 729 1682 et
752 1627 915 1681 bonis
942 1626 1208 1698 operibus
1236 1626 1324 1696 adj
1335 1628 1596 1682 uventur.

264 1721 371 1778 Sed
398 1725 537 1776 ante
569 1721 785 1790 omnia,
815 1729 946 1775 cum
976 1721 1163 1790 quiete
1207 1724 1264 1774 et
1307 1719 1530 1774 silentio
1572 1717 1836 1789 epibatae,

1946 507 2234 579 suscipies,
2262 507 2307 562 si
2339 507 2429 562 hic
2459 525 2563 579 pro
2603 509 2864 564 omnium
2903 509 3288 567 incolumitate
3315 513 3582 584 vigilave-

1943 602 2042 656 ris.
2071 604 2266 673 Itaque
2293 599 2337 653 si
2369 605 2424 656 te
2461 601 2626 655 multi
2670 618 2700 657 e
2743 603 3010 658 fratribus
3050 609 3284 674 propter
3327 606 3577 676 rigorem

1936 695 2171 765 justitia:
2201 694 2328 749 odio
2353 693 2672 760 habuerint,
2705 711 2770 750 ex
2798 695 2906 750 hoc
2931 696 3163 768 quidem
3194 713 3307 750 non
3334 698 3576 770 lsederis,

1943 788 2043 842 sed
2072 803 2141 842 ex
2167 787 2492 858 hujusmodi
2533 787 2676 842 odiis
2715 804 2880 842 amor
2912 787 3012 843 tibi
3039 788 3430 844 conciliabitur
3457 792 3573 846 Dei.

1942 881 2012 934 Et
2037 880 2166 936 ideo
2194 884 2386 951 satage
2416 880 2604 950 magis
2643 885 2699 935 et
2743 881 2941 952 refuge
2979 898 3050 936 ne
3091 881 3340 937 lauderis
3369 883 3439 936 ab
3466 882 3575 938 ini-

1943 973 2088 1044 quis,
2121 977 2179 1027 et
2203 989 2275 1028 ne
2300 989 2333 1026 a
2357 973 2598 1044 pessime
2628 973 2930 1044 agentibus
2950 974 3220 1045 diligaris,
3243 975 3342 1029 sed
3363 976 3575 1046 potius,

1942 1069 2175 1137 propter
2195 1065 2434 1137 justitia:
2471 1066 2956 1137 dispensationem
2987 1070 3045 1120 et
3074 1067 3455 1138 aequissimam
3482 1085 3575 1122 re-

1945 1159 2139 1230 gulam
2187 1159 2522 1230 discipliuae,
2572 1177 2603 1212 a
2652 1159 2873 1214 Christo
2920 1160 3231 1215 collaudari
3282 1161 3573 1216 merearis.

1942 1254 2055 1307 Hac
2080 1269 2210 1307 cum
2237 1252 2471 1307 dixisset
2513 1258 2569 1306 et
2608 1252 2696 1307 his
2737 1253 2945 1307 similia
2971 1254 3414 1325 quamplurima,
3446 1271 3572 1310 rur-

1941 1361 2068 1400 sum
2097 1345 2407 1417 respiciens
2433 1344 2504 1398 ad
2530 1346 2830 1416 populum,
2855 1345 2998 1400 dixit
3027 1363 3040 1400 :

2014 1439 2122 1495 Sed
2143 1441 2202 1493 et
2221 1455 2338 1505 vos,
2354 1438 2674 1493 charissimi
2693 1439 2914 1505 fratres,
2935 1444 2993 1493 et
3017 1441 3271 1496 conservi
3290 1441 3426 1512 mei,
3442 1440 3576 1498 huic

1941 1532 2041 1603 qui
2062 1531 2328 1602 praesidet
2339 1531 2494 1585 vobis
2508 1530 2580 1585 ad
2592 1531 2886 1587 veritatem
2900 1532 3209 1586 docendam
3229 1533 3289 1587 iu
3309 1535 3576 1590 omnibus

1939 1625 2182 1680 obedite.
2219 1623 2466 1680 Scientes
2495 1623 2648 1694 quod
2691 1624 2736 1678 si
2779 1625 2907 1696 quis
2947 1625 3099 1680 hunc
3139 1625 3574 1694 contristaverit,

1939 1717 2350 1789 Christum,qui
2364 1717 2417 1770 ei
2431 1716 2670 1772 docendi
2690 1717 2930 1772 credidit
2947 1718 3418 1789 cathedram,non
3439 1721 3578 1776 reci-

198 1816 251 1870 id
281 1821 385 1882 est,
413 1814 548 1869 laici
572 1815 634 1868 in
679 1814 796 1869 suis
837 1813 1229 1886 unusquisque
1258 1812 1542 1868 resideant
1577 1811 1734 1878 locis,
1765 1828 1838 1866 ne
1859 1797 1916 1869 Β
1940 1811 2042 1882 pit,
2058 1814 2116 1865 et
2130 1810 2229 1882 qui
2241 1811 2525 1866 Christum
2541 1827 2657 1865 non
2679 1811 3005 1882 susceperit,
3028 1828 3134 1867 nec
3150 1813 3334 1868 Deum
3353 1819 3574 1884 patrem

201 1910 336 1964 forte
377 1926 486 1980 per
521 1906 1003 1979 inquietudinem,
1046 1911 1102 1961 et
1139 1905 1458 1960 inconditos
1497 1904 1837 1976 inutilesque

1939 1903 2248 1974 suscepisse
2268 1903 2623 1974 judicabitur
2645 1905 2788 1973 (Luc.
2819 1921 2890 1971 ιχ,
2921 1905 3032 1976 48).
3064 1907 3132 1961 Et
3161 1905 3292 1960 ideo
3321 1923 3427 1962 nec
3453 1908 3575 1978 ipse

199 2003 505 2068 discursus,
534 2001 582 2054 si
613 2000 820 2072 passim
859 1999 1053 2071 vagari
1094 1999 1386 2071 cceperint,
1418 2000 1504 2052 vel
1542 1998 1612 2052 ab
1651 1998 1839 2052 ofﬁcio
1938 1996 2271 2068 suscipietur
2314 1996 2372 2050 in
2418 2013 2599 2066 regno
2640 1997 2932 2052 caelorum.
2972 1999 3206 2070 Propter
3247 2000 3400 2071 quod
3445 2002 3577 2056 satis

203 2112 306 2150 suo
333 2100 531 2150 nautas
563 2094 902 2165 impediant,
931 2094 1016 2148 vel
1049 2093 1108 2147 in
1146 2093 1389 2149 alterum
1429 2093 1595 2160 latus,
1625 2109 1728 2164 per
1751 2091 1838 2146 in-

203 2189 590 2260 quietudinem
617 2204 845 2256 eorum,
875 2187 1031 2241 navis
1061 2203 1253 2259 pressa
1283 2186 1664 2256 demergatur.
1697 2187 1841 2241 Nau-

200 2281 374 2353 tologi
432 2281 502 2335 de
555 2279 916 2335 mercedibus
971 2282 1373 2334 commoneant
1427 2284 1484 2333 et
1534 2277 1676 2332 nihil
1713 2294 1838 2332 om-

199 2375 328 2428 nino
357 2374 519 2446 quod
543 2373 616 2428 ad
644 2373 1026 2443 diligentiam,
1053 2373 1142 2427 vel
1172 2371 1245 2427 ad
1273 2371 1636 2443 disciplinam
1662 2370 1839 2442 perti-

198 2474 290 2523 net
317 2467 548 2523 diaconi
574 2466 890 2537 negligant,
920 2465 1236 2537 presbyteri
1261 2464 1414 2519 velut
1430 2467 1621 2520 nautae
1646 2468 1843 2538 aptent

196 2561 419 2631 singula
474 2560 548 2615 ad
601 2559 1036 2614 instructionem
1086 2558 1246 2613 navis
1290 2557 1595 2629 diligenter
1648 2562 1705 2612 et
1755 2557 1838 2611 in-

197 2659 414 2709 struant
445 2669 579 2725 qua:
604 2652 663 2706 in
696 2669 798 2706 suo
840 2655 1098 2724 tempore
1143 2650 1484 2724 requirenda
1528 2654 1680 2704 sunt.
1711 2650 1838 2721 Epi-

195 2764 416 2819 scapus,
433 2751 708 2818 tanquam
728 2744 1283 2818 proreta,vigilanter
1302 2749 1358 2800 et
1377 2743 1616 2799 sollicite
1641 2743 1844 2815 guber-

198 2842 410 2896 natoris
453 2840 629 2894 verba
675 2838 959 2894 custodiat
1002 2838 1232 2894 Christi.
1259 2837 1511 2894 Salvator
1551 2836 1840 2903 Dominus,

198 2935 562 3006 gubernator
593 2932 855 2988 Ecclesia:
879 2948 1016 3001 suae,
1044 2931 1316 3004 diligatur
1351 2931 1422 2986 ab
1470 2931 1756 2998 omnibus,
1789 2933 1845 2985 et

198 3027 368 3099 ipsius
421 3026 605 3082 solius
647 3024 948 3097 praeceptis
989 3041 1054 3079 ac
1089 3024 1261 3096 jussis
1304 3024 1495 3079 credat
1523 3029 1579 3080 et
1618 3022 1847 3078 obediat

199 3122 376 3176 omnis
400 3120 678 3175 Ecclesia.
711 3121 827 3173 Deo
859 3135 1084 3191 quoque
1130 3117 1522 3174 indesinenter
1558 3117 1842 3189 supplice-

198 3221 282 3269 tur
297 3232 330 3268 a
355 3214 589 3270 cunctis
609 3213 680 3268 de
701 3213 1073 3285 prosperitate
1094 3215 1497 3278 ventorum,ut
1516 3211 1847 3282 navigantes

201 3324 433 3363 omnem
466 3306 896 3363 tribulationem
921 3310 978 3360 et
1008 3322 1180 3360 omne
1211 3305 1530 3377 periculum
1556 3307 1844 3376 superent,

203 3405 482 3474 tanquam
521 3401 583 3454 in
623 3416 781 3456 mare
809 3399 1160 3471 profundum
1199 3399 1403 3454 mundi
1432 3399 1592 3454 istius
1617 3401 1676 3452 et
1719 3397 1847 3452 vitae

201 3495 470 3550 humanae
495 3495 733 3566 pelagus
760 3495 1112 3565 navigantes,
1135 3492 1193 3547 in
1215 3509 1330 3565 quo
1362 3492 1728 3548 esuriendum
1753 3491 1844 3558 sit,

202 3594 253 3643 et
279 3589 622 3654 sitiendum,
656 3589 978 3643 nuditatem
1007 3603 1236 3659 quoque
1273 3587 1594 3654 ferendam,
1621 3585 1848 3641 morbos

203 3683 370 3738 etiam
418 3682 701 3754 corporis,
743 3685 800 3736 et
845 3680 1215 3752 aegritudines
1247 3681 1584 3736 tolerandas.
1616 3681 1849 3750 Insuper

203 3782 253 3831 et
310 3777 626 3831 hominum
665 3773 907 3844 insidiis,
950 3791 1015 3829 ac
1062 3773 1192 3829 dolo
1244 3790 1395 3846 saepe
1457 3773 1846 3840 laborandum,

203 3869 414 3942 quippe
441 3868 543 3941 qui
571 3867 985 3940 dispergendos
1021 3884 1081 3922 se
1112 3884 1528 3939 nonnunquam
1557 3866 1845 3933 noverint,

202 3963 292 4017 sed
319 3961 642 4033 aliquando
669 3961 846 4016 etiam
872 3962 1326 4033 congregandos,
1350 3960 1596 4015 vomitus
1621 3976 1847 4032 quoque

202 4060 254 4110 et
277 4055 676 4128 sugillationes
697 4055 979 4125 ferendas,
999 4071 1131 4109 cum
1153 4071 1218 4110 ex
1237 4054 1564 4110 confusione
1584 4058 1845 4125 peccato-

204 4165 350 4218 rum,
377 4154 439 4204 et
457 4148 769 4219 rejectione
795 4147 1120 4216 criminum,
1144 4147 1300 4203 velut
1320 4149 1467 4204 male
1493 4147 1850 4218 congregatis

204 4242 257 4296 in
298 4242 621 4296 visceribus
665 4241 834 4308 fellis,
879 4243 1100 4312 jactura
1155 4241 1416 4296 facienda
1459 4247 1562 4311 est,
1610 4244 1667 4295 et
1706 4241 1848 4311 abji-

202 4335 410 4390 cienda
455 4344 688 4406 prorsus
713 4351 743 4390 e
768 4334 938 4390 corde
970 4334 1154 4390 omnis
1180 4334 1520 4390 intrinsecus
1555 4350 1682 4406 qua:
1711 4334 1852 4388 latet

207 4428 530 4483 amaritudo
585 4428 822 4499 peccati,
863 4428 908 4482 si
948 4445 1060 4499 qua
1095 4428 1242 4484 forte
1293 4444 1362 4484 ex
1411 4426 1702 4484 desideriis
1740 4425 1846 4480 ini-

1866 3163 1921 3238 C

1941 2090 2114 2162 agite,
2143 2090 2217 2144 ad
2245 2106 2480 2145 omnem
2508 2090 2805 2146 collectam
2824 2093 3325 2164 congregationem
3345 2110 3577 2165 semper

1941 2184 2261 2252 convenite,
2312 2186 2378 2236 ut
2421 2200 2538 2238 non
2585 2184 2737 2238 velut
2777 2185 3134 2255 negligentes
3179 2189 3238 2239 et
3282 2186 3502 2241 desides
3543 2204 3578 2242 a

1934 2277 2129 2348 judice
2188 2275 2408 2330 Christo
2459 2276 2943 2332 condemnemini.
2996 2278 3408 2334 Convenientes
3445 2296 3578 2334 vero

1941 2387 2090 2442 saepe
2100 2369 2173 2424 ad
2186 2369 2559 2436 Clementem,
2573 2369 2704 2424 date
2716 2385 2914 2424 omnes
2935 2387 3166 2441 operam
3187 2387 3292 2442 pro
3309 2372 3433 2444 ipso
3452 2389 3580 2427 sen-

1941 2463 2070 2533 tire,
2099 2466 2156 2518 et
2204 2478 2428 2517 summo
2475 2463 2662 2518 studio
2705 2463 2958 2519 favorem
2996 2480 3197 2519 verum
3225 2481 3362 2536 erga
3388 2467 3576 2537 ipsum

1943 2555 2289 2627 dependere,
2320 2555 2561 2610 scientes
2605 2555 2741 2626 quia
2775 2560 3010 2627 propter
3051 2557 3307 2628 singulos
3338 2575 3436 2612 vos
3471 2559 3580 2630 ipsi

1942 2648 2128 2721 magis
2154 2649 2261 2704 soli
2287 2648 2520 2704 infestat
2547 2648 2808 2703 inimicus
2838 2654 2895 2705 et
2923 2649 2981 2703 in
3006 2648 3128 2720 ipso
3155 2650 3374 2721 majora
3400 2653 3574 2706 susci-

1942 2747 2025 2798 tat
2055 2742 2222 2798 bella.
2253 2743 2492 2813 Oportet
2543 2757 2680 2812 ergo
2720 2758 2815 2796 vos
2858 2758 3082 2797 summo
3127 2743 3313 2798 studio
3366 2744 3488 2811 niti,
3518 2751 3578 2799 ut

1944 2836 2102 2891 omni
2145 2852 2287 2906 erga
2314 2835 2478 2890 illum
2503 2835 2726 2890 vinculo
2751 2835 2964 2890 amoris
3002 2836 3213 2904 innexi,
3245 2837 3575 2908 plenissimo

1944 2945 2080 3001 erga
2122 2945 2256 2985 eum
2304 2929 2629 2984 inhaereatis
2671 2928 2895 2984 affectu.
2943 2929 3051 2985 Sed
3097 2935 3154 2985 et
3197 2947 3294 2986 vos
3352 2947 3579 3003 quoque

1942 3023 2050 3094 ipsi
2074 3022 2376 3078 unanimes
2405 3023 2463 3076 in
2489 3022 2650 3077 omni
2673 3023 2979 3078 concordia
3006 3024 3312 3095 perdurate
3343 3041 3458 3096 quo
3493 3026 3576 3080 fa-

1945 3115 2105 3172 cilius
2143 3117 2313 3173 etiam
2356 3116 2436 3170 illi
2479 3115 2709 3171 obedire
2756 3133 2957 3172 omnes
2981 3117 3195 3188 pariter
3218 3134 3499 3173 consensu
3523 3123 3582 3174 et

1949 3209 2320 3265 unanimitate
2365 3209 2610 3281 possitis.
2657 3212 2894 3281 Propter
2921 3211 3072 3282 quod
3119 3215 3175 3266 et
3213 3228 3310 3266 vos
3339 3212 3578 3268 salutem

1947 3302 2234 3374 consequi,
2262 3307 2319 3358 et
2365 3303 2458 3358 ille
2500 3302 2676 3374 possit
2723 3303 3248 3375 obtemperantibus
3290 3303 3398 3360 sibi
3425 3305 3582 3360 vobis

1948 3397 2264 3468 promptius
2293 3396 2540 3468 impositi
2562 3396 2754 3451 oneris
2779 3397 3002 3467 pondus
3025 3398 3286 3453 evehere.
3309 3399 3581 3463 Quaedam

1949 3507 2016 3545 ex
2040 3489 2196 3545 vobis
2223 3489 2392 3544 etiam
2431 3489 2566 3560 ipsis
2603 3489 2922 3562 intelligere
2966 3491 3205 3558 debetis,
3239 3491 3283 3545 si
3308 3508 3422 3562 qua
3447 3491 3580 3559 sint,

1949 3599 2080 3654 qua:
2103 3583 2224 3653 ipse
2251 3588 2486 3654 propter
2512 3583 2748 3638 insidias
2788 3583 3087 3638 hominum
3131 3585 3420 3640 malorum
3463 3602 3582 3640 non

1949 3679 2136 3747 potest
2158 3675 2472 3732 evidentius
2493 3681 2551 3730 et
2579 3677 2934 3732 manifestius
2959 3677 3258 3749 proloqui;
3284 3679 3442 3735 verbi
3461 3695 3584 3750 gra-

1947 3769 2048 3836 tia,
2077 3769 2124 3822 si
2153 3768 2416 3822 inimicus
2443 3773 2530 3823 est
2555 3769 2724 3822 alicui
2752 3770 3067 3838 malorum,
3095 3787 3199 3842 pro
3226 3772 3444 3827 actibus
3468 3771 3583 3827 suis

1947 3878 2048 3916 vos
2071 3861 2248 3917 nolite
2277 3866 2601 3932 exspectare
2632 3867 2693 3917 ut
2725 3861 2844 3932 ipse
2877 3863 3033 3917 vobis
3075 3863 3224 3918 dicat
3263 3881 3395 3920 cum
3439 3865 3533 3938 illo
3565 3883 3578 3920 :

1948 3955 2133 4011 Nolite
2160 3955 2326 4010 amici
2355 3971 2495 4010 esse.
2530 3955 2640 4011 Sed
2678 3953 2999 4027 prudenter
3033 3955 3329 4012 observare
3365 3956 3585 4013 debetis

1950 4055 2008 4105 et
2034 4048 2310 4105 voluntati
2339 4049 2463 4120 ejus
2491 4049 2704 4121 absque
2734 4049 3255 4105 communicatione
3282 4050 3583 4106 observare

1949 4147 2007 4199 et
2037 4148 2291 4198 avertere
2318 4159 2416 4198 vos
2442 4142 2512 4196 ab
2539 4159 2604 4197 eo
2639 4142 2728 4197 cui
2772 4142 2962 4214 ipsum
3005 4143 3222 4198 sentitis
3263 4145 3581 4200 adversum.

1949 4237 2058 4292 Sed
2088 4252 2190 4292 nec
2209 4237 2367 4308 loqui
2395 4237 2481 4290 his
2505 4236 2712 4307 quibus
2737 4236 2854 4308 ipse
2883 4254 2996 4292 non
3022 4238 3292 4310 loquitur,
3320 4244 3382 4294 ut
3404 4255 3582 4294 unus-

1949 4331 2191 4402 quisque
2238 4330 2337 4401 qui
2379 4330 2437 4384 in
2484 4331 2647 4400 culpa
2687 4334 2788 4398 est,
2821 4330 2960 4384 dum
3002 4331 3157 4402 cupit
3201 4333 3461 4388 omnium
3490 4350 3583 4389 ve-

1950 4431 2134 4481 strum
2177 4426 2450 4480 amicitias
2479 4426 2649 4493 ferre,
2677 4425 2904 4482 festinet
2941 4427 3104 4482 citius
3143 4429 3496 4484 reconciliari
3535 4431 3587 4484 ei

210 4524 328 4593 quis
358 4522 522 4577 velut
547 4538 614 4576 ex
639 4521 781 4576 cibis
808 4521 994 4576 noxiis
1019 4526 1367 4594 congregata
1399 4526 1503 4577 est.
1529 4521 1715 4585 Quam
1745 4520 1851 4574 uti-
1869 4536 1928 4609 D
1950 4520 2051 4591 qui
2071 4519 2340 4574 omnibus
2360 4521 2589 4590 praeest,
2619 4524 2675 4574 et
2697 4536 2799 4590 per
2825 4520 2935 4575 hoc
2960 4520 3157 4576 redeat
3180 4521 3251 4576 ad
3271 4522 3511 4578 salutem
3532 4528 3589 4579 et

211 4629 311 4685 que
331 4631 470 4669 cum
495 4615 812 4669 evomuerit
828 4615 954 4685 quis
977 4618 1032 4670 et
1050 4615 1338 4686 abjecerit,
1359 4613 1604 4686 ingentis
1625 4613 1852 4686 aegritu—

211 4706 354 4763 dinis
379 4707 720 4762 liberabitur
738 4707 960 4776 morbo,
982 4707 1028 4762 si
1047 4713 1238 4764 tamen
1255 4711 1382 4781 post
1405 4708 1699 4779 vomitum,
1723 4722 1853 4778 qua:

211 4801 280 4854 ad
306 4801 618 4856 sanitatem
643 4801 951 4873 pertinent,
979 4807 1184 4857 sumat.

280 4896 690 4950 Verumtamen
748 4895 942 4950 scitote
997 4894 1184 4950 cuncti
1234 4895 1385 4966 quod
1440 4911 1610 4967 supra
1656 4909 1854 4949 omnes

212 5003 303 5043 vos
350 4988 576 5043 laboret
624 4988 920 5060 episcopus
971 4988 1106 5060 quia
1157 4987 1552 5060 unusquisque
1600 4992 1851 5043 vestrum

213 5097 385 5136 suum
411 5081 664 5136 laborem
689 5081 818 5149 fert,
843 5081 935 5137 ille
955 5097 1088 5136 vero
1109 5087 1165 5137 et
1188 5098 1376 5150 suum,
1399 5086 1457 5138 et
1476 5082 1850 5153 singulorum.

213 5175 454 5247 Propter
501 5175 677 5247 quod,
727 5192 762 5229 ο
803 5175 1086 5243 Clemens,
1130 5180 1406 5248 tanquam
1451 5176 1546 5247 qui
1590 5175 1856 5230 omnibus

214 5269 484 5339 prodesse
504 5273 563 5323 te
585 5268 812 5323 noveris
839 5268 1114 5340 singulos,
1138 5273 1307 5340 prout
1326 5270 1596 5342 potueris,
1617 5270 1776 5341 juva,
1801 5274 1857 5324 et

217 5362 478 5433 singulos
500 5361 708 5429 releva,
737 5363 834 5434 qui
870 5366 928 5416 et
969 5362 1326 5434 singulorum
1369 5380 1532 5431 onus,
1563 5366 1621 5418 et
1649 5362 1854 5418 sollici-

217 5456 478 5512 tudinem
508 5462 724 5527 portas.
755 5455 911 5511 Unde
947 5460 1004 5511 et
1027 5473 1134 5528 ego
1162 5473 1316 5512 nunc
1358 5458 1504 5512 hanc
1534 5457 1636 5512 tibi
1660 5456 1855 5528 injun-

223 5563 364 5618 gens
391 5550 898 5622 dispensationem,
933 5555 992 5605 et
1021 5551 1136 5605 scio
1163 5550 1298 5622 quia
1331 5551 1548 5623 accipio
1588 5551 1857 5622 gratiam,

223 5643 405 5715 magis
429 5659 605 5716 quam
641 5649 871 5716 presto.
901 5643 1010 5700 Sed
1038 5647 1156 5700 esto
1194 5645 1504 5712 conﬁdens,
1534 5648 1590 5699 et
1635 5643 1862 5699 fortiter

223 5735 427 5806 ferens,
469 5742 660 5791 certus
706 5737 840 5809 quia
891 5737 1101 5793 laboris
1151 5739 1232 5792 tui
1281 5738 1550 5793 meritum
1598 5737 1859 5810 recipies,

225 5844 355 5884 cum
383 5831 451 5886 ad
479 5834 708 5903 portum
733 5831 961 5904 quietis,
985 5831 1329 5890 incolumem
1359 5833 1507 5888 hanc
1536 5832 1862 5905 provexeris

1953 4613 2255 4668 sanitatem
2274 4629 2405 4668 cum
2427 4611 2660 4667 obedire
2690 4613 2926 4685 cmperit
2950 4614 3182 4668 monitis
3205 4615 3586 4685 prazsidentis.

1953 4707 2010 4763 Si
2037 4723 2169 4762 vero
2197 4706 2324 4778 quis
2350 4706 2569 4760 amicus
2614 4707 2785 4762 fuerit
2826 4706 2915 4760 his
2959 4707 3166 4778 quibus
3210 4708 3332 4779 ipse
3370 4709 3588 4764 amicus

1953 4817 2070 4856 non
2099 4804 2204 4867 est,
2237 4804 2294 4855 et
2334 4800 2549 4854 locutus
2577 4800 2747 4854 fuerit
2777 4816 2907 4854 cum
2951 4801 3040 4855 his
3075 4801 3283 4873 quibus
3321 4802 3439 4873 ipse
3473 4819 3591 4859 non

1951 4893 2228 4965 loquitur,
2256 4909 2408 4948 unus
2441 4898 2526 4948 est
2564 4898 2620 4948 et
2655 4893 2775 4964 ipse
2819 4910 2890 4948 ex
2929 4894 3039 4949 illis
3070 4895 3169 4966 qui
3205 4895 3590 4953 exterminare

1954 4988 2134 5043 voluit
2192 4987 2495 5042 Ecclesium
2552 4987 2672 5056 Dei,
2724 4992 2780 5042 et
2832 5005 2962 5043 cum
3006 5005 3239 5060 corpore
3300 4991 3589 5046 vobiscum

1956 5097 2077 5136 esse
2117 5081 2399 5144 videatur,
2432 5084 2622 5135 mente
2671 5087 2729 5136 et
2773 5080 2966 5138 animo
3010 5087 3204 5138 contra
3246 5101 3340 5138 vos
3388 5089 3493 5140 est.
3527 5087 3593 5141 Et

1957 5175 2140 5230 multo
2165 5180 2251 5230 est
2278 5174 2520 5245 nequior
2540 5175 2719 5229 hostis
2742 5175 2834 5237 hic
2861 5193 3033 5248 quam
3054 5177 3134 5232 illi
3161 5178 3258 5250 qui
3281 5179 3418 5234 foris
3435 5184 3587 5247 sunt,

1957 5273 2015 5324 et
2043 5268 2336 5324 evidenter
2363 5268 2578 5323 inimici
2607 5275 2756 5336 sunt,
2793 5269 2883 5324 hic
2909 5271 3063 5326 enim
3091 5288 3194 5342 per
3215 5272 3589 5327 amicitiarum

1957 5363 2207 5434 speciem
2227 5379 2356 5434 quae
2383 5362 2611 5418 inimica
2633 5367 2767 5418 sunt
2789 5365 2958 5436 gerit,
2981 5368 3039 5420 et
3058 5366 3358 5421 Ecclesiam
3379 5366 3590 5435 disper-

1960 5456 2044 5527 git
2083 5473 2146 5510 ac
2172 5460 2369 5511 vastat.

2031 5551 2099 5604 Et
2136 5566 2266 5604 cum
2312 5550 2422 5604 hoc
2472 5549 2703 5606 dixisset
2744 5550 2804 5606 in
2853 5551 3044 5608 medio
3087 5567 3278 5607 coram
3325 5551 3593 5608 omnibus

1961 5661 2165 5699 manus
2211 5643 2356 5698 mihi
2403 5643 2695 5716 imposuit,
2724 5649 2782 5700 et
2821 5645 2878 5699 in
2923 5645 3190 5699 cathedra
3228 5659 3327 5698 sua
3371 5645 3592 5716 ingenti

1961 5737 2304 5793 verecundia
2333 5737 2637 5808 fatigatum
2659 5738 2853 5792 sedere
2885 5753 2979 5791 me
3007 5737 3307 5808 compulit.
3334 5740 3590 5813 Cumque

1962 5832 2250 5904 sedissem,
2279 5832 2400 5892 haec
2429 5831 2499 5887 ad
2531 5847 2626 5886 me
2653 5847 2880 5891 rursum
2910 5830 3129 5892 locutus
3159 5835 3280 5890 est:
3315 5834 3596 5908 Deprecor
