4046 6188
505 311 569 364 27
1391 309 1680 366 APPEND.
1721 310 1810 363 AD
1847 310 2006 365 ὃίΕϐ.
2050 310 2136 364 ΙΧ.
2168 339 2235 348 ——-
2274 309 2513 365 ISlDORl
2553 308 2976 364 MERCATORIS
3802 314 3872 365 '28

506 424 582 485 te,
609 434 642 471 o
671 419 948 487 Clemens,
983 433 1173 472 coram
1201 417 1470 471 omnibus
1514 417 1611 487 qui
1647 421 1955 488 praesentes
1981 424 2131 486 sunt,
2156 417 2631 502 Aremissionem
2672 421 3030 488 peccatorum
3073 433 3232 471 sacro
3274 415 3614 486 baptismate
3657 419 3874 472 renatis

501 514 568 565 ut
615 517 1016 582 posteaquam,
1064 511 1207 565 sicut
1248 511 1506 565 naturale
1552 511 1808 564 debitum
1855 514 1956 579 est,
2003 511 2133 565 vitae
2235 510 2566 579 contulerit,
2614 515 2671 565 et
2712 509 3189 566 resurrectionem
3244 508 3486 564 humani
3537 510 3767 579 generis
3813 510 3872 563 in

505 604 802 674 praesentis
846 602 1020 656 ﬁnem
1065 603 1269 668 fecero,
1315 602 1516 657 Jacobo
1561 603 1721 658 fratri
1768 603 1990 658 Domini
2034 604 2129 658 de-

501 697 710 750 scribas
756 695 999 750 breviter
1025 696 1111 750 vel
1152 712 1280 767 quae
1327 696 1400 750 ad
1441 695 1666 750 initium
1695 695 1832 750 ﬁdei
1863 700 1976 750 tuae
2003 713 2127 768 spe-

497 791 674 858 ctant,
698 789 784 842 vel
826 787 999 842 etiam
1040 805 1180 859 quos
1221 793 1351 844 ante
1391 788 1561 843 ﬁdem
1603 789 1826 842 animos
1871 789 2127 859 gesseris,

2233 604 2435 658 eadem
2461 619 2632 658 carne
2663 603 2724 658 in
2747 603 2924 657 vitam
2955 607 3226 658 aeternam
3265 603 3516 658 futuram
3547 602 3626 656 sic
3659 603 3868 657 docue-

2231 699 2386 750 runt.
2421 696 2754 767 Symbolum
2793 696 2946 751 enim
2985 697 3196 763 Graece,
3226 695 3423 750 Latine
3449 694 3704 750 collectio
3733 695 3872 750 dici-

2230 791 2343 841 tur.
2383 790 2452 842 Et
2493 789 2599 842 hoc
2637 788 2894 859 praedicti
2939 788 3117 842 sancti
3159 788 3411 859 Apostoli
3459 788 3612 842 inter
3660 804 3718 842 se
3766 804 3873 858 per

498 881 595 936 sed
626 885 682 936 et
711 880 1127 951 qualiter‘mihi
1154 881 1226 935 ab
1258 881 1418 936 initio
1443 882 1717 953 usquead
1736 883 1909 936 ﬁnem
1940 898 2130 937 comes
2230 879 2508 951 Spiritum
2549 885 2810 936 sanctum
2843 880 3164 947 salubriter,
3194 886 3255 935 ut
3282 881 3500 935 dictum
3527 884 3631 948 est,
3664 880 3867 935 condi-

496 974 717 1028 itineris
767 979 824 1028 et
875 978 1107 1028 actuum
1149 974 1342 1041 fueris,
1373 990 1613 1046 quaeque
1647 991 1751 1046 per
1775 974 2024 1045 singulas
2047 976 2126 1029 ci-

495 1067 696 1122 vitates
721 1083 815 1121 me
857 1067 1209 1138 disputante,
1244 1068 1511 1123 sollicitus
1560 1068 1787 1123 auditor
1821 1069 2126 1138 exceperis,

496 1161 708 1232 quique
739 1159 797 1214 in
832 1160 1332 1230 praedicationibus
1372 1162 1514 1216 meis
1547 1162 1637 1216 vel
1675 1161 1978 1216 verborum
2002 1161 2124 1216 fue-

2229 974 2455 1029 derunt.
2480 974 2695 1029 Dicitur
2725 980 2782 1028 et
2808 973 3106 1041 indicium,
3138 974 3293 1044 quod
3321 990 3424 1045 per
3448 975 3557 1029 hoc
3581 973 3680 1045 qui
3707 977 3867 1028 recte

2229 1067 2533 1122 crediderit
2570 1067 2870 1122 indicatur.

2301 1161 2448 1231 Ergo
2475 1161 2692 1215 cunctis
2715 1160 3074 1215 credentibus
3099 1177 3227 1232 quae
3257 1159 3618 1214 continentur
3639 1158 3699 1213 in
3723 1175 3870 1230 prm-

495 1254 569 1308 rit
613 1254 751 1308 ordo
791 1253 880 1307 vel
925 1257 1179 1324 actuum,
1223 1256 1317 1309 sed
1361 1259 1419 1308 et
1468 1254 1565 1326 qui
1610 1271 1703 1309 me
1749 1255 1880 1309 ﬁnis
1928 1255 1984 1308 in
2023 1255 2128 1310 hac
2228 1253 2342 1308 fato
2396 1253 2674 1325 symbolo,
2722 1255 2870 1308 salus
2928 1255 3272 1321 animarum,
3317 1256 3376 1306 et
3420 1253 3536 1307 vita
3591 1256 3870 1323 perpetua

495 1346 637 1400 urbe
677 1346 953 1417 repererit
982 1347 1146 1417 (sicut
1177 1347 1313 1420 dixi)
1340 1348 1532 1403 omnia
1572 1348 1669 1418 qui
1698 1352 1858 1419 potes
1885 1348 2130 1403 breviter
2227 1347 2394 1401 bonis
2438 1346 2657 1401 actibus
2699 1351 3073 1418 praeparatur.
3102 1349 3248 1417 Ergo
3277 1346 3430 1418 quod
3457 1346 3515 1400 in
3546 1345 3867 1417 primordio

494 1440 910 1510 comprehensa
958 1439 1031 1493 ad
1075 1439 1263 1511 ipsum
1310 1443 1368 1494 te
1416 1441 1698 1495 destinare
1749 1457 1864 1495 non
1910 1441 2124 1512 pigeat.
2228 1440 2487 1510 ejusdem
2526 1440 2768 1511 symboli
2807 1440 3162 1512 praeponitur
3194 1457 3207 1494 :
3239 1440 3403 1497 Credo
3442 1441 3499 1493 in
3543 1442 3710 1493 Deum
3750 1441 3864 1493 Pa-

494 1533 604 1587 Nec
628 1532 871 1587 verearis
906 1549 979 1586 ne
1030 1532 1173 1588 forte
1221 1534 1466 1588 multum
1507 1534 1576 1587 de
1625 1549 1753 1588 meo
1799 1534 1952 1588 exitu
1992 1550 2123 1588 con-
2228 1538 2362 1589 trem
2388 1535 2822 1603 omnipotentem,
2853 1534 3189 1604 praeclarum
3213 1533 3344 1587 ﬁdei
3373 1531 3865 1599 testimonium,et

491 1625 803 1680 tristandus
839 1625 911 1680 sit
945 1642 1074 1680 cum
1103 1626 1161 1680 id
1187 1643 1278 1681 me
1304 1643 1407 1697 pro
1433 1626 1642 1698 pietate
1690 1626 1968 1682 sustinere
2012 1643 2126 1682 non
2224 1627 2665 1681 fundamentum
2707 1627 2767 1680 in
2830 1626 3018 1696 prima
3065 1627 3254 1680 fronte
3303 1628 3675 1694 monstratur,
3726 1625 3864 1696 quia

491 1719 762 1790 ambigat.
794 1719 912 1773 Erit
946 1721 1138 1774 autem
1163 1718 1217 1774 ei
1246 1719 1467 1790 grande
1499 1720 1782 1787 solatium,
1811 1721 1857 1773 si
1885 1719 1942 1791 5
1976 1719 2123 1774 didi-
2225 1719 2410 1774 salvus
2449 1737 2567 1774 esse
2607 1719 2818 1791 poterit
2859 1720 2957 1791 qui
3003 1725 3154 1774 recte
3200 1718 3521 1774 crediderit.
3551 1739 3579 1767 «
3617 1717 3864 1772 Credere

488 1811 630 1867 cerit
668 1812 824 1883 quod
855 1815 983 1882 post
1021 1828 1114 1867 me
1154 1828 1274 1867 non
1306 1812 1609 1884 imperitus
1638 1813 1862 1883 aliquis,
1893 1818 1990 1868 aut
2033 1813 2120 1866 in-
2144 1793 2201 1864 Β
2225 1813 2381 1867 enim
2423 1815 2650 1884 oportet
2684 1813 3052 1868 accedentem
3089 1813 3161 1867 ad
3193 1814 3374 1867 Deum
3401 1812 3585 1882 (Hebr.
3620 1827 3693 1880 x1,
3723 1811 3800 1882 6),
3832 1833 3860 1858 ››

489 1907 707 1975 doctus,
737 1909 836 1960 aut
862 1905 1136 1977 ignorans
1163 1906 1337 1960 divini
1365 1906 1520 1960 verbi
1549 1906 1910 1977 mysterium,
1944 1908 2122 1961 eccle-
2224 1907 2494 1977 quoniam
2519 1927 2546 1955 ‹‹
2572 1907 2738 1962 corde
2763 1907 3012 1961 creditur
3041 1905 3114 1960 ad
3134 1905 3432 1975 justitiam,
3459 1922 3557 1959 ore
3583 1904 3864 1959 confessio

488 1998 694 2054 siastici
738 1999 952 2054 ordinis
995 1999 1373 2070 disciplinam,
1412 1999 1502 2054 vel
1546 2000 1817 2056 doctrinae
1860 2001 2121 2071 regulam
2224 2001 2288 2054 ﬁt
2329 1999 2399 2054 ad
2442 2000 2680 2054 salutem
2708 2001 2874 2070 (Rom.
2921 2016 2974 2065 x,
3007 2000 3110 2071 10).
3145 2020 3172 2048 ››
3217 1998 3378 2055 Unde
3415 1999 3493 2053 ait
3531 1999 3860 2070 propheta:

491 2093 767 2160 nesciens,
816 2093 1127 2163 susceperit
1174 2093 1509 2148 cathedram
1553 2110 1764 2149 meam.
1809 2094 1922 2150 Scit
1969 2094 2122 2150 enim
2229 2115 2255 2141 ‹‹
2308 2092 2533 2148 Credidi
2581 2097 2809 2165 propter
2861 2092 3012 2164 quod
3069 2094 3288 2147 locutus
3341 2109 3468 2146 sum
3513 2091 3677 2160 (Psal.
3730 2107 3860 2159 cxv,

487 2186 646 2257 quia,
678 2185 724 2239 si
767 2186 1025 2239 indoctus
1068 2185 1230 2240 istius
1275 2186 1526 2240 ofﬁcium
1572 2188 1819 2242 doctoris
1863 2188 2118 2258 accipiat,
2226 2187 2332 2258 10).
2359 2206 2385 2238 »
2416 2188 2484 2240 Et
2510 2186 2691 2241 illud:
2726 2188 2966 2241 «Justus
3011 2202 3077 2239 cx
3107 2186 3217 2241 ﬁde
3243 2185 3381 2240 vivit
3409 2186 3573 2256 (Rom.
3606 2201 3644 2254 1,
3684 2185 3792 2255 l7).
3832 2206 3858 2233 η

486 2279 608 2332 sine
636 2278 807 2333 dubio
835 2277 1094 2348 discipuli
1121 2282 1179 2332 et
1205 2279 1491 2334 auditores
1508 2280 1846 2350 ignorantiae
1872 2279 2123 2336 tenebris
2223 2281 2315 2333 Et:
2333 2300 2361 2328 ‹‹
2375 2279 2489 2332 Nisi
2502 2278 3008 2345 credideritis,non
3029 2278 3354 2349 intelligetis
3375 2279 3521 2348 (Luc.
3544 2294 3688 2346 xxxv,
3706 2279 3856 2347 25).»

487 2371 724 2425 involuti
753 2371 810 2425 in
836 2371 1135 2425 interitum
1155 2371 1579 2442 demergentur.

557 2465 718 2519 Unde
747 2468 801 2519 et
829 2480 958 2535 ego,
988 2463 1069 2518 mi
1108 2464 1338 2519 domine
1378 2465 1600 2535 Jacobe,
1629 2481 1758 2520 cum
1802 2465 1923 2520 haec
1953 2465 2024 2520 ab
2055 2481 2119 2521 eo

482 2561 763 2628 praecepta
796 2557 1167 2628 susceperim,
1199 2573 1427 2613 necesse
1468 2558 1642 2612 habui
1690 2558 1930 2629 implere
1968 2560 2118 2630 quod

474 2650 720 2722 jusserat
763 2649 1022 2705 indicans
1068 2651 1190 2718 tibi,
1220 2655 1276 2706 et
1305 2651 1374 2707 de
1404 2650 1540 2723 ipsis
1582 2651 1751 2706 simul
1796 2655 1853 2707 et
1895 2652 1966 2706 de
2007 2652 2118 2707 illis

480 2744 729 2799 breviter
755 2743 1272 2815 comprehendens,
1297 2760 1423 2815 qua:
1449 2761 1554 2816 per
1581 2745 1836 2816 singulas
1861 2763 2116 2818 quasque

479 2837 652 2892 urbes
706 2837 1053 2909 digrediens,
1107 2841 1206 2891 aut
1261 2837 1321 2890 in
1375 2838 1793 2909 praedicationis
1855 2855 2114 2894 sermone

478 2929 798 3002 protulerit,
847 2934 944 2985 aut
1013 2931 1073 2984 in
1149 2935 1438 3001 gestorum
1509 2930 1713 2987 virtute
1788 2933 2110 3003 perfecerit,

478 3023 738 3096 quamvis
756 3023 861 3078 tibi
885 3024 955 3079 de
981 3024 1069 3078 his
1097 3024 1347 3095 plurima
1368 3025 1491 3097 jam
1524 3029 1582 3080 et
1610 3025 1830 3097 plenius
1859 3030 1990 3081 ante
2020 3027 2114 3081 de-

2221 2372 2370 2442 Ergo
2395 2372 2456 2425 in
2485 2371 2656 2425 rebus
2686 2371 2972 2441 humanis,
3011 2372 3232 2426 nullum
3273 2388 3415 2442 opus
3453 2370 3723 2442 incipitur
3748 2371 3860 2424 nisi

2220 2464 2382 2520 labor
2403 2465 2587 2519 omnis
2614 2465 2686 2519 ad
2714 2464 2979 2520 effectum
3004 2466 3198 2520 venire
3225 2465 3512 2531 credatur,
3544 2465 3697 2519 unde
3729 2480 3856 2519 cre-

2219 2559 2471 2614 dendum
2497 2562 2584 2613 est
2605 2559 2664 2613 in
2695 2559 2875 2612 Deum
2903 2576 2934 2612 a
2966 2575 3078 2629 quo
3113 2561 3229 2613 tam
3257 2574 3512 2629 praesens
3537 2557 3650 2612 vita
3681 2573 3856 2628 quam

2216 2652 2409 2708 futura
2438 2652 2741 2707 tribuatur.

2288 2748 2437 2801 Deus
2469 2751 2659 2801 autem
2688 2745 2994 2817 appellatio
3015 2749 3100 2802 est
3113 2745 3443 2801 substantiae
3469 2745 3853 2817 sempiternze,

2215 2841 2332 2895 sive
2361 2839 2580 2894 timoris
2607 2839 2802 2908 divini,
2832 2840 3008 2912 igitur
3045 2841 3189 2896 Deus
3238 2840 3358 2895 sine
3396 2838 3700 2911 principio,
3729 2839 3856 2894 sine

2215 2935 2350 3002 ﬁne,
2397 2933 2653 3005 simplex,
2700 2934 3068 3004 incorporeus
3118 2939 3174 2989 et
3212 2931 3848 3004 incomprehensibilis;

2213 3028 2434 3083 Patrem
2483 3031 2678 3082 autem
2736 3044 2867 3082 cum
2924 3027 3118 3097 audis,
3158 3043 3403 3098 agnosce
3448 3025 3600 3098 quod
3648 3026 3855 3081 habeat

479 3118 686 3190 scripta
715 3117 834 3188 ipso
860 3117 1101 3188 jubente
1125 3118 1541 3174 transmiserim
1567 3120 1671 3174 sub
1701 3137 1767 3175 eo
1797 3120 1919 3191 ipso
1944 3120 2110 3175 titulo
2133 3159 2187 3234 Ο
2213 3121 2418 3176 Filium
2467 3120 2738 3176 veraciter
2781 3121 3040 3191 genitum
3063 3162 3075 3186 ,
3124 3119 3267 3174 sicut
3313 3135 3598 3191 possessor
3646 3118 3856 3174 dicitur

480 3227 643 3234 ..--.....
688 3211 804 3234 2..--
848 3211 1090 3234 __..--_2
1121 3212 1272 3234 -m._:
1329 3212 1383 3234 2.]
1431 3218 1505 3234 Δ,ι
1557 3214 1857 3234 nl-..-__-12_
1888 3214 2080 3234 312..-..-
2221 3214 2305 3234 ...-:
2343 3214 2546 3234 ,ιε---ελ
2573 3213 2821 3234 ----2.1-λ
2869 3218 2914 3234 -4
2938 3213 3207 3234 n-._-:..___
3236 3213 3322 3234 ..μὶ
3345 3213 3518 3234 ι.-ι.-ι
3551 3212 3630 3234 --μὲ
3670 3213 3814 3234 J-..-!

475 3227 649 3284 quem
687 3211 807 3282 ipse
848 3211 1096 3282 praecepi
1119 3212 1295 3283 afﬁgi,
1329 3212 1388 3267 id
1424 3218 1529 3280 est,
1556 3214 1860 3270 Clementis
1887 3214 2110 3270 itinera-

473 3305 643 3373 rium,
665 3303 784 3359 non
801 3304 1223 3376 praedicationis
1246 3305 1419 3361 Petri.
1441 3306 1550 3361 Sed
1571 3311 1628 3361 et
1647 3324 1799 3362 nunc
1825 3322 2110 3378 exponere

470 3399 594 3470 jam
619 3399 908 3470 praecepit,
932 3399 1169 3453 Domino
1187 3415 1355 3470 opem
1378 3400 1596 3455 ferente
1623 3400 1913 3471 incipiam.
1934 3401 2110 3456 Poeni-

477 3493 677 3547 temini
709 3491 928 3563 (inquit)
965 3497 1020 3547 et
1052 3509 1242 3547 veram
1274 3493 1424 3564 agite
1453 3493 1867 3564 paenitentiam.
1902 3493 2110 3550 Omnes

475 3600 612 3656 ergo
657 3585 942 3655 homines,
979 3586 1079 3657 qui
1126 3586 1444 3641 Christiano
1487 3592 1792 3643 censentur
1818 3587 2106 3655 vocabulo,

473 3679 719 3746 Patrem,
768 3683 825 3733 et
877 3678 1103 3748 Filium,
1148 3684 1205 3734 et
1259 3679 1535 3750 Spiritum
1591 3683 1870 3749 sanctum,
1922 3697 2106 3736 unum

473 3772 647 3827 Deum
693 3775 750 3827 et
789 3771 1093 3826 Dominum
1137 3773 1416 3828 veraciter
1455 3774 1684 3831 credere
1728 3780 1785 3830 et
1826 3775 2104 3844 conﬁteri,

473 3882 720 3938 eumque
763 3869 881 3920 tota
927 3871 1117 3922 mente
1171 3870 1228 3921 et
1271 3870 1388 3922 toto
1435 3869 1624 3936 corde,
1655 3873 1712 3924 et
1747 3873 1866 3942 tota
1904 3869 2107 3924 virtute

471 3957 728 4031 diligere,
760 3963 816 4015 et
845 3960 1135 4032 proximos
1160 3976 1293 4015 suos
1321 3965 1597 4032 tanquam
1623 3961 1974 4032 semetipsos,
2006 3961 2106 4016 do-

471 4052 663 4108 cibiles
705 4069 833 4124 quae
873 4069 1052 4123 usque
1085 4053 1157 4106 ad
1190 4053 1498 4124 perfectam
1529 4054 1847 4109 doctrinam
1885 4054 1953 4110 ad
1985 4055 2107 4110 haec

469 4146 820 4216 proﬁcienda
849 4161 1076 4199 sumere
1101 4150 1343 4216 oportet.

541 4239 701 4293 Fides
725 4238 877 4293 enim
924 4245 980 4293 et
1012 4239 1237 4294 dilectio
1279 4239 1453 4294 totius
1489 4238 1758 4295 bonitatis
1787 4246 1873 4296 est
1894 4242 2102 4298 funda-

469 4336 752 4388 mentum.
779 4331 914 4387 Sine
943 4331 1052 4386 ﬁde
1091 4335 1286 4388 autem
1316 4333 1540 4403 placere
1570 4335 1680 4389 Deo
1725 4351 1894 4390 nemo
1941 4343 2102 4407 pote-

469 4423 540 4480 rit
570 4427 751 4496 (Hebr.
781 4441 854 4490 x1,
883 4427 956 4498 6).
992 4447 1021 4475 n

2212 3214 2309 3285 qui
2338 3214 2551 3285 aliquid
2573 3213 2843 3284 possidet,
2862 3218 2918 3270 et
2938 3213 3210 3268 Dominus
3229 3213 3326 3285 qui
3344 3213 3520 3268 habet
3545 3212 3634 3267 cui
3661 3213 3846 3268 domi-

2211 3312 2397 3363 netur.
2414 3308 2564 3362 Deus
2583 3323 2720 3377 ergo
2739 3309 2903 3361 Pater
2922 3309 3127 3361 secreti
3143 3307 3482 3362 sacramenti
3501 3307 3849 3362 vocabulum

2211 3406 2296 3456 est
2345 3401 2506 3472 cujus
2551 3417 2682 3455 vere
2728 3399 2898 3455 Filius
2931 3405 3016 3455 est
3045 3400 3311 3467 Verbum,
3343 3405 3400 3456 et
3440 3401 3764 3472 speculum,
3793 3406 3852 3455 et

2208 3495 2502 3550 character
2540 3497 2600 3548 et
2629 3493 2825 3564 imago
2849 3493 3038 3549 vivens
3067 3493 3245 3548 Patris
3270 3493 3528 3561 viventis,
3560 3495 3619 3548 in
3651 3493 3845 3547 omni-

2207 3587 2314 3642 bus
2340 3588 2488 3643 Patri
2513 3587 2731 3655 similis,
2763 3587 3020 3658 ejusdem
3059 3592 3298 3657 naturae,
3330 3587 3391 3642 in
3418 3586 3708 3642 divinitate
3739 3603 3845 3658 ge-

2211 3681 2379 3749 nitus,
2405 3681 2646 3753 genitori
2684 3697 2785 3752 per
2822 3680 3016 3735 omnia
3049 3681 3376 3752 coazqualis.
3411 3682 3521 3736 Nec
3559 3685 3848 3752 quaeratur

2207 3775 2493 3848 quomodo
2537 3774 2740 3846 genuit
2775 3773 3000 3841 Filium,
3031 3774 3182 3845 quod
3234 3779 3292 3829 et
3331 3774 3522 3846 angeli
3562 3773 3842 3841 nesciunt,

2206 3868 2500 3940 prophetis
2544 3865 2901 3939 incognitum
2944 3871 3045 3922 est.
3086 3866 3246 3921 Unde
3285 3866 3427 3921 illud
3471 3867 3689 3922 dictum
3714 3872 3840 3921 est:

2212 3982 2239 4011 ‹‹
2270 3961 2706 4016 Generationem
2752 3960 2874 4031 ejus
2918 3959 3042 4030 quis
3085 3959 3342 4014 narrabit
3389 3959 3516 4027 (Isa.
3548 3977 3662 4029 Lm,
3691 3960 3785 4032 8)?
3813 3983 3840 4010 ››

2205 4056 2387 4119 Quam
2417 4057 2698 4109 secretam
2737 4053 3018 4125 originem
3046 4069 3178 4108 cum
3213 4052 3447 4124 proprio
3493 4051 3635 4108 Filio
3685 4053 3846 4108 novit

2204 4147 2324 4219 ipse
2351 4148 2504 4202 solus
2528 4148 2626 4220 qui
2655 4147 2874 4218 genuit,
2896 4161 3002 4201 nec
3027 4147 3177 4201 Deus
3202 4163 3235 4200 a
3264 4146 3430 4201 nobis
3451 4145 3841 4202 discutiendus

2204 4246 2305 4309 est,
2351 4242 2446 4296 sed
2495 4240 2830 4307 credendus,
2879 4240 2978 4310 qui
3031 4240 3092 4294 in
3150 4239 3314 4295 nobis
3361 4239 3481 4311 ipse
3528 4237 3838 4308 nescimus,

2203 4335 2355 4407 quod
2400 4335 2667 4406 sapimus,
2711 4333 2996 4406 quomodo
3042 4333 3340 4404 sapientia,
3386 4333 3705 4404 ingenium,
3737 4337 3842 4388 aut

2203 4428 2542 4498 intellectus,
2586 4433 2688 4483 aut
2727 4427 3030 4482 consilium
3075 4431 3176 4482 aut
3218 4443 3380 4482 mens
3421 4429 3615 4482 nostra
3659 4442 3836 4497 gene~

539 4519 761 4576 Christo
781 4520 974 4590 itaque
1001 4523 1336 4591 resurgente
1357 4525 1414 4576 et
1437 4521 1774 4577 ascendente
1792 4521 1850 4577 in
1876 4523 2096 4591 coelum,
2119 4528 2178 4601 D
2201 4527 2288 4578 rat
2313 4523 2567 4578 verbum.
2599 4521 2710 4577 Sed
2736 4520 2946 4576 sufﬁcit
2970 4538 3134 4577 nosse
3154 4521 3286 4593 quia
3306 4522 3403 4576 lux
3421 4520 3617 4592 genuit
3639 4519 3833 4591 splen-

469 4613 640 4669 misso
693 4618 882 4670 sancto
927 4613 1161 4685 Spiritu,
1196 4614 1397 4668 collata
1436 4614 1706 4686 apostolis
1731 4616 1966 4672 scientia
1991 4617 2098 4672 lin-

468 4723 736 4779 guarum,
763 4708 947 4763 adhuc
975 4708 1035 4762 in
1065 4724 1180 4762 uno
1207 4707 1376 4778 positi
1396 4708 1710 4779 symbolum
1739 4711 1893 4781 quod
1923 4711 2101 4766 ﬁdelis

469 4818 618 4856 nunc
663 4805 821 4856 tenet
862 4801 1109 4855 Ecclesia
1144 4801 1541 4872 unusquisque
1587 4803 1740 4873 quod
1790 4803 1981 4872 sensit,
2012 4805 2097 4860 di-

467 4895 644 4950 cendo
673 4893 1073 4962 condiderunt,
1101 4897 1164 4948 ut
1201 4895 1552 4951 discedentes
1587 4896 1658 4950 ab
1683 4896 1927 4952 invicem
1952 4899 2100 4953 hanc

465 4989 725 5060 regulam
763 5004 866 5060 per
909 5004 1108 5043 omnes
1150 4992 1348 5060 gentes
1378 4989 1773 5061 praedicarent.
1803 4991 2098 5047 Summam

466 5098 605 5154 ergo
649 5083 824 5137 totius
865 5081 999 5137 ﬁdei
1043 5083 1331 5138 catholicze
1381 5089 1756 5154 recensentes,
1789 5084 1849 5140 in
1887 5103 1998 5158 qua
2042 5092 2099 5142 et

465 5174 767 5247 integritas
798 5176 1147 5232 credulitatis
1175 5176 1458 5244 conditur,
1500 5183 1558 5233 et
1585 5177 1752 5233 unius
1783 5179 1884 5233 Dei
1920 5180 2098 5234 omni-

465 5256 734 5344 potentis,
772 5269 832 5324 id
877 5275 962 5324 est
1001 5273 1209 5326 sanctae
1252 5270 1541 5326 Trinitatis
1575 5273 1867 5343 aequalitas
1910 5273 2093 5328 decla-

461 5371 640 5430 ratur,
673 5369 730 5420 et
769 5364 1105 5436 mysterium
1135 5364 1541 5420 incarnationis
1565 5366 1687 5420 Filii
1714 5365 1830 5433 Dei,
1857 5366 1953 5437 qui
1994 5383 2096 5438 pro

462 5460 642 5515 salute
672 5457 914 5514 humani
939 5459 1184 5529 generis,
1217 5475 1250 5513 a
1277 5463 1532 5530 tempore
1573 5457 1645 5513 de
1682 5459 1821 5514 coelo
1861 5460 2092 5515 descen-

464 5553 604 5608 dens
631 5553 702 5608 de
732 5552 958 5625 Virgine
1000 5553 1156 5608 nasci
1199 5552 1465 5623 dignatus
1506 5557 1608 5619 est,
1637 5569 1752 5625 quo
1784 5552 1980 5608 ordine
2011 5554 2095 5609 vel

463 5645 692 5716 quando
718 5647 1035 5718 protulerit,
1065 5646 1347 5718 quomodo
1386 5646 1640 5716 sepultus
1679 5647 2005 5716 surrexerit,
2039 5649 2096 5704 et

458 5735 520 5793 in
567 5754 740 5794 carne
785 5741 905 5811 ipsa
951 5741 1118 5795 caelos
1170 5738 1508 5807 ascenderit,
1569 5739 1643 5795 ad
1682 5741 2092 5815 dexteramque

461 5831 641 5888 Patris
688 5832 1024 5904 consederit,
1057 5833 1234 5905 judex
1279 5837 1545 5890 venturus
1589 5835 1681 5904 sit,
1719 5840 1816 5892 aut
1853 5837 2094 5910 qualiter

2202 4616 2419 4683 dorem,
2447 4616 2590 4670 sicut
2617 4616 2698 4670 ait
2718 4616 3042 4686 Propheta:
3072 4617 3177 4670 «In
3203 4613 3598 4686 splendoribus
3617 4617 3838 4668 sancto-

2198 4727 2329 4766 rum
2360 4727 2428 4765 ex
2459 4714 2622 4764 utero
2659 4714 2789 4764 ante
2820 4709 3124 4764 luciferum
3159 4707 3334 4778 genui
3362 4711 3418 4762 te
3445 4708 3612 4777 (Psal.
3646 4715 3834 4776 enm“,

2201 4807 2274 4872 3).
2305 4826 2332 4854 ››
2366 4805 2432 4858 Et
2463 4804 2637 4858 illud:
2673 4825 2700 4853 ί(
2728 4803 2825 4857 Hic
2854 4803 3001 4857 Deus
3031 4804 3220 4856 noster
3244 4805 3301 4856 et
3323 4817 3438 4855 non
3474 4801 3839 4873 reputabitur

2198 4897 2340 4954 alter
2365 4897 2437 4952 ad
2463 4913 2616 4967 eum,
2643 4919 2670 4946 ››
2702 4902 2758 4952 et
2781 4900 2926 4967 post,
2955 4916 2983 4944 «
3009 4895 3067 4950 in
3093 4897 3247 4950 terra
3277 4894 3426 4950 visus
3450 4897 3553 4960 est,
3593 4899 3651 4949 et
3686 4894 3838 4949 inter

2198 4991 2458 5048 homines
2483 4993 2839 5047 conversatus
2869 4991 2954 5043 est
2979 4979 3126 5059 (Bari.
3161 5005 3236 5056 Iv,
3260 4991 3350 5056 36,
3385 4988 3494 5060 38).
3527 5008 3555 5037 »

2268 5086 2511 5158 Diligere
2527 5101 2663 5157 ergo
2679 5086 2882 5151 Deum,
2900 5098 3076 5137 unum
3086 5099 3370 5154 quemque
3397 5098 3465 5138 ex
3495 5085 3616 5137 toto
3639 5081 3831 5150 corde,

2197 5184 2254 5235 et
2278 5195 2344 5234 ex
2369 5183 2487 5234 tota
2514 5176 2722 5245 anima,
2752 5179 2817 5231 ut
2850 5176 3153 5247 praeﬁxum
3189 5182 3292 5246 est,
3321 5179 3380 5230 et
3418 5191 3484 5230 ex
3515 5177 3633 5230 tota
3669 5175 3831 5229 forti-

2195 5271 2394 5328 tudine
2419 5275 2656 5343 oportet,
2690 5274 2748 5325 et
2787 5271 3118 5341 proximum
3160 5273 3432 5340 tanquam
3459 5268 3833 5339 semetipsum

2196 5365 2575 5438 respondente
2594 5364 2839 5419 Domino
2865 5364 3090 5419 cuidam
3120 5362 3464 5433 Scribarum,
3487 5378 3550 5416 ac
3570 5360 3792 5417 dicente
3817 5377 3829 5415 :

2195 5461 2451 5516 Primum
2495 5459 2753 5513 omnium
2795 5458 3130 5513 mandatum
3179 5458 3302 5512 est:
3356 5477 3382 5505 ι(
3427 5455 3592 5521 Audi,
3638 5455 3828 5520 Israel,

2196 5553 2467 5610 Dominus
2509 5554 2654 5608 Deus
2696 5555 2850 5620 tuus,
2876 5553 3024 5606 Deus
3072 5567 3222 5605 unus
3259 5552 3361 5616 est,
3391 5553 3449 5604 et
3477 5547 3680 5619 diliges
3715 5547 3828 5603 Do-

2193 5649 2414 5704 minum
2460 5648 2644 5702 Deum
2691 5649 2876 5715 tuum,
2911 5660 2982 5700 ex
3008 5647 3128 5700 toto
3172 5642 3357 5721 corde.
3387 5647 3506 5711 tuo,
3535 5646 3594 5697 et
3620 5657 3685 5697 ex
3712 5645 3832 5696 tota

2195 5742 2386 5797 anima
2414 5747 2532 5810 tua,
2566 5745 2623 5797 et
2646 5755 2715 5796 ex
2749 5742 2871 5796 tota
2910 5741 3104 5795 mente
3145 5741 3264 5805 tua,
3293 5741 3349 5793 et
3377 5753 3444 5793 ex
3472 5737 3588 5791 tota
3620 5732 3830 5791 virtute

2193 5840 2308 5905 tua,
2341 5836 2450 5892 hoc
2479 5841 2565 5894 est
2592 5836 2845 5909 primum
2881 5833 3238 5891 mandatum.
3271 5830 3598 5889 Secundum
3634 5833 3828 5887 autem
