4046 6188
243 249 310 299 29
1478 245 1948 303 DECRETALIUM
1986 248 2374 304 COLLECTIO.
3533 263 3600 316 30

241 352 417 406 simile
463 357 550 406 est
592 351 676 406 illi
721 368 734 406 :
779 352 988 424 Diliges
1029 354 1352 424 proximum
1395 359 1555 408 tuum
1593 361 1867 426 tanquam
1890 367 1949 438 Α
1973 360 2168 420 vestra,
2193 363 2249 411 et
2276 357 2592 427 gloriﬁcent
2616 360 2836 414 Patrem
2866 362 3112 416 vestrum
3135 362 3235 433 qui
3261 361 3320 418 in
3343 364 3494 420 caelis
3513 371 3599 423 est

241 444 501 515 teipsum.
544 445 719 515 Majus
770 447 975 500 horum
1028 447 1180 501 aliud
1236 448 1568 503 mandatum
1613 465 1728 504 non
1783 453 1869 502 est
1969 448 2184 519 (Matth.
2215 466 2268 518 γ,
2307 453 2368 505 l3
2399 456 2454 505 et
2487 453 2591 521 14).
2624 474 2650 501 ››

237 538 424 606 (Marc.
459 554 556 607 xu,
584 541 675 605 29,
706 541 775 593 3O
805 543 861 593 et
888 541 997 609 3t).
1033 559 1060 590 ι)
2037 543 2342 614 Episcopos
2396 547 2587 599 autem
2637 561 2739 616 per
2785 546 3034 617 singulas
3089 547 3340 603 civitates
3387 551 3595 622 quibus

300 631 459 694 Quod
506 631 695 701 magis
746 637 831 686 est
882 632 1147 687 omnibus
1198 632 1774 689 holocaustomatibus
1811 637 1867 690 et
1966 635 2056 689 ille
2082 652 2195 689 non
2226 635 2474 705 miserat,
2506 654 2610 708 per
2639 638 2834 693 doctos
2871 645 2928 694 ct
2960 641 3266 711 prudentes
3304 644 3448 698 sicut
3474 661 3590 700 ser-

230 723 537 793 sacriﬁciis,
577 725 730 778 unde
773 729 829 779 et
863 726 923 779 in
963 727 1151 780 Veteri
1191 727 1548 782 Testamento
1592 728 1864 798 scriptum
1963 732 2185 798 pentes,
2220 729 2500 800 simplices
2521 731 2663 786 sicut
2690 732 2966 786 columbae
2994 734 3176 803 (juxta
3202 735 3426 791 Domini
3452 755 3594 808 prm-

227 816 468 871 habetur
497 833 512 872 :
549 838 575 866 ‹‹
605 817 769 881 Quod
797 818 901 873 tibi
937 819 1060 872 ﬁeri
1094 836 1206 874 non
1242 820 1344 887 vis,
1374 821 1538 875 alteri
1567 837 1638 876 ne
1667 821 1864 876 feceris

232 911 377 978 (Tob.
422 927 501 979 ιτ,
539 913 644 982 l6),
676 931 702 958 »
735 916 791 966 et
820 913 1094 966 Dominus
1125 913 1206 968 ait
1236 929 1249 966 :
1289 933 1316 964 «
1346 913 1552 968 Omnia
1589 931 1860 986 quascun-

227 1019 332 1073 que
378 1004 555 1058 vultis
596 1009 661 1059 ut
700 1004 908 1060 faciant
947 1005 1110 1060 vobis
1145 1007 1428 1075 homines,
1469 1013 1525 1062 et
1564 1024 1661 1063 vos
1698 1008 1861 1064 facite

224 1096 489 1152 similiter
531 1097 642 1152 illis
693 1099 907 1166 (Matth.
949 1115 1023 1154 vn
1048 1142 1062 1167 ,
1111 1101 1216 1170 t2).
1265 1122 1292 1149 »
1339 1100 1556 1164 Quibus
1605 1102 1861 1173 utrisque

224 1191 531 1257 mandatis,
580 1209 685 1263 per
726 1208 910 1248 unum
959 1194 1174 1248 malitia
1221 1194 1618 1265 compescitur,
1659 1198 1718 1251 et
1759 1211 1860 1266 per

223 1283 370 1337 aliud
395 1283 724 1355 benignitas
760 1289 1130 1358 propagatur,
1161 1292 1227 1342 ut
1254 1303 1328 1341 ne
1356 1288 1568 1342 malum
1605 1289 1732 1360 quis
1768 1289 1855 1342 in-

223 1378 380 1445 ferat,
417 1379 520 1433 sed
546 1379 763 1434 bonum
799 1379 1110 1452 impendat.
1142 1381 1418 1450 Primum,
1451 1387 1515 1435 ut
1545 1386 1740 1436 caveat
1765 1382 1857 1436 lae-

220 1470 366 1525 dere.
400 1472 756 1539 Secundum,
779 1479 1068 1544 praestare,
1102 1478 1129 1522 ὶ‹
1154 1473 1214 1528 Si
1236 1475 1396 1557 enin}~
1423 1463 1656 1547 traitreh
1683 1458 1855 1565 queui

1963 817 2306 888 ceptionem)
2332 818 2493 873 nobis
2528 819 2756 874 mittere
2783 821 3073 892 prmcepit.
3107 824 3268 886 Quod
3294 825 3463 880 etiam
3500 827 3588 881 fa-

1963 925 2090 964 cere
2119 910 2512 966 inchoavimus
2551 918 2608 967 et
2646 913 2884 968 Domino
2921 930 3088 986 opem
3125 916 3342 972 ferente
3384 919 3590 974 facturi

1961 1019 2178 1072 sumus,
2231 1021 2324 1058 vos
2368 1009 2558 1060 autem
2607 1022 2710 1077 per
2751 1012 2961 1062 vestras
3003 1007 3270 1063 dioeccses
3305 1010 3593 1083 episcopos

1959 1095 2128 1150 facite
2179 1101 2236 1151 et
2279 1099 2518 1165 mittite,
2566 1100 2698 1170 quia
2744 1116 2846 1155 nos
2889 1100 2960 1155 ad
3003 1101 3139 1155 alias
3183 1107 3370 1172 partes
3420 1107 3589 1176 (quod

1959 1188 2140 1244 isdem
2185 1190 2355 1260 jussit
2406 1197 2596 1263 agere)
2651 1192 2998 1248 curabimus.
3044 1194 3276 1265 Aliquos
3332 1211 3468 1252 vero
3521 1199 3590 1252 ad

1960 1282 2178 1351 Gallias,
2210 1283 2611 1355 Hispaniasque
2641 1286 2955 1352 mittemus,
2979 1291 3036 1341 et
3059 1287 3339 1357 quosdam
3365 1290 3434 1343 ad
3463 1291 3592 1344 Ger-

1958 1375 2208 1460 maniam
2240 1377 2570 1456 .et'ltalqiam,
2605 1381 2776 1449 atque
2817 1380 2886 1433 ad
2927 1379 3174 1450 reliquas
3217 1387 3412 1451 gentes
3453 1382 3586 1436 diri-

1950 1447 2093 1559 ‘ééip
2130 1447 2551 1549 (Lupiniusf'ubi
2589 1478 2781 1526 autem
2819 1472 3121 1527 ferociores
3163 1478 3219 1528 et
3266 1475 3590 1530 rebelliores

219 1564 390 1633 vides,
422 1582 546 1620 non
577 1566 796 1639 diligis;
831 1567 1010 1622 Deum
1041 1583 1216 1638 quem
1243 1547 1855 1639 non'vide's'quoihb'do
1952 1547 2164 1631 'geutes'
2191 1554 2793 1636 fote‘co'gn'overimus,
2826 1565 2960 1620 illuc
3000 1566 3246 1636 dirigere
3279 1568 3585 1638 sapientio-

215 1661 370 1727 potes
396 1658 642 1731 diligere
661 1661 688 1714 ?
715 1683 741 1708 »
779 1661 818 1729 (l
843 1662 1000 1716 Joan.
1029 1677 1104 1729 ιν,
1135 1663 1244 1731 20.)
1280 1661 1370 1743 Sic
1396 1677 1540 1743 ergo
1555 1677 1666 1743 nos.
1690 1661 1853 1743 docet
1875 1731 1924 1743 _
1955 1671 2064 1743 ras.
2090 1660 2175 1739 et‘
2198 1659 2536 1743 austeriores
2578 1675 2806 1713 necesse
2851 1659 3144 1714 habemus.
3189 1661 3296 1724 Qui
3336 1662 3588 1732 quotidie

214 1768 480 1807 exercere
508 1769 705 1808 curam
737 1759 1008 1824 nostram,
1040 1759 1102 1809 ut
1131 1771 1243 1808 non
1275 1732 1629 1837 dimittamus
1649 1731 1852 1835 'cu'ya'rj.
1875 1731 1930 1804 Β
1954 1735 2073 1837 non
2094 1799 2104 1809 .
2124 1739 2351 1837 ces:sa:u*1
2366 1745 2597 1837 idi'viria.
2635 1753 2916 1807 seminare
2969 1754 3207 1820 semina,
3263 1760 3318 1810 et
3375 1757 3587 1811 multos

213 1850 478 1914 vestram,
518 1850 575 1900 et
615 1847 689 1901 sic
720 1847 956 1919 diligere
993 1822 1114 1914 nos,
1152 1864 1223 1902 ne
1263 1825 1590 1918 negligatur
1615 1822 1854 1903 .dile'ctio
1954 1826 2176 1898 Christo
2213 1822 2439 1915 lucrari,
2469 1822 2539 1900 tet
2579 1822 2650 1900 ad
2686 1850 2903 1900 rectam
2945 1847 3138 1916 ﬁdem,
3174 1852 3229 1902 et
3265 1848 3412 1902 viam
3446 1849 3588 1904 veri-

216 1939 480 2007 proximi.
513 1940 657 2003 Quia
701 1940 805 1994 Dei
847 1940 1076 1996 dilectio
1120 1941 1295 1995 morti
1339 1944 1720 2012 comparatur,
1763 1941 1851 1995 di-
1952 1936 2083 1990 tatis
2125 1937 2465 2007 perducere,
2507 1942 2573 1993 ut
2611 1939 2804 2008 plures
2849 1939 3169 2010 manipulos
3213 1940 3456 1995 Domino
3499 1958 3587 1996 va-

212 2038 376 2086 cente
402 2032 688 2103 Sapientia
720 2050 733 2088 :
761 2055 789 2082 ‹‹
814 2032 1008 2087 Valide
1038 2036 1122 2088 est
1147 2033 1370 2089 dilectio
1397 2038 1462 2088 ut
1489 2050 1648 2088 mors
1674 2034 1849 2104 (Cant.
1953 2028 2109 2084 leant
2133 2037 2502 2101 praesentare.
2536 2033 2595 2085 ln
2621 2030 2733 2084 illis
2760 2048 2893 2085 vero
2923 2031 3262 2101 civitatibus,
3294 2033 3354 2087 in
3383 2034 3586 2104 quibus

212 2127 362 2193 vni),
407 2148 437 2172 η
483 2125 711 2195 idcirco,
753 2127 887 2198 quia
930 2127 1072 2181 sicut
1118 2143 1273 2181 mors
1315 2127 1591 2182 violenter
1629 2131 1853 2198 separat
1953 2122 2090 2176 olim
2153 2123 2302 2194 apud
2362 2124 2616 2178 ethnicos
2677 2124 3095 2200 archiﬂamines
3157 2142 3356 2180 eorum
3413 2131 3582 2198 atque

212 2218 474 2272 animam
504 2236 534 2272 a
563 2236 818 2291 corpore,
845 2219 922 2274 ita
953 2219 1176 2275 dilectio
1205 2220 1305 2274 Dei
1346 2223 1572 2291 separat
1598 2220 1850 2275 animam
1949 2215 2122 2286 primi
2165 2216 2308 2287 legis
2347 2217 2608 2272 doctores
2651 2222 2834 2284 erant,
2875 2217 3268 2289 episcoporum
3311 2219 3584 2290 primates

208 2329 240 2364 ει
275 2311 573 2366 mundano
605 2317 659 2367 et
688 2313 897 2368 carnali
924 2328 1139 2368 amore,
1173 2335 1200 2362 ‹‹
1231 2313 1336 2377 Qui
1377 2313 1532 2368 enim
1560 2313 1850 2383 (Dominus
1949 2308 2105 2380 poni,
2141 2309 2225 2363 vel
2273 2309 2627 2380 patriarchas
2665 2310 2763 2382 qui
2793 2311 3148 2381 reliquorum
3191 2313 3583 2384 episcoporum

209 2405 412 2476 inquit)
441 2405 632 2476 diligit
659 2422 772 2472 me,
809 2405 1082 2461 mandata
1108 2423 1236 2462 mea
1261 2406 1505 2462 servabit
1531 2407 1708 2478 (Joan.
1736 2423 1845 2474 xw,

206 2500 308 2567 23).
349 2521 378 2546 ››
419 2499 562 2553 Nam
595 2499 692 2570 qui
720 2500 817 2553 Dei
848 2505 1129 2571 princepta
1159 2501 1492 2568 contemnit,
1523 2501 1702 2555 Deum
1729 2517 1846 2555 non

206 2591 412 2661 diligit,
443 2592 606 2646 unde
639 2593 912 2664 scriptum
938 2598 1022 2648 est
1052 2609 1064 2647 ε
1113 2615 1140 2641 ‹‹
1167 2594 1346 2648 Nolite
1377 2598 1579 2664 putare
1618 2599 1684 2648 ut
1725 2610 1843 2648 ma-

207 2687 390 2740 neatis
428 2685 490 2739 in
531 2685 830 2741 dilectione
874 2702 1020 2756 mea,
1060 2686 1106 2740 si
1152 2703 1267 2740 non
1315 2686 1668 2741 servaveritis
1697 2703 1842 2759 prae-

202 2782 368 2850 cepta
399 2796 532 2834 mea
565 2782 737 2848 (Joan.
766 2797 854 2849 xv,
891 2781 993 2850 10).
1026 2802 1054 2829 ››
1084 2781 1275 2852 Neque
1306 2781 1461 2835 enim
1489 2796 1686 2852 regem
1717 2781 1843 2835 dili-

205 2873 412 2943 gimus,
446 2875 498 2926 si
525 2873 656 2928 odio
694 2875 847 2944 leges
882 2874 1002 2945 ejus
1039 2873 1334 2929 habemus.
1368 2875 1559 2945 Neque
1590 2874 1741 2929 enim
1776 2890 1845 2928 ex

202 2971 312 3021 toto
350 2966 531 3020 corde
562 2967 776 3039 poterit
805 2968 896 3022 ille
921 2968 1230 3022 Dominum
1261 2967 1500 3040 diligere
1527 2968 1624 3040 qui
1660 2968 1841 3022 nosci-

203 3066 288 3114 tur
322 3061 387 3115 in
421 3061 675 3132 proximi
713 3077 980 3116 corruere
1018 3061 1410 3128 dilectionem;
1445 3061 1580 3133 quia
1616 3079 1720 3134 per
1755 3061 1842 3116 di-

203 3153 511 3208 lectionem
543 3155 770 3210 Domini
797 3155 1126 3226 pervenitur
1150 3156 1219 3210 ad
1248 3156 1588 3210 charitatem
1613 3155 1840 3212 Christi.

265 3248 579 3315 Quoniam,
607 3253 669 3302 ut
687 3248 1047 3320 praelibatum
1069 3252 1174 3316 est,
1198 3248 1282 3303 his
1303 3249 1526 3304 duobus
1546 3249 1844 3320 praeceptis

1940 2400 2157 2472 judicia
2199 2407 2255 2458 et
2298 2404 2512 2473 majora
2563 2404 2802 2475 (quoties
2845 2420 3074 2460 necesse
3115 2405 3280 2476 foret)
3331 2405 3581 2477 negotia,

1948 2494 2006 2547 in
2040 2494 2150 2550 ﬁde
2180 2496 2482 2566 agitarent,
2507 2501 2565 2550 et
2587 2497 2900 2552 secundum
2929 2497 3027 2552 Dei
3052 2498 3416 2567 voluntatem,
3440 2499 3584 2554 sicut

1948 2589 2349 2644 constituerint
2379 2589 2559 2643 sancti
2596 2589 2858 2660 apostoli,
2895 2591 2974 2644 ita
3008 2594 3068 2643 ut
3107 2607 3178 2645 ne
3212 2591 3339 2662 quis
3371 2592 3580 2662 injuste

1946 2681 2383 2754 periclitaretur,
2417 2681 2742 2748 deﬁnirent,
2784 2682 2844 2736 in
2875 2682 2987 2737 illis
3015 2686 3209 2738 autem
3241 2684 3577 2753 civitatibus,

1944 2775 2002 2828 in
2043 2774 2248 2846 quibus
2282 2774 2502 2830 dudum
2539 2776 2693 2846 apud
2726 2775 3028 2846 praedictos
3056 2781 3217 2832 erant
3243 2777 3578 2832 archiﬂami-

1943 2885 2047 2924 nes
2086 2868 2246 2940 (quos
2271 2874 2467 2924 tamen
2495 2868 2750 2924 minores
2777 2870 3061 2941 tenebant)
3099 2886 3269 2941 quam
3297 2888 3581 2928 memora-

1943 2965 2032 3017 tos
2076 2962 2371 3034 primates,
2400 2962 2856 3034 archiepiscopos
2894 2962 3112 3018 institui
3151 2965 3436 3036 praecepit,
3478 2966 3576 3038 qui

1943 3072 2058 3110 non
2089 3059 2311 3111 tantum
2340 3056 2675 3128 primatum,
2709 3057 2808 3111 sed
2839 3056 3397 3130 archiepiscoporum
3422 3060 3575 3115 frue-

1945 3154 2145 3204 rentur
2172 3149 2423 3204 nomine.
2454 3149 2861 3221 Episcoporum
2891 3166 3117 3221 quoque
3136 3150 3368 3222 judicia,
3386 3158 3460 3208 ut
3489 3170 3577 3208 su-

1944 3242 2134 3314 perius
2159 3248 2549 3298 memoratum
2571 3248 2674 3313 est,
2699 3248 2758 3298 et
2776 3243 2991 3314 majora
3013 3244 3386 3300 Ecclesiarum
3405 3262 3575 3317 nego-

204 3345 306 3394 tota
347 3341 452 3395 lex
499 3341 732 3412 pendet,
778 3346 836 3397 et
874 3342 1187 3414 prophetas,
1241 3342 1510 3397 docibiles
1562 3358 1698 3414 ergo
1745 3343 1841 3413 qui
1943 3335 2040 3404 tia,
2069 3336 2112 3390 si
2139 3334 2245 3407 ipsi
2264 3335 2712 3402 reclamaverint,
2740 3341 2839 3392 aut
2868 3337 3121 3409 aliquem
3152 3339 3441 3406 timorem,
3475 3347 3574 3396 aut

202 3434 450 3504 perfecte
490 3435 642 3489 docti
673 3451 789 3490 non
823 3440 958 3491 sunt
997 3436 1067 3491 ad
1110 3436 1234 3490 haec
1269 3435 1588 3508 peragenda
1619 3441 1843 3508 oportet
1940 3430 2081 3485 istos
2097 3431 2185 3484 vel
2205 3431 2347 3485 alios
2367 3436 2655 3503 suspectos
2675 3431 3003 3501 habuerint,
3030 3432 3103 3486 ad
3116 3432 3239 3503 jam
3265 3433 3442 3488 dictos
3461 3434 3572 3506 pri-

200 3543 395 3583 omnes
426 3544 573 3594 esse,
601 3532 658 3582 et
689 3533 754 3582 ut
787 3529 894 3600 ipsi
924 3530 1071 3586 docti
1101 3529 1232 3599 sint,
1264 3534 1320 3584 et
1350 3529 1490 3584 alios
1529 3531 1842 3601 prudenter
1939 3527 2139 3592 mates,
2173 3524 2261 3578 vel
2290 3524 2660 3595 patriarchas,
2689 3541 2761 3581 ne
2793 3524 2995 3596 aliquis
3033 3531 3308 3581 nocenter
3335 3527 3570 3599 periret,

199 3620 508 3688 instruere,
547 3625 604 3675 et
645 3621 894 3692 perfecte
933 3622 1150 3694 possint
1179 3623 1401 3690 docere,
1441 3624 1609 3694 juxta
1645 3623 1840 3678 Danie-

200 3713 305 3769 lem
350 3715 722 3786 prephetam,
771 3715 870 3786 qui
917 3717 994 3771 ait
1037 3733 1049 3771 :
1093 3739 1119 3766 ‹‹
1156 3717 1398 3788 Populus
1427 3721 1621 3772 autem
1659 3717 1839 3772 sciens

199 3809 370 3862 Deum
411 3825 585 3863 suum
624 3808 903 3864 obtinebit
937 3814 994 3864 et
1028 3809 1216 3880 faciet,
1255 3815 1311 3866 et
1352 3811 1500 3866 docti
1537 3811 1596 3866 in
1630 3810 1838 3882 populo

199 3901 489 3958 docebunt
513 3903 790 3974 plurimos
819 3905 976 3972 (Dan.
1011 3920 1085 3973 χι,
1118 3904 1226 3975 3'2).
1256 3926 1283 3953 ››
1313 3905 1524 3959 Omnes
1549 3904 1835 3972 docibiles,

198 4002 254 4049 nt
273 3997 405 4066 jam
437 3996 654 4050 dictum
684 4002 789 4067 est,
821 3995 917 4067 qui
949 3997 1096 4052 docti
1115 4013 1231 4052 non
1257 4003 1408 4067 sunt,
1439 4014 1560 4052 esse
1589 4001 1834 4070 oportet,

198 4089 286 4144 sed
312 4089 650 4144 sacerdotes
675 4089 953 4145 doctiores
981 4091 1202 4146 caeteris
1222 4092 1448 4163 p0pulis
1467 4108 1692 4147 necesse
1714 4092 1837 4147 fore

195 4182 437 4239 docebat
464 4183 736 4248 Christus,
769 4183 962 4239 dicens
991 4202 1004 4240 :
1039 4207 1066 4234 «
1099 4184 1232 4257 quia
1260 4185 1304 4239 si
1335 4201 1516 4240 caecus
1546 4201 1692 4240 caeco
1728 4187 1832 4241 du-

197 4283 383 4332 catum
423 4275 661 4347 praabet,
696 4277 865 4332 ambo
897 4278 953 4332 in
988 4279 1214 4333 foveam
1251 4279 1459 4333 cadunt
1493 4278 1709 4347 (Matth.
1743 4296 1834 4347 xv,

203 4371 298 4438 ιι).
335 4395 364 4418 ››
409 4365 741 4425 Sacerdotes
777 4386 910 4425 vero
952 4372 1034 4425 sal
1069 4375 1257 4439 terrm,
1305 4376 1362 4426 et
1403 4372 1601 4426 mundi
1641 4373 1835 4427 lumen

1938 3615 2231 3672 transferri
2271 3617 2591 3688 perdocuit,
2625 3618 2686 3672 in
2721 3618 2957 3690 singulis
2993 3634 3126 3673 vero
3169 3635 3400 3690 quoque
3437 3621 3570 3677 civi-

1939 3708 2168 3778 tatibus,
2192 3710 2446 3781 singulos
2469 3713 2525 3764 et
2554 3727 2673 3765 non
2692 3710 2874 3778 binos,
2903 3711 2993 3766 vel
3018 3717 3232 3779 ternos,
3257 3718 3354 3768 aut
3379 3714 3571 3786 plures

1939 3801 2256 3872 episcopos,
2299 3800 2563 3856 constitui
2601 3803 2894 3873 praecepit,
2937 3803 3035 3873 qui
3079 3820 3192 3858 non
3237 3805 3566 3875 primatum,

1937 3900 2034 3949 aut
2074 3894 2663 3967 archiepiscoporum,
2699 3900 2798 3950 aut
2833 3897 3410 3966 metropolitanorum
3464 3916 3566 3953 no-

1939 3989 2094 4043 mine
2125 3988 2283 4060 (quia
2319 3987 2570 4043 minores
2601 3988 2895 4044 civitatum
2927 4005 3042 4043 non
3082 3989 3301 4061 tenent)
3327 3990 3426 4046 sed
3457 3992 3572 4064 epi-

1939 4098 2242 4153 scoporum
2265 4085 2487 4137 tantum
2507 4081 2786 4138 vocabulo
2808 4080 3150 4154 potirentur,
3175 4083 3444 4154 quoniam
3464 4102 3569 4142 nec

1936 4181 2088 4236 inter
2111 4181 2265 4251 ipsos
2287 4180 2568 4251 apostolos
2592 4197 2694 4251 par
2712 4179 2992 4256 institutio
3019 4180 3144 4247 fuit,
3169 4180 3268 4235 sed
3287 4198 3436 4237 unus
3455 4201 3571 4241 om-

1938 4273 2104 4328 nibus
2122 4273 2370 4346 praefuit.
2388 4275 2503 4328 Hoc
2522 4278 2750 4329 tantum
2771 4273 3189 4345 providendum
3210 4275 3476 4347 instituit,
3498 4295 3568 4332 ne

1936 4368 1996 4422 in
2021 4367 2185 4435 villis,
2215 4370 2313 4422 aut
2336 4366 2602 4437 castellis,
2633 4367 2723 4422 vel
2763 4367 3002 4422 modicis
3041 4367 3378 4438 civitatibus,
3405 4370 3567 4425 insti-

198 4462 459 4518 doctores
482 4463 754 4536 praecepit
779 4464 837 4518 in
863 4465 1166 4536 splendore
1193 4481 1432 4536 operum
1459 4467 1685 4520 Patrem
1715 4467 1834 4536 glo-
1852 4479 1912 4552 D
1937 4464 2235 4517 tuerentur
2257 4460 2524 4532 episcopi,
2553 4477 2628 4515 ne
2655 4461 2760 4515 vile
2787 4476 2985 4516 eorum
3014 4478 3226 4516 nomen
3246 4462 3426 4518 fieret.
3446 4465 3569 4535 Epi-

199 4553 417 4608 rificare
447 4553 647 4622 Deum,
678 4555 749 4610 de
777 4556 982 4628 quibus
1011 4556 1282 4611 Dominus
1315 4557 1393 4611 ait
1420 4573 1433 4611 :
1469 4576 1496 4608 ‹‹
1527 4557 1680 4611 Beati
1704 4557 1834 4612 estis
1933 4571 2130 4626 scopos
2172 4571 2312 4626 ergo
2357 4554 2535 4609 vicem
2583 4554 2968 4626 apostolorum
3017 4571 3214 4625 gerere
3261 4557 3567 4612 Dominum

200 4661 321 4699 cum
362 4646 767 4703 maledixerint
796 4649 969 4717 vobis,
997 4655 1054 4705 et
1079 4650 1361 4721 persecuti
1385 4667 1484 4705 vos
1511 4650 1742 4721 fuerint,
1777 4654 1833 4704 et

199 4738 448 4794 dixerint
473 4741 632 4794 vobis
655 4758 823 4796 omne
849 4743 1063 4798 malum
1089 4744 1389 4799 adversum
1409 4760 1524 4813 vos,
1549 4744 1830 4800 mentien-

196 4835 276 4883 tes
307 4837 551 4904 propter
575 4850 666 4889 me
691 4851 704 4890 :
733 4835 986 4890 Gaudete
1013 4841 1068 4892 et
1093 4838 1362 4905 exultate,
1395 4838 1664 4908 quoniam
1693 4853 1834 4892 mer-

199 4939 282 4978 ces
315 4931 510 4979 vestra
552 4927 776 4998 copiosa
811 4935 896 4984 est
933 4930 990 4982 in
1033 4929 1206 4985 cmlis.
1238 4929 1329 4985 Sic
1359 4931 1512 4984 enim
1551 4930 1832 5001 persecuti

198 5023 327 5071 sunt
359 5019 693 5090 prophetas,
727 5021 824 5091 qui
851 5022 1083 5078 fuerunt
1105 5027 1235 5079 ante
1263 5040 1362 5078 vos
1387 5023 1534 5094 (Luc.
1565 5040 1638 5093 v1,
1665 5025 1774 5094 23).
1802 5045 1828 5072 η

201 5131 226 5153 «ι
267 5111 378 5164 Vos
412 5111 542 5166 estis
581 5113 658 5167 sal
687 5118 875 5170 terrae.
909 5115 1072 5180 Quod
1106 5117 1153 5170 si
1181 5117 1263 5171 sal
1291 5116 1598 5186 evanuerit,
1627 5116 1685 5170 in
1716 5132 1830 5188 quo

199 5203 452 5271 satietur,
480 5205 551 5260 ad
579 5207 823 5261 nihilum
850 5209 996 5264 valet
1024 5210 1197 5278 ultra,
1231 5211 1343 5264 nisi
1370 5215 1433 5265 ut
1455 5210 1610 5265 foras
1639 5211 1828 5265 mitta-

199 5299 308 5364 tur,
350 5301 411 5351 et
453 5300 813 5356 conculcetur
845 5302 914 5356 ab
951 5303 1298 5359 hominibus.
1331 5305 1452 5359 Non
1494 5309 1678 5376 potest
1707 5304 1833 5358 civi-

200 5392 282 5442 tas
326 5390 601 5447 abscondi
641 5410 813 5466 supra
854 5401 1110 5452 montem
1151 5398 1352 5469 posita,
1399 5414 1586 5470 neque
1633 5414 1827 5453 accen-

201 5481 342 5538 dunt
361 5485 674 5557 lucernam,
705 5491 762 5543 et
786 5495 1008 5560 ponunt
1029 5507 1155 5545 eam
1179 5491 1282 5546 sub
1302 5492 1514 5561 modio,
1539 5491 1639 5546 sed
1663 5507 1833 5563 super

204 5577 621 5647 candelabrum,
650 5586 710 5636 ut
747 5581 933 5639 luceat
967 5584 1230 5640 omnibus
1261 5586 1358 5657 qui
1389 5586 1447 5640 in
1483 5587 1653 5641 domo
1679 5591 1829 5653 sunt,

205 5674 255 5722 et
296 5673 394 5742 qui
443 5673 848 5746 ingrediuntur
892 5677 1128 5746 lumen,
1183 5679 1408 5735 videant
1457 5697 1470 5734 :
1519 5679 1595 5734 sic
1646 5679 1832 5734 luceat

205 5759 290 5816 lux
327 5769 507 5821 vestra
535 5783 728 5825 coram
753 5770 1104 5842 hominibus,
1131 5776 1197 5828 ut
1219 5772 1450 5830 videant
1479 5773 1628 5829 bona
1654 5789 1832 5846 Opera

1934 4647 2188 4702 docuisse
2218 4645 2464 4712 dicebat,
2495 4650 2551 4702 et
2577 4647 2928 4718 reliquorum
2958 4647 3360 4718 discipulorum
3385 4648 3568 4706 vicem

1932 4746 2129 4796 tenere
2159 4738 2518 4812 presbyteros
2546 4740 2751 4796 debere
2775 4739 3118 4795 insinuabat.
3148 4741 3216 4796 Et
3246 4742 3288 4796 si
3318 4743 3444 4813 quis
3471 4745 3569 4800 ali-

1935 4851 2107 4906 quem
2134 4852 2204 4889 ex
2232 4834 2320 4890 his
2345 4834 2770 4902 scandalizaret,
2795 4834 3185 4905 gravissimam
3211 4834 3316 4890 sibi
3338 4853 3566 4907 poenam

1934 4927 2131 4983 inferri
2157 4927 2365 4983 debere
2399 4928 2762 4998 praedicabat.
2800 4929 3049 4984 Cunctos
3077 4945 3135 4983 se
3167 4925 3411 4986 invicem
3439 4930 3565 4986 dili-

1935 5038 2090 5093 gere,
2122 5025 2180 5075 et
2210 5022 2479 5092 adjuvare
2516 5021 2744 5087 debere,
2776 5025 2834 5076 et
2870 5021 3161 5078 neminem
3187 5023 3258 5077 ab
3283 5022 3567 5096 adjutorio

1933 5114 2121 5170 fratris
2148 5130 2206 5169 se
2241 5115 2576 5170 subtrahere
2605 5113 2944 5171 instruebat.

2005 5207 2333 5264 Homicidas
2358 5225 2538 5277 veros,
2573 5212 2632 5262 et
2659 5209 2946 5265 adulteros
2965 5226 3029 5265 ac
3049 5217 3280 5268 cunctos
3304 5215 3567 5271 crimina-

1931 5302 2076 5358 libus
2125 5303 2366 5357 nexibus
2415 5302 2700 5373 alligatos,
2743 5307 2800 5358 et
2837 5305 2936 5375 qui
2980 5305 3060 5359 eis
3098 5308 3412 5379 coaequales
3451 5326 3563 5364 non

1933 5400 2115 5464 erant,
2155 5397 2225 5451 ab
2268 5413 2468 5452 eorum
2506 5397 2819 5465 vexatione,
2859 5404 2916 5454 et
2944 5399 3294 5455 accusatione
3325 5399 3565 5469 (dicente

1932 5490 2200 5563 Domino)
2245 5491 2605 5563 prohibebat,
2653 5494 2712 5546 et
2757 5508 2872 5547 non
2925 5491 3031 5547 nisi
3078 5509 3112 5547 a
3159 5493 3561 5565 coaequalibus,
3593 5548 3608 5555 ,

1931 5584 2142 5658 aliquid
2178 5585 2283 5640 sibi
2325 5585 2539 5640 inferre
2580 5583 2808 5651 debere,
2856 5585 3112 5640 docebat.
3145 5605 3172 5637 «
3210 5586 3352 5649 Quia
3393 5587 3559 5644 disci-

1932 5681 2133 5751 pulum
2171 5695 2341 5752 supra
2369 5678 2708 5751 magistrum
2751 5696 2873 5733 esse
2917 5679 3132 5749 (Matth.
3173 5694 3226 5744 x,
3257 5680 3368 5751 24),
3402 5701 3429 5732 ››
3467 5691 3564 5740 aut

1933 5775 2108 5831 ullam
2131 5774 2182 5829 ei
2205 5772 2470 5845 injuriam
2492 5772 2724 5840 inferre,
2746 5772 3064 5828 nullatenus
3085 5769 3294 5829 debere
3315 5783 3556 5848 oportet.
