4046 6188
510 251 566 304 31
1393 243 1676 299 ΑΡΡΕΝΙ).
1717 245 1806 299 ΑΙ)
1841 244 2001 300 ΞᾹζΟ.
2045 244 2129 298 ΙΧ.

2269 243 2521 302 ISlDORl
2559 244 2984 302 MERCATOBIS
3804 246 3873 300 32

506 356 751 410 lnfames
801 369 1046 426 namque
1097 366 1316 417 omnes,
1352 354 1424 430 _et
1473 367 1616 422 quos
1672 351 1950 437 primates
1991 351 2134 422 legis
2154 355 2548 437 Aaquilonis,
2603 354 2911 409 ascendam
2959 369 3130 424 super
3180 350 3540 407 altitudinem
3588 350 3872 416 nubium,

509 447 719 518 saeculi,
746 464 862 502 non
886 446 1184 517 recipiunt,
1214 442 1315 498 sed
1344 448 1401 498 et
1425 443 1596 499 laicos
1633 444 1702 498 ab
1736 433 1950 499 eorum!
1969 461 2132 500 accu-

509 542 741 609 satione,
774 545 830 595 et
852 539 1142 594 vexatione
1172 553 1402 609 semper
1427 537 1702 608 repellere
1729 537 1934 592 debere
1959 553 2132 608 roga-

506 635 621 702 bat,
652 638 709 688 et
733 634 963 687 cunctos
987 630 1091 685 sibi
1119 630 1378 686 subditos
1409 646 1549 699 esse,
1579 628 1964 701 praecipiebat.
1992 631 2135 702 Cun-

506 731 729 782 ctorum
753 725 1108 781 sacerdotum
1136 724 1312 778 vitam
1351 723 1724 794 superiorem,
1761 722 2132 778 sanctiorem-

505 836 616 892 que
650 835 716 873 ac
744 817 1045 873 discretam
1081 834 1114 872 a
1142 817 1507 872 saecularibus
1535 820 1592 870 et
1626 815 1781 870 laicis
1808 815 2134 871 hominibus

506 929 648 979 esse,
687 915 743 966 et
773 910 1114 982 spirituales,
1141 913 1312 980 atque
1343 909 1660 964 sacerdotes
1687 924 1858 979 super
1886 908 2134 964 carnales

502 1024 566 1061 ac
595 1006 763 1060 laicos
787 1017 1011 1074 semper
1029 1002 1392 1069 constituere,
1421 1006 1476 1057 et
1499 1002 1617 1056 fore
1639 1001 1847 1056 debere
1872 1000 2129 1056 docebat.

506 1121 534 1150 ‹‹
558 1098 842 1163 Quoniam
874 1113 978 1168 pro
1005 1095 1264 1162 minimo,
1292 1095 1455 1150 nobis
1483 1111 1604 1150 esse
1636 1095 1823 1164 debet,
1854 1100 1916 1150 ut
1939 1111 1972 1148 a
2003 1094 2131 1149 tali-

505 1193 609 1247 bus
627 1205 957 1262 arguamur,
980 1192 1037 1244 et
1053 1189 1403 1260 judicemur,
1427 1189 1512 1242 vel
1541 1187 1612 1242 ab
1633 1188 1742 1242 alio
1769 1188 2022 1243 humano
2041 1187 2133 1243 die

507 1289 547 1356 (l
579 1289 700 1343 Cor.
734 1301 808 1351 iv,
844 1285 915 1354 3).
950 1302 978 1335 )›
1020 1282 1260 1353 Majores
1294 1298 1428 1336 vero
1469 1297 1503 1336 a
1541 1281 1880 1349 minoribus,
1913 1298 2018 1337 nec
2041 1298 2130 1336 ac-

507 1378 709 1445 cusari,
746 1393 852 1432 nec
885 1375 1148 1447 judicari,
1195 1376 1477 1429 ullatenus
1519 1390 1684 1449 posse
1715 1374 1958 1457 dicebat.
1989 1375 2134 1439 Quo-

500 1471 654 1526 niam
685 1486 798 1524 non
825 1469 1006 1523 solum
1037 1469 1145 1522 hoc
1177 1467 1413 1533 divinas,
1445 1467 1544 1520 sed
1980 1451 2134 1550 ἱιιξὶῖὶέ

503 1565 638 1620 bere
660 1562 898 1618 dicebat.
921 1562 1130 1616 Omnes
1155 1577 1293 1632 ergo
1323 1561 1519 1631 legum
1545 1540 1866 1615 divinarum
1891 1540 2131 1615 libenter

503 1658 827 1722 violatores,
883 1660 942 1709 et
993 1670 1282 1708 sacrarum
1337 1653 1759 1741 institfitjqnum
1798 1652 2132 1745 ,vqluntarie

2233 446 2431 502 similis
2460 464 2560 504 ero
2587 447 2895 503 Altissimo.
2925 448 3332 502 Verumtamen
3359 444 3432 499 ad
3458 443 3748 499 infernum
3780 443 3875 499 de-

2235 541 2499 610 traheris,
2537 541 2595 595 in
2623 540 2975 612 profundum
3006 539 3131 594 laci.
3177 539 3286 604 Qui
3320 542 3375 593 te
3406 537 3684 606 viderint,
3712 537 3784 592 ad
3815 541 3873 591 te

2234 634 2678 700 inclinabuntur,
2717 639 2889 704 teque
2929 632 3277 704 prospicient
3305 648 3318 686 :
3349 630 3617 702 Nunquid
3646 629 3750 685 iste
3785 635 3874 684 est

2233 727 2338 794 vir,
2377 727 2475 798 qui
2517 727 2874 782 conturbavit
2917 732 3152 796 terram,
3200 724 3296 797 qui
3346 723 3625 779 concussit
3664 739 3871 794 regna,

2235 820 2334 892 qui
2356 820 2548 892 posuit
2573 819 2774 876 orbem
2800 821 3108 885 desertum,
3138 821 3196 873 et
3223 818 3392 873 urbes
3420 818 3542 888 ejus
3567 816 3870 881 destruxit,

2233 914 2431 969 vinctis
2459 915 2581 985 ejus
2607 931 2723 969 non
2750 913 2977 986 aperuit
3001 911 3320 968 carcerem?

2302 1007 2649 1063 Ebrietatem
2670 1007 2880 1079 Oppido
2902 1005 3265 1078 prohibebat,
3281 1008 3339 1059 et
3358 1003 3611 1058 ebriosos
3631 1018 3874 1074 corpore

2235 1107 2293 1157 et
2325 1101 2517 1156 animo
2549 1105 2806 1155 mortuos
2837 1115 2953 1155 esse
2980 1097 3353 1171 praedicabat,
3388 1097 3458 1151 de
3488 1095 3692 1169 quibus
3723 1101 3783 1150 et
3813 1096 3873 1156 in

2235 1194 2564 1266 exemplum
2607 1193 2798 1250 aiebat
2845 1211 2859 1248 :
2901 1195 2992 1248 Vae
3035 1191 3134 1263 qui
3181 1189 3524 1262 consurgitis
3575 1206 3746 1245 mane
3803 1189 3873 1243 ad

2233 1288 2568 1343 ebrietatem
2611 1286 2955 1354 sectandam,
2997 1288 3055 1339 et
3097 1283 3410 1356 potandum
3449 1299 3627 1354 usque
3662 1283 3732 1338 ad
3772 1298 3872 1336 ve-

2233 1397 2486 1453 speram,
2505 1385 2572 1435 ut
2587 1381 2718 1436 vino
2744 1379 3012 1435 aastuetis.
3049 1401 3076 1428 ι(
3097 1378 3325 1436 Cithara
3345 1380 3402 1431 et
3418 1377 3560 1448 lyra,
3582 1380 3639 1432 et
3657 1379 3875 1448 tympa-

2221 1464 2392 1542 num,
2427 1475 2661 1559 etﬁtfhiaj,
2691 1477 2746 1528 et
2773 1473 2970 1528 vinum
2999 1472 3056 1526 in
3089 1471 3356 1526 conviviis
3392 1469 3614 1536 vestris,
3645 1473 3704 1525 et
3729 1486 3874 1541 opus

2234 1556 2472 1630 Domini
2486 1553 2932 1639 nbhv'respicitis,
2961 1582 3064 1620 nec
3087 1581 3259 1637 opera
3283 1580 3558 1618 manuum
3588 1563 3710 1634 ejus
3739 1579 3874 1618 con-

2233 1661 2490 1731 sideratis
2518 1661 2640 1731 (Isa.
2677 1676 2730 1729 ν,
2768 1664 2824 1714 11
2859 1665 2909 1715 et
2942 1665 3096 1729 seq.).
3130 1680 3158 1707 »
3197 1660 3264 1714 Et
3294 1657 3502 1712 iterum
3538 1673 3550 1710 :
3585 1677 3612 1705 «
3647 1657 3740 1710 Vze
3773 1656 3873 1726 qui

504 1750 950 1824 perturbatores,
981 1746 1354 1803 ecclesiastica
1379 1724 1647 1833 11ξρᾗῇ
2000 1724 2131 1813 331;-

2236 1729 2653 1844 potentes'ésti's
2679 1752 3093 1833 adbilfendum
3119 1751 3339 1814 vinum,
3370 1754 3428 1804 et
3455 1748 3560 1803 viri
3599 1750 3777 1805 fortes
3802 1749 3876 1804 ad

505 1848 594 1900 cta
621 1841 1026 1898 communione
1049 1839 1359 1910 judicabat.
1388 1824 1884 1910 operatores'vérb
1901 1824 2135 1895 eamm-

506 1939 660 2004 dem,
685 1935 896 2007 eisque
935 1933 1265 1989 obedientes
1303 1936 1679 2004 utrarumque
1709 1948 1772 1988 ac
1801 1936 2136 1988 cteterarum

502 2031 782 2086 bonarum
808 2029 1014 2100 dignos
1044 2043 1165 2082 esse
1191 2026 1434 2092 dicebat,
1473 2026 1624 2082 unde
1653 2030 1710 2082 et
1736 2025 2046 2098 prophetas
2074 2025 2132 2080 in

501 2123 897 2180 testimonium
921 2121 1202 2175 sumebat.
1228 2119 1457 2189 Audite,
1485 2119 1628 2190 coeli,
1662 2124 1719 2174 et
1747 2119 1978 2174 auribus
2009 2134 2135 2191 per-

505 2219 650 2288 cipe,
683 2219 854 2284 terra,
883 2213 1156 2284 quoniam
1187 2212 1467 2266 Dominus
1503 2212 1720 2266 locutus
1751 2215 1834 2266 est
1862 2229 1876 2266 :
1911 2231 1940 2262 «
1966 2211 2134 2265 Filios

506 2307 769 2374 enutrivi,
820 2309 878 2362 et
915 2305 1180 2374 exaltavi,
1224 2304 1336 2376 ipsi
1381 2308 1576 2359 autem
1625 2303 1959 2375 spreverunt
2009 2319 2131 2372 me,

507 2401 775 2472 cognovit
801 2399 901 2454 bos
930 2413 1314 2470 possessorem
1351 2412 1541 2464 suum,
1574 2401 1631 2452 et
1658 2397 1851 2452 asinus
1875 2412 2136 2468 praesepe

506 2494 724 2551 domini
753 2493 858 2560 sui,
894 2491 1058 2546 Israel
1095 2507 1210 2545 non
1248 2490 1518 2563 cognovit
1549 2506 1664 2556 me,
1696 2489 1938 2561 populus
1972 2505 2135 2544 meus

506 2605 621 2645 non
663 2586 955 2643 intellexit.
1000 2586 1092 2640 Vas
1141 2585 1297 2656 genti
1347 2583 1662 2656 peccatrici,
1719 2584 1932 2654 populo
1980 2583 2135 2653 gravi

504 2681 827 2755 iniquitate,
865 2678 1068 2734 semini
1102 2694 1370 2749 nequam,
1411 2677 1541 2731 filiis
1584 2676 1884 2732 sceleratis.
1923 2675 2131 2731 Dereli-

505 2778 756 2849 querunt
802 2771 863 2844 6
912 2772 1238 2838 Dominum,
1281 2770 1825 2841 blasphemaverunt
1874 2772 2132 2824 sanctum

507 2869 697 2935 Israel,
738 2865 1048 2921 abalienati
1084 2869 1218 2918 sunt
1260 2869 1592 2919 retrorsum.
1630 2862 1811 2934 Super
1844 2880 1959 2935 quo
2001 2880 2131 2934 per-

506 2963 717 3018 cutiam
744 2975 842 3015 vos
881 2959 1026 3013 ultra
1063 2957 1340 3012 addentes
1377 2956 1922 3028 praevaricationem.
1953 2956 2134 3011 Omne

507 3059 677 3127 caput
712 3051 1070 3124 languidum,
1113 3053 1172 3106 et
1212 3066 1380 3105 omne
1428 3067 1528 3105 cor
1565 3065 1832 3118 maerens,
1875 3066 1908 3104 a
1944 3051 2136 3121 planta
2155 3087 2210 3162 Ο

505 3149 664 3221 pedis
691 3163 869 3218 usque
893 3146 963 3201 ad
989 3145 1284 3210 verticem,
1315 3161 1428 3199 non
1457 3149 1543 3198 est
1567 3143 1625 3198 in
1655 3160 1721 3198 eo
1752 3144 1979 3211 sanitas,
2008 3144 2131 3197 vul-

506 3259 634 3310 nus,
657 3246 713 3297 et
735 3241 898 3306 livor,
921 3243 979 3294 et
1001 3237 1171 3309 plaga
1196 3242 1446 3306 tumens,
1471 3254 1589 3292 non
1615 3241 1701 3291 est
1725 3237 2132 3307 circumligata,

505 3352 611 3392 nec
650 3336 845 3390 curata
878 3330 1251 3388 medicamine
1286 3346 1471 3402 neque
1502 3331 1618 3386 fota
1655 3329 1798 3385 oleo.
1839 3331 2008 3385 Terra
2040 3345 2130 3384 ve-

507 3437 621 3485 stra
653 3428 894 3493 deserta,
925 3425 1180 3480 civitates
1203 3429 1407 3479 vestrae
1437 3424 1572 3495 igne
1607 3439 1912 3489 succensas,
1941 3423 2132 3494 regio-

505 3539 640 3580 nem
664 3526 911 3577 vestram
941 3534 1137 3574 coram
1173 3517 1332 3573 vobis
1367 3517 1542 3571 alieni
1575 3517 1864 3583 devorant,
1893 3520 1950 3571 et
1977 3516 2137 3571 deso-

504 3616 733 3681 labitur,
781 3613 928 3667 sicut
970 3611 1027 3665 in
1068 3610 1322 3665 vastitate
1354 3610 1564 3677 hostili,
1607 3616 1663 3665 et
1705 3608 2136 3680 derelinquetur

475 3711 634 3786 .(Isa.
680 3724 719 3775 ι,
769 3709 802 3760 2
851 3711 903 3760 et
943 3705 1100 3775 seq.).
1150 3706 1242 3758 Va;
1274 3703 1498 3776 (inquit)
1539 3702 1636 3775 qui
1688 3703 1873 3758 dicitis
1913 3703 2132 3758 bonum

504 3804 739 3868 malum,
763 3803 821 3854 et
839 3799 1055 3853 malum
1081 3797 1318 3864 bonum,
1339 3801 1619 3869 ponentes
1639 3797 1904 3853 tenebras
1924 3797 2130 3864 lucem,

504 3901 562 3954 et
591 3897 779 3950 lucem
819 3891 1083 3946 tenebras
1119 3893 1421 3962 ponentes,
1461 3905 1725 3944 amarum
1765 3889 1824 3943 in
1859 3889 2038 3956 dulce,
2078 3893 2135 3943 et

503 3991 666 4048 dulce
698 3989 758 4042 in
800 4001 1058 4040 amarum
1099 3985 1224 4053 (Isa.
1264 4000 1338 4048 v1,
1379 3984 1489 4052 21).
1523 3983 1851 4052 Propterea,
1879 3981 2134 4051 captivus

503 4085 705 4139 ductus
731 4083 814 4134 est
832 4079 1076 4150 populus
1100 4092 1282 4142 meus,
1302 4075 1437 4144 quia
1458 4090 1573 4128 non
1599 4073 1798 4128 habuit
1815 4073 2131 4142 scientiam,

507 4182 564 4231 et
594 4173 814 4230 nobiles
854 4171 975 4241 ejus
1013 4167 1357 4223 interierunt
1385 4167 1557 4235 fame,
1589 4171 1647 4222 et
1672 4165 1980 4222 multitudo
2012 4168 2134 4238 ejus

504 4269 595 4324 siti
650 4263 887 4320 exaruit.
939 4264 1246 4333 Propterea
1289 4260 1543 4316 dilatavit
1583 4259 1839 4316 infernus
1881 4259 2134 4316 animam

505 4378 686 4428 suam,
725 4363 783 4414 et
813 4356 1042 4430 aperuit
1070 4371 1133 4410 os
1162 4369 1349 4421 suum,
1385 4353 1597 4426 absque
1623 4354 1739 4409 ullo
1778 4353 2045 4421 termino,
2078 4359 2135 4410 et

2234 1827 2592 1902 miscentium
2615 1827 2968 1902 ebrietatem.
3006 1843 3111 1909 Qui
3139 1843 3458 1916 justiﬁcatis
3489 1842 3729 1915 impium
3767 1858 3874 1913 pro

2235 1940 2589 2007 muneribus,
2620 1944 2677 1995 et
2695 1938 2974 2010 justitiam
2995 1938 3136 2010 justi
3165 1936 3401 2008 aufertis
3421 1937 3490 1991 ab
3525 1952 3610 1992 eo.
3631 1937 3876 2006 Propter

2235 2033 2340 2088 hoc
2386 2033 2530 2088 sicut
2573 2033 2810 2089 devorat
2851 2032 3124 2104 stipulam
3167 2030 3368 2102 lingua
3408 2029 3577 2102 ignis,
3627 2032 3684 2084 et
3719 2028 3876 2083 calor

2233 2127 2488 2183 ﬂamma:
2515 2125 2722 2194 exurit,
2750 2125 2829 2181 sic
2853 2124 3012 2180 radix
3041 2140 3242 2180 eorum
3265 2122 3428 2195 quasi
3453 2122 3642 2178 favilla
3669 2121 3797 2190 erit,
3820 2127 3878 2176 et

2236 2236 2471 2292 germen
2502 2235 2702 2275 eorum
2725 2223 2791 2274 ut
2815 2217 2998 2290 pulvis
3031 2216 3321 2272 ascendet.
3347 2215 3693 2287 Abjecerunt
3717 2215 3874 2269 enim

2232 2313 2421 2384 legem
2447 2311 2676 2367 Domini
2701 2310 3067 2377 exercituum,
3091 2313 3150 2364 et
3174 2308 3468 2380 eloquium
3497 2308 3681 2363 sancti
3703 2308 3874 2363 Israel

2233 2405 2788 2477 blasphemaverunt.
2829 2405 2960 2460 ldeo
3005 2403 3180 2458 iratus
3204 2385 3308 2458 est
3351 2402 3510 2458 furor
3547 2400 3775 2458 Domini
3812 2401 3874 2456 in

2233 2499 2449 2570 papulo
2476 2515 2600 2567 suo,
2624 2503 2680 2554 et
2702 2496 2959 2554 extendit
2987 2513 3222 2552 manum
3251 2512 3410 2551 suam
3439 2511 3610 2568 super
3635 2511 3791 2561 eum,
3818 2499 3879 2550 et

2234 2592 2510 2664 percussit
2545 2607 2698 2660 eum,
2739 2597 2798 2647 et
2825 2590 3150 2647 conturbati
3176 2593 3310 2646 sunt
3346 2592 3592 2658 montes,
3630 2591 3689 2642 et
3727 2589 3880 2643 facta

2236 2689 2368 2740 sunt
2405 2684 2707 2740 morticina
2737 2701 2958 2750 eorum,
2994 2683 3152 2755 quasi
3185 2687 3398 2739 stercus
3425 2682 3482 2736 in
3525 2680 3714 2737 medio
3747 2683 3873 2753 pla-

2234 2782 2479 2834 tearum.
2505 2800 2533 2828 ‹‹
2559 2780 2620 2832 In
2642 2777 2903 2833 omnibus
2924 2777 3032 2847 his,
3055 2793 3170 2832 non
3193 2779 3279 2830 est
3299 2791 3530 2832 aversus
3549 2775 3707 2831 furor
3727 2775 3875 2846 ejus,

2236 2872 2334 2927 sed
2362 2871 2551 2926 adhuc
2581 2887 2782 2926 manus
2810 2871 2934 2942 ejus
2964 2875 3190 2925 extenta
3218 2870 3376 2940 (Ibid.
3407 2871 3476 2924 22
3507 2873 3558 2924 et
3583 2869 3741 2938 seq.).
3774 2890 3800 2916 »

2307 2965 2535 3019 Nullum
2583 2965 2738 3020 enim
2786 2963 3208 3036 presbyterum,
3251 2962 3311 3017 in
3349 2961 3587 3032 alicujus
3621 2961 3880 3033 episcopi

2236 3058 2528 3130 parochia,
2547 3057 2761 3129 aliquid
2780 3073 2950 3130 agere
2969 3057 3196 3123 debere,
3217 3056 3432 3126 absque
3452 3055 3574 3126 ejus
3594 3055 3881 3128 permissu

2235 3151 2496 3220 docebat,
2533 3154 2764 3206 cunctos
2801 3140 3183 3223 presbyteros,
3225 3148 3468 3221 propriis
3504 3148 3779 3220 episcopis
3816 3148 3880 3202 in

2233 3244 2518 3311 omnibus,
2557 3243 2770 3315 absque
2811 3259 2969 3298 mora
3011 3241 3362 3311 obedientes,
3403 3241 3733 3297 instituente
3768 3241 3876 3295 Do-

2232 3337 2416 3404 mino,
2441 3354 2564 3392 esse
2592 3337 2800 3392 debere
2820 3336 3074 3391 docebat.
3103 3335 3329 3390 Nullum
3357 3335 3510 3390 enim
3537 3335 3717 3390 aliena
3743 3350 3883 3389 con-

2233 3431 2542 3503 cupiscere,
2577 3433 2678 3485 aut
2708 3445 3056 3502 praesumere
3101 3445 3322 3496 eorum,
3356 3428 3453 3483 sed
3482 3443 3880 3499 unumquem-

2233 3540 2344 3596 que
2369 3523 2503 3592 suis,
2534 3522 2755 3596 sibique
2779 3522 3119 3590 commissis,
3142 3524 3437 3577 contentos
3465 3537 3587 3576 esse
3612 3519 3881 3578 docebat.

2235 3638 2264 3669 «
2310 3617 2612 3672 Neminem
2657 3616 2831 3672 etiam
2871 3616 3040 3672 alicui
3079 3613 3291 3687 aliquid
3326 3615 3534 3682 facere,
3577 3613 3687 3668 nisi
3722 3614 3882 3685 quod

2233 3711 2337 3766 sibi
2364 3711 2535 3766 vellet
2569 3710 2692 3766 ﬁeri
2727 3711 2877 3782 (Tob.
2922 3725 2995 3776 iv,
3032 3709 3138 3780 16),
3168 3727 3197 3758 ι)
3230 3707 3568 3762 instruebat.
3607 3707 3878 3763 Sanctam

2233 3820 2372 3875 ergo
2394 3804 2696 3859 Ecclesiam
2718 3803 3144 3858 immaculatam
3168 3817 3368 3856 omnes
3391 3815 3619 3857 servare
3641 3799 3878 3868 debere,

2232 3895 2675 3968 evangelizabat,
2719 3896 2880 3968 cujus
2921 3897 3103 3950 claves
3132 3895 3432 3966 episcopos
3467 3910 3587 3948 esse
3630 3893 3877 3949 dicebat.

2234 3989 2343 4060 lpsi
2387 3989 2542 4044 enim
2588 3988 2805 4044 habent
2850 3991 3197 4060 potestatem
3243 3986 3511 4042 claudere
3560 3988 3767 4041 caelum
3818 3994 3882 4042 et

2231 4081 2454 4154 aperire
2485 4087 2681 4154 portas
2709 4082 2757 4154 ej
2769 4099 2850 4150 us,
2884 4082 3020 4153 quia
3046 4081 3232 4136 claves
3258 4081 3382 4136 cceli
3407 4079 3543 4134 facti
3574 4083 3724 4134 sunt.

2303 4179 2578 4230 Amovere
2593 4179 2786 4231 autem
2808 4191 2900 4230 eos
2919 4173 3215 4230 neminem
3235 4173 3444 4230 debere
3461 4171 3719 4240 docebat,
3737 4172 3882 4244 quia

2233 4269 2382 4324 oculi
2408 4267 2639 4324 Domini
2661 4273 2814 4337 sunt,
2839 4274 2896 4324 et
2917 4268 3016 4340 qui
3040 4284 3138 4324 eos
3159 4266 3360 4338 tangit,
3388 4265 3574 4338 tangit
3595 4265 3878 4337 pupillam

2231 4362 2380 4418 oculi
2405 4362 2528 4434 ejus
2557 4363 2738 4433 (Zach.
2774 4378 2836 4432 ιι,
2874 4362 2950 4433 8).
2985 4363 3051 4416 Et
3079 4365 3307 4433 quantae
3333 4376 3514 4432 poenae
3541 4358 3751 4430 dignus
3779 4358 3878 4427 sit,

504 4453 856 4512 descendunt
879 4451 1052 4506 fortes
1079 4449 1222 4520 ejus,
1255 4451 1315 4502 et
1339 4448 1586 4519 populus
1610 4447 1752 4519 ejus,
1781 4452 1839 4502 et
1863 4447 2130 4504 sublimes
2149 4460 2209 4532 D
2231 4455 2453 4528 quieos
2480 4455 2834 4523 scandalizat,
2864 4454 3053 4526 ipsum
3089 4453 3395 4508 Dominum
3433 4451 3688 4507 docuisse
3716 4450 3879 4506 dice-

502 4547 852 4624 gloriosique
883 4543 1003 4615 ejus
1033 4543 1107 4598 ad
1147 4558 1300 4597 eum.
1327 4543 1395 4596 Et
1429 4541 1816 4596 incurvabitur
1845 4541 2044 4610 homo,
2078 4547 2135 4597 et

501 4640 896 4699 humiliabitur
931 4637 1034 4705 vir,
1066 4641 1125 4691 et
1157 4634 1308 4690 oculi
1347 4633 1676 4690 sublimium
1714 4635 2128 4706 deprimentur.

502 4737 571 4793 Et
603 4733 940 4792 exaltabitur
971 4729 1243 4786 Dominus
1275 4729 1336 4783 in
1357 4727 1594 4799 judicio,
1633 4732 1690 4783 et
1720 4729 1870 4783 Deus
1907 4733 2131 4784 sanctus

504 4825 946 4886 sanctiﬁcabitur
969 4823 1025 4879 in
1047 4821 1272 4894 justitia
1299 4821 1432 4892 (Isa.
1463 4838 1514 4889 v,
1548 4823 1610 4876 13
1637 4827 1688 4877 et
1709 4824 1860 4892 seq.).
1889 4843 1915 4872 ››

572 4921 835 4978 Carnales
864 4915 1251 4990 spiritualibus
1286 4915 1546 4971 resistere
1571 4915 1930 4987 prohibebat,
1966 4919 2024 4972 et
2060 4916 2130 4970 de

501 5021 590 5076 his
628 5016 726 5090 qui
769 5013 1014 5070 cervices
1050 5026 1177 5064 suas
1215 5013 1410 5064 contra
1444 5009 1747 5081 magistros
1786 5014 1843 5064 et
1881 5011 2132 5066 seniores

501 5130 630 5168 suos
667 5109 968 5181 erigebant
1015 5106 1074 5160 in
1117 5102 1325 5158 diaboli
1358 5103 1687 5175 exemplum
1724 5103 1946 5158 dicebat
1978 5120 1990 5158 :
2022 5105 2127 5158 De-

500 5210 681 5263 tracta
721 5206 808 5258 est
844 5201 916 5257 ad
953 5198 1160 5254 inferos
1199 5197 1466 5269 superbia
1503 5201 1619 5265 tua,
1656 5197 1858 5253 cecidit
1895 5197 2133 5251 cadaver

499 5307 687 5366 tuum,
733 5295 930 5352 subter
966 5298 1024 5348 te
1069 5294 1354 5348 sternetur
1394 5289 1566 5358 tinea,
1609 5295 1666 5346 et
1707 5290 2129 5361 operimentum

501 5401 665 5451 tuum
689 5395 858 5448 erunt
880 5402 1122 5442 vermes.
1145 5384 1441 5450 Quomodo
1470 5383 1720 5440 cecidisti
1747 5383 1816 5438 de
1843 5383 2004 5450 coelo,
2029 5384 2131 5438 Lu-

502 5489 658 5554 cifer,
689 5483 787 5557 qui
826 5498 996 5537 mane
1033 5479 1327 5546 oriebaris,
1373 5477 1635 5534 corruisti
1672 5477 1733 5532 in
1761 5482 1992 5544 terram,
2033 5477 2132 5548 qui

502 5579 838 5636 vulnerabas
863 5575 1100 5649 gentes?
1125 5573 1231 5638 Qui
1258 5572 1482 5628 dicebas
1508 5573 1567 5626 in
1595 5571 1762 5626 corde
1787 5575 1904 5639 tuo,
1933 5571 1991 5624 ln
2019 5587 2127 5626 coe-

502 5673 622 5728 lum
675 5671 1001 5737 ascendam,
1051 5684 1221 5739 supra
1262 5670 1416 5722 astra
1467 5665 1561 5719 Dei
1613 5664 1875 5720 exaltabo
1925 5663 2131 5719 solium

502 5781 727 5832 meum,
769 5763 977 5820 sedebo
1016 5762 1075 5819 in
1116 5765 1310 5817 monte
1353 5758 1716 5826 Testamenti,
1757 5758 1818 5814 in
1861 5758 2130 5816 lateribus

2232 4551 2350 4618 bat,
2381 4550 2479 4606 ubi
2505 4551 2585 4605 ait
2614 4567 2627 4605 :
2655 4572 2682 4600 ‹‹
2717 4549 2822 4614 Qui
2851 4549 3317 4604 scandalizaverit
3341 4563 3520 4603 unum
3553 4547 3622 4602 de
3649 4545 3881 4617 pusillis

2232 4644 2354 4700 istis
2386 4645 2485 4716 qui
2520 4643 2580 4698 in
2621 4659 2716 4698 me
2753 4643 3012 4710 credunt,
3051 4639 3283 4714 expedit
3308 4641 3360 4696 ei
3399 4644 3462 4695 ut
3497 4639 3884 4712 suspendatur

2232 4737 2381 4792 mola
2419 4737 2663 4792 asinaria
2698 4737 2758 4792 in
2788 4736 2930 4791 collo
2969 4735 3109 4806 ejus,
3148 4738 3204 4790 et
3242 4735 3614 4805 demergatur
3638 4732 3699 4786 in
3741 4748 3880 4803 pro-

2232 4830 2476 4886 fundum
2514 4829 2712 4886 maris.
2738 4830 2834 4884 Va:
2871 4830 3088 4884 mundo
3119 4845 3153 4882 a
3182 4826 3480 4896 scandalis,
3521 4841 3750 4881 necesse
3789 4829 3887 4880 est

2231 4924 2388 4980 enim
2434 4923 2663 4980 veniant
2700 4922 2992 4988 scandala;
3042 4925 3471 4987 verumtamen,
3518 4935 3602 4974 vae
3646 4918 3884 4973 homini

2231 5017 2316 5072 illi
2365 5033 2467 5090 per
2511 5033 2685 5089 quem
2727 5016 3055 5072 scandalum
3101 5014 3277 5070 venit.
3327 5013 3386 5069 Si
3430 5017 3624 5068 autem
3668 5027 3882 5066 manus

2230 5115 2326 5166 tua
2363 5110 2704 5166 scandalizat
2733 5113 2809 5180 te,
2843 5108 3110 5164 abscinde
3145 5124 3292 5174 eam,
3327 5111 3385 5163 et
3419 5104 3629 5178 projice
3661 5103 3762 5159 abs
3791 5109 3878 5159 te.

2233 5205 2455 5260 Bonum
2496 5207 2581 5260 est
2617 5203 2718 5258 tibi
2767 5202 2840 5257 ad
2884 5202 3064 5258 vitam
3108 5199 3330 5274 ingredi
3375 5199 3654 5265 debilem,
3697 5212 3882 5268 quam

2232 5298 2371 5352 duas
2398 5313 2605 5354 manus
2629 5297 2960 5364 habentem,
2989 5296 3141 5352 mitti
3169 5295 3227 5350 in
3255 5293 3583 5365 gehennam
3610 5290 3781 5362 ignis.
3807 5290 3885 5346 Et

2233 5392 2278 5446 si
2317 5409 2416 5464 pes
2451 5395 2582 5446 tuus
2611 5391 2949 5446 scandalizat
2978 5395 3054 5458 te,
3087 5387 3353 5444 abscinde
3381 5402 3534 5452 eum,
3567 5389 3624 5441 et
3650 5382 3884 5456 projice

2231 5485 2332 5540 abs
2369 5490 2444 5541 te.
2479 5486 2698 5540 Bonum
2725 5489 2812 5540 est
2844 5484 2947 5538 tibi
2984 5481 3220 5538 introire
3259 5480 3330 5536 ad
3367 5479 3541 5534 vitam
3578 5475 3882 5543 claudum,

2231 5595 2403 5652 quam
2441 5579 2584 5635 duos
2625 5578 2796 5651 pedes
2835 5577 3163 5643 habentem,
3192 5573 3344 5629 mitti
3373 5572 3431 5628 in
3468 5571 3666 5644 ignem
3703 5574 3884 5626 aeter-

2230 5690 2392 5730 num.
2423 5675 2492 5729 Et
2533 5673 2579 5728 si
2620 5671 2817 5729 oculus
2861 5675 2994 5726 tuus
3038 5667 3374 5725 scandalizat
3410 5669 3488 5734 te,
3535 5679 3669 5720 erue
3708 5679 3883 5730 eum,

2233 5772 2290 5821 et
2328 5767 2544 5842 projice
2571 5767 2672 5823 abs
2697 5769 2778 5826 te.
2806 5767 3028 5822 Bonum
3055 5767 3141 5820 est
3167 5762 3269 5820 tibi
3293 5777 3474 5819 unum
3506 5758 3732 5816 oculum
3765 5756 3884 5817 ha-
