4046 6188
191 314 246 367 33

1413 309 1882 365 DECRETALIUM
1922 309 2306 365 COLLECTIO.

3472 311 3536 369 34

185 419 402 472 bentem
431 415 496 470 in
525 415 703 470 vitam
734 414 994 484 introire,
1023 431 1197 486 quam
1216 415 1355 470 duos
1383 417 1570 472 oculos
1598 417 1810 473 haben-
1831 432 1890 502 Α
1910 419 2103 472 autem
2129 433 2256 472 mea
2280 417 2338 472 in
2366 417 2781 488 sempiternum
2800 418 2926 486 erit,
2950 422 3005 474 et
3020 418 3243 489 justitia
3267 434 3393 474 mea
3419 436 3534 475 non

187 516 288 564 tem
307 509 462 562 mitti
495 509 554 563 in
587 509 914 580 gehennam
944 508 1110 579 ignis.
1136 509 1329 564 Videte
1346 527 1419 564 ne
1438 511 1811 566 contemnatis

185 619 352 657 unum
379 618 450 656 ex
478 603 566 656 his
584 602 805 673 pusillis
832 604 1047 674 (Matth.
1078 619 1232 670 xvm,
1265 607 1295 658 6
1322 610 1370 658 et
1397 606 1552 674 seq.).
1576 627 1602 654 »
1631 608 1811 659 Amen

186 696 295 750 dico
339 695 526 764 vobis,
574 711 935 767 quaecunque
978 696 1344 768 alligaveritis
1387 714 1558 768 super
1596 701 1812 751 terram

184 794 336 844 erunt
369 789 609 859 alligata
641 792 701 843 et
737 789 798 843 in
835 790 991 857 coelo,
1035 792 1093 845 et
1132 807 1490 862 quaecunque
1541 791 1813 845 solveritis

184 899 338 953 super
371 886 585 937 terram
615 888 783 938 erunt
810 883 992 938 soluta
1017 886 1075 938 et
1097 883 1157 938 in
1185 885 1348 939 coelo.
1380 903 1408 935 «
1449 885 1660 939 lterum
1691 884 1814 938 dico

185 975 348 1042 vobis,
383 975 524 1046 quia
551 976 599 1029 si
624 976 735 1030 duo
766 992 832 1030 ex
872 976 1026 1030 vobis
1061 976 1452 1032 consenserint
1488 994 1661 1048 super
1695 980 1812 1031 ter-

184 1085 314 1134 ram,
367 1068 440 1122 de
481 1069 638 1123 omni
685 1086 746 1124 re
787 1086 1124 1141 quacunque
1168 1069 1454 1141 petierint,
1498 1071 1597 1125 ﬁet
1639 1070 1746 1124 illis
1782 1087 1816 1124 a

187 1163 338 1215 Patre
380 1177 534 1229 meo,
585 1162 684 1233 qui
717 1162 778 1216 in
834 1162 989 1217 ccelis
1026 1168 1128 1217 est.
1177 1163 1280 1217 Ubi
1323 1163 1475 1218 enim
1524 1169 1658 1218 sunt
1701 1163 1814 1217 duo

184 1255 258 1308 vel
283 1259 400 1307 tres
429 1256 766 1325 congregati
795 1255 855 1309 in
883 1256 1116 1310 nomine
1156 1273 1303 1325 meo,
1330 1256 1409 1310 ibi
1438 1273 1565 1311 sum
1595 1257 1656 1311 in
1693 1273 1814 1310 me-

185 1347 264 1400 dio
293 1363 504 1402 eorum
538 1348 753 1417 (Matth.
785 1365 940 1418 xvm,
977 1352 1041 1403 l8
1077 1355 1127 1404 et
1156 1350 1290 1420 seq.)
1321 1369 1348 1398 ››
1380 1351 1446 1404 Et
1475 1350 1685 1405 iterum
1715 1367 1817 1421 per

185 1441 517 1512 prophetam
549 1442 822 1512 loquitur,
848 1442 1043 1497 dicens
1069 1460 1082 1497 :
1107 1443 1346 1514 Expavit
1369 1443 1592 1514 (inquit)
1613 1444 1816 1498 coelum

182 1549 338 1604 super
366 1534 505 1600 hoc,
534 1540 592 1588 et
618 1535 840 1589 horruit
860 1535 1102 1606 amplius
1130 1536 1522 1604 vehementer,
1556 1536 1693 1590 dicit
1718 1537 1818 1591 Do-

185 1627 394 1694 minus:
416 1627 463 1680 Ο
493 1626 908 1683 intolerabilem
922 1628 1363 1699 malignitatem,
1388 1646 1421 1684 o
1441 1628 1699 1699 linguam
1716 1629 1818 1683 ini-

182 1720 446 1792 quitatem
470 1722 798 1792 loquentem
827 1725 1020 1776 contra
1045 1721 1369 1789 Dominum,
1397 1725 1454 1777 et
1478 1725 1728 1776 mentem
1757 1723 1816 1777 in

1911 511 2131 566 deﬁciet
2159 511 2291 582 (Isa.
2321 527 2392 580 LI,
2425 515 2455 564 5
2482 517 2531 566 et
2557 512 2630 580 6).
2660 533 2687 559 »

1985 627 2012 652 «
2045 604 2248 659 Audite
2275 621 2388 673 me,
2412 605 2512 676 qui
2531 604 2679 658 scitis
2696 605 2937 674 justum,
2962 605 3204 677 populus
3223 606 3314 661 lex
3333 623 3459 662 mea
3479 608 3538 662 in

1913 698 2077 754 corde
2100 714 2318 752 eorum.
2348 697 2527 752 Nolite
2556 697 2757 752 timere
2791 698 3098 767 opprobria
3133 699 3450 769 hominum,
3484 707 3541 756 et

1912 791 2288 862 blasphemias
2327 807 2528 846 eorum
2569 806 2641 844 ne
2683 790 2971 845 metuatis.
3002 791 3160 846 Sicut
3185 793 3338 847 enim
3366 793 3535 848 vesti-

1913 888 2193 953 mentum,
2218 884 2295 938 sic
2322 884 2584 938 comedet
2613 899 2706 937 eos
2734 883 2958 952 vermis,
2994 888 3048 937 et
3074 884 3217 938 sicut
3242 885 3430 939 lanam
3460 886 3540 940 sic

1914 977 2202 1032 devorabit
2240 993 2333 1032 eos
2371 977 2542 1032 tinea.
2575 976 2738 1030 Salus
2767 981 2960 1031 autem
3003 992 3131 1032 mea
3154 977 3214 1031 in
3245 977 3538 1048 sempiter-

1915 1087 2054 1125 num
2083 1071 2208 1139 erit,
2237 1073 2294 1124 et
2312 1069 2530 1140 justitia
2559 1085 2688 1124 mea
2717 1069 2777 1123 in
2821 1069 3185 1138 generatione
3222 1071 3540 1140 generatio-

1915 1180 2055 1218 num
2092 1164 2248 1233 (Ibid.
2284 1168 2314 1216 7
2357 1168 2406 1217 et
2449 1164 2578 1232 8).»
2613 1164 2680 1217 Et
2723 1162 2933 1226 iterum
2966 1179 2978 1216 :
3015 1182 3043 1213 ‹‹
3082 1163 3418 1217 Abscondita
3460 1170 3543 1218 est

1915 1257 2027 1310 vita
2045 1273 2176 1311 mea
2195 1273 2228 1309 a
2250 1256 2511 1322 Domino,
2526 1259 2582 1310 et
2601 1274 2632 1310 a
2652 1256 2891 1310 Domino
2912 1271 3040 1310 meo
3048 1255 3331 1326 judicium
3351 1272 3544 1310 meum

1915 1349 2195 1404 transibit.
2237 1349 2528 1420 Numquid
2571 1349 2749 1404 nescis
2793 1353 2892 1403 aut
2947 1365 3062 1403 non
3103 1348 3354 1404 audisti?
3397 1351 3545 1404 Deus

1917 1443 2313 1514 sempiternus,
2346 1443 2638 1509 Dominus,
2671 1443 2769 1513 qui
2808 1443 3019 1497 creavit
3059 1442 3332 1497 terminos
3358 1447 3544 1511 terrae,

1916 1553 2031 1591 non
2072 1537 2294 1591 deficiet
2340 1551 2525 1607 neque
2569 1535 2871 1605 laborabit,
2913 1552 3017 1590 nec
3061 1539 3147 1591 est
3187 1535 3546 1606 investigatio

1916 1630 2207 1702 sapientiae
2231 1631 2374 1701 ejus.
2397 1629 2504 1694 Qui
2528 1629 2625 1684 dat
2638 1631 2786 1684 lasso
2807 1629 3098 1697 virtutem,
3123 1632 3181 1682 et
3206 1629 3294 1684 his
3313 1629 3412 1700 qui
3431 1645 3548 1684 non

1917 1729 2050 1778 sunt
2091 1723 2510 1790 fortitudinem,
2561 1728 2617 1777 et
2658 1722 2831 1777 robur
2875 1721 3230 1792 multiplicat.
3279 1722 3548 1776 Deﬁcient

183 1815 537 1869 altitudinem
573 1831 752 1868 cornu
785 1817 1179 1870 extollentem.
1204 1817 1270 1870 Et
1294 1811 1505 1870 iterum
1534 1833 1546 1870 :
1575 1835 1601 1868 «
1638 1803 1892 1888 lmpo-B
1916 1817 2098 1889 pueri,
2149 1820 2206 1871 et
2243 1815 2599 1884 laborabunt,
2643 1820 2699 1870 et
2719 1815 2959 1886 juvenes
2998 1815 3058 1868 in
3101 1814 3426 1870 infirmitate
3454 1831 3545 1870 ca-

185 1925 267 1975 ne,
288 1908 496 1975 homo,
517 1913 634 1962 tua:
659 1908 874 1980 linguze
905 1910 1113 1964 ostium
1141 1912 1200 1964 et
1222 1925 1432 1978 seram,
1461 1925 1614 1964 cessa
1639 1925 1815 1965 cornu

185 2000 236 2054 in
262 2001 627 2056 altitudinem
650 2002 943 2071 extollens,
974 2007 1031 2057 et
1058 2004 1298 2074 loquens
1323 2003 1588 2058 adversus
1620 2003 1812 2056 Domi-

181 2109 339 2160 num,
367 2099 426 2148 et
439 2094 771 2164 proximum
793 2100 978 2162 tuum,
999 2112 1294 2166 quousque
1315 2095 1554 2150 insultas
1579 2096 1816 2166 patienti

183 2185 408 2240 Christo
441 2191 494 2240 et
523 2187 793 2241 fratribus
819 2189 846 2242 ?
895 2211 920 2237 ››
965 2188 1128 2260 (Eccl.
1164 2205 1354 2258 xxvm,
1388 2192 1454 2244 28
1491 2194 1540 2243 et
1563 2190 1694 2260 seq.)
1725 2188 1816 2242 Sic

180 2283 368 2332 autem
393 2285 694 2350 peccantes
720 2280 781 2334 in
809 2281 1097 2349 fratribus,
1123 2287 1179 2336 et
1204 2283 1591 2354 percutientes
1616 2298 1812 2338 eorum

180 2371 466 2426 inﬁrmam
499 2373 904 2428 conscientiam
945 2375 1003 2429 in
1049 2375 1338 2430 Christum
1389 2375 1635 2446 graviter
1684 2391 1812 2446 pec-

182 2465 326 2530 catis,
366 2469 424 2520 et
462 2466 548 2520 rei
578 2466 796 2536 judicio
841 2467 1044 2534 effecti,
1086 2467 1329 2523 infames
1371 2468 1720 2535 efﬁciemini,
1762 2473 1819 2522 et

175 2557 730 2630 justezrepellemini.
749 2562 816 2616 Et
831 2560 1038 2616 iterum
1057 2578 1161 2632 per
1183 2562 1525 2632 Prophetam
1543 2561 1814 2632 loquitur,

181 2650 371 2705 dicens
395 2671 411 2707 :
439 2675 468 2700 ‹‹
494 2654 604 2706 Vos
627 2656 844 2721 autem,
875 2654 1190 2710 sacerdotes
1209 2654 1456 2721 Domini,
1479 2653 1817 2708 vocabimini

178 2745 427 2799 ministri
495 2746 597 2799 Dei
659 2747 860 2814 nostri,
915 2747 1135 2802 dicetur
1196 2747 1372 2816 vobis,
1421 2747 1816 2802 fortitudinem

181 2839 444 2907 gentium
474 2838 808 2909 comedetis,
842 2844 900 2894 et
925 2840 983 2893 in
1027 2840 1203 2912 gloria
1233 2857 1432 2895 eorum
1459 2840 1815 2911 superbietis,

182 2947 276 3000 pro
333 2932 683 2986 confusione
749 2938 938 2987 vestra
981 2933 1196 3004 duplici
1251 2933 1459 2988 rubore
1507 2933 1821 2988 laudabunt

184 3029 404 3094 partem
454 3041 676 3095 eorum,
715 3031 954 3096 propter
993 3026 1098 3082 hoc
1145 3026 1204 3080 in
1242 3032 1394 3081 terra
1432 3043 1532 3081 sua
1574 3013 1836 3098 duplicia.

183 3116 576 3186 possidebunt,
606 3121 663 3171 et
688 3117 883 3172 laetitia
907 3120 1275 3190 sempiterma
1293 3119 1401 3174 erit
1428 3119 1528 3174 eis.
1550 3119 1690 3183 Quia
1709 3136 1818 3191 ego

185 3210 466 3264 Dominus
496 3210 744 3281 diligens
765 3211 1068 3282 judicium,
1087 3216 1145 3266 et
1165 3213 1296 3268 odio
1327 3213 1540 3268 habens
1564 3213 1821 3284 rapinam

184 3303 234 3355 in
253 3303 689 3371 holocaustum,
719 3309 776 3359 et
803 3304 947 3360 dabo
975 3322 1117 3378 opus
1155 3323 1352 3361 eorum
1383 3307 1445 3361 in
1483 3307 1736 3377 veritate,
1767 3311 1824 3361 et

183 3395 349 3451 fmdus
374 3400 732 3468 perpetuum
756 3398 960 3454 feriam
987 3399 1088 3454 eis.
1129 3401 1198 3455 Et
1224 3401 1434 3456 scietur
1466 3401 1528 3455 in
1557 3400 1822 3472 gentibus

184 3504 366 3545 semen
382 3506 599 3546 eorum
619 3494 676 3546 et
691 3507 927 3561 germen
950 3509 1148 3548 eorum
1171 3493 1231 3548 in
1252 3494 1442 3549 medio
1459 3495 1818 3566 populorum.

182 3581 384 3638 Omnes
429 3583 531 3654 qui
579 3583 828 3639 viderint
877 3602 970 3640 eos
1019 3591 1368 3658 cognoscent
1403 3604 1517 3655 eos,
1558 3588 1694 3659 quia
1733 3586 1823 3642 isti

185 3681 307 3731 sunt
329 3693 544 3732 semen
580 3676 671 3732 cui
699 3677 989 3733 benedixit
1025 3680 1301 3736 Dominus
1328 3698 1342 3735 :
1375 3680 1634 3737 Gaudens
1680 3697 1820 3751 gau-

190 3768 344 3836 debo,
374 3773 440 3823 et
471 3770 779 3825 exsultabit
797 3771 988 3826 anima
1019 3788 1143 3828 mea
1166 3773 1227 3828 in
1255 3775 1368 3828 Deo
1397 3791 1543 3844 meo,
1576 3773 1709 3845 quia
1741 3774 1824 3827 in-

189 3861 301 3916 duit
334 3878 441 3917 me
483 3862 824 3918 vestimento
870 3866 1085 3934 salutis,
1123 3869 1180 3921 et
1221 3866 1557 3921 indumento
1587 3865 1824 3936 justitiaa

192 3954 574 4010 circumdedit
591 3973 706 4026 me,
735 3959 895 4028 quasi
923 3975 1195 4030 sponsum
1227 3959 1562 4015 decoratum
1591 3975 1822 4028 corona,

189 4051 238 4100 et
276 4049 452 4120 quasi
498 4065 765 4119 sponsam
813 4054 1076 4106 ornatam
1126 4053 1432 4107 monilibus
1481 4053 1614 4107 suis.
1674 4052 1827 4108 Sicut

189 4141 334 4195 enim
359 4147 522 4196 terra
551 4142 768 4212 profert
788 4159 1024 4215 germen
1066 4150 1315 4213 suum,et
1344 4145 1488 4201 sicut
1515 4146 1714 4201 hortus
1739 4163 1821 4200 se-

187 4249 314 4289 men
338 4251 522 4289 suum
552 4236 855 4305 germinat,
885 4237 962 4292 sic
1001 4239 1272 4294 Dominus
1303 4240 1448 4294 Deus
1483 4239 1827 4310 germinabit

177 4325 484 4395 justitiam,
564 4333 620 4383 et
676 4330 900 4385 laudem
970 4348 1160 4387 coram
1221 4332 1498 4388 universis
1561 4331 1827 4404 gentibus

190 4422 304 4487 Usa.
348 4437 467 4486 ω,
491 4424 525 4476 6
555 4425 606 4476 et
633 4423 788 4494 seq.).
820 4443 847 4472 »

1840 3167 1896 3241 C

1916 1911 2069 1966 dent.
2103 1910 2211 1974 Qui
2238 1915 2428 1965 autem
2459 1913 2693 1980 sperant
2718 1908 2777 1962 in
2804 1907 3044 1963 Domino
3066 1909 3368 1963 mutabunt
3394 1909 3551 1964 forti-

1915 2004 2192 2072 tudinem,
2237 2008 2525 2057 assument
2576 2018 2790 2072 pennas
2843 2001 2984 2055 sicut
3044 2001 3267 2072 aquilas,
3318 2008 3549 2056 current

1916 2102 1972 2152 et
2015 2113 2130 2150 non
2175 2095 2534 2160 laborabunt,
2567 2093 2961 2160 ambulabunt,
3002 2098 3058 2148 et
3101 2109 3217 2147 non
3264 2093 3544 2149 deficient.

1915 2191 2223 2244 Transeant
2248 2187 2319 2242 ad
2349 2203 2440 2242 me
2468 2187 2690 2255 insulas,
2711 2191 2768 2240 et
2789 2190 2984 2256 gentes
3015 2190 3241 2240 mutent
3264 2186 3547 2240 fortitudi-

1918 2299 2070 2351 nem,
2094 2281 2364 2336 accedant
2388 2285 2444 2335 et
2467 2285 2602 2335 tunc
2631 2281 2960 2350 loquentur,
2981 2279 3151 2332 simul
3172 2278 3242 2332 ad
3265 2277 3550 2348 judicium

1915 2375 2366 2447 prOpinquemus
2398 2374 2521 2443 (Isa.
2551 2389 2641 2439 xL,
2675 2375 2742 2426 27
2773 2377 2822 2427 et
2850 2371 3006 2442 seq.).
3034 2393 3060 2421 ››
3085 2372 3197 2425 Hos
3231 2375 3424 2426 autem
3454 2371 3550 2443 qui

1917 2485 2014 2524 eos
2074 2471 2284 2536 vetant,
2339 2469 2436 2520 aut
2489 2481 2747 2520 amovere
2801 2465 2888 2519 vel
2943 2465 3212 2519 damnare
3269 2464 3549 2534 nituntur,

1915 2562 2103 2634 ipsum
2133 2560 2441 2615 Dominum
2462 2575 2564 2629 per
2580 2558 2939 2629 {prophetam
2975 2557 3266 2624 damnare,
3289 2562 3346 2611 et
3369 2573 3552 2629 usque

1917 2655 1987 2710 ad
2012 2653 2452 2708 satisfactionem
2493 2667 2706 2707 eorum.
2724 2655 2780 2706 et
2816 2649 3077 2706 Ecclesia:
3103 2650 3398 2705 damnatos
3429 2667 3552 2705 esse

1919 2748 2172 2816 docebat,
2200 2745 2300 2800 ubi
2327 2746 2447 2800 ait:
2487 2744 2693 2798 «Talia
2728 2743 3028 2814 elegerunt
3066 2743 3125 2796 in
3168 2743 3271 2796 viis
3313 2743 3449 2812 suis,
3493 2748 3550 2797 et

1918 2842 1978 2896 in
2005 2838 2524 2895 abominationibus
2550 2837 2662 2891 suis
2691 2836 2881 2890 anima
2915 2851 3118 2890 eorum
3145 2835 3420 2890 delectata
3445 2841 3549 2902 est,

1922 2935 2068 2989 unde
2089 2938 2145 2988 et
2161 2949 2269 3004 ego
2289 2932 2499 3004 eligam
2513 2931 2802 2986 illusiones
2820 2945 3040 2997 eorum,
3054 2933 3111 2984 et
3126 2928 3553 2984 damnationem

1919 3028 2195 3082 adducam
2217 3026 2317 3094 eis,
2334 3024 2468 3096 quia
2489 3025 2707 3079 locutus
2736 3040 2864 3078 sum
2891 3022 2990 3091 eis,
3015 3027 3071 3077 et
3091 3038 3208 3077 non
3224 3021 3551 3088 audierunt,

1919 3121 2286 3191 feceruntque
2333 3119 2546 3172 malum
2593 3117 2653 3171 in
2703 3116 2878 3171 oculis
2923 3115 3085 3184 meis,
3127 3119 3183 3170 et
3219 3131 3347 3186 quae
3395 3113 3556 3168 nolui

1921 3210 2446 3285 elegerunt.Audite
2463 3210 2704 3265 verbum
2724 3209 2967 3276 Domini,
2984 3209 3084 3280 qui
3101 3207 3342 3263 tremitis
3352 3208 3423 3262 ad
3434 3223 3558 3262 ver-

1919 3307 2057 3362 bum
2083 3307 2222 3378 ejus.
2243 3305 2520 3360 Dixerunt
2538 3304 2740 3360 fratres
2761 3303 2934 3358 vestri
2961 3301 3214 3357 odientes
3241 3317 3360 3370 vos,
3384 3306 3440 3356 et
3458 3318 3555 3356 vos

1922 3400 2248 3472 abjicientes
2275 3402 2508 3470 propter
2535 3414 2744 3453 nomen
2774 3412 2970 3451 meum
3005 3412 3018 3450 :
3050 3395 3404 3450 Gloriﬁcetur
3443 3396 3554 3448 Do-

1921 3494 2134 3563 minus,
2153 3496 2209 3547 et
2221 3491 2536 3547 videbimus
2557 3491 2615 3545 in
2637 3489 2838 3546 laetitia
2857 3493 3073 3557 nostra,
3096 3489 3203 3559 ipsi
3223 3491 3417 3542 autem
3429 3503 3560 3542 con-

1920 3587 2233 3642 fundentur
2275 3585 2402 3656 (Isa.
2455 3600 2598 3654 LXXI,
2650 3585 2782 3655 3-5),
2824 3606 2852 3633 ››
2901 3582 3174 3638 nonenim
3219 3580 3560 3636 laborabunt

1922 3681 2132 3734 frustra
2160 3678 2220 3732 in
2261 3677 2692 3732 conturbatione
2733 3676 3004 3746 praesules
3031 3675 3166 3745 mei,
3198 3675 3333 3746 quia
3363 3690 3561 3730 semen

1921 3770 2383 3827 benedictionum
2424 3769 2654 3822 Domini
2691 3773 2794 3837 est,
2825 3773 3134 3838 antequam
3165 3767 3412 3822 clament
3451 3783 3560 3837 ego

1925 3864 2247 3931 exaudiam,
2275 3867 2333 3917 et
2359 3861 2546 3916 adhuc
2575 3861 2684 3915 illis
2709 3861 3088 3931 loquentibus,
3118 3876 3227 3930 ego
3256 3859 3561 3914 exaudiam

1925 3960 2073 4029 (Isai.
2097 3973 2219 4026 va,
2247 3959 2337 4025 23,
2368 3956 2478 4025 24).
2511 3975 2538 4003 ››
2566 3954 2648 4010 Ad
2690 3952 3122 4025 gloriﬁcandum
3164 3969 3245 4019 se,
3273 3957 3329 4006 et
3370 3951 3561 4005 divina

1923 4052 2191 4108 mandata
2219 4048 2567 4114 seminanda,
2599 4053 2655 4103 et
2675 4045 3133 4118 evangelizanda,
3167 4061 3261 4100 eos
3287 4044 3562 4100 Dominus

1923 4145 2112 4217 elegit,
2154 4149 2211 4199 et
2254 4159 2370 4198 non
2416 4146 2478 4196 ut
2518 4141 2952 4212 prohibeantur,
2995 4143 3094 4192 aut
3135 4137 3561 4210 perturbentur,

1924 4239 2124 4305 aiebat,
2166 4236 2440 4309 quoniam
2490 4234 2590 4306 qui
2635 4249 2732 4289 eos
2785 4232 2960 4301 laedit,
3009 4247 3142 4286 eum
3195 4231 3352 4286 laedit
3402 4231 3563 4301 cujus

1924 4331 2205 4404 legatione
2248 4330 2569 4400 funguntur
2599 4327 2667 4396 (Η
2709 4327 2829 4382 Cor.
2871 4342 2924 4392 v,
2969 4327 3079 4395 20).
3117 4325 3429 4379 Praedicare
3470 4340 3565 4379 eos

1926 4426 2147 4481 assidue
2186 4427 2244 4479 et
2286 4421 2551 4476 mandata
2595 4419 2823 4474 Domini
2866 4419 2987 4473 sine
3017 4418 3435 4473 intermissione
3460 4434 3562 4472 an-

252 4514 363 4568 Eos
395 4519 594 4569 autem
637 4531 671 4569 a
702 4516 819 4570 solo
851 4517 1090 4572 Domino
1125 4517 1464 4588 judicandos
1509 4521 1608 4574 aut
1636 4534 1823 4575 remo-
1845 4535 1904 4607 D
1925 4519 2189 4576 nuntiare
2226 4516 2478 4588 rogabat.
2508 4515 2689 4585 Opera
2722 4528 2920 4567 eorum
2955 4511 3103 4565 bona
3141 4527 3330 4565 coram
3374 4510 3561 4565 homi-

197 4608 429 4673 vendos,
458 4611 519 4661 et
557 4624 672 4663 non
717 4609 786 4664 ab
828 4611 950 4665 aliis
991 4627 1112 4666 esse
1140 4611 1382 4680 dicebat,
1419 4613 1555 4683 quia
1581 4612 1669 4666 sui
1698 4603 1890 4668 sunt_
1926 4613 2094 4669 nibus
2126 4615 2462 4675 monstrare,
2486 4611 2542 4662 et
2571 4604 2978 4660 conscientiam
3003 4603 3211 4658 bonam
3233 4620 3422 4658 coram
3451 4604 3564 4658 Deo

197 4703 246 4752 et
269 4716 388 4754 non
418 4699 670 4758 alterius.
702 4702 770 4756 Et
796 4702 922 4774 quis
961 4707 1045 4758 est
1081 4703 1179 4775 qui
1211 4704 1444 4760 alterius
1466 4704 1687 4775 judicet
1711 4721 1826 4761 ser-

1929 4705 2138 4761 habere
2165 4701 2508 4768 insinuabat,
2536 4714 2734 4754 omnes
2773 4697 3062 4769 principes
3101 4701 3271 4751 terrae
3303 4700 3360 4751 et
3387 4713 3562 4751 cunc-

197 4793 369 4847 vum?
399 4794 550 4847 Nam
590 4799 648 4848 et
690 4795 737 4849 si
779 4795 885 4850 ista
926 4812 1040 4851 non
1080 4797 1374 4867 patiuntur
1418 4799 1696 4867 homines,
1728 4815 1832 4854 nec
1929 4804 2015 4854 tos
2040 4797 2300 4852 homines
2337 4795 2416 4850 eis
2457 4792 2707 4862 obedire,
2737 4797 2794 4847 et
2837 4791 3022 4861 capita
3063 4807 3166 4844 sua
3209 4789 3562 4860 submittere,

195 4884 338 4940 Deus
366 4886 614 4940 deorum
640 4891 695 4941 et
721 4888 996 4944 Dominus
1022 4889 1440 4946 dominantium
1481 4893 1602 4947 haec
1631 4893 1830 4948 ullate-

197 4993 298 5031 nus
323 4978 571 5050 patitur,
601 4979 752 5035 unde
779 4987 835 5036 et
863 4983 1165 5053 prophetas
1190 4983 1296 5039 sibi
1333 4987 1504 5040 testes
1529 5003 1650 5042 esse
1679 4986 1831 5041 dice-

199 5070 307 5139 bat,
343 5088 457 5142 per
481 5088 624 5143 quos
649 5073 922 5129 Dominus
955 5076 1224 5148 loquitur,
1252 5077 1443 5133 dicens
1476 5096 1489 5133 :
1525 5098 1554 5132 «
1576 5080 1717 5134 Ecce
1744 5095 1836 5135 ex-

199 5165 316 5218 coxi
347 5168 434 5233 te,
470 5165 569 5219 sed
593 5182 709 5221 non
743 5167 906 5239 quasi
935 5175 1241 5240 argentum
1269 5171 1414 5242 elegi
1444 5174 1498 5227 te
1528 5172 1590 5227 in
1616 5173 1837 5228 camino

197 5259 574 5330 paupertatis,
598 5265 833 5332 propter
857 5277 950 5317 me
977 5262 1203 5332 faciam,
1231 5269 1294 5319 ut
1317 5281 1431 5320 non
1456 5265 1836 5337 blasphemer,

198 5355 250 5404 et
276 5350 538 5421 gloriam
566 5369 755 5408 meam
785 5355 952 5410 alteri
978 5372 1094 5410 non
1119 5357 1287 5412 dabo.
1317 5358 1461 5413 Audi
1498 5375 1614 5427 me,
1647 5359 1837 5428 Jacob,

1933 4906 2249 4962 eorumque
2276 4888 2564 4959 adjutores
2595 4885 2831 4940 existere
2860 4882 3244 4955 praecipiebat,
3272 4887 3338 4938 ut
3368 4899 3566 4939 omnes

1932 4985 2144 5056 pariter
2173 4982 2367 5038 fideles
2409 4986 2463 5036 et
2506 4983 2897 5050 cooperatores
2936 4976 3080 5048 legis
3109 4976 3336 5031 Domini
3365 4993 3565 5032 mons-

1935 5082 2241 5146 trarentur,
2286 5091 2360 5130 ne
2407 5075 2476 5129 de
2525 5073 2604 5127 eis
2650 5071 2890 5126 dicatur.
2940 5093 2967 5120 «
3013 5070 3464 5140 Confundantur,
3512 5074 3571 5125 et

1937 5171 2272 5228 erubescant
2293 5184 2496 5224 omnes
2517 5165 2616 5239 qui
2632 5168 2892 5238 pugnant
2909 5163 3209 5219 adversum
3227 5168 3304 5234 te,
3328 5168 3384 5218 et
3404 5168 3573 5218 erunt

1938 5265 2095 5338 quasi
2143 5280 2260 5318 non
2300 5263 2432 5332 sint,
2480 5265 2536 5316 et
2577 5259 2845 5332 peribunt
2883 5257 2989 5312 viri
3038 5258 3137 5330 qui
3181 5257 3571 5313 contradicunt

1938 5359 2062 5416 tibi.
2087 5358 2317 5422 Quaeres
2353 5372 2450 5412 eos
2471 5357 2527 5411 et
2550 5370 2666 5410 non
2691 5352 2946 5408 invenies
2975 5351 3123 5406 viros
3161 5350 3397 5408 rebelles
3423 5354 3568 5403 tuos.

200 5448 252 5496 et
278 5444 456 5499 Israel
503 5461 677 5516 quem
720 5463 828 5519 ego
869 5464 1020 5504 voco.
1049 5451 1170 5521 Ego
1206 5450 1349 5522 ipse,
1378 5468 1485 5524 ego
1513 5452 1754 5524 primus,
1787 5456 1844 5509 et
1941 5454 2123 5507 Erunt
2149 5451 2310 5523 quasi
2338 5465 2458 5505 non
2492 5448 2623 5518 sint,
2655 5450 2712 5502 et
2740 5445 2912 5502 veluti
2941 5445 3296 5516 consumptio
3327 5439 3572 5498 hominis

201 5551 305 5606 ego
325 5538 694 5609 novissimus,
716 5557 920 5596 manus
937 5558 1163 5615 quoque
1185 5559 1314 5599 mea
1334 5545 1591 5601 fundavit
1609 5549 1840 5616 terram,

1942 5545 2203 5602 bellantis
2240 5544 2541 5600 adversum
2577 5544 2632 5596 te
2668 5540 2795 5611 (Isa.
2838 5557 2947 5610 xm,
2988 5543 3044 5594 11
3096 5543 3144 5593 et
3188 5537 3292 5605 12).
3323 5556 3349 5584 ››
3380 5533 3575 5588 Omnis

203 5631 257 5682 et
282 5630 524 5686 dextera
554 5648 680 5688 mea
707 5650 907 5690 mensa
935 5641 1018 5691 est
1049 5637 1234 5693 coelos.
1259 5639 1374 5710 Ego
1398 5638 1618 5696 .vocabo
1648 5655 1767 5708 eos,
1789 5643 1846 5696 et
1945 5656 2100 5712 ergo,
2131 5638 2229 5710 qui
2274 5638 2355 5693 eis
2396 5634 2767 5704 contravenit,
2797 5633 2875 5688 ita
2911 5633 3204 5687 damnatos
3242 5632 3300 5684 et
3335 5625 3579 5685 infames

205 5723 444 5779 stabunt
467 5725 641 5780 simul
677 5727 802 5797 (Isa.
825 5745 1020 5796 vam,
1063 5733 1126 5784 10
1154 5735 1203 5786 et
1226 5733 1379 5803 seq.),
1411 5749 1503 5787 me
1528 5733 1723 5788 insulae
1754 5749 1842 5790 ex-
1949 5750 2125 5806 usque
2148 5733 2220 5788 ad
2239 5731 2683 5788 satisfactionem
2701 5725 3070 5793 monstrabat,
3087 5727 3143 5778 et
3161 5721 3270 5777 nisi
3295 5727 3583 5806 converte-

211 5818 574 5889 spectabunt,
613 5824 668 5875 et
695 5819 993 5877 brachium
1027 5838 1226 5880 meum
1264 5825 1643 5883 sustinebunt.
1688 5828 1847 5886 Salus
1951 5832 2146 5885 rentur
2169 5843 2201 5881 ει
2219 5825 2511 5882 liminibus
2538 5822 2793 5880 Ecclesia:
2821 5819 3036 5877 alienos
3056 5833 3175 5875 esse
3197 5817 3578 5892 praecipiebat.

628 5915 901 5985 PATROL.
952 5918 1178 5988 CXXX.
3149 5920 3187 5982 2
