  <div class='ocr_page' id='page_1' title='image "/cluster/home/n/w/nwhite01/storage/ocr_20150623/130/hvd.32044054759915/047.png"; bbox 0 0 4046 6188; ppageno 0'>
   <div class='ocr_carea' id='block_1_1' title="bbox 505 287 2980 358">
    <p class='ocr_par' dir='ltr' id='par_1_1' title="bbox 505 287 2980 358">
     <span class='ocr_line' id='line_1_1' title="bbox 505 287 2980 358; baseline 0.001 -4"><span class='ocrx_word' id='word_1_1' title='bbox 505 301 573 356; x_wconf 80' lang='lat'>35</span> <span class='ocrx_word' id='word_1_2' title='bbox 1395 287 1682 355; x_wconf 75' lang='lat' dir='ltr'>APPEND.</span> <span class='ocrx_word' id='word_1_3' title='bbox 1722 298 1809 354; x_wconf 85' lang='lat' dir='ltr'>AD</span> <span class='ocrx_word' id='word_1_4' title='bbox 1848 299 2008 356; x_wconf 64' lang='lat' dir='ltr'>SEC.</span> <span class='ocrx_word' id='word_1_5' title='bbox 2051 301 2136 355; x_wconf 86' lang='lat' dir='ltr'>1X.</span> <span class='ocrx_word' id='word_1_6' title='bbox 2167 331 2234 340; x_wconf 90' lang='lat'>—-</span> <span class='ocrx_word' id='word_1_7' title='bbox 2275 302 2519 357; x_wconf 80' lang='lat' dir='ltr'>ISIDORI</span> <span class='ocrx_word' id='word_1_8' title='bbox 2557 301 2980 358; x_wconf 84' lang='lat' dir='ltr'>MERCATORIS</span> 
     </span>
    </p>
   </div>
   <div class='ocr_carea' id='block_1_2' title="bbox 3797 304 3871 358">
    <p class='ocr_par' dir='ltr' id='par_1_2' title="bbox 3797 304 3871 358">
     <span class='ocr_line' id='line_1_2' title="bbox 3797 304 3871 358; baseline -0.041 0"><span class='ocrx_word' id='word_1_9' title='bbox 3797 304 3871 358; x_wconf 82' lang='lat'><strong>36</strong></span> 
     </span>
    </p>
   </div>
   <div class='ocr_carea' id='block_1_3' title="bbox 576 401 3868 496">
    <p class='ocr_par' dir='ltr' id='par_1_3' title="bbox 576 401 3868 496">
     <span class='ocr_line' id='line_1_3' title="bbox 576 401 3868 496; baseline 0 -35"><span class='ocrx_word' id='word_1_10' title='bbox 576 405 1026 462; x_wconf 89' lang='lat' dir='ltr'>Homicidiorum</span> <span class='ocrx_word' id='word_1_11' title='bbox 1061 418 1192 459; x_wconf 86' lang='lat' dir='ltr'>vero</span> <span class='ocrx_word' id='word_1_12' title='bbox 1234 401 1343 459; x_wconf 83' lang='lat' dir='ltr'>tria</span> <span class='ocrx_word' id='word_1_13' title='bbox 1386 422 1599 476; x_wconf 89' lang='lat' dir='ltr'>genera</span> <span class='ocrx_word' id='word_1_14' title='bbox 1640 423 1760 462; x_wconf 89' lang='lat' dir='ltr'>esse</span> <span class='ocrx_word' id='word_1_15' title='bbox 1805 406 2045 475; x_wconf 91' lang='lat' dir='ltr'>dicebat,</span> <span class='ocrx_word' id='word_1_16' title='bbox 2079 411 2136 464; x_wconf 92' lang='lat' dir='ltr'>et</span> <span class='ocrx_word' id='word_1_17' title='bbox 2155 423 2348 496; x_wconf 74' lang='lat' dir='ltr'>Anon</span> <span class='ocrx_word' id='word_1_18' title='bbox 2373 410 2634 475; x_wconf 89' lang='lat' dir='ltr'>reddere,</span> <span class='ocrx_word' id='word_1_19' title='bbox 2670 426 2775 464; x_wconf 90' lang='lat' dir='ltr'>nec</span> <span class='ocrx_word' id='word_1_20' title='bbox 2818 409 3090 479; x_wconf 71' lang='lat' dir='ltr'>iniuriam</span> <span class='ocrx_word' id='word_1_21' title='bbox 3133 407 3339 478; x_wconf 85' lang='lat' dir='ltr'>facere,</span> <span class='ocrx_word' id='word_1_22' title='bbox 3376 408 3474 464; x_wconf 91' lang='lat' dir='ltr'>sed</span> <span class='ocrx_word' id='word_1_23' title='bbox 3513 407 3716 464; x_wconf 81' lang='lat' dir='ltr'>factam</span> <span class='ocrx_word' id='word_1_24' title='bbox 3760 425 3868 481; x_wconf 90' lang='lat' dir='ltr'>pa-</span> 
     </span>
    </p>
   </div>
   <div class='ocr_carea' id='block_1_4' title="bbox 507 498 2132 570">
    <p class='ocr_par' dir='ltr' id='par_1_4' title="bbox 507 498 2132 570">
     <span class='ocr_line' id='line_1_4' title="bbox 507 498 2132 570; baseline 0.001 -16"><span class='ocrx_word' id='word_1_25' title='bbox 507 515 734 570; x_wconf 88' lang='lat' dir='ltr'>poenam</span> <span class='ocrx_word' id='word_1_26' title='bbox 772 513 972 554; x_wconf 89' lang='lat' dir='ltr'>eorum</span> <span class='ocrx_word' id='word_1_27' title='bbox 1014 500 1307 567; x_wconf 90' lang='lat' dir='ltr'>patentem</span> <span class='ocrx_word' id='word_1_28' title='bbox 1337 498 1456 554; x_wconf 92' lang='lat' dir='ltr'>fore</span> <span class='ocrx_word' id='word_1_29' title='bbox 1502 499 1754 554; x_wconf 83' lang='lat' dir='ltr'>docebat.</span> <span class='ocrx_word' id='word_1_30' title='bbox 1788 500 1942 555; x_wconf 88' lang='lat' dir='ltr'>Sicut</span> <span class='ocrx_word' id='word_1_31' title='bbox 1980 501 2132 556; x_wconf 91' lang='lat' dir='ltr'>enim</span> 
     </span>
    </p>
   </div>
   <div class='ocr_carea' id='block_1_5' title="bbox 508 590 2134 659">
    <p class='ocr_par' dir='ltr' id='par_1_5' title="bbox 508 590 2134 659">
     <span class='ocr_line' id='line_1_5' title="bbox 508 590 2134 659; baseline 0.001 -13"><span class='ocrx_word' id='word_1_32' title='bbox 508 591 837 659; x_wconf 86' lang='lat' dir='ltr'>homicidas,</span> <span class='ocrx_word' id='word_1_33' title='bbox 871 590 1260 645; x_wconf 82' lang='lat' dir='ltr'>interfectores</span> <span class='ocrx_word' id='word_1_34' title='bbox 1299 590 1560 659; x_wconf 87' lang='lat' dir='ltr'>fratrum,</span> <span class='ocrx_word' id='word_1_35' title='bbox 1594 593 1671 647; x_wconf 89' lang='lat' dir='ltr'>ita</span> <span class='ocrx_word' id='word_1_36' title='bbox 1705 598 1762 647; x_wconf 91' lang='lat' dir='ltr'>et</span> <span class='ocrx_word' id='word_1_37' title='bbox 1791 594 2134 650; x_wconf 84' lang='lat' dir='ltr'>detractores</span> 
     </span>
    </p>
   </div>
   <div class='ocr_carea' id='block_1_6' title="bbox 507 683 2131 754">
    <p class='ocr_par' dir='ltr' id='par_1_6' title="bbox 507 683 2131 754">
     <span class='ocr_line' id='line_1_6' title="bbox 507 683 2131 754; baseline 0.002 -16"><span class='ocrx_word' id='word_1_38' title='bbox 507 699 708 738; x_wconf 90' lang='lat' dir='ltr'>eorum</span> <span class='ocrx_word' id='word_1_39' title='bbox 755 698 965 754; x_wconf 90' lang='lat' dir='ltr'>eosque</span> <span class='ocrx_word' id='word_1_40' title='bbox 1008 683 1264 738; x_wconf 89' lang='lat' dir='ltr'>odientes</span> <span class='ocrx_word' id='word_1_41' title='bbox 1299 683 1611 740; x_wconf 89' lang='lat' dir='ltr'>homicidas</span> <span class='ocrx_word' id='word_1_42' title='bbox 1650 702 1770 741; x_wconf 91' lang='lat' dir='ltr'>esse</span> <span class='ocrx_word' id='word_1_43' title='bbox 1808 686 2131 742; x_wconf 89' lang='lat' dir='ltr'>manifesta-</span> 
     </span>
    </p>
   </div>
   <div class='ocr_carea' id='block_1_7' title="bbox 499 776 2135 853">
    <p class='ocr_par' dir='ltr' id='par_1_7' title="bbox 499 776 2135 853">
     <span class='ocr_line' id='line_1_7' title="bbox 499 776 2135 853; baseline 0.004 -23"><span class='ocrx_word' id='word_1_44' title='bbox 499 777 614 844; x_wconf 91' lang='lat' dir='ltr'>bat,</span> <span class='ocrx_word' id='word_1_45' title='bbox 644 776 777 847; x_wconf 87' lang='lat' dir='ltr'>quia</span> <span class='ocrx_word' id='word_1_46' title='bbox 803 780 860 831; x_wconf 94' lang='lat' dir='ltr'>et</span> <span class='ocrx_word' id='word_1_47' title='bbox 885 776 985 847; x_wconf 89' lang='lat' dir='ltr'>qui</span> <span class='ocrx_word' id='word_1_48' title='bbox 1011 776 1214 831; x_wconf 91' lang='lat' dir='ltr'>occidit</span> <span class='ocrx_word' id='word_1_49' title='bbox 1237 777 1473 832; x_wconf 84' lang='lat' dir='ltr'>fratrem</span> <span class='ocrx_word' id='word_1_50' title='bbox 1500 795 1666 832; x_wconf 88' lang='lat' dir='ltr'>suum</span> <span class='ocrx_word' id='word_1_51' title='bbox 1699 784 1756 834; x_wconf 92' lang='lat' dir='ltr'>et</span> <span class='ocrx_word' id='word_1_52' title='bbox 1785 780 1883 850; x_wconf 90' lang='lat' dir='ltr'>qui</span> <span class='ocrx_word' id='word_1_53' title='bbox 1913 779 2048 853; x_wconf 86' lang='lat' dir='ltr'>odit,</span> <span class='ocrx_word' id='word_1_54' title='bbox 2079 786 2135 836; x_wconf 90' lang='lat' dir='ltr'>et</span> 
     </span>
    </p>
   </div>
   <div class='ocr_carea' id='block_1_8' title="bbox 502 868 2058 939">
    <p class='ocr_par' dir='ltr' id='par_1_8' title="bbox 502 868 2058 939">
     <span class='ocr_line' id='line_1_8' title="bbox 502 868 2058 939; baseline 0.003 -17"><span class='ocrx_word' id='word_1_55' title='bbox 502 869 600 939; x_wconf 91' lang='lat' dir='ltr'>qui</span> <span class='ocrx_word' id='word_1_56' title='bbox 629 868 878 923; x_wconf 83' lang='lat' dir='ltr'>detrahit</span> <span class='ocrx_word' id='word_1_57' title='bbox 905 868 1138 939; x_wconf 89' lang='lat' dir='ltr'>pariter,</span> <span class='ocrx_word' id='word_1_58' title='bbox 1167 869 1470 924; x_wconf 82' lang='lat' dir='ltr'>homicidae</span> <span class='ocrx_word' id='word_1_59' title='bbox 1497 886 1617 926; x_wconf 90' lang='lat' dir='ltr'>esse</span> <span class='ocrx_word' id='word_1_60' title='bbox 1647 875 2058 928; x_wconf 85' lang='lat' dir='ltr'>monstrantur.</span> 
     </span>
    </p>
   </div>
   <div class='ocr_carea' id='block_1_9' title="bbox 572 961 2134 1036">
    <p class='ocr_par' dir='ltr' id='par_1_9' title="bbox 572 961 2134 1036">
     <span class='ocr_line' id='line_1_9' title="bbox 572 961 2134 1036; baseline 0.003 -20"><span class='ocrx_word' id='word_1_61' title='bbox 572 961 781 1016; x_wconf 87' lang='lat' dir='ltr'>Omnes</span> <span class='ocrx_word' id='word_1_62' title='bbox 809 961 965 1015; x_wconf 91' lang='lat' dir='ltr'>enim</span> <span class='ocrx_word' id='word_1_63' title='bbox 988 977 1022 1015; x_wconf 89' lang='lat' dir='ltr'>a</span> <span class='ocrx_word' id='word_1_64' title='bbox 1050 963 1369 1017; x_wconf 86' lang='lat' dir='ltr'>carnalibus</span> <span class='ocrx_word' id='word_1_65' title='bbox 1403 963 1694 1019; x_wconf 88' lang='lat' dir='ltr'>desideriis</span> <span class='ocrx_word' id='word_1_66' title='bbox 1729 981 1857 1036; x_wconf 81' lang='lat' dir='ltr'>quae</span> <span class='ocrx_word' id='word_1_67' title='bbox 1883 966 2134 1021; x_wconf 89' lang='lat' dir='ltr'>militant</span> 
     </span>
    </p>
   </div>
   <div class='ocr_carea' id='block_1_10' title="bbox 498 1053 2132 1129">
    <p class='ocr_par' dir='ltr' id='par_1_10' title="bbox 498 1053 2132 1129">
     <span class='ocr_line' id='line_1_10' title="bbox 498 1053 2132 1129; baseline 0.004 -21"><span class='ocrx_word' id='word_1_68' title='bbox 498 1053 765 1108; x_wconf 82' lang='lat' dir='ltr'>adversus</span> <span class='ocrx_word' id='word_1_69' title='bbox 811 1055 1063 1109; x_wconf 90' lang='lat' dir='ltr'>animam</span> <span class='ocrx_word' id='word_1_70' title='bbox 1107 1054 1183 1124; x_wconf 91' lang='lat' dir='ltr'>(II</span> <span class='ocrx_word' id='word_1_71' title='bbox 1211 1059 1356 1113; x_wconf 86' lang='lat' dir='ltr'>Petr.</span> <span class='ocrx_word' id='word_1_72' title='bbox 1400 1073 1460 1125; x_wconf 76' lang='grc' dir='ltr'>ιι,</span> <span class='ocrx_word' id='word_1_73' title='bbox 1492 1057 1576 1129; x_wconf 86' lang='grc'><strong>11)</strong></span> <span class='ocrx_word' id='word_1_74' title='bbox 1602 1057 1904 1128; x_wconf 89' lang='lat' dir='ltr'>abstinere,</span> <span class='ocrx_word' id='word_1_75' title='bbox 1935 1063 1991 1113; x_wconf 90' lang='lat' dir='ltr'>et</span> <span class='ocrx_word' id='word_1_76' title='bbox 2030 1059 2132 1114; x_wconf 91' lang='lat' dir='ltr'>bo-</span> 
     </span>
    </p>
   </div>
   <div class='ocr_carea' id='block_1_11' title="bbox 498 1148 2132 1206">
    <p class='ocr_par' dir='ltr' id='par_1_11' title="bbox 498 1148 2132 1206">
     <span class='ocr_line' id='line_1_11' title="bbox 498 1148 2132 1206; baseline 0.002 -4"><span class='ocrx_word' id='word_1_77' title='bbox 498 1163 632 1202; x_wconf 91' lang='lat' dir='ltr'>nam</span> <span class='ocrx_word' id='word_1_78' title='bbox 661 1163 858 1202; x_wconf 91' lang='lat' dir='ltr'>eorum</span> <span class='ocrx_word' id='word_1_79' title='bbox 885 1148 1370 1205; x_wconf 85' lang='lat' dir='ltr'>conversationem</span> <span class='ocrx_word' id='word_1_80' title='bbox 1394 1166 1458 1204; x_wconf 89' lang='lat' dir='ltr'>ac</span> <span class='ocrx_word' id='word_1_81' title='bbox 1483 1149 1846 1206; x_wconf 90' lang='lat' dir='ltr'>innocentem</span> <span class='ocrx_word' id='word_1_82' title='bbox 1871 1151 2132 1206; x_wconf 90' lang='lat' dir='ltr'>omnibus</span> 
     </span>
    </p>
   </div>
   <div class='ocr_carea' id='block_1_12' title="bbox 498 1240 2130 1312">
    <p class='ocr_par' dir='ltr' id='par_1_12' title="bbox 498 1240 2130 1312">
     <span class='ocr_line' id='line_1_12' title="bbox 498 1240 2130 1312; baseline 0.002 -17"><span class='ocrx_word' id='word_1_83' title='bbox 498 1240 814 1296; x_wconf 87' lang='lat' dir='ltr'>monstrare</span> <span class='ocrx_word' id='word_1_84' title='bbox 839 1240 1098 1312; x_wconf 84' lang='lat' dir='ltr'>rogabat.</span> <span class='ocrx_word' id='word_1_85' title='bbox 1123 1243 1200 1296; x_wconf 83' lang='lat' dir='ltr'>Ex</span> <span class='ocrx_word' id='word_1_86' title='bbox 1227 1242 1392 1298; x_wconf 90' lang='lat' dir='ltr'>corde</span> <span class='ocrx_word' id='word_1_87' title='bbox 1420 1242 1577 1298; x_wconf 91' lang='lat' dir='ltr'>enim</span> <span class='ocrx_word' id='word_1_88' title='bbox 1607 1249 1839 1299; x_wconf 89' lang='lat' dir='ltr'>cunctos</span> <span class='ocrx_word' id='word_1_89' title='bbox 1863 1244 2130 1300; x_wconf 85' lang='lat' dir='ltr'>attentius</span> 
     </span>
    </p>
   </div>
   <div class='ocr_carea' id='block_1_13' title="bbox 496 1331 2128 1405">
    <p class='ocr_par' dir='ltr' id='par_1_13' title="bbox 496 1331 2128 1405">
     <span class='ocr_line' id='line_1_13' title="bbox 496 1331 2128 1405; baseline 0.002 -18"><span class='ocrx_word' id='word_1_90' title='bbox 496 1332 741 1389; x_wconf 84' lang='lat' dir='ltr'>invicem</span> <span class='ocrx_word' id='word_1_91' title='bbox 791 1331 1028 1405; x_wconf 84' lang='lat' dir='ltr'>diligere</span> <span class='ocrx_word' id='word_1_92' title='bbox 1078 1334 1423 1402; x_wconf 88' lang='lat' dir='ltr'>insinuabat,</span> <span class='ocrx_word' id='word_1_93' title='bbox 1473 1339 1530 1390; x_wconf 93' lang='lat' dir='ltr'>et</span> <span class='ocrx_word' id='word_1_94' title='bbox 1571 1353 1765 1391; x_wconf 88' lang='lat' dir='ltr'>veram</span> <span class='ocrx_word' id='word_1_95' title='bbox 1808 1337 2128 1391; x_wconf 87' lang='lat' dir='ltr'>fraternita-</span> 
     </span>
    </p>
   </div>
   <div class='ocr_carea' id='block_1_14' title="bbox 496 1425 2131 1492">
    <p class='ocr_par' dir='ltr' id='par_1_14' title="bbox 496 1425 2131 1492">
     <span class='ocr_line' id='line_1_14' title="bbox 496 1425 2131 1492; baseline 0.002 -11"><span class='ocrx_word' id='word_1_96' title='bbox 496 1429 614 1481; x_wconf 92' lang='lat' dir='ltr'>tem</span> <span class='ocrx_word' id='word_1_97' title='bbox 641 1425 792 1481; x_wconf 91' lang='lat' dir='ltr'>inter</span> <span class='ocrx_word' id='word_1_98' title='bbox 816 1442 874 1480; x_wconf 93' lang='lat' dir='ltr'>se</span> <span class='ocrx_word' id='word_1_99' title='bbox 901 1425 1112 1481; x_wconf 91' lang='lat' dir='ltr'>habere</span> <span class='ocrx_word' id='word_1_100' title='bbox 1141 1427 1391 1482; x_wconf 90' lang='lat' dir='ltr'>docebat.</span> <span class='ocrx_word' id='word_1_101' title='bbox 1425 1428 1765 1492; x_wconf 90' lang='lat' dir='ltr'>Quotidiana</span> <span class='ocrx_word' id='word_1_102' title='bbox 1790 1429 1945 1484; x_wconf 88' lang='lat' dir='ltr'>enim</span> <span class='ocrx_word' id='word_1_103' title='bbox 1985 1429 2131 1484; x_wconf 90' lang='lat' dir='ltr'>illius</span> 
     </span>
    </p>
   </div>
   <div class='ocr_carea' id='block_1_15' title="bbox 498 1517 2127 1592">
    <p class='ocr_par' dir='ltr' id='par_1_15' title="bbox 498 1517 2127 1592">
     <span class='ocr_line' id='line_1_15' title="bbox 498 1517 2127 1592; baseline 0.002 -19"><span class='ocrx_word' id='word_1_104' title='bbox 498 1517 848 1590; x_wconf 62' lang='lat' dir='ltr'>praedicatio,</span> <span class='ocrx_word' id='word_1_105' title='bbox 881 1519 1029 1574; x_wconf 91' lang='lat' dir='ltr'>inter</span> <span class='ocrx_word' id='word_1_106' title='bbox 1055 1522 1258 1575; x_wconf 65' lang='lat' dir='ltr'>caetera</span> <span class='ocrx_word' id='word_1_107' title='bbox 1287 1520 1498 1590; x_wconf 88' lang='lat' dir='ltr'>divina,</span> <span class='ocrx_word' id='word_1_108' title='bbox 1527 1521 1648 1576; x_wconf 86' lang='lat' dir='ltr'>haec</span> <span class='ocrx_word' id='word_1_109' title='bbox 1676 1525 1815 1589; x_wconf 90' lang='lat' dir='ltr'>erat,</span> <span class='ocrx_word' id='word_1_110' title='bbox 1841 1522 2127 1592; x_wconf 90' lang='lat' dir='ltr'>mandata,</span> 
     </span>
    </p>
   </div>
   <div class='ocr_carea' id='block_1_16' title="bbox 495 1612 2128 1684">
    <p class='ocr_par' dir='ltr' id='par_1_16' title="bbox 495 1612 2128 1684">
     <span class='ocr_line' id='line_1_16' title="bbox 495 1612 2128 1684; baseline 0.003 -18"><span class='ocrx_word' id='word_1_111' title='bbox 495 1627 671 1683; x_wconf 89' lang='lat' dir='ltr'>quam</span> <span class='ocrx_word' id='word_1_112' title='bbox 709 1612 771 1666; x_wconf 89' lang='lat' dir='ltr'>in</span> <span class='ocrx_word' id='word_1_113' title='bbox 807 1612 929 1683; x_wconf 87' lang='lat' dir='ltr'>ejus</span> <span class='ocrx_word' id='word_1_114' title='bbox 967 1613 1288 1684; x_wconf 83' lang='lat' dir='ltr'>exemplum</span> <span class='ocrx_word' id='word_1_115' title='bbox 1336 1614 1508 1668; x_wconf 88' lang='lat' dir='ltr'>etiam</span> <span class='ocrx_word' id='word_1_116' title='bbox 1549 1614 1670 1682; x_wconf 88' lang='lat' dir='ltr'>tibi,</span> <span class='ocrx_word' id='word_1_117' title='bbox 1699 1615 1873 1670; x_wconf 87' lang='lat' dir='ltr'>frater</span> <span class='ocrx_word' id='word_1_118' title='bbox 1913 1615 2128 1670; x_wconf 90' lang='lat' dir='ltr'>charis-</span> 
     </span>
    </p>
   </div>
   <div class='ocr_carea' id='block_1_17' title="bbox 495 1704 2126 1779">
    <p class='ocr_par' dir='ltr' id='par_1_17' title="bbox 495 1704 2126 1779">
     <span class='ocr_line' id='line_1_17' title="bbox 495 1704 2126 1779; baseline 0.003 -21"><span class='ocrx_word' id='word_1_119' title='bbox 495 1705 667 1775; x_wconf 91' lang='lat' dir='ltr'>sime,</span> <span class='ocrx_word' id='word_1_120' title='bbox 727 1704 1046 1776; x_wconf 86' lang='lat' dir='ltr'>signiﬁcare</span> <span class='ocrx_word' id='word_1_121' title='bbox 1101 1707 1311 1760; x_wconf 86' lang='lat' dir='ltr'>curavi.</span> <span class='ocrx_word' id='word_1_122' title='bbox 1374 1707 1657 1762; x_wconf 91' lang='lat' dir='ltr'>Bonorum</span> <span class='ocrx_word' id='word_1_123' title='bbox 1714 1708 1934 1779; x_wconf 88' lang='lat' dir='ltr'>(inquit)</span> <span class='ocrx_word' id='word_1_124' title='bbox 1991 1725 2126 1779; x_wconf 91' lang='lat' dir='ltr'>ope-</span> 
     </span>
    </p>
   </div>
   <div class='ocr_carea' id='block_1_18' title="bbox 2233 501 3870 573">
    <p class='ocr_par' dir='ltr' id='par_1_18' title="bbox 2233 501 3870 573">
     <span class='ocr_line' id='line_1_18' title="bbox 2233 501 3870 573; baseline -0.001 -15"><span class='ocrx_word' id='word_1_125' title='bbox 2233 502 2442 558; x_wconf 89' lang='lat' dir='ltr'>tienter</span> <span class='ocrx_word' id='word_1_126' title='bbox 2483 503 2737 572; x_wconf 82' lang='lat' dir='ltr'>sufferre,</span> <span class='ocrx_word' id='word_1_127' title='bbox 2774 503 3034 557; x_wconf 90' lang='lat' dir='ltr'>inimicos</span> <span class='ocrx_word' id='word_1_128' title='bbox 3071 502 3330 573; x_wconf 85' lang='lat' dir='ltr'>diligere,</span> <span class='ocrx_word' id='word_1_129' title='bbox 3365 501 3768 557; x_wconf 85' lang='lat' dir='ltr'>maledicentes</span> <span class='ocrx_word' id='word_1_130' title='bbox 3808 519 3870 556; x_wconf 90' lang='lat' dir='ltr'>se</span> 
     </span>
    </p>
   </div>
   <div class='ocr_carea' id='block_1_19' title="bbox 2235 594 3869 668">
    <p class='ocr_par' dir='ltr' id='par_1_19' title="bbox 2235 594 3869 668">
     <span class='ocr_line' id='line_1_19' title="bbox 2235 594 3869 668; baseline 0.001 -18"><span class='ocrx_word' id='word_1_131' title='bbox 2235 613 2350 651; x_wconf 91' lang='lat' dir='ltr'>non</span> <span class='ocrx_word' id='word_1_132' title='bbox 2373 597 2795 666; x_wconf 91' lang='lat' dir='ltr'>remaledicere,</span> <span class='ocrx_word' id='word_1_133' title='bbox 2821 597 2917 652; x_wconf 91' lang='lat' dir='ltr'>sed</span> <span class='ocrx_word' id='word_1_134' title='bbox 2943 596 3127 668; x_wconf 89' lang='lat' dir='ltr'>magis</span> <span class='ocrx_word' id='word_1_135' title='bbox 3155 594 3509 665; x_wconf 88' lang='lat' dir='ltr'>benedicere,</span> <span class='ocrx_word' id='word_1_136' title='bbox 3533 598 3590 650; x_wconf 87' lang='lat' dir='ltr'>et</span> <span class='ocrx_word' id='word_1_137' title='bbox 3609 611 3869 666; x_wconf 87' lang='lat' dir='ltr'>persecu-</span> 
     </span>
    </p>
   </div>
   <div class='ocr_carea' id='block_1_20' title="bbox 2232 689 3868 761">
    <p class='ocr_par' dir='ltr' id='par_1_20' title="bbox 2232 689 3868 761">
     <span class='ocr_line' id='line_1_20' title="bbox 2232 689 3868 761; baseline -0.002 -15"><span class='ocrx_word' id='word_1_138' title='bbox 2232 691 2448 746; x_wconf 90' lang='lat' dir='ltr'>tionem</span> <span class='ocrx_word' id='word_1_139' title='bbox 2479 706 2583 761; x_wconf 86' lang='lat' dir='ltr'>pro</span> <span class='ocrx_word' id='word_1_140' title='bbox 2620 690 2843 760; x_wconf 88' lang='lat' dir='ltr'>justitia</span> <span class='ocrx_word' id='word_1_141' title='bbox 2872 690 3169 745; x_wconf 90' lang='lat' dir='ltr'>sustinere.</span> <span class='ocrx_word' id='word_1_142' title='bbox 3199 689 3542 745; x_wconf 85' lang='lat' dir='ltr'>Charitatem</span> <span class='ocrx_word' id='word_1_143' title='bbox 3567 705 3781 756; x_wconf 89' lang='lat' dir='ltr'>amare,</span> <span class='ocrx_word' id='word_1_144' title='bbox 3809 694 3868 744; x_wconf 90' lang='lat' dir='ltr'>et</span> 
     </span>
    </p>
   </div>
   <div class='ocr_carea' id='block_1_21' title="bbox 2233 781 3861 854">
    <p class='ocr_par' dir='ltr' id='par_1_21' title="bbox 2233 781 3861 854">
     <span class='ocr_line' id='line_1_21' title="bbox 2233 781 3861 854; baseline -0.001 -16"><span class='ocrx_word' id='word_1_145' title='bbox 2233 784 2454 838; x_wconf 88' lang='lat' dir='ltr'>nullum</span> <span class='ocrx_word' id='word_1_146' title='bbox 2481 784 2611 838; x_wconf 94' lang='lat' dir='ltr'>odio</span> <span class='ocrx_word' id='word_1_147' title='bbox 2634 783 2862 852; x_wconf 89' lang='lat' dir='ltr'>habere,</span> <span class='ocrx_word' id='word_1_148' title='bbox 2891 783 3028 854; x_wconf 87' lang='lat' dir='ltr'>quia</span> <span class='ocrx_word' id='word_1_149' title='bbox 3061 804 3089 832; x_wconf 88' lang='lat'><strong>«</strong></span> <span class='ocrx_word' id='word_1_150' title='bbox 3123 783 3222 853; x_wconf 85' lang='lat' dir='ltr'>qui</span> <span class='ocrx_word' id='word_1_151' title='bbox 3257 782 3376 836; x_wconf 91' lang='lat' dir='ltr'>odit</span> <span class='ocrx_word' id='word_1_152' title='bbox 3402 781 3642 836; x_wconf 86' lang='lat' dir='ltr'>fratrem</span> <span class='ocrx_word' id='word_1_153' title='bbox 3671 797 3861 850; x_wconf 88' lang='lat' dir='ltr'>suum,</span> 
     </span>
    </p>
   </div>
   <div class='ocr_carea' id='block_1_22' title="bbox 2233 874 3863 946">
    <p class='ocr_par' dir='ltr' id='par_1_22' title="bbox 2233 874 3863 946">
     <span class='ocr_line' id='line_1_22' title="bbox 2233 874 3863 946; baseline -0.001 -16"><span class='ocrx_word' id='word_1_154' title='bbox 2233 877 2519 931; x_wconf 89' lang='lat' dir='ltr'>homicida</span> <span class='ocrx_word' id='word_1_155' title='bbox 2562 881 2645 932; x_wconf 91' lang='lat' dir='ltr'>est</span> <span class='ocrx_word' id='word_1_156' title='bbox 2686 877 2735 946; x_wconf 91' lang='grc' dir='ltr'>(Ι</span> <span class='ocrx_word' id='word_1_157' title='bbox 2764 880 2922 932; x_wconf 86' lang='lat' dir='ltr'>Joan.</span> <span class='ocrx_word' id='word_1_158' title='bbox 2967 892 3047 945; x_wconf 85' lang='lat' dir='ltr'>Ill,</span> <span class='ocrx_word' id='word_1_159' title='bbox 3088 876 3192 944; x_wconf 86' lang='grc'>15).</span> <span class='ocrx_word' id='word_1_160' title='bbox 3225 896 3251 923; x_wconf 86' lang='grc'><strong>››</strong></span> <span class='ocrx_word' id='word_1_161' title='bbox 3286 875 3598 931; x_wconf 90' lang='lat' dir='ltr'>Elationem</span> <span class='ocrx_word' id='word_1_162' title='bbox 3640 874 3863 945; x_wconf 81' lang='lat' dir='ltr'>fugere,</span> 
     </span>
    </p>
   </div>
   <div class='ocr_carea' id='block_1_23' title="bbox 2232 968 3863 1030">
    <p class='ocr_par' dir='ltr' id='par_1_23' title="bbox 2232 968 3863 1030">
     <span class='ocr_line' id='line_1_23' title="bbox 2232 968 3863 1030; baseline -0.001 -6"><span class='ocrx_word' id='word_1_163' title='bbox 2232 970 2415 1024; x_wconf 89' lang='lat' dir='ltr'>zelum</span> <span class='ocrx_word' id='word_1_164' title='bbox 2458 969 2676 1024; x_wconf 89' lang='lat' dir='ltr'>malum</span> <span class='ocrx_word' id='word_1_165' title='bbox 2717 985 2834 1024; x_wconf 90' lang='lat' dir='ltr'>non</span> <span class='ocrx_word' id='word_1_166' title='bbox 2878 969 3110 1024; x_wconf 90' lang='lat' dir='ltr'>habere.</span> <span class='ocrx_word' id='word_1_167' title='bbox 3143 968 3412 1022; x_wconf 80' lang='lat' dir='ltr'>Invidiam</span> <span class='ocrx_word' id='word_1_168' title='bbox 3440 983 3555 1022; x_wconf 91' lang='lat' dir='ltr'>non</span> <span class='ocrx_word' id='word_1_169' title='bbox 3581 983 3863 1030; x_wconf 85' lang='lat' dir='ltr'>exercere,</span> 
     </span>
    </p>
   </div>
   <div class='ocr_carea' id='block_1_24' title="bbox 2231 1060 3868 1118">
    <p class='ocr_par' dir='ltr' id='par_1_24' title="bbox 2231 1060 3868 1118">
     <span class='ocr_line' id='line_1_24' title="bbox 2231 1060 3868 1118; baseline -0.001 0"><span class='ocrx_word' id='word_1_170' title='bbox 2231 1078 2337 1118; x_wconf 90' lang='lat' dir='ltr'>nec</span> <span class='ocrx_word' id='word_1_171' title='bbox 2362 1063 2782 1118; x_wconf 90' lang='lat' dir='ltr'>contentionem</span> <span class='ocrx_word' id='word_1_172' title='bbox 2821 1078 3034 1118; x_wconf 90' lang='lat' dir='ltr'>amare.</span> <span class='ocrx_word' id='word_1_173' title='bbox 3061 1062 3204 1116; x_wconf 91' lang='lat' dir='ltr'>Cum</span> <span class='ocrx_word' id='word_1_174' title='bbox 3243 1060 3694 1116; x_wconf 88' lang='lat' dir='ltr'>discordantibus</span> <span class='ocrx_word' id='word_1_175' title='bbox 3729 1065 3868 1116; x_wconf 74' lang='lat' dir='ltr'>ante</span> 
     </span>
    </p>
   </div>
   <div class='ocr_carea' id='block_1_25' title="bbox 2233 1153 3864 1227">
    <p class='ocr_par' dir='ltr' id='par_1_25' title="bbox 2233 1153 3864 1227">
     <span class='ocr_line' id='line_1_25' title="bbox 2233 1153 3864 1227; baseline -0.002 -17"><span class='ocrx_word' id='word_1_176' title='bbox 2233 1156 2367 1210; x_wconf 91' lang='lat' dir='ltr'>solis</span> <span class='ocrx_word' id='word_1_177' title='bbox 2398 1172 2658 1211; x_wconf 86' lang='lat' dir='ltr'>occasum</span> <span class='ocrx_word' id='word_1_178' title='bbox 2685 1155 2743 1210; x_wconf 92' lang='lat' dir='ltr'>in</span> <span class='ocrx_word' id='word_1_179' title='bbox 2768 1171 2968 1227; x_wconf 88' lang='lat' dir='ltr'>pacem</span> <span class='ocrx_word' id='word_1_180' title='bbox 2997 1154 3203 1221; x_wconf 90' lang='lat' dir='ltr'>redire,</span> <span class='ocrx_word' id='word_1_181' title='bbox 3233 1158 3289 1208; x_wconf 93' lang='lat' dir='ltr'>et</span> <span class='ocrx_word' id='word_1_182' title='bbox 3315 1153 3384 1208; x_wconf 91' lang='lat' dir='ltr'>de</span> <span class='ocrx_word' id='word_1_183' title='bbox 3415 1154 3513 1208; x_wconf 89' lang='lat' dir='ltr'>Dei</span> <span class='ocrx_word' id='word_1_184' title='bbox 3538 1153 3864 1209; x_wconf 89' lang='lat' dir='ltr'>misericor-</span> 
     </span>
    </p>
   </div>
   <div class='ocr_carea' id='block_1_26' title="bbox 2222 1235 3862 1320">
    <p class='ocr_par' dir='ltr' id='par_1_26' title="bbox 2222 1235 3862 1320">
     <span class='ocr_line' id='line_1_26' title="bbox 2222 1235 3862 1320; baseline -0.002 -17"><span class='ocrx_word' id='word_1_185' title='bbox 2222 1235 2325 1304; x_wconf 87' lang='lat' dir='ltr'>dia</span> <span class='ocrx_word' id='word_1_186' title='bbox 2365 1265 2663 1320; x_wconf 89' lang='lat' dir='ltr'>nunquam</span> <span class='ocrx_word' id='word_1_187' title='bbox 2706 1249 3022 1318; x_wconf 89' lang='lat' dir='ltr'>desperare.</span> <span class='ocrx_word' id='word_1_188' title='bbox 3063 1247 3322 1302; x_wconf 90' lang='lat' dir='ltr'>Seniores</span> <span class='ocrx_word' id='word_1_189' title='bbox 3356 1246 3629 1314; x_wconf 87' lang='lat' dir='ltr'>venerari,</span> <span class='ocrx_word' id='word_1_190' title='bbox 3673 1249 3732 1300; x_wconf 90' lang='lat' dir='ltr'>et</span> <span class='ocrx_word' id='word_1_191' title='bbox 3761 1246 3862 1316; x_wconf 85' lang='lat' dir='ltr'>ju-</span> 
     </span>
    </p>
   </div>
   <div class='ocr_carea' id='block_1_27' title="bbox 2231 1341 3866 1413">
    <p class='ocr_par' dir='ltr' id='par_1_27' title="bbox 2231 1341 3866 1413">
     <span class='ocr_line' id='line_1_27' title="bbox 2231 1341 3866 1413; baseline -0.002 -17"><span class='ocrx_word' id='word_1_192' title='bbox 2231 1341 2418 1397; x_wconf 90' lang='lat' dir='ltr'>niores</span> <span class='ocrx_word' id='word_1_193' title='bbox 2438 1342 2696 1413; x_wconf 91' lang='lat' dir='ltr'>diligere.</span> <span class='ocrx_word' id='word_1_194' title='bbox 2719 1341 3041 1413; x_wconf 89' lang='lat' dir='ltr'>Episcopos,</span> <span class='ocrx_word' id='word_1_195' title='bbox 3064 1341 3377 1396; x_wconf 87' lang='lat' dir='ltr'>sacerdotes</span> <span class='ocrx_word' id='word_1_196' title='bbox 3393 1355 3522 1394; x_wconf 90' lang='lat' dir='ltr'>suos</span> <span class='ocrx_word' id='word_1_197' title='bbox 3546 1355 3611 1393; x_wconf 89' lang='lat' dir='ltr'>ac</span> <span class='ocrx_word' id='word_1_198' title='bbox 3629 1343 3866 1394; x_wconf 89' lang='lat' dir='ltr'>cunctos</span> 
     </span>
    </p>
   </div>
   <div class='ocr_carea' id='block_1_28' title="bbox 2229 1431 3862 1507">
    <p class='ocr_par' dir='ltr' id='par_1_28' title="bbox 2229 1431 3862 1507">
     <span class='ocr_line' id='line_1_28' title="bbox 2229 1431 3862 1507; baseline -0.002 -17"><span class='ocrx_word' id='word_1_199' title='bbox 2229 1435 2478 1507; x_wconf 84' lang='lat' dir='ltr'>reliquos</span> <span class='ocrx_word' id='word_1_200' title='bbox 2522 1435 2782 1490; x_wconf 75' lang='lat' dir='ltr'>Ecclesiae</span> <span class='ocrx_word' id='word_1_201' title='bbox 2825 1434 3115 1490; x_wconf 89' lang='lat' dir='ltr'>ministros</span> <span class='ocrx_word' id='word_1_202' title='bbox 3143 1438 3312 1505; x_wconf 90' lang='lat' dir='ltr'>atque</span> <span class='ocrx_word' id='word_1_203' title='bbox 3358 1448 3590 1488; x_wconf 90' lang='lat' dir='ltr'>omnem</span> <span class='ocrx_word' id='word_1_204' title='bbox 3633 1431 3862 1504; x_wconf 89' lang='lat' dir='ltr'>plebem</span> 
     </span>
    </p>
   </div>
   <div class='ocr_carea' id='block_1_29' title="bbox 2229 1525 3863 1583">
    <p class='ocr_par' dir='ltr' id='par_1_29' title="bbox 2229 1525 3863 1583">
     <span class='ocr_line' id='line_1_29' title="bbox 2229 1525 3863 1583; baseline -0.002 -1"><span class='ocrx_word' id='word_1_205' title='bbox 2229 1528 2334 1583; x_wconf 91' lang='lat' dir='ltr'>sibi</span> <span class='ocrx_word' id='word_1_206' title='bbox 2368 1528 2728 1583; x_wconf 90' lang='lat' dir='ltr'>commissam</span> <span class='ocrx_word' id='word_1_207' title='bbox 2768 1528 2941 1582; x_wconf 88' lang='lat' dir='ltr'>verba</span> <span class='ocrx_word' id='word_1_208' title='bbox 2984 1527 3174 1582; x_wconf 90' lang='lat' dir='ltr'>divina</span> <span class='ocrx_word' id='word_1_209' title='bbox 3203 1530 3261 1581; x_wconf 93' lang='lat' dir='ltr'>et</span> <span class='ocrx_word' id='word_1_210' title='bbox 3286 1527 3551 1582; x_wconf 87' lang='lat' dir='ltr'>mandata</span> <span class='ocrx_word' id='word_1_211' title='bbox 3578 1525 3863 1581; x_wconf 89' lang='lat' dir='ltr'>instruere</span> 
     </span>
    </p>
   </div>
   <div class='ocr_carea' id='block_1_30' title="bbox 2230 1618 3863 1692">
    <p class='ocr_par' dir='ltr' id='par_1_30' title="bbox 2230 1618 3863 1692">
     <span class='ocr_line' id='line_1_30' title="bbox 2230 1618 3863 1692; baseline -0.002 -17"><span class='ocrx_word' id='word_1_212' title='bbox 2230 1625 2286 1676; x_wconf 90' lang='lat' dir='ltr'>et</span> <span class='ocrx_word' id='word_1_213' title='bbox 2341 1636 2562 1690; x_wconf 86' lang='lat' dir='ltr'>amare,</span> <span class='ocrx_word' id='word_1_214' title='bbox 2612 1621 2830 1692; x_wconf 90' lang='lat' dir='ltr'>hosque</span> <span class='ocrx_word' id='word_1_215' title='bbox 2891 1636 3091 1674; x_wconf 89' lang='lat' dir='ltr'>omnes</span> <span class='ocrx_word' id='word_1_216' title='bbox 3144 1635 3343 1674; x_wconf 90' lang='lat' dir='ltr'>eorum</span> <span class='ocrx_word' id='word_1_217' title='bbox 3400 1618 3688 1690; x_wconf 89' lang='lat' dir='ltr'>episcopos</span> <span class='ocrx_word' id='word_1_218' title='bbox 3741 1621 3863 1672; x_wconf 86' lang='lat' dir='ltr'>tota</span> 
     </span>
    </p>
   </div>
   <div class='ocr_carea' id='block_1_31' title="bbox 2229 1711 3864 1784">
    <p class='ocr_par' dir='ltr' id='par_1_31' title="bbox 2229 1711 3864 1784">
     <span class='ocr_line' id='line_1_31' title="bbox 2229 1711 3864 1784; baseline -0.001 -17"><span class='ocrx_word' id='word_1_219' title='bbox 2229 1713 2406 1768; x_wconf 89' lang='lat' dir='ltr'>animi</span> <span class='ocrx_word' id='word_1_220' title='bbox 2447 1713 2653 1769; x_wconf 87' lang='lat' dir='ltr'>virtute</span> <span class='ocrx_word' id='word_1_221' title='bbox 2697 1713 2932 1784; x_wconf 91' lang='lat' dir='ltr'>diligere</span> <span class='ocrx_word' id='word_1_222' title='bbox 2981 1715 3048 1767; x_wconf 90' lang='lat' dir='ltr'>ut</span> <span class='ocrx_word' id='word_1_223' title='bbox 3091 1713 3281 1768; x_wconf 93' lang='lat' dir='ltr'>oculos</span> <span class='ocrx_word' id='word_1_224' title='bbox 3330 1727 3483 1780; x_wconf 91' lang='lat' dir='ltr'>suos,</span> <span class='ocrx_word' id='word_1_225' title='bbox 3527 1712 3660 1782; x_wconf 87' lang='lat' dir='ltr'>quia</span> <span class='ocrx_word' id='word_1_226' title='bbox 3709 1711 3864 1766; x_wconf 91' lang='lat' dir='ltr'>oculi</span> 
     </span>
    </p>
   </div>
   <div class='ocr_carea' id='block_1_32' title="bbox 494 1789 3858 1877">
    <p class='ocr_par' dir='ltr' id='par_1_32' title="bbox 494 1789 3858 1877">
     <span class='ocr_line' id='line_1_32' title="bbox 494 1789 3858 1877; baseline 0.001 -24"><span class='ocrx_word' id='word_1_227' title='bbox 494 1814 626 1853; x_wconf 89' lang='lat' dir='ltr'>rum</span> <span class='ocrx_word' id='word_1_228' title='bbox 649 1798 802 1853; x_wconf 91' lang='lat' dir='ltr'>inter</span> <span class='ocrx_word' id='word_1_229' title='bbox 829 1803 1034 1854; x_wconf 55' lang='lat' dir='ltr'>caetera</span> <span class='ocrx_word' id='word_1_230' title='bbox 1061 1799 1277 1854; x_wconf 89' lang='lat' dir='ltr'>semina</span> <span class='ocrx_word' id='word_1_231' title='bbox 1315 1816 1379 1854; x_wconf 88' lang='lat' dir='ltr'>ac</span> <span class='ocrx_word' id='word_1_232' title='bbox 1415 1801 1642 1872; x_wconf 90' lang='lat' dir='ltr'>negotia</span> <span class='ocrx_word' id='word_1_233' title='bbox 1679 1807 1812 1856; x_wconf 90' lang='lat' dir='ltr'>sunt</span> <span class='ocrx_word' id='word_1_234' title='bbox 1851 1807 2128 1873; x_wconf 89' lang='lat' dir='ltr'>quantum</span> <span class='ocrx_word' id='word_1_235' title='bbox 2146 1789 2204 1861; x_wconf 88' lang='grc' dir='ltr'><strong>Β</strong></span> <span class='ocrx_word' id='word_1_236' title='bbox 2229 1811 2360 1861; x_wconf 90' lang='lat' dir='ltr'>sunt</span> <span class='ocrx_word' id='word_1_237' title='bbox 2383 1807 2633 1862; x_wconf 89' lang='lat' dir='ltr'>illorum.</span> <span class='ocrx_word' id='word_1_238' title='bbox 2665 1807 2881 1861; x_wconf 88' lang='lat' dir='ltr'>Eorum</span> <span class='ocrx_word' id='word_1_239' title='bbox 2907 1806 3205 1877; x_wconf 67' lang='lat' dir='ltr'>praeceptis</span> <span class='ocrx_word' id='word_1_240' title='bbox 3229 1805 3288 1859; x_wconf 93' lang='lat' dir='ltr'>in</span> <span class='ocrx_word' id='word_1_241' title='bbox 3317 1805 3578 1859; x_wconf 90' lang='lat' dir='ltr'>omnibus</span> <span class='ocrx_word' id='word_1_242' title='bbox 3604 1804 3858 1873; x_wconf 89' lang='lat' dir='ltr'>obedire,</span> 
     </span>
    </p>
   </div>
   <div class='ocr_carea' id='block_1_33' title="bbox 495 1891 2128 1966">
    <p class='ocr_par' dir='ltr' id='par_1_33' title="bbox 495 1891 2128 1966">
     <span class='ocr_line' id='line_1_33' title="bbox 495 1891 2128 1966; baseline 0.003 -22"><span class='ocrx_word' id='word_1_243' title='bbox 495 1891 880 1962; x_wconf 88' lang='lat' dir='ltr'>unusquisque</span> <span class='ocrx_word' id='word_1_244' title='bbox 915 1891 1082 1963; x_wconf 89' lang='lat' dir='ltr'>sapit,</span> <span class='ocrx_word' id='word_1_245' title='bbox 1114 1897 1170 1947; x_wconf 90' lang='lat' dir='ltr'>et</span> <span class='ocrx_word' id='word_1_246' title='bbox 1212 1895 1398 1964; x_wconf 85' lang='lat' dir='ltr'>potest</span> <span class='ocrx_word' id='word_1_247' title='bbox 1431 1893 1562 1947; x_wconf 89' lang='lat' dir='ltr'>totis</span> <span class='ocrx_word' id='word_1_248' title='bbox 1601 1893 1787 1948; x_wconf 89' lang='lat' dir='ltr'>intimi</span> <span class='ocrx_word' id='word_1_249' title='bbox 1825 1894 2013 1949; x_wconf 84' lang='lat' dir='ltr'>cordis</span> <span class='ocrx_word' id='word_1_250' title='bbox 2044 1895 2128 1966; x_wconf 94' lang='lat' dir='ltr'>(ut</span> 
     </span>
    </p>
   </div>
   <div class='ocr_carea' id='block_1_34' title="bbox 488 1983 2128 2058">
    <p class='ocr_par' dir='ltr' id='par_1_34' title="bbox 488 1983 2128 2058">
     <span class='ocr_line' id='line_1_34' title="bbox 488 1983 2128 2058; baseline 0.004 -22"><span class='ocrx_word' id='word_1_251' title='bbox 488 1983 852 2054; x_wconf 65' lang='lat' dir='ltr'>praslibatum</span> <span class='ocrx_word' id='word_1_252' title='bbox 903 1985 1057 2055; x_wconf 92' lang='lat' dir='ltr'>est),</span> <span class='ocrx_word' id='word_1_253' title='bbox 1117 1984 1422 2040; x_wconf 86' lang='lat' dir='ltr'>visceribus</span> <span class='ocrx_word' id='word_1_254' title='bbox 1486 1986 1668 2041; x_wconf 91' lang='lat' dir='ltr'>Deum</span> <span class='ocrx_word' id='word_1_255' title='bbox 1734 1986 1971 2058; x_wconf 88' lang='lat' dir='ltr'>diligere</span> <span class='ocrx_word' id='word_1_256' title='bbox 1991 2029 2006 2057; x_wconf 92' lang='lat'>,</span> <span class='ocrx_word' id='word_1_257' title='bbox 2069 1991 2128 2043; x_wconf 87' lang='lat' dir='ltr'>et</span> 
     </span>
    </p>
   </div>
   <div class='ocr_carea' id='block_1_35' title="bbox 490 2075 2122 2152">
    <p class='ocr_par' dir='ltr' id='par_1_35' title="bbox 490 2075 2122 2152">
     <span class='ocr_line' id='line_1_35' title="bbox 490 2075 2122 2152; baseline 0.003 -23"><span class='ocrx_word' id='word_1_258' title='bbox 490 2075 819 2147; x_wconf 83' lang='lat' dir='ltr'>proximum</span> <span class='ocrx_word' id='word_1_259' title='bbox 867 2076 1018 2132; x_wconf 92' lang='lat' dir='ltr'>velut</span> <span class='ocrx_word' id='word_1_260' title='bbox 1060 2077 1330 2150; x_wconf 91' lang='lat' dir='ltr'>seipsum.</span> <span class='ocrx_word' id='word_1_261' title='bbox 1375 2079 1674 2150; x_wconf 82' lang='lat' dir='ltr'>Abnegare</span> <span class='ocrx_word' id='word_1_262' title='bbox 1707 2079 1956 2151; x_wconf 90' lang='lat' dir='ltr'>seipsum</span> <span class='ocrx_word' id='word_1_263' title='bbox 1993 2080 2122 2152; x_wconf 87' lang='lat' dir='ltr'>sibi,</span> 
     </span>
    </p>
   </div>
   <div class='ocr_carea' id='block_1_36' title="bbox 493 2169 2124 2245">
    <p class='ocr_par' dir='ltr' id='par_1_36' title="bbox 493 2169 2124 2245">
     <span class='ocr_line' id='line_1_36' title="bbox 493 2169 2124 2245; baseline 0.003 -23"><span class='ocrx_word' id='word_1_264' title='bbox 493 2172 554 2223; x_wconf 91' lang='lat' dir='ltr'>ut</span> <span class='ocrx_word' id='word_1_265' title='bbox 588 2171 778 2224; x_wconf 86' lang='lat' dir='ltr'>Jesum</span> <span class='ocrx_word' id='word_1_266' title='bbox 805 2169 1094 2225; x_wconf 88' lang='lat' dir='ltr'>Christum</span> <span class='ocrx_word' id='word_1_267' title='bbox 1120 2172 1429 2226; x_wconf 91' lang='lat' dir='ltr'>Dominum</span> <span class='ocrx_word' id='word_1_268' title='bbox 1459 2177 1719 2228; x_wconf 88' lang='lat' dir='ltr'>nostrum</span> <span class='ocrx_word' id='word_1_269' title='bbox 1747 2176 2036 2245; x_wconf 90' lang='lat' dir='ltr'>sequatur,</span> <span class='ocrx_word' id='word_1_270' title='bbox 2069 2176 2124 2229; x_wconf 92' lang='lat' dir='ltr'>et</span> 
     </span>
    </p>
   </div>
   <div class='ocr_carea' id='block_1_37' title="bbox 488 2261 2124 2334">
    <p class='ocr_par' dir='ltr' id='par_1_37' title="bbox 488 2261 2124 2334">
     <span class='ocr_line' id='line_1_37' title="bbox 488 2261 2124 2334; baseline 0.004 -19"><span class='ocrx_word' id='word_1_271' title='bbox 488 2261 631 2315; x_wconf 89' lang='lat' dir='ltr'>nihil</span> <span class='ocrx_word' id='word_1_272' title='bbox 659 2263 780 2333; x_wconf 83' lang='lat' dir='ltr'>ejus</span> <span class='ocrx_word' id='word_1_273' title='bbox 814 2262 990 2316; x_wconf 90' lang='lat' dir='ltr'>amori</span> <span class='ocrx_word' id='word_1_274' title='bbox 1033 2278 1387 2334; x_wconf 69' lang='lat' dir='ltr'>prteponere,</span> <span class='ocrx_word' id='word_1_275' title='bbox 1419 2264 1715 2320; x_wconf 82' lang='lat' dir='ltr'>veritatem</span> <span class='ocrx_word' id='word_1_276' title='bbox 1743 2266 1910 2320; x_wconf 91' lang='lat' dir='ltr'>corde</span> <span class='ocrx_word' id='word_1_277' title='bbox 1940 2269 1997 2320; x_wconf 92' lang='lat' dir='ltr'>et</span> <span class='ocrx_word' id='word_1_278' title='bbox 2025 2282 2124 2321; x_wconf 92' lang='lat' dir='ltr'>ore</span> 
     </span>
    </p>
   </div>
   <div class='ocr_carea' id='block_1_38' title="bbox 487 2354 2124 2429">
    <p class='ocr_par' dir='ltr' id='par_1_38' title="bbox 487 2354 2124 2429">
     <span class='ocr_line' id='line_1_38' title="bbox 487 2354 2124 2429; baseline 0.003 -21"><span class='ocrx_word' id='word_1_279' title='bbox 487 2354 742 2426; x_wconf 89' lang='lat' dir='ltr'>proferre</span> <span class='ocrx_word' id='word_1_280' title='bbox 791 2354 1017 2422; x_wconf 90' lang='lat' dir='ltr'>debere,</span> <span class='ocrx_word' id='word_1_281' title='bbox 1066 2358 1124 2410; x_wconf 89' lang='lat' dir='ltr'>et</span> <span class='ocrx_word' id='word_1_282' title='bbox 1164 2357 1343 2411; x_wconf 91' lang='lat' dir='ltr'>totam</span> <span class='ocrx_word' id='word_1_283' title='bbox 1397 2372 1560 2411; x_wconf 90' lang='lat' dir='ltr'>suam</span> <span class='ocrx_word' id='word_1_284' title='bbox 1609 2357 1848 2412; x_wconf 89' lang='lat' dir='ltr'>Domino</span> <span class='ocrx_word' id='word_1_285' title='bbox 1891 2373 2124 2429; x_wconf 91' lang='lat' dir='ltr'>semper</span> 
     </span>
    </p>
   </div>
   <div class='ocr_carea' id='block_1_39' title="bbox 488 2447 2123 2518">
    <p class='ocr_par' dir='ltr' id='par_1_39' title="bbox 488 2447 2123 2518">
     <span class='ocr_line' id='line_1_39' title="bbox 488 2447 2123 2518; baseline 0.003 -17"><span class='ocrx_word' id='word_1_286' title='bbox 488 2447 845 2503; x_wconf 90' lang='lat' dir='ltr'>committere</span> <span class='ocrx_word' id='word_1_287' title='bbox 885 2447 1218 2518; x_wconf 90' lang='lat' dir='ltr'>instruebat,</span> <span class='ocrx_word' id='word_1_288' title='bbox 1245 2451 1401 2503; x_wconf 90' lang='lat' dir='ltr'>actus</span> <span class='ocrx_word' id='word_1_289' title='bbox 1446 2466 1564 2504; x_wconf 84' lang='lat' dir='ltr'>suae</span> <span class='ocrx_word' id='word_1_290' title='bbox 1610 2449 1742 2504; x_wconf 83' lang='lat' dir='ltr'>vitae</span> <span class='ocrx_word' id='word_1_291' title='bbox 1781 2449 1936 2504; x_wconf 90' lang='lat' dir='ltr'>omni</span> <span class='ocrx_word' id='word_1_292' title='bbox 1977 2451 2123 2507; x_wconf 90' lang='lat' dir='ltr'>hora</span> 
     </span>
    </p>
   </div>
   <div class='ocr_carea' id='block_1_40' title="bbox 487 2540 2123 2614">
    <p class='ocr_par' dir='ltr' id='par_1_40' title="bbox 487 2540 2123 2614">
     <span class='ocr_line' id='line_1_40' title="bbox 487 2540 2123 2614; baseline 0.003 -20"><span class='ocrx_word' id='word_1_293' title='bbox 487 2541 788 2608; x_wconf 89' lang='lat' dir='ltr'>custodire,</span> <span class='ocrx_word' id='word_1_294' title='bbox 817 2542 876 2596; x_wconf 87' lang='lat' dir='ltr'>et</span> <span class='ocrx_word' id='word_1_295' title='bbox 903 2540 1062 2596; x_wconf 92' lang='lat' dir='ltr'>omni</span> <span class='ocrx_word' id='word_1_296' title='bbox 1100 2542 1224 2596; x_wconf 92' lang='lat' dir='ltr'>loco</span> <span class='ocrx_word' id='word_1_297' title='bbox 1264 2542 1444 2597; x_wconf 90' lang='lat' dir='ltr'>Deum</span> <span class='ocrx_word' id='word_1_298' title='bbox 1485 2558 1544 2597; x_wconf 91' lang='lat' dir='ltr'>se</span> <span class='ocrx_word' id='word_1_299' title='bbox 1585 2542 1860 2614; x_wconf 90' lang='lat' dir='ltr'>respicere</span> <span class='ocrx_word' id='word_1_300' title='bbox 1884 2543 2123 2600; x_wconf 84' lang='lat' dir='ltr'>firmiter</span> 
     </span>
    </p>
   </div>
   <div class='ocr_carea' id='block_1_41' title="bbox 486 2633 2120 2705">
    <p class='ocr_par' dir='ltr' id='par_1_41' title="bbox 486 2633 2120 2705">
     <span class='ocr_line' id='line_1_41' title="bbox 486 2633 2120 2705; baseline 0.003 -17"><span class='ocrx_word' id='word_1_301' title='bbox 486 2633 646 2690; x_wconf 91' lang='lat' dir='ltr'>scire.</span> <span class='ocrx_word' id='word_1_302' title='bbox 675 2633 1053 2705; x_wconf 84' lang='lat' dir='ltr'>Cogitationes</span> <span class='ocrx_word' id='word_1_303' title='bbox 1078 2635 1252 2690; x_wconf 88' lang='lat' dir='ltr'>malas</span> <span class='ocrx_word' id='word_1_304' title='bbox 1283 2635 1439 2691; x_wconf 92' lang='lat' dir='ltr'>cordi</span> <span class='ocrx_word' id='word_1_305' title='bbox 1467 2652 1570 2691; x_wconf 93' lang='lat' dir='ltr'>suo</span> <span class='ocrx_word' id='word_1_306' title='bbox 1595 2636 1960 2692; x_wconf 84' lang='lat' dir='ltr'>advenientes</span> <span class='ocrx_word' id='word_1_307' title='bbox 1985 2653 2120 2693; x_wconf 87' lang='lat' dir='ltr'>mox</span> 
     </span>
    </p>
   </div>
   <div class='ocr_carea' id='block_1_42' title="bbox 485 2726 2118 2796">
    <p class='ocr_par' dir='ltr' id='par_1_42' title="bbox 485 2726 2118 2796">
     <span class='ocr_line' id='line_1_42' title="bbox 485 2726 2118 2796; baseline 0.003 -15"><span class='ocrx_word' id='word_1_308' title='bbox 485 2727 557 2782; x_wconf 90' lang='lat' dir='ltr'>ad</span> <span class='ocrx_word' id='word_1_309' title='bbox 586 2726 877 2782; x_wconf 89' lang='lat' dir='ltr'>Christum</span> <span class='ocrx_word' id='word_1_310' title='bbox 905 2726 1160 2796; x_wconf 91' lang='lat' dir='ltr'>allidere,</span> <span class='ocrx_word' id='word_1_311' title='bbox 1203 2732 1260 2784; x_wconf 91' lang='lat' dir='ltr'>et</span> <span class='ocrx_word' id='word_1_312' title='bbox 1301 2729 1686 2785; x_wconf 90' lang='lat' dir='ltr'>sacerdotibus</span> <span class='ocrx_word' id='word_1_313' title='bbox 1730 2729 1954 2786; x_wconf 90' lang='lat' dir='ltr'>Domini</span> <span class='ocrx_word' id='word_1_314' title='bbox 1991 2747 2118 2786; x_wconf 91' lang='lat' dir='ltr'>ma-</span> 
     </span>
    </p>
   </div>
   <div class='ocr_carea' id='block_1_43' title="bbox 486 2819 772 2874">
    <p class='ocr_par' dir='ltr' id='par_1_43' title="bbox 486 2819 772 2874">
     <span class='ocr_line' id='line_1_43' title="bbox 486 2819 772 2874; baseline 0.003 -1"><span class='ocrx_word' id='word_1_315' title='bbox 486 2819 772 2874; x_wconf 89' lang='lat' dir='ltr'>nifestare.</span> 
     </span>
    </p>
   </div>
   <div class='ocr_carea' id='block_1_44' title="bbox 555 2911 2117 2987">
    <p class='ocr_par' dir='ltr' id='par_1_44' title="bbox 555 2911 2117 2987">
     <span class='ocr_line' id='line_1_44' title="bbox 555 2911 2117 2987; baseline 0.003 -20"><span class='ocrx_word' id='word_1_316' title='bbox 555 2911 629 2967; x_wconf 89' lang='lat' dir='ltr'>Os</span> <span class='ocrx_word' id='word_1_317' title='bbox 640 2927 807 2968; x_wconf 92' lang='lat' dir='ltr'>suum</span> <span class='ocrx_word' id='word_1_318' title='bbox 821 2928 853 2967; x_wconf 92' lang='lat' dir='ltr'>a</span> <span class='ocrx_word' id='word_1_319' title='bbox 866 2911 1036 2984; x_wconf 86' lang='lat' dir='ltr'>malo,</span> <span class='ocrx_word' id='word_1_320' title='bbox 1051 2913 1139 2968; x_wconf 92' lang='lat' dir='ltr'>vel</span> <span class='ocrx_word' id='word_1_321' title='bbox 1157 2929 1333 2985; x_wconf 91' lang='lat' dir='ltr'>pravo</span> <span class='ocrx_word' id='word_1_322' title='bbox 1356 2914 1580 2987; x_wconf 91' lang='lat' dir='ltr'>eloquio</span> <span class='ocrx_word' id='word_1_323' title='bbox 1600 2916 1904 2987; x_wconf 90' lang='lat' dir='ltr'>custodire,</span> <span class='ocrx_word' id='word_1_324' title='bbox 1920 2921 1976 2972; x_wconf 94' lang='lat' dir='ltr'>et</span> <span class='ocrx_word' id='word_1_325' title='bbox 1993 2932 2117 2972; x_wconf 90' lang='lat' dir='ltr'>ver-</span> 
     </span>
    </p>
   </div>
   <div class='ocr_carea' id='block_1_45' title="bbox 479 3005 2116 3082">
    <p class='ocr_par' dir='ltr' id='par_1_45' title="bbox 479 3005 2116 3082">
     <span class='ocr_line' id='line_1_45' title="bbox 479 3005 2116 3082; baseline 0.001 -20"><span class='ocrx_word' id='word_1_326' title='bbox 479 3005 552 3062; x_wconf 90' lang='lat' dir='ltr'>ba</span> <span class='ocrx_word' id='word_1_327' title='bbox 572 3022 718 3062; x_wconf 87' lang='lat' dir='ltr'>vana</span> <span class='ocrx_word' id='word_1_328' title='bbox 735 3011 834 3062; x_wconf 88' lang='lat' dir='ltr'>aut</span> <span class='ocrx_word' id='word_1_329' title='bbox 852 3005 1144 3062; x_wconf 89' lang='lat' dir='ltr'>mendacia</span> <span class='ocrx_word' id='word_1_330' title='bbox 1163 3023 1279 3062; x_wconf 91' lang='lat' dir='ltr'>non</span> <span class='ocrx_word' id='word_1_331' title='bbox 1299 3008 1474 3080; x_wconf 89' lang='lat' dir='ltr'>loqui,</span> <span class='ocrx_word' id='word_1_332' title='bbox 1496 3008 1629 3080; x_wconf 89' lang='lat' dir='ltr'>quia</span> <span class='ocrx_word' id='word_1_333' title='bbox 1657 3027 1763 3064; x_wconf 84' lang='lat' dir='ltr'>«os</span> <span class='ocrx_word' id='word_1_334' title='bbox 1779 3009 1930 3082; x_wconf 92' lang='lat' dir='ltr'>quod</span> <span class='ocrx_word' id='word_1_335' title='bbox 1950 3025 2116 3065; x_wconf 92' lang='lat' dir='ltr'>men-</span> 
     </span>
    </p>
   </div>
   <div class='ocr_carea' id='block_1_46' title="bbox 480 3099 2119 3173">
    <p class='ocr_par' dir='ltr' id='par_1_46' title="bbox 480 3099 2119 3173">
     <span class='ocr_line' id='line_1_46' title="bbox 480 3099 2119 3173; baseline 0.003 -18"><span class='ocrx_word' id='word_1_336' title='bbox 480 3100 622 3156; x_wconf 91' lang='lat' dir='ltr'>titur</span> <span class='ocrx_word' id='word_1_337' title='bbox 635 3100 838 3156; x_wconf 89' lang='lat' dir='ltr'>occidit</span> <span class='ocrx_word' id='word_1_338' title='bbox 850 3099 1101 3155; x_wconf 90' lang='lat' dir='ltr'>animam</span> <span class='ocrx_word' id='word_1_339' title='bbox 1116 3100 1266 3171; x_wconf 87' lang='lat' dir='ltr'>(Sap.</span> <span class='ocrx_word' id='word_1_340' title='bbox 1284 3119 1322 3172; x_wconf 86' lang='lat' dir='ltr'>I,</span> <span class='ocrx_word' id='word_1_341' title='bbox 1341 3105 1362 3156; x_wconf 99' lang='grc'>1</span> <span class='ocrx_word' id='word_1_342' title='bbox 1377 3105 1397 3156; x_wconf 93' lang='grc'>1</span> <span class='ocrx_word' id='word_1_343' title='bbox 1409 3104 1423 3173; x_wconf 92' lang='grc'><strong>)</strong></span> <span class='ocrx_word' id='word_1_344' title='bbox 1434 3102 1661 3170; x_wconf 88' lang='lat' dir='ltr'>;»verba</span> <span class='ocrx_word' id='word_1_345' title='bbox 1672 3104 1863 3159; x_wconf 87' lang='lat' dir='ltr'>divina</span> <span class='ocrx_word' id='word_1_346' title='bbox 1874 3104 2119 3160; x_wconf 85' lang='lat' dir='ltr'>libenter</span> 
     </span>
    </p>
   </div>
   <div class='ocr_carea' id='block_1_47' title="bbox 481 3193 2108 3268">
    <p class='ocr_par' dir='ltr' id='par_1_47' title="bbox 481 3193 2108 3268">
     <span class='ocr_line' id='line_1_47' title="bbox 481 3193 2108 3268; baseline 0.002 -19"><span class='ocrx_word' id='word_1_347' title='bbox 481 3193 698 3263; x_wconf 88' lang='lat' dir='ltr'>audire,</span> <span class='ocrx_word' id='word_1_348' title='bbox 727 3198 783 3249; x_wconf 90' lang='lat' dir='ltr'>et</span> <span class='ocrx_word' id='word_1_349' title='bbox 821 3194 1204 3250; x_wconf 87' lang='lat' dir='ltr'>sacerdotibus</span> <span class='ocrx_word' id='word_1_350' title='bbox 1252 3194 1368 3250; x_wconf 91' lang='lat' dir='ltr'>suis</span> <span class='ocrx_word' id='word_1_351' title='bbox 1408 3195 1657 3251; x_wconf 90' lang='lat' dir='ltr'>libenter</span> <span class='ocrx_word' id='word_1_352' title='bbox 1697 3197 2108 3268; x_wconf 90' lang='lat' dir='ltr'>obtemperare,</span> 
     </span>
    </p>
   </div>
   <div class='ocr_carea' id='block_1_48' title="bbox 478 3285 2113 3362">
    <p class='ocr_par' dir='ltr' id='par_1_48' title="bbox 478 3285 2113 3362">
     <span class='ocr_line' id='line_1_48' title="bbox 478 3285 2113 3362; baseline 0.002 -21"><span class='ocrx_word' id='word_1_353' title='bbox 478 3289 647 3359; x_wconf 90' lang='lat' dir='ltr'>atque</span> <span class='ocrx_word' id='word_1_354' title='bbox 670 3285 726 3358; x_wconf 89' lang='lat'><strong>7</strong></span> <span class='ocrx_word' id='word_1_355' title='bbox 755 3286 1076 3343; x_wconf 91' lang='lat' dir='ltr'>obedientes</span> <span class='ocrx_word' id='word_1_356' title='bbox 1105 3303 1226 3343; x_wconf 90' lang='lat' dir='ltr'>esse</span> <span class='ocrx_word' id='word_1_357' title='bbox 1254 3287 1505 3343; x_wconf 89' lang='lat' dir='ltr'>docebat.</span> <span class='ocrx_word' id='word_1_358' title='bbox 1528 3289 1918 3345; x_wconf 72' lang='lat' dir='ltr'>Praadicationi</span> <span class='ocrx_word' id='word_1_359' title='bbox 1943 3295 2113 3362; x_wconf 88' lang='lat' dir='ltr'>atque</span> 
     </span>
    </p>
   </div>
   <div class='ocr_carea' id='block_1_49' title="bbox 477 3379 2114 3453">
    <p class='ocr_par' dir='ltr' id='par_1_49' title="bbox 477 3379 2114 3453">
     <span class='ocr_line' id='line_1_49' title="bbox 477 3379 2114 3453; baseline 0.002 -19"><span class='ocrx_word' id='word_1_360' title='bbox 477 3379 720 3435; x_wconf 86' lang='lat' dir='ltr'>orationi</span> <span class='ocrx_word' id='word_1_361' title='bbox 745 3396 808 3434; x_wconf 90' lang='lat' dir='ltr'>ac</span> <span class='ocrx_word' id='word_1_362' title='bbox 827 3379 1054 3436; x_wconf 90' lang='lat' dir='ltr'>lectioni</span> <span class='ocrx_word' id='word_1_363' title='bbox 1069 3380 1402 3453; x_wconf 92' lang='lat' dir='ltr'>frequenter</span> <span class='ocrx_word' id='word_1_364' title='bbox 1422 3381 1774 3450; x_wconf 88' lang='lat' dir='ltr'>incumbere,</span> <span class='ocrx_word' id='word_1_365' title='bbox 1797 3387 1854 3438; x_wconf 91' lang='lat' dir='ltr'>et</span> <span class='ocrx_word' id='word_1_366' title='bbox 1877 3385 2114 3439; x_wconf 91' lang='lat' dir='ltr'>eleemo-</span> 
     </span>
    </p>
   </div>
   <div class='ocr_carea' id='block_1_50' title="bbox 477 3474 2111 3547">
    <p class='ocr_par' dir='ltr' id='par_1_50' title="bbox 477 3474 2111 3547">
     <span class='ocr_line' id='line_1_50' title="bbox 477 3474 2111 3547; baseline 0.002 -20"><span class='ocrx_word' id='word_1_367' title='bbox 477 3489 642 3545; x_wconf 85' lang='lat' dir='ltr'>synas</span> <span class='ocrx_word' id='word_1_368' title='bbox 666 3491 828 3529; x_wconf 89' lang='lat' dir='ltr'>veras</span> <span class='ocrx_word' id='word_1_369' title='bbox 853 3474 1146 3546; x_wconf 83' lang='lat' dir='ltr'>perficere.</span> <span class='ocrx_word' id='word_1_370' title='bbox 1179 3495 1207 3525; x_wconf 85' lang='lat'><strong>«</strong></span> <span class='ocrx_word' id='word_1_371' title='bbox 1235 3474 1523 3530; x_wconf 90' lang='lat' dir='ltr'>Desideria</span> <span class='ocrx_word' id='word_1_372' title='bbox 1562 3476 1750 3530; x_wconf 89' lang='lat' dir='ltr'>carnis</span> <span class='ocrx_word' id='word_1_373' title='bbox 1783 3492 1903 3530; x_wconf 93' lang='lat' dir='ltr'>non</span> <span class='ocrx_word' id='word_1_374' title='bbox 1938 3476 2111 3547; x_wconf 86' lang='lat' dir='ltr'>perﬁ-</span> 
     </span>
    </p>
   </div>
   <div class='ocr_carea' id='block_1_51' title="bbox 476 3566 2112 3641">
    <p class='ocr_par' dir='ltr' id='par_1_51' title="bbox 476 3566 2112 3641">
     <span class='ocr_line' id='line_1_51' title="bbox 476 3566 2112 3641; baseline 0.001 -20"><span class='ocrx_word' id='word_1_375' title='bbox 476 3582 606 3622; x_wconf 91' lang='lat' dir='ltr'>cere</span> <span class='ocrx_word' id='word_1_376' title='bbox 652 3566 794 3638; x_wconf 84' lang='lat' dir='ltr'>(Gal.</span> <span class='ocrx_word' id='word_1_377' title='bbox 842 3583 897 3637; x_wconf 92' lang='lat' dir='ltr'>v,</span> <span class='ocrx_word' id='word_1_378' title='bbox 953 3566 1059 3640; x_wconf 87' lang='grc'>16),</span> <span class='ocrx_word' id='word_1_379' title='bbox 1118 3588 1146 3618; x_wconf 87' lang='grc'><strong>››</strong></span> <span class='ocrx_word' id='word_1_380' title='bbox 1201 3567 1301 3623; x_wconf 90' lang='lat' dir='ltr'>sed</span> <span class='ocrx_word' id='word_1_381' title='bbox 1356 3567 1650 3640; x_wconf 90' lang='lat' dir='ltr'>propriam</span> <span class='ocrx_word' id='word_1_382' title='bbox 1700 3569 1966 3641; x_wconf 86' lang='lat' dir='ltr'>frangere</span> <span class='ocrx_word' id='word_1_383' title='bbox 2012 3585 2112 3623; x_wconf 89' lang='lat' dir='ltr'>vo-</span> 
     </span>
    </p>
   </div>
   <div class='ocr_carea' id='block_1_52' title="bbox 476 3659 2110 3734">
    <p class='ocr_par' dir='ltr' id='par_1_52' title="bbox 476 3659 2110 3734">
     <span class='ocr_line' id='line_1_52' title="bbox 476 3659 2110 3734; baseline 0.002 -20"><span class='ocrx_word' id='word_1_384' title='bbox 476 3659 780 3728; x_wconf 88' lang='lat' dir='ltr'>luntatem;</span> <span class='ocrx_word' id='word_1_385' title='bbox 807 3659 941 3715; x_wconf 92' lang='lat' dir='ltr'>boni</span> <span class='ocrx_word' id='word_1_386' title='bbox 989 3660 1205 3734; x_wconf 86' lang='lat' dir='ltr'>aliquid</span> <span class='ocrx_word' id='word_1_387' title='bbox 1250 3661 1309 3716; x_wconf 92' lang='lat' dir='ltr'>in</span> <span class='ocrx_word' id='word_1_388' title='bbox 1354 3676 1413 3716; x_wconf 94' lang='lat' dir='ltr'>se</span> <span class='ocrx_word' id='word_1_389' title='bbox 1450 3676 1582 3716; x_wconf 91' lang='lat' dir='ltr'>cum</span> <span class='ocrx_word' id='word_1_390' title='bbox 1613 3661 1817 3717; x_wconf 89' lang='lat' dir='ltr'>viderit</span> <span class='ocrx_word' id='word_1_391' title='bbox 1851 3663 1963 3717; x_wconf 92' lang='lat' dir='ltr'>Deo</span> <span class='ocrx_word' id='word_1_392' title='bbox 2005 3678 2110 3734; x_wconf 91' lang='lat' dir='ltr'>ap-</span> 
     </span>
    </p>
   </div>
   <div class='ocr_carea' id='block_1_53' title="bbox 476 3753 2110 3827">
    <p class='ocr_par' dir='ltr' id='par_1_53' title="bbox 476 3753 2110 3827">
     <span class='ocr_line' id='line_1_53' title="bbox 476 3753 2110 3827; baseline 0.002 -20"><span class='ocrx_word' id='word_1_393' title='bbox 476 3753 667 3825; x_wconf 89' lang='lat' dir='ltr'>plicet,</span> <span class='ocrx_word' id='word_1_394' title='bbox 705 3769 822 3809; x_wconf 91' lang='lat' dir='ltr'>non</span> <span class='ocrx_word' id='word_1_395' title='bbox 863 3753 988 3822; x_wconf 89' lang='lat' dir='ltr'>sibi,</span> <span class='ocrx_word' id='word_1_396' title='bbox 1028 3757 1086 3810; x_wconf 88' lang='lat' dir='ltr'>et</span> <span class='ocrx_word' id='word_1_397' title='bbox 1122 3754 1341 3810; x_wconf 89' lang='lat' dir='ltr'>malum</span> <span class='ocrx_word' id='word_1_398' title='bbox 1385 3771 1419 3810; x_wconf 90' lang='lat' dir='ltr'>a</span> <span class='ocrx_word' id='word_1_399' title='bbox 1444 3771 1503 3810; x_wconf 91' lang='lat' dir='ltr'>se</span> <span class='ocrx_word' id='word_1_400' title='bbox 1544 3755 1759 3812; x_wconf 88' lang='lat' dir='ltr'>factum</span> <span class='ocrx_word' id='word_1_401' title='bbox 1791 3759 2110 3827; x_wconf 89' lang='lat' dir='ltr'>cognoscat,</span> 
     </span>
    </p>
   </div>
   <div class='ocr_carea' id='block_1_54' title="bbox 477 3846 2114 3920">
    <p class='ocr_par' dir='ltr' id='par_1_54' title="bbox 477 3846 2114 3920">
     <span class='ocr_line' id='line_1_54' title="bbox 477 3846 2114 3920; baseline 0.001 -18"><span class='ocrx_word' id='word_1_402' title='bbox 477 3851 534 3902; x_wconf 90' lang='lat' dir='ltr'>et</span> <span class='ocrx_word' id='word_1_403' title='bbox 559 3846 664 3901; x_wconf 89' lang='lat' dir='ltr'>sibi</span> <span class='ocrx_word' id='word_1_404' title='bbox 692 3851 935 3919; x_wconf 91' lang='lat' dir='ltr'>reputet.</span> <span class='ocrx_word' id='word_1_405' title='bbox 965 3847 1204 3903; x_wconf 89' lang='lat' dir='ltr'>Multum</span> <span class='ocrx_word' id='word_1_406' title='bbox 1231 3847 1389 3920; x_wconf 89' lang='lat' dir='ltr'>loqui</span> <span class='ocrx_word' id='word_1_407' title='bbox 1419 3865 1535 3903; x_wconf 91' lang='lat' dir='ltr'>non</span> <span class='ocrx_word' id='word_1_408' title='bbox 1564 3865 1779 3919; x_wconf 90' lang='lat' dir='ltr'>amare,</span> <span class='ocrx_word' id='word_1_409' title='bbox 1808 3848 1907 3905; x_wconf 91' lang='lat' dir='ltr'>sed</span> <span class='ocrx_word' id='word_1_410' title='bbox 1935 3853 2114 3904; x_wconf 90' lang='lat' dir='ltr'>custo-</span> 
     </span>
    </p>
   </div>
   <div class='ocr_carea' id='block_1_55' title="bbox 477 3940 2108 4011">
    <p class='ocr_par' dir='ltr' id='par_1_55' title="bbox 477 3940 2108 4011">
     <span class='ocr_line' id='line_1_55' title="bbox 477 3940 2108 4011; baseline -0.001 -16"><span class='ocrx_word' id='word_1_411' title='bbox 477 3940 598 3996; x_wconf 90' lang='lat' dir='ltr'>dire</span> <span class='ocrx_word' id='word_1_412' title='bbox 643 3941 790 3996; x_wconf 88' lang='lat' dir='ltr'>labia</span> <span class='ocrx_word' id='word_1_413' title='bbox 834 3957 936 3996; x_wconf 89' lang='lat' dir='ltr'>sua</span> <span class='ocrx_word' id='word_1_414' title='bbox 990 3957 1064 3997; x_wconf 92' lang='lat' dir='ltr'>ne</span> <span class='ocrx_word' id='word_1_415' title='bbox 1118 3942 1316 3996; x_wconf 91' lang='lat' dir='ltr'>dolum</span> <span class='ocrx_word' id='word_1_416' title='bbox 1368 3945 1467 3996; x_wconf 89' lang='lat' dir='ltr'>aut</span> <span class='ocrx_word' id='word_1_417' title='bbox 1519 3943 1734 3998; x_wconf 89' lang='lat' dir='ltr'>malum</span> <span class='ocrx_word' id='word_1_418' title='bbox 1781 3941 2108 4011; x_wconf 90' lang='lat' dir='ltr'>loquantur,</span> 
     </span>
    </p>
   </div>
   <div class='ocr_carea' id='block_1_56' title="bbox 477 4033 2112 4105">
    <p class='ocr_par' dir='ltr' id='par_1_56' title="bbox 477 4033 2112 4105">
     <span class='ocr_line' id='line_1_56' title="bbox 477 4033 2112 4105; baseline -0.001 -16"><span class='ocrx_word' id='word_1_419' title='bbox 477 4033 630 4090; x_wconf 90' lang='lat' dir='ltr'>diem</span> <span class='ocrx_word' id='word_1_420' title='bbox 659 4034 862 4104; x_wconf 90' lang='lat' dir='ltr'>judicii</span> <span class='ocrx_word' id='word_1_421' title='bbox 899 4034 1122 4102; x_wconf 91' lang='lat' dir='ltr'>timere,</span> <span class='ocrx_word' id='word_1_422' title='bbox 1156 4035 1479 4105; x_wconf 88' lang='lat' dir='ltr'>gehennam</span> <span class='ocrx_word' id='word_1_423' title='bbox 1519 4049 1908 4105; x_wconf 85' lang='lat' dir='ltr'>expavescere,</span> <span class='ocrx_word' id='word_1_424' title='bbox 1937 4033 2112 4087; x_wconf 87' lang='lat' dir='ltr'>vitam</span> 
     </span>
    </p>
   </div>
   <div class='ocr_carea' id='block_1_57' title="bbox 477 4125 2109 4197">
    <p class='ocr_par' dir='ltr' id='par_1_57' title="bbox 477 4125 2109 4197">
     <span class='ocr_line' id='line_1_57' title="bbox 477 4125 2109 4197; baseline -0.001 -15"><span class='ocrx_word' id='word_1_425' title='bbox 477 4133 749 4182; x_wconf 84' lang='lat' dir='ltr'>aeternam</span> <span class='ocrx_word' id='word_1_426' title='bbox 774 4126 931 4181; x_wconf 91' lang='lat' dir='ltr'>omni</span> <span class='ocrx_word' id='word_1_427' title='bbox 959 4126 1410 4197; x_wconf 87' lang='lat' dir='ltr'>concupiscentia</span> <span class='ocrx_word' id='word_1_428' title='bbox 1438 4126 1758 4182; x_wconf 91' lang='lat' dir='ltr'>desiderare</span> <span class='ocrx_word' id='word_1_429' title='bbox 1775 4167 1790 4196; x_wconf 92' lang='lat'>,</span> <span class='ocrx_word' id='word_1_430' title='bbox 1816 4142 1932 4181; x_wconf 92' lang='lat' dir='ltr'>non</span> <span class='ocrx_word' id='word_1_431' title='bbox 1959 4125 2109 4181; x_wconf 91' lang='lat' dir='ltr'>occi-</span> 
     </span>
    </p>
   </div>
   <div class='ocr_carea' id='block_1_58' title="bbox 479 4217 2112 4288">
    <p class='ocr_par' dir='ltr' id='par_1_58' title="bbox 479 4217 2112 4288">
     <span class='ocr_line' id='line_1_58' title="bbox 479 4217 2112 4288; baseline 0 -14"><span class='ocrx_word' id='word_1_432' title='bbox 479 4220 633 4287; x_wconf 93' lang='lat' dir='ltr'>dere,</span> <span class='ocrx_word' id='word_1_433' title='bbox 659 4235 775 4274; x_wconf 91' lang='lat' dir='ltr'>non</span> <span class='ocrx_word' id='word_1_434' title='bbox 817 4217 1141 4288; x_wconf 89' lang='lat' dir='ltr'>adulterari,</span> <span class='ocrx_word' id='word_1_435' title='bbox 1170 4235 1286 4274; x_wconf 91' lang='lat' dir='ltr'>non</span> <span class='ocrx_word' id='word_1_436' title='bbox 1331 4219 1552 4274; x_wconf 88' lang='lat' dir='ltr'>furtum</span> <span class='ocrx_word' id='word_1_437' title='bbox 1593 4220 1799 4287; x_wconf 91' lang='lat' dir='ltr'>facere,</span> <span class='ocrx_word' id='word_1_438' title='bbox 1829 4235 1947 4275; x_wconf 92' lang='lat' dir='ltr'>non</span> <span class='ocrx_word' id='word_1_439' title='bbox 1990 4235 2112 4274; x_wconf 90' lang='lat' dir='ltr'>rem</span> 
     </span>
    </p>
   </div>
   <div class='ocr_carea' id='block_1_59' title="bbox 478 4311 2108 4385">
    <p class='ocr_par' dir='ltr' id='par_1_59' title="bbox 478 4311 2108 4385">
     <span class='ocr_line' id='line_1_59' title="bbox 478 4311 2108 4385; baseline 0.001 -18"><span class='ocrx_word' id='word_1_440' title='bbox 478 4312 725 4385; x_wconf 86' lang='lat' dir='ltr'>proximi</span> <span class='ocrx_word' id='word_1_441' title='bbox 748 4311 1164 4383; x_wconf 89' lang='lat' dir='ltr'>concupiscere,</span> <span class='ocrx_word' id='word_1_442' title='bbox 1199 4329 1313 4368; x_wconf 90' lang='lat' dir='ltr'>non</span> <span class='ocrx_word' id='word_1_443' title='bbox 1343 4313 1551 4368; x_wconf 89' lang='lat' dir='ltr'>falsum</span> <span class='ocrx_word' id='word_1_444' title='bbox 1589 4312 1982 4369; x_wconf 86' lang='lat' dir='ltr'>testimonium</span> <span class='ocrx_word' id='word_1_445' title='bbox 2020 4312 2108 4369; x_wconf 85' lang='lat' dir='ltr'>di-</span> 
     </span>
    </p>
   </div>
   <div class='ocr_carea' id='block_1_60' title="bbox 479 4406 2112 4478">
    <p class='ocr_par' dir='ltr' id='par_1_60' title="bbox 479 4406 2112 4478">
     <span class='ocr_line' id='line_1_60' title="bbox 479 4406 2112 4478; baseline 0 -16"><span class='ocrx_word' id='word_1_446' title='bbox 479 4422 605 4462; x_wconf 89' lang='lat' dir='ltr'>cere</span> <span class='ocrx_word' id='word_1_447' title='bbox 653 4406 849 4478; x_wconf 71' lang='lat' dir='ltr'>(Emod.</span> <span class='ocrx_word' id='word_1_448' title='bbox 898 4422 987 4474; x_wconf 86' lang='lat' dir='ltr'><strong>xx,</strong></span> <span class='ocrx_word' id='word_1_449' title='bbox 1034 4409 1100 4461; x_wconf 88' lang='grc'><strong>13</strong></span> <span class='ocrx_word' id='word_1_450' title='bbox 1157 4410 1207 4461; x_wconf 87' lang='lat' dir='ltr'>et</span> <span class='ocrx_word' id='word_1_451' title='bbox 1255 4406 1410 4478; x_wconf 88' lang='lat' dir='ltr'>seq.),</span> <span class='ocrx_word' id='word_1_452' title='bbox 1457 4407 1553 4462; x_wconf 91' lang='lat' dir='ltr'>sed</span> <span class='ocrx_word' id='word_1_453' title='bbox 1600 4422 1796 4462; x_wconf 89' lang='lat' dir='ltr'>omnes</span> <span class='ocrx_word' id='word_1_454' title='bbox 1850 4406 2112 4462; x_wconf 89' lang='lat' dir='ltr'>homines</span> 
     </span>
    </p>
   </div>
   <div class='ocr_carea' id='block_1_61' title="bbox 2227 1896 3862 1970">
    <p class='ocr_par' dir='ltr' id='par_1_61' title="bbox 2227 1896 3862 1970">
     <span class='ocr_line' id='line_1_61' title="bbox 2227 1896 3862 1970; baseline -0.001 -17"><span class='ocrx_word' id='word_1_455' title='bbox 2227 1899 2449 1954; x_wconf 89' lang='lat' dir='ltr'>etiamsi</span> <span class='ocrx_word' id='word_1_456' title='bbox 2475 1897 2582 1970; x_wconf 89' lang='lat' dir='ltr'>ipsi</span> <span class='ocrx_word' id='word_1_457' title='bbox 2625 1899 2792 1954; x_wconf 89' lang='lat' dir='ltr'>aliter</span> <span class='ocrx_word' id='word_1_458' title='bbox 2823 1898 2997 1970; x_wconf 91' lang='lat' dir='ltr'>(quod</span> <span class='ocrx_word' id='word_1_459' title='bbox 3036 1897 3200 1968; x_wconf 90' lang='lat' dir='ltr'>absit)</span> <span class='ocrx_word' id='word_1_460' title='bbox 3230 1903 3420 1969; x_wconf 89' lang='lat' dir='ltr'>agant,</span> <span class='ocrx_word' id='word_1_461' title='bbox 3450 1913 3730 1952; x_wconf 89' lang='lat' dir='ltr'>memores</span> <span class='ocrx_word' id='word_1_462' title='bbox 3754 1896 3862 1951; x_wconf 88' lang='lat' dir='ltr'>sci-</span> 
     </span>
    </p>
   </div>
   <div class='ocr_carea' id='block_1_62' title="bbox 2226 1989 3857 2063">
    <p class='ocr_par' dir='ltr' id='par_1_62' title="bbox 2226 1989 3857 2063">
     <span class='ocr_line' id='line_1_62' title="bbox 2226 1989 3857 2063; baseline -0.002 -17"><span class='ocrx_word' id='word_1_463' title='bbox 2226 1993 2359 2048; x_wconf 91' lang='lat' dir='ltr'>licet</span> <span class='ocrx_word' id='word_1_464' title='bbox 2384 1992 2533 2047; x_wconf 92' lang='lat' dir='ltr'>illius</span> <span class='ocrx_word' id='word_1_465' title='bbox 2565 1991 2844 2047; x_wconf 90' lang='lat' dir='ltr'>Dominici</span> <span class='ocrx_word' id='word_1_466' title='bbox 2869 1992 3138 2063; x_wconf 70' lang='lat' dir='ltr'>praecepti</span> <span class='ocrx_word' id='word_1_467' title='bbox 3169 2008 3182 2046; x_wconf 93' lang='lat'>:</span> <span class='ocrx_word' id='word_1_468' title='bbox 3221 2013 3248 2041; x_wconf 85' lang='lat'><strong>«</strong></span> <span class='ocrx_word' id='word_1_469' title='bbox 3280 1991 3416 2055; x_wconf 71' lang='lat' dir='ltr'>Qua:</span> <span class='ocrx_word' id='word_1_470' title='bbox 3444 1990 3641 2045; x_wconf 91' lang='lat' dir='ltr'>dicunt</span> <span class='ocrx_word' id='word_1_471' title='bbox 3668 1989 3857 2058; x_wconf 89' lang='lat' dir='ltr'>facite,</span> 
     </span>
    </p>
   </div>
   <div class='ocr_carea' id='block_1_63' title="bbox 2224 2083 3852 2158">
    <p class='ocr_par' dir='ltr' id='par_1_63' title="bbox 2224 2083 3852 2158">
     <span class='ocr_line' id='line_1_63' title="bbox 2224 2083 3852 2158; baseline -0.003 -18"><span class='ocrx_word' id='word_1_472' title='bbox 2224 2101 2354 2158; x_wconf 65' lang='lat' dir='ltr'>qum</span> <span class='ocrx_word' id='word_1_473' title='bbox 2389 2089 2582 2141; x_wconf 90' lang='lat' dir='ltr'>autem</span> <span class='ocrx_word' id='word_1_474' title='bbox 2625 2084 2840 2140; x_wconf 89' lang='lat' dir='ltr'>faciunt</span> <span class='ocrx_word' id='word_1_475' title='bbox 2873 2085 3057 2140; x_wconf 88' lang='lat' dir='ltr'>facere</span> <span class='ocrx_word' id='word_1_476' title='bbox 3087 2084 3262 2138; x_wconf 89' lang='lat' dir='ltr'>nolite</span> <span class='ocrx_word' id='word_1_477' title='bbox 3291 2084 3508 2154; x_wconf 82' lang='lat' dir='ltr'>(Matth.</span> <span class='ocrx_word' id='word_1_478' title='bbox 3543 2099 3694 2151; x_wconf 83' lang='lat' dir='ltr'>xxm,</span> <span class='ocrx_word' id='word_1_479' title='bbox 3721 2083 3794 2153; x_wconf 89' lang='lat'>3).</span> <span class='ocrx_word' id='word_1_480' title='bbox 3822 2106 3852 2131; x_wconf 80' lang='grc' dir='ltr'>ι)</span> 
     </span>
    </p>
   </div>
   <div class='ocr_carea' id='block_1_64' title="bbox 2221 2175 3854 2250">
    <p class='ocr_par' dir='ltr' id='par_1_64' title="bbox 2221 2175 3854 2250">
     <span class='ocr_line' id='line_1_64' title="bbox 2221 2175 3854 2250; baseline -0.003 -17"><span class='ocrx_word' id='word_1_481' title='bbox 2221 2178 2332 2250; x_wconf 88' lang='lat' dir='ltr'>Ipsi</span> <span class='ocrx_word' id='word_1_482' title='bbox 2372 2183 2562 2233; x_wconf 88' lang='lat' dir='ltr'>autem</span> <span class='ocrx_word' id='word_1_483' title='bbox 2609 2178 2856 2250; x_wconf 84' lang='lat' dir='ltr'>episcOpi</span> <span class='ocrx_word' id='word_1_484' title='bbox 2899 2177 2944 2232; x_wconf 91' lang='lat' dir='ltr'>si</span> <span class='ocrx_word' id='word_1_485' title='bbox 2985 2176 3426 2232; x_wconf 84' lang='lat' dir='ltr'>exorbitaverint</span> <span class='ocrx_word' id='word_1_486' title='bbox 3465 2175 3708 2244; x_wconf 91' lang='lat' dir='ltr'>abistis,</span> <span class='ocrx_word' id='word_1_487' title='bbox 3737 2191 3854 2229; x_wconf 90' lang='lat' dir='ltr'>non</span> 
     </span>
    </p>
   </div>
   <div class='ocr_carea' id='block_1_65' title="bbox 2223 2268 3855 2342">
    <p class='ocr_par' dir='ltr' id='par_1_65' title="bbox 2223 2268 3855 2342">
     <span class='ocr_line' id='line_1_65' title="bbox 2223 2268 3855 2342; baseline -0.002 -16"><span class='ocrx_word' id='word_1_488' title='bbox 2223 2275 2356 2326; x_wconf 91' lang='lat' dir='ltr'>sunt</span> <span class='ocrx_word' id='word_1_489' title='bbox 2403 2271 2881 2342; x_wconf 89' lang='lat' dir='ltr'>reprehendendi,</span> <span class='ocrx_word' id='word_1_490' title='bbox 2925 2270 3015 2326; x_wconf 89' lang='lat' dir='ltr'>vel</span> <span class='ocrx_word' id='word_1_491' title='bbox 3066 2269 3369 2342; x_wconf 90' lang='lat' dir='ltr'>arguendi,</span> <span class='ocrx_word' id='word_1_492' title='bbox 3417 2269 3516 2324; x_wconf 91' lang='lat' dir='ltr'>sed</span> <span class='ocrx_word' id='word_1_493' title='bbox 3562 2268 3855 2340; x_wconf 76' lang='lat' dir='ltr'>portendi,</span> 
     </span>
    </p>
   </div>
   <div class='ocr_carea' id='block_1_66' title="bbox 2222 2350 3855 2434">
    <p class='ocr_par' dir='ltr' id='par_1_66' title="bbox 2222 2350 3855 2434">
     <span class='ocr_line' id='line_1_66' title="bbox 2222 2350 3855 2434; baseline -0.001 -18"><span class='ocrx_word' id='word_1_494' title='bbox 2222 2363 2333 2417; x_wconf 89' lang='lat' dir='ltr'>nisi</span> <span class='ocrx_word' id='word_1_495' title='bbox 2357 2363 2418 2418; x_wconf 92' lang='lat' dir='ltr'>in</span> <span class='ocrx_word' id='word_1_496' title='bbox 2453 2363 2566 2418; x_wconf 82' lang='lat' dir='ltr'>fide</span> <span class='ocrx_word' id='word_1_497' title='bbox 2607 2350 2938 2418; x_wconf 75' lang='lat' dir='ltr'>erraverint.</span> <span class='ocrx_word' id='word_1_498' title='bbox 2967 2363 3034 2416; x_wconf 83' lang='lat' dir='ltr'>Hi</span> <span class='ocrx_word' id='word_1_499' title='bbox 3061 2379 3198 2434; x_wconf 89' lang='lat' dir='ltr'>ergo</span> <span class='ocrx_word' id='word_1_500' title='bbox 3225 2378 3396 2434; x_wconf 90' lang='lat' dir='ltr'>super</span> <span class='ocrx_word' id='word_1_501' title='bbox 3425 2362 3528 2416; x_wconf 91' lang='lat' dir='ltr'>hos</span> <span class='ocrx_word' id='word_1_502' title='bbox 3555 2366 3706 2428; x_wconf 86' lang='lat' dir='ltr'>sunt,</span> <span class='ocrx_word' id='word_1_503' title='bbox 3740 2377 3855 2414; x_wconf 90' lang='lat' dir='ltr'>non</span> 
     </span>
    </p>
   </div>
   <div class='ocr_carea' id='block_1_67' title="bbox 2222 2453 3854 2528">
    <p class='ocr_par' dir='ltr' id='par_1_67' title="bbox 2222 2453 3854 2528">
     <span class='ocr_line' id='line_1_67' title="bbox 2222 2453 3854 2528; baseline -0.002 -18"><span class='ocrx_word' id='word_1_504' title='bbox 2222 2455 2304 2510; x_wconf 91' lang='lat' dir='ltr'>illi</span> <span class='ocrx_word' id='word_1_505' title='bbox 2331 2471 2503 2528; x_wconf 91' lang='lat' dir='ltr'>super</span> <span class='ocrx_word' id='word_1_506' title='bbox 2530 2455 2687 2524; x_wconf 91' lang='lat' dir='ltr'>istos,</span> <span class='ocrx_word' id='word_1_507' title='bbox 2716 2456 2992 2528; x_wconf 91' lang='lat' dir='ltr'>quoniam</span> <span class='ocrx_word' id='word_1_508' title='bbox 3021 2455 3209 2526; x_wconf 90' lang='lat' dir='ltr'>major</span> <span class='ocrx_word' id='word_1_509' title='bbox 3233 2472 3268 2509; x_wconf 89' lang='lat' dir='ltr'>a</span> <span class='ocrx_word' id='word_1_510' title='bbox 3295 2455 3514 2510; x_wconf 91' lang='lat' dir='ltr'>minore</span> <span class='ocrx_word' id='word_1_511' title='bbox 3533 2471 3637 2509; x_wconf 91' lang='lat' dir='ltr'>nec</span> <span class='ocrx_word' id='word_1_512' title='bbox 3666 2453 3854 2524; x_wconf 88' lang='lat' dir='ltr'>argui,</span> 
     </span>
    </p>
   </div>
   <div class='ocr_carea' id='block_1_68' title="bbox 2220 2547 3856 2621">
    <p class='ocr_par' dir='ltr' id='par_1_68' title="bbox 2220 2547 3856 2621">
     <span class='ocr_line' id='line_1_68' title="bbox 2220 2547 3856 2621; baseline -0.002 -16"><span class='ocrx_word' id='word_1_513' title='bbox 2220 2565 2326 2605; x_wconf 92' lang='lat' dir='ltr'>nec</span> <span class='ocrx_word' id='word_1_514' title='bbox 2342 2549 2587 2620; x_wconf 90' lang='lat' dir='ltr'>judicari</span> <span class='ocrx_word' id='word_1_515' title='bbox 2615 2554 2818 2621; x_wconf 88' lang='lat' dir='ltr'>potest.</span> <span class='ocrx_word' id='word_1_516' title='bbox 2849 2549 3045 2604; x_wconf 90' lang='lat' dir='ltr'>Nullus</span> <span class='ocrx_word' id='word_1_517' title='bbox 3070 2565 3130 2604; x_wconf 90' lang='lat' dir='ltr'>se</span> <span class='ocrx_word' id='word_1_518' title='bbox 3168 2549 3398 2604; x_wconf 87' lang='lat' dir='ltr'>extollat</span> <span class='ocrx_word' id='word_1_519' title='bbox 3427 2564 3563 2619; x_wconf 89' lang='lat' dir='ltr'>erga</span> <span class='ocrx_word' id='word_1_520' title='bbox 3592 2547 3856 2602; x_wconf 84' lang='lat' dir='ltr'>doctores</span> 
     </span>
    </p>
   </div>
   <div class='ocr_carea' id='block_1_69' title="bbox 2220 2640 3855 2714">
    <p class='ocr_par' dir='ltr' id='par_1_69' title="bbox 2220 2640 3855 2714">
     <span class='ocr_line' id='line_1_69' title="bbox 2220 2640 3855 2714; baseline -0.002 -18"><span class='ocrx_word' id='word_1_521' title='bbox 2220 2659 2284 2696; x_wconf 90' lang='lat' dir='ltr'>ac</span> <span class='ocrx_word' id='word_1_522' title='bbox 2306 2644 2611 2714; x_wconf 87' lang='lat' dir='ltr'>magistros</span> <span class='ocrx_word' id='word_1_523' title='bbox 2629 2658 2776 2710; x_wconf 92' lang='lat' dir='ltr'>suos,</span> <span class='ocrx_word' id='word_1_524' title='bbox 2790 2642 2924 2714; x_wconf 85' lang='lat' dir='ltr'>quia</span> <span class='ocrx_word' id='word_1_525' title='bbox 2943 2663 2971 2692; x_wconf 85' lang='lat'><strong>«</strong></span> <span class='ocrx_word' id='word_1_526' title='bbox 2993 2641 3300 2714; x_wconf 91' lang='lat' dir='ltr'>discipulus</span> <span class='ocrx_word' id='word_1_527' title='bbox 3321 2657 3493 2712; x_wconf 89' lang='lat' dir='ltr'>super</span> <span class='ocrx_word' id='word_1_528' title='bbox 3512 2640 3855 2712; x_wconf 85' lang='lat' dir='ltr'>magistrum</span> 
     </span>
    </p>
   </div>
   <div class='ocr_carea' id='block_1_70' title="bbox 2219 2733 3855 2807">
    <p class='ocr_par' dir='ltr' id='par_1_70' title="bbox 2219 2733 3855 2807">
     <span class='ocr_line' id='line_1_70' title="bbox 2219 2733 3855 2807; baseline -0.002 -17"><span class='ocrx_word' id='word_1_529' title='bbox 2219 2751 2335 2790; x_wconf 90' lang='lat' dir='ltr'>non</span> <span class='ocrx_word' id='word_1_530' title='bbox 2377 2753 2496 2792; x_wconf 90' lang='lat' dir='ltr'>esse</span> <span class='ocrx_word' id='word_1_531' title='bbox 2540 2736 2756 2807; x_wconf 87' lang='lat' dir='ltr'>(Matth.</span> <span class='ocrx_word' id='word_1_532' title='bbox 2791 2752 2842 2804; x_wconf 86' lang='lat' dir='ltr'><strong>x,</strong></span> <span class='ocrx_word' id='word_1_533' title='bbox 2871 2736 2956 2806; x_wconf 82' lang='grc'>24)</span> <span class='ocrx_word' id='word_1_534' title='bbox 2991 2753 3020 2787; x_wconf 82' lang='grc'><strong>››</strong></span> <span class='ocrx_word' id='word_1_535' title='bbox 3063 2735 3229 2792; x_wconf 85' lang='lat' dir='ltr'>debet</span> <span class='ocrx_word' id='word_1_536' title='bbox 3269 2751 3374 2790; x_wconf 92' lang='lat' dir='ltr'>nec</span> <span class='ocrx_word' id='word_1_537' title='bbox 3410 2737 3616 2806; x_wconf 90' lang='lat' dir='ltr'>potest.</span> <span class='ocrx_word' id='word_1_538' title='bbox 3656 2733 3855 2788; x_wconf 86' lang='lat' dir='ltr'>Nullus</span> 
     </span>
    </p>
   </div>
   <div class='ocr_carea' id='block_1_71' title="bbox 2219 2826 3851 2900">
    <p class='ocr_par' dir='ltr' id='par_1_71' title="bbox 2219 2826 3851 2900">
     <span class='ocr_line' id='line_1_71' title="bbox 2219 2826 3851 2900; baseline -0.001 -17"><span class='ocrx_word' id='word_1_539' title='bbox 2219 2829 2353 2885; x_wconf 90' lang='lat' dir='ltr'>velit</span> <span class='ocrx_word' id='word_1_540' title='bbox 2379 2829 2488 2884; x_wconf 89' lang='lat' dir='ltr'>dici</span> <span class='ocrx_word' id='word_1_541' title='bbox 2515 2833 2761 2896; x_wconf 86' lang='lat' dir='ltr'>sanctus,</span> <span class='ocrx_word' id='word_1_542' title='bbox 2789 2834 3094 2900; x_wconf 89' lang='lat' dir='ltr'>antequam</span> <span class='ocrx_word' id='word_1_543' title='bbox 3122 2828 3213 2898; x_wconf 88' lang='lat' dir='ltr'>sit,</span> <span class='ocrx_word' id='word_1_544' title='bbox 3236 2828 3334 2883; x_wconf 89' lang='lat' dir='ltr'>sed</span> <span class='ocrx_word' id='word_1_545' title='bbox 3358 2827 3516 2898; x_wconf 89' lang='lat' dir='ltr'>prius</span> <span class='ocrx_word' id='word_1_546' title='bbox 3547 2826 3639 2893; x_wconf 89' lang='lat' dir='ltr'>sit,</span> <span class='ocrx_word' id='word_1_547' title='bbox 3667 2829 3732 2880; x_wconf 83' lang='lat' dir='ltr'>ut</span> <span class='ocrx_word' id='word_1_548' title='bbox 3751 2842 3851 2882; x_wconf 84' lang='lat' dir='ltr'>ve-</span> 
     </span>
    </p>
   </div>
   <div class='ocr_carea' id='block_1_72' title="bbox 2219 2921 3853 2994">
    <p class='ocr_par' dir='ltr' id='par_1_72' title="bbox 2219 2921 3853 2994">
     <span class='ocr_line' id='line_1_72' title="bbox 2219 2921 3853 2994; baseline -0.003 -17"><span class='ocrx_word' id='word_1_549' title='bbox 2219 2924 2336 2977; x_wconf 89' lang='lat' dir='ltr'>rius</span> <span class='ocrx_word' id='word_1_550' title='bbox 2366 2922 2602 2978; x_wconf 88' lang='lat' dir='ltr'>dicatur.</span> <span class='ocrx_word' id='word_1_551' title='bbox 2632 2924 2918 2994; x_wconf 63' lang='lat' dir='ltr'>Praecepta</span> <span class='ocrx_word' id='word_1_552' title='bbox 2944 2922 3168 2978; x_wconf 91' lang='lat' dir='ltr'>Domini</span> <span class='ocrx_word' id='word_1_553' title='bbox 3205 2921 3613 2992; x_wconf 89' lang='lat' dir='ltr'>doctorumque</span> <span class='ocrx_word' id='word_1_554' title='bbox 3637 2935 3700 2973; x_wconf 89' lang='lat' dir='ltr'>ac</span> <span class='ocrx_word' id='word_1_555' title='bbox 3725 2935 3853 2973; x_wconf 88' lang='lat' dir='ltr'>ma-</span> 
     </span>
    </p>
   </div>
   <div class='ocr_carea' id='block_1_73' title="bbox 2206 2995 3856 3087">
    <p class='ocr_par' dir='ltr' id='par_1_73' title="bbox 2206 2995 3856 3087">
     <span class='ocr_line' id='line_1_73' title="bbox 2206 2995 3856 3087; baseline -0.002 -17"><span class='ocrx_word' id='word_1_556' title='bbox 2206 2995 2526 3087; x_wconf 43' lang='lat' dir='ltr'>‘gistrorum</span> <span class='ocrx_word' id='word_1_557' title='bbox 2569 3016 2730 3071; x_wconf 88' lang='lat' dir='ltr'>factis</span> <span class='ocrx_word' id='word_1_558' title='bbox 2775 3015 3025 3087; x_wconf 91' lang='lat' dir='ltr'>quotidie</span> <span class='ocrx_word' id='word_1_559' title='bbox 3069 3014 3403 3086; x_wconf 88' lang='lat' dir='ltr'>adimplere,</span> <span class='ocrx_word' id='word_1_560' title='bbox 3445 3016 3504 3067; x_wconf 90' lang='lat' dir='ltr'>et</span> <span class='ocrx_word' id='word_1_561' title='bbox 3542 3013 3601 3066; x_wconf 93' lang='lat' dir='ltr'>in</span> <span class='ocrx_word' id='word_1_562' title='bbox 3647 3012 3856 3067; x_wconf 88' lang='lat' dir='ltr'>Christi</span> 
     </span>
    </p>
   </div>
   <div class='ocr_carea' id='block_1_74' title="bbox 2136 3105 3855 3224">
    <p class='ocr_par' dir='ltr' id='par_1_74' title="bbox 2136 3105 3855 3224">
     <span class='ocr_line' id='line_1_74' title="bbox 2136 3105 3855 3224; baseline -0.002 -60"><span class='ocrx_word' id='word_1_563' title='bbox 2136 3150 2192 3224; x_wconf 63' lang='grc' dir='ltr'>ϐ</span> <span class='ocrx_word' id='word_1_564' title='bbox 2221 3109 2453 3164; x_wconf 91' lang='lat' dir='ltr'>nomine</span> <span class='ocrx_word' id='word_1_565' title='bbox 2477 3125 2582 3181; x_wconf 91' lang='lat' dir='ltr'>pro</span> <span class='ocrx_word' id='word_1_566' title='bbox 2605 3108 2848 3164; x_wconf 89' lang='lat' dir='ltr'>inimicis</span> <span class='ocrx_word' id='word_1_567' title='bbox 2879 3125 3039 3164; x_wconf 89' lang='lat' dir='ltr'>orare</span> <span class='ocrx_word' id='word_1_568' title='bbox 3065 3109 3304 3180; x_wconf 87' lang='lat' dir='ltr'>oportet.</span> <span class='ocrx_word' id='word_1_569' title='bbox 3337 3105 3667 3161; x_wconf 87' lang='lat' dir='ltr'>Obedientia</span> <span class='ocrx_word' id='word_1_570' title='bbox 3695 3105 3855 3160; x_wconf 89' lang='lat' dir='ltr'>enim</span> 
     </span>
     <span class='ocr_line' id='line_1_75' title="bbox 2222 3197 3827 3224; baseline 0 0"><span class='ocrx_word' id='word_1_571' title='bbox 2222 3206 2271 3224; x_wconf 60' lang='grc' dir='ltr'>,Δ</span> <span class='ocrx_word' id='word_1_572' title='bbox 2296 3202 2608 3224; x_wconf 67' lang='grc' dir='ltr'>ι.--...ξιε-ιι-</span> <span class='ocrx_word' id='word_1_573' title='bbox 2662 3218 2780 3224; x_wconf 71' lang='lat'>____.</span> <span class='ocrx_word' id='word_1_574' title='bbox 2810 3201 3093 3224; x_wconf 61' lang='grc' dir='ltr'>μ.-..2-ι-ξ-</span> <span class='ocrx_word' id='word_1_575' title='bbox 3128 3201 3317 3224; x_wconf 68' lang='grc' dir='ltr'>-.ζι--...</span> <span class='ocrx_word' id='word_1_576' title='bbox 3361 3197 3595 3224; x_wconf 56' lang='grc' dir='ltr'>ῃΑ-υιζᾏΑ</span> <span class='ocrx_word' id='word_1_577' title='bbox 3626 3197 3827 3224; x_wconf 59' lang='grc' dir='ltr'>ιιι-ιηζιιιι</span> 
     </span>
    </p>
   </div>
   <div class='ocr_carea' id='block_1_75' title="bbox 2215 3197 3856 3274">
    <p class='ocr_par' dir='ltr' id='par_1_75' title="bbox 2215 3197 3856 3274">
     <span class='ocr_line' id='line_1_76' title="bbox 2215 3197 3856 3274; baseline -0.003 -18"><span class='ocrx_word' id='word_1_578' title='bbox 2215 3206 2272 3256; x_wconf 92' lang='lat' dir='ltr'>et</span> <span class='ocrx_word' id='word_1_579' title='bbox 2296 3202 2633 3272; x_wconf 87' lang='lat' dir='ltr'>humiliatio,</span> <span class='ocrx_word' id='word_1_580' title='bbox 2657 3218 2786 3273; x_wconf 62' lang='lat' dir='ltr'>qua:</span> <span class='ocrx_word' id='word_1_581' title='bbox 2809 3201 3096 3274; x_wconf 88' lang='lat' dir='ltr'>magistris</span> <span class='ocrx_word' id='word_1_582' title='bbox 3126 3201 3338 3272; x_wconf 88' lang='lat' dir='ltr'>agitur,</span> <span class='ocrx_word' id='word_1_583' title='bbox 3361 3197 3597 3254; x_wconf 91' lang='lat' dir='ltr'>Domino</span> <span class='ocrx_word' id='word_1_584' title='bbox 3622 3197 3856 3252; x_wconf 81' lang='lat' dir='ltr'>exhibe-</span> 
     </span>
    </p>
   </div>
   <div class='ocr_carea' id='block_1_76' title="bbox 2211 3290 3858 3360">
    <p class='ocr_par' dir='ltr' id='par_1_76' title="bbox 2211 3290 3858 3360">
     <span class='ocr_line' id='line_1_77' title="bbox 2211 3290 3858 3360; baseline -0.002 -11"><span class='ocrx_word' id='word_1_585' title='bbox 2211 3298 2323 3350; x_wconf 89' lang='lat' dir='ltr'>tur.</span> <span class='ocrx_word' id='word_1_586' title='bbox 2355 3316 2383 3345; x_wconf 92' lang='grc'>‹‹</span> <span class='ocrx_word' id='word_1_587' title='bbox 2413 3295 2611 3349; x_wconf 90' lang='lat' dir='ltr'>Timor</span> <span class='ocrx_word' id='word_1_588' title='bbox 2640 3294 2866 3349; x_wconf 87' lang='lat' dir='ltr'>Domini</span> <span class='ocrx_word' id='word_1_589' title='bbox 2894 3292 3208 3360; x_wconf 89' lang='lat' dir='ltr'>delectabit,</span> <span class='ocrx_word' id='word_1_590' title='bbox 3243 3298 3299 3348; x_wconf 90' lang='lat' dir='ltr'>et</span> <span class='ocrx_word' id='word_1_591' title='bbox 3330 3291 3488 3347; x_wconf 89' lang='lat' dir='ltr'>dabit</span> <span class='ocrx_word' id='word_1_592' title='bbox 3511 3290 3768 3347; x_wconf 73' lang='lat' dir='ltr'>laetitiam</span> <span class='ocrx_word' id='word_1_593' title='bbox 3795 3296 3858 3346; x_wconf 89' lang='lat' dir='ltr'>et</span> 
     </span>
    </p>
   </div>
   <div class='ocr_carea' id='block_1_77' title="bbox 2215 3384 3853 3460">
    <p class='ocr_par' dir='ltr' id='par_1_77' title="bbox 2215 3384 3853 3460">
     <span class='ocr_line' id='line_1_78' title="bbox 2215 3384 3853 3460; baseline -0.003 -17"><span class='ocrx_word' id='word_1_594' title='bbox 2215 3387 2486 3460; x_wconf 89' lang='lat' dir='ltr'>gaudium</span> <span class='ocrx_word' id='word_1_595' title='bbox 2527 3387 2588 3442; x_wconf 91' lang='lat' dir='ltr'>in</span> <span class='ocrx_word' id='word_1_596' title='bbox 2631 3387 3046 3459; x_wconf 90' lang='lat' dir='ltr'>longitudinem</span> <span class='ocrx_word' id='word_1_597' title='bbox 3091 3386 3336 3442; x_wconf 87' lang='lat' dir='ltr'>dierum.</span> <span class='ocrx_word' id='word_1_598' title='bbox 3364 3384 3610 3440; x_wconf 87' lang='lat' dir='ltr'>Timenti</span> <span class='ocrx_word' id='word_1_599' title='bbox 3655 3384 3853 3438; x_wconf 92' lang='lat' dir='ltr'>Domi-</span> 
     </span>
    </p>
   </div>
   <div class='ocr_carea' id='block_1_78' title="bbox 2211 3476 3857 3536">
    <p class='ocr_par' dir='ltr' id='par_1_78' title="bbox 2211 3476 3857 3536">
     <span class='ocr_line' id='line_1_79' title="bbox 2211 3476 3857 3536; baseline -0.002 0"><span class='ocrx_word' id='word_1_600' title='bbox 2211 3497 2353 3536; x_wconf 93' lang='lat' dir='ltr'>num</span> <span class='ocrx_word' id='word_1_601' title='bbox 2398 3480 2544 3536; x_wconf 90' lang='lat' dir='ltr'>bene</span> <span class='ocrx_word' id='word_1_602' title='bbox 2587 3480 2693 3536; x_wconf 91' lang='lat' dir='ltr'>erit</span> <span class='ocrx_word' id='word_1_603' title='bbox 2738 3480 2798 3535; x_wconf 90' lang='lat' dir='ltr'>in</span> <span class='ocrx_word' id='word_1_604' title='bbox 2841 3479 3109 3536; x_wconf 83' lang='lat' dir='ltr'>extremis</span> <span class='ocrx_word' id='word_1_605' title='bbox 3149 3483 3206 3534; x_wconf 90' lang='lat' dir='ltr'>et</span> <span class='ocrx_word' id='word_1_606' title='bbox 3247 3479 3308 3533; x_wconf 92' lang='lat' dir='ltr'>in</span> <span class='ocrx_word' id='word_1_607' title='bbox 3350 3477 3439 3534; x_wconf 91' lang='lat' dir='ltr'>die</span> <span class='ocrx_word' id='word_1_608' title='bbox 3469 3476 3857 3532; x_wconf 88' lang='lat' dir='ltr'>defunctionis</span> 
     </span>
    </p>
   </div>
   <div class='ocr_carea' id='block_1_79' title="bbox 2212 3569 3857 3647">
    <p class='ocr_par' dir='ltr' id='par_1_79' title="bbox 2212 3569 3857 3647">
     <span class='ocr_line' id='line_1_80' title="bbox 2212 3569 3857 3647; baseline -0.002 -19"><span class='ocrx_word' id='word_1_609' title='bbox 2212 3591 2328 3628; x_wconf 87' lang='lat' dir='ltr'>suae</span> <span class='ocrx_word' id='word_1_610' title='bbox 2377 3573 2675 3630; x_wconf 89' lang='lat' dir='ltr'>benedicet</span> <span class='ocrx_word' id='word_1_611' title='bbox 2723 3573 2908 3647; x_wconf 79' lang='lat' dir='ltr'>(Eccli.</span> <span class='ocrx_word' id='word_1_612' title='bbox 2958 3589 3012 3641; x_wconf 87' lang='lat'>1,</span> <span class='ocrx_word' id='word_1_613' title='bbox 3075 3576 3173 3640; x_wconf 82' lang='grc'><strong>12,</strong></span> <span class='ocrx_word' id='word_1_614' title='bbox 3228 3573 3337 3639; x_wconf 79' lang='lat' dir='ltr'>l3).</span> <span class='ocrx_word' id='word_1_615' title='bbox 3388 3592 3417 3622; x_wconf 85' lang='lat'>»</span> <span class='ocrx_word' id='word_1_616' title='bbox 3479 3572 3572 3625; x_wconf 75' lang='lat' dir='ltr'>Vae</span> <span class='ocrx_word' id='word_1_617' title='bbox 3620 3569 3857 3624; x_wconf 88' lang='lat' dir='ltr'>dissolu-</span> 
     </span>
    </p>
   </div>
   <div class='ocr_carea' id='block_1_80' title="bbox 2212 3662 3856 3739">
    <p class='ocr_par' dir='ltr' id='par_1_80' title="bbox 2212 3662 3856 3739">
     <span class='ocr_line' id='line_1_81' title="bbox 2212 3662 3856 3739; baseline -0.003 -18"><span class='ocrx_word' id='word_1_618' title='bbox 2212 3667 2284 3721; x_wconf 90' lang='lat' dir='ltr'>tis</span> <span class='ocrx_word' id='word_1_619' title='bbox 2333 3667 2523 3734; x_wconf 91' lang='lat' dir='ltr'>corde,</span> <span class='ocrx_word' id='word_1_620' title='bbox 2576 3667 2677 3739; x_wconf 91' lang='lat' dir='ltr'>qui</span> <span class='ocrx_word' id='word_1_621' title='bbox 2726 3683 2846 3722; x_wconf 91' lang='lat' dir='ltr'>non</span> <span class='ocrx_word' id='word_1_622' title='bbox 2893 3665 3260 3720; x_wconf 90' lang='lat' dir='ltr'>crediderunt</span> <span class='ocrx_word' id='word_1_623' title='bbox 3300 3664 3432 3731; x_wconf 90' lang='lat' dir='ltr'>Deo,</span> <span class='ocrx_word' id='word_1_624' title='bbox 3480 3667 3537 3718; x_wconf 92' lang='lat' dir='ltr'>et</span> <span class='ocrx_word' id='word_1_625' title='bbox 3577 3662 3856 3718; x_wconf 88' lang='lat' dir='ltr'>resistunt</span> 
     </span>
    </p>
   </div>
   <div class='ocr_carea' id='block_1_81' title="bbox 2212 3758 3855 3830">
    <p class='ocr_par' dir='ltr' id='par_1_81' title="bbox 2212 3758 3855 3830">
     <span class='ocr_line' id='line_1_82' title="bbox 2212 3758 3855 3830; baseline -0.003 -16"><span class='ocrx_word' id='word_1_626' title='bbox 2212 3759 2495 3816; x_wconf 90' lang='lat' dir='ltr'>mandatis</span> <span class='ocrx_word' id='word_1_627' title='bbox 2524 3760 2664 3830; x_wconf 90' lang='lat' dir='ltr'>ejus,</span> <span class='ocrx_word' id='word_1_628' title='bbox 2698 3763 2755 3814; x_wconf 92' lang='lat' dir='ltr'>et</span> <span class='ocrx_word' id='word_1_629' title='bbox 2788 3758 3180 3814; x_wconf 89' lang='lat' dir='ltr'>inobedientes</span> <span class='ocrx_word' id='word_1_630' title='bbox 3216 3773 3280 3813; x_wconf 89' lang='lat' dir='ltr'>ac</span> <span class='ocrx_word' id='word_1_631' title='bbox 3327 3759 3681 3811; x_wconf 88' lang='lat' dir='ltr'>contumaces</span> <span class='ocrx_word' id='word_1_632' title='bbox 3715 3761 3855 3810; x_wconf 89' lang='lat' dir='ltr'>sunt</span> 
     </span>
    </p>
   </div>
   <div class='ocr_carea' id='block_1_82' title="bbox 2213 3849 3850 3924">
    <p class='ocr_par' dir='ltr' id='par_1_82' title="bbox 2213 3849 3850 3924">
     <span class='ocr_line' id='line_1_83' title="bbox 2213 3849 3850 3924; baseline -0.001 -18"><span class='ocrx_word' id='word_1_633' title='bbox 2213 3852 2301 3907; x_wconf 89' lang='lat' dir='ltr'>his</span> <span class='ocrx_word' id='word_1_634' title='bbox 2328 3853 2428 3923; x_wconf 91' lang='lat' dir='ltr'>qui</span> <span class='ocrx_word' id='word_1_635' title='bbox 2455 3853 2576 3923; x_wconf 90' lang='lat' dir='ltr'>ejus</span> <span class='ocrx_word' id='word_1_636' title='bbox 2598 3853 2882 3923; x_wconf 88' lang='lat' dir='ltr'>legatione</span> <span class='ocrx_word' id='word_1_637' title='bbox 2908 3852 3252 3924; x_wconf 86' lang='lat' dir='ltr'>funguntur,</span> <span class='ocrx_word' id='word_1_638' title='bbox 3283 3855 3342 3905; x_wconf 89' lang='lat' dir='ltr'>et</span> <span class='ocrx_word' id='word_1_639' title='bbox 3361 3849 3487 3905; x_wconf 90' lang='lat' dir='ltr'>ideo</span> <span class='ocrx_word' id='word_1_640' title='bbox 3513 3865 3629 3904; x_wconf 91' lang='lat' dir='ltr'>non</span> <span class='ocrx_word' id='word_1_641' title='bbox 3653 3850 3850 3920; x_wconf 87' lang='lat' dir='ltr'>prote-</span> 
     </span>
    </p>
   </div>
   <div class='ocr_carea' id='block_1_83' title="bbox 2211 3941 3850 4016">
    <p class='ocr_par' dir='ltr' id='par_1_83' title="bbox 2211 3941 3850 4016">
     <span class='ocr_line' id='line_1_84' title="bbox 2211 3941 3850 4016; baseline -0.002 -18"><span class='ocrx_word' id='word_1_642' title='bbox 2211 3947 2429 4015; x_wconf 89' lang='lat' dir='ltr'>guntur</span> <span class='ocrx_word' id='word_1_643' title='bbox 2453 3943 2523 3998; x_wconf 90' lang='lat' dir='ltr'>ab</span> <span class='ocrx_word' id='word_1_644' title='bbox 2549 3960 2638 4000; x_wconf 92' lang='lat' dir='ltr'>eo.</span> <span class='ocrx_word' id='word_1_645' title='bbox 2668 3946 2763 3999; x_wconf 74' lang='lat' dir='ltr'>Vae</span> <span class='ocrx_word' id='word_1_646' title='bbox 2790 3945 2880 4000; x_wconf 93' lang='lat' dir='ltr'>his</span> <span class='ocrx_word' id='word_1_647' title='bbox 2907 3945 3004 4016; x_wconf 89' lang='lat' dir='ltr'>qui</span> <span class='ocrx_word' id='word_1_648' title='bbox 3030 3944 3403 4016; x_wconf 90' lang='lat' dir='ltr'>perdiderunt</span> <span class='ocrx_word' id='word_1_649' title='bbox 3428 3941 3850 4009; x_wconf 87' lang='lat' dir='ltr'>sustinentiam,</span> 
     </span>
    </p>
   </div>
   <div class='ocr_carea' id='block_1_84' title="bbox 2211 4033 3853 4109">
    <p class='ocr_par' dir='ltr' id='par_1_84' title="bbox 2211 4033 3853 4109">
     <span class='ocr_line' id='line_1_85' title="bbox 2211 4033 3853 4109; baseline -0.002 -19"><span class='ocrx_word' id='word_1_650' title='bbox 2211 4037 2311 4109; x_wconf 89' lang='lat' dir='ltr'>qui</span> <span class='ocrx_word' id='word_1_651' title='bbox 2336 4035 2764 4109; x_wconf 88' lang='lat' dir='ltr'>dereliquerunt</span> <span class='ocrx_word' id='word_1_652' title='bbox 2788 4037 2901 4092; x_wconf 90' lang='lat' dir='ltr'>vias</span> <span class='ocrx_word' id='word_1_653' title='bbox 2933 4042 3129 4106; x_wconf 86' lang='lat' dir='ltr'>rectas,</span> <span class='ocrx_word' id='word_1_654' title='bbox 3159 4041 3216 4092; x_wconf 91' lang='lat' dir='ltr'>et</span> <span class='ocrx_word' id='word_1_655' title='bbox 3240 4036 3592 4092; x_wconf 86' lang='lat' dir='ltr'>diverterunt</span> <span class='ocrx_word' id='word_1_656' title='bbox 3617 4034 3689 4088; x_wconf 87' lang='lat' dir='ltr'>ad</span> <span class='ocrx_word' id='word_1_657' title='bbox 3729 4033 3853 4088; x_wconf 85' lang='lat' dir='ltr'>vias</span> 
     </span>
    </p>
   </div>
   <div class='ocr_carea' id='block_1_85' title="bbox 2211 4126 3854 4203">
    <p class='ocr_par' dir='ltr' id='par_1_85' title="bbox 2211 4126 3854 4203">
     <span class='ocr_line' id='line_1_86' title="bbox 2211 4126 3854 4203; baseline -0.002 -18"><span class='ocrx_word' id='word_1_658' title='bbox 2211 4146 2434 4202; x_wconf 88' lang='lat' dir='ltr'>pravas.</span> <span class='ocrx_word' id='word_1_659' title='bbox 2484 4131 2552 4185; x_wconf 89' lang='lat' dir='ltr'>Et</span> <span class='ocrx_word' id='word_1_660' title='bbox 2606 4130 2742 4203; x_wconf 91' lang='lat' dir='ltr'>quid</span> <span class='ocrx_word' id='word_1_661' title='bbox 2792 4129 3039 4198; x_wconf 87' lang='lat' dir='ltr'>facient,</span> <span class='ocrx_word' id='word_1_662' title='bbox 3097 4146 3230 4185; x_wconf 90' lang='lat' dir='ltr'>cum</span> <span class='ocrx_word' id='word_1_663' title='bbox 3283 4128 3563 4200; x_wconf 90' lang='lat' dir='ltr'>inspicere</span> <span class='ocrx_word' id='word_1_664' title='bbox 3615 4126 3854 4198; x_wconf 77' lang='lat' dir='ltr'>cceperit</span> 
     </span>
    </p>
   </div>
   <div class='ocr_carea' id='block_1_86' title="bbox 2213 4220 3848 4289">
    <p class='ocr_par' dir='ltr' id='par_1_86' title="bbox 2213 4220 3848 4289">
     <span class='ocr_line' id='line_1_87' title="bbox 2213 4220 3848 4289; baseline -0.002 -12"><span class='ocrx_word' id='word_1_665' title='bbox 2213 4223 2506 4279; x_wconf 90' lang='lat' dir='ltr'>Dominus.</span> <span class='ocrx_word' id='word_1_666' title='bbox 2557 4225 2665 4288; x_wconf 88' lang='lat' dir='ltr'>Qui</span> <span class='ocrx_word' id='word_1_667' title='bbox 2720 4225 2925 4281; x_wconf 88' lang='lat' dir='ltr'>timent</span> <span class='ocrx_word' id='word_1_668' title='bbox 2974 4223 3308 4289; x_wconf 90' lang='lat' dir='ltr'>Dominum,</span> <span class='ocrx_word' id='word_1_669' title='bbox 3361 4237 3481 4277; x_wconf 92' lang='lat' dir='ltr'>non</span> <span class='ocrx_word' id='word_1_670' title='bbox 3533 4224 3702 4275; x_wconf 90' lang='lat' dir='ltr'>erunt</span> <span class='ocrx_word' id='word_1_671' title='bbox 3753 4220 3848 4274; x_wconf 90' lang='lat' dir='ltr'>in-</span> 
     </span>
    </p>
   </div>
   <div class='ocr_carea' id='block_1_87' title="bbox 2210 4313 3852 4389">
    <p class='ocr_par' dir='ltr' id='par_1_87' title="bbox 2210 4313 3852 4389">
     <span class='ocr_line' id='line_1_88' title="bbox 2210 4313 3852 4389; baseline -0.003 -17"><span class='ocrx_word' id='word_1_672' title='bbox 2210 4317 2503 4374; x_wconf 82' lang='lat' dir='ltr'>credibiles</span> <span class='ocrx_word' id='word_1_673' title='bbox 2527 4319 2701 4374; x_wconf 89' lang='lat' dir='ltr'>verbo</span> <span class='ocrx_word' id='word_1_674' title='bbox 2727 4317 2897 4386; x_wconf 92' lang='lat' dir='ltr'>illius,</span> <span class='ocrx_word' id='word_1_675' title='bbox 2928 4321 2986 4372; x_wconf 92' lang='lat' dir='ltr'>et</span> <span class='ocrx_word' id='word_1_676' title='bbox 3009 4317 3107 4389; x_wconf 92' lang='lat' dir='ltr'>qui</span> <span class='ocrx_word' id='word_1_677' title='bbox 3139 4315 3392 4386; x_wconf 89' lang='lat' dir='ltr'>diligunt</span> <span class='ocrx_word' id='word_1_678' title='bbox 3413 4313 3596 4381; x_wconf 89' lang='lat' dir='ltr'>illum,</span> <span class='ocrx_word' id='word_1_679' title='bbox 3619 4327 3852 4368; x_wconf 83' lang='lat' dir='ltr'>conser-</span> 
     </span>
    </p>
   </div>
   <div class='ocr_carea' id='block_1_88' title="bbox 2209 4405 3854 4478">
    <p class='ocr_par' dir='ltr' id='par_1_88' title="bbox 2209 4405 3854 4478">
     <span class='ocr_line' id='line_1_89' title="bbox 2209 4405 3854 4478; baseline -0.002 -14"><span class='ocrx_word' id='word_1_680' title='bbox 2209 4410 2423 4465; x_wconf 89' lang='lat' dir='ltr'>vabunt</span> <span class='ocrx_word' id='word_1_681' title='bbox 2447 4411 2596 4466; x_wconf 90' lang='lat' dir='ltr'>viam</span> <span class='ocrx_word' id='word_1_682' title='bbox 2623 4410 2795 4467; x_wconf 90' lang='lat' dir='ltr'>illius.</span> <span class='ocrx_word' id='word_1_683' title='bbox 2825 4410 2930 4475; x_wconf 85' lang='lat' dir='ltr'>Qui</span> <span class='ocrx_word' id='word_1_684' title='bbox 2960 4409 3164 4464; x_wconf 91' lang='lat' dir='ltr'>timent</span> <span class='ocrx_word' id='word_1_685' title='bbox 3189 4407 3520 4474; x_wconf 90' lang='lat' dir='ltr'>Dominum,</span> <span class='ocrx_word' id='word_1_686' title='bbox 3553 4405 3854 4478; x_wconf 77' lang='lat' dir='ltr'>inquirant</span> 
     </span>
    </p>
   </div>
   <div class='ocr_carea' id='block_1_89' title="bbox 480 4499 3852 4590">
    <p class='ocr_par' dir='ltr' id='par_1_89' title="bbox 480 4499 3852 4590">
     <span class='ocr_line' id='line_1_90' title="bbox 480 4499 3852 4590; baseline -0.001 -34"><span class='ocrx_word' id='word_1_687' title='bbox 480 4501 787 4572; x_wconf 90' lang='lat' dir='ltr'>honorare,</span> <span class='ocrx_word' id='word_1_688' title='bbox 828 4516 1030 4571; x_wconf 89' lang='lat' dir='ltr'>corpus</span> <span class='ocrx_word' id='word_1_689' title='bbox 1063 4499 1368 4571; x_wconf 89' lang='lat' dir='ltr'>custodire,</span> <span class='ocrx_word' id='word_1_690' title='bbox 1406 4516 1578 4555; x_wconf 89' lang='lat' dir='ltr'>vanas</span> <span class='ocrx_word' id='word_1_691' title='bbox 1615 4504 1672 4555; x_wconf 93' lang='lat' dir='ltr'>et</span> <span class='ocrx_word' id='word_1_692' title='bbox 1712 4500 1952 4556; x_wconf 91' lang='lat' dir='ltr'>caducas</span> <span class='ocrx_word' id='word_1_693' title='bbox 1995 4516 2111 4556; x_wconf 91' lang='lat' dir='ltr'>non</span> <span class='ocrx_word' id='word_1_694' title='bbox 2128 4515 2189 4590; x_wconf 85' lang='lat' dir='ltr'><strong>D</strong></span> <span class='ocrx_word' id='word_1_695' title='bbox 2212 4519 2341 4576; x_wconf 63' lang='lat' dir='ltr'>quae</span> <span class='ocrx_word' id='word_1_696' title='bbox 2378 4504 2732 4577; x_wconf 86' lang='lat' dir='ltr'>beneplacita</span> <span class='ocrx_word' id='word_1_697' title='bbox 2775 4508 2907 4559; x_wconf 91' lang='lat' dir='ltr'>sunt</span> <span class='ocrx_word' id='word_1_698' title='bbox 2942 4502 3045 4572; x_wconf 92' lang='lat' dir='ltr'>illi,</span> <span class='ocrx_word' id='word_1_699' title='bbox 3075 4506 3133 4558; x_wconf 89' lang='lat' dir='ltr'>et</span> <span class='ocrx_word' id='word_1_700' title='bbox 3167 4501 3266 4573; x_wconf 91' lang='lat' dir='ltr'>qui</span> <span class='ocrx_word' id='word_1_701' title='bbox 3295 4500 3547 4572; x_wconf 89' lang='lat' dir='ltr'>diligunt</span> <span class='ocrx_word' id='word_1_702' title='bbox 3576 4515 3730 4568; x_wconf 91' lang='lat' dir='ltr'>eum,</span> <span class='ocrx_word' id='word_1_703' title='bbox 3760 4515 3852 4554; x_wconf 85' lang='lat' dir='ltr'>re-</span> 
     </span>
    </p>
   </div>
   <div class='ocr_carea' id='block_1_90' title="bbox 479 4593 2108 4667">
    <p class='ocr_par' dir='ltr' id='par_1_90' title="bbox 479 4593 2108 4667">
     <span class='ocr_line' id='line_1_91' title="bbox 479 4593 2108 4667; baseline -0.001 -17"><span class='ocrx_word' id='word_1_704' title='bbox 479 4594 746 4667; x_wconf 90' lang='lat' dir='ltr'>amplecti</span> <span class='ocrx_word' id='word_1_705' title='bbox 777 4593 1021 4663; x_wconf 92' lang='lat' dir='ltr'>delicias,</span> <span class='ocrx_word' id='word_1_706' title='bbox 1046 4593 1333 4665; x_wconf 87' lang='lat' dir='ltr'>jejunium</span> <span class='ocrx_word' id='word_1_707' title='bbox 1373 4597 1430 4650; x_wconf 92' lang='lat' dir='ltr'>et</span> <span class='ocrx_word' id='word_1_708' title='bbox 1457 4593 1674 4665; x_wconf 89' lang='lat' dir='ltr'>vigilias</span> <span class='ocrx_word' id='word_1_709' title='bbox 1698 4598 1917 4649; x_wconf 90' lang='lat' dir='ltr'>sanctas</span> <span class='ocrx_word' id='word_1_710' title='bbox 1953 4609 2108 4648; x_wconf 84' lang='lat' dir='ltr'>ama-</span> 
     </span>
    </p>
   </div>
   <div class='ocr_carea' id='block_1_91' title="bbox 480 4686 2110 4760">
    <p class='ocr_par' dir='ltr' id='par_1_91' title="bbox 480 4686 2110 4760">
     <span class='ocr_line' id='line_1_92' title="bbox 480 4686 2110 4760; baseline -0.001 -16"><span class='ocrx_word' id='word_1_711' title='bbox 480 4705 563 4759; x_wconf 90' lang='lat' dir='ltr'>re,</span> <span class='ocrx_word' id='word_1_712' title='bbox 597 4704 874 4760; x_wconf 89' lang='lat' dir='ltr'>pauperes</span> <span class='ocrx_word' id='word_1_713' title='bbox 899 4703 1176 4756; x_wconf 90' lang='lat' dir='ltr'>recreare,</span> <span class='ocrx_word' id='word_1_714' title='bbox 1205 4687 1390 4742; x_wconf 91' lang='lat' dir='ltr'>nudos</span> <span class='ocrx_word' id='word_1_715' title='bbox 1429 4687 1652 4756; x_wconf 87' lang='lat' dir='ltr'>vestire,</span> <span class='ocrx_word' id='word_1_716' title='bbox 1680 4687 1936 4742; x_wconf 80' lang='lat' dir='ltr'>inﬁrmos</span> <span class='ocrx_word' id='word_1_717' title='bbox 1981 4686 2110 4742; x_wconf 87' lang='lat' dir='ltr'>visi-</span> 
     </span>
    </p>
   </div>
   <div class='ocr_carea' id='block_1_92' title="bbox 480 4779 2110 4853">
    <p class='ocr_par' dir='ltr' id='par_1_92' title="bbox 480 4779 2110 4853">
     <span class='ocr_line' id='line_1_93' title="bbox 480 4779 2110 4853; baseline -0.001 -16"><span class='ocrx_word' id='word_1_718' title='bbox 480 4785 622 4852; x_wconf 83' lang='lat' dir='ltr'>tare,</span> <span class='ocrx_word' id='word_1_719' title='bbox 650 4782 904 4838; x_wconf 89' lang='lat' dir='ltr'>sitientes</span> <span class='ocrx_word' id='word_1_720' title='bbox 943 4787 1158 4853; x_wconf 88' lang='lat' dir='ltr'>potare,</span> <span class='ocrx_word' id='word_1_721' title='bbox 1189 4786 1443 4836; x_wconf 91' lang='lat' dir='ltr'>mortuos</span> <span class='ocrx_word' id='word_1_722' title='bbox 1478 4780 1736 4852; x_wconf 88' lang='lat' dir='ltr'>sepelire,</span> <span class='ocrx_word' id='word_1_723' title='bbox 1769 4783 1828 4836; x_wconf 90' lang='lat' dir='ltr'>et</span> <span class='ocrx_word' id='word_1_724' title='bbox 1861 4779 2110 4852; x_wconf 88' lang='lat' dir='ltr'>diligen-</span> 
     </span>
    </p>
   </div>
   <div class='ocr_carea' id='block_1_93' title="bbox 481 4874 2113 4947">
    <p class='ocr_par' dir='ltr' id='par_1_93' title="bbox 481 4874 2113 4947">
     <span class='ocr_line' id='line_1_94' title="bbox 481 4874 2113 4947; baseline -0.002 -15"><span class='ocrx_word' id='word_1_725' title='bbox 481 4882 570 4932; x_wconf 87' lang='lat' dir='ltr'>ter</span> <span class='ocrx_word' id='word_1_726' title='bbox 607 4891 805 4931; x_wconf 93' lang='lat' dir='ltr'>eorum</span> <span class='ocrx_word' id='word_1_727' title='bbox 835 4875 1127 4947; x_wconf 82' lang='lat' dir='ltr'>exsequias</span> <span class='ocrx_word' id='word_1_728' title='bbox 1156 4891 1454 4947; x_wconf 88' lang='lat' dir='ltr'>peragere,</span> <span class='ocrx_word' id='word_1_729' title='bbox 1483 4891 1588 4946; x_wconf 90' lang='lat' dir='ltr'>pro</span> <span class='ocrx_word' id='word_1_730' title='bbox 1623 4874 1814 4946; x_wconf 90' lang='lat' dir='ltr'>eisque</span> <span class='ocrx_word' id='word_1_731' title='bbox 1841 4889 2022 4942; x_wconf 89' lang='lat' dir='ltr'>orare,</span> <span class='ocrx_word' id='word_1_732' title='bbox 2057 4877 2113 4929; x_wconf 88' lang='lat' dir='ltr'>et</span> 
     </span>
    </p>
   </div>
   <div class='ocr_carea' id='block_1_94' title="bbox 485 4967 2111 5040">
    <p class='ocr_par' dir='ltr' id='par_1_94' title="bbox 485 4967 2111 5040">
     <span class='ocr_line' id='line_1_95' title="bbox 485 4967 2111 5040; baseline -0.003 -14"><span class='ocrx_word' id='word_1_733' title='bbox 485 4972 866 5040; x_wconf 84' lang='lat' dir='ltr'>eleemosynas</span> <span class='ocrx_word' id='word_1_734' title='bbox 893 4969 1050 5025; x_wconf 90' lang='lat' dir='ltr'>dare.</span> <span class='ocrx_word' id='word_1_735' title='bbox 1080 4969 1347 5024; x_wconf 78' lang='lat' dir='ltr'>Dolantes</span> <span class='ocrx_word' id='word_1_736' title='bbox 1385 4967 1682 5038; x_wconf 92' lang='lat' dir='ltr'>consolari,</span> <span class='ocrx_word' id='word_1_737' title='bbox 1715 4972 1772 5023; x_wconf 89' lang='lat' dir='ltr'>et</span> <span class='ocrx_word' id='word_1_738' title='bbox 1808 4967 1923 5022; x_wconf 90' lang='lat' dir='ltr'>suis</span> <span class='ocrx_word' id='word_1_739' title='bbox 1947 4967 2111 5023; x_wconf 88' lang='lat' dir='ltr'>bonis</span> 
     </span>
    </p>
   </div>
   <div class='ocr_carea' id='block_1_95' title="bbox 483 5061 2110 5130">
    <p class='ocr_par' dir='ltr' id='par_1_95' title="bbox 483 5061 2110 5130">
     <span class='ocr_line' id='line_1_96' title="bbox 483 5061 2110 5130; baseline -0.002 -10"><span class='ocrx_word' id='word_1_740' title='bbox 483 5064 740 5121; x_wconf 86' lang='lat' dir='ltr'>refovere</span> <span class='ocrx_word' id='word_1_741' title='bbox 766 5068 822 5118; x_wconf 91' lang='lat' dir='ltr'>et</span> <span class='ocrx_word' id='word_1_742' title='bbox 858 5079 891 5116; x_wconf 91' lang='lat' dir='ltr'>a</span> <span class='ocrx_word' id='word_1_743' title='bbox 934 5062 1102 5117; x_wconf 90' lang='lat' dir='ltr'>malis</span> <span class='ocrx_word' id='word_1_744' title='bbox 1136 5062 1352 5117; x_wconf 90' lang='lat' dir='ltr'>actibus</span> <span class='ocrx_word' id='word_1_745' title='bbox 1381 5078 1440 5117; x_wconf 90' lang='lat' dir='ltr'>se</span> <span class='ocrx_word' id='word_1_746' title='bbox 1471 5061 1725 5118; x_wconf 89' lang='lat' dir='ltr'>alienum</span> <span class='ocrx_word' id='word_1_747' title='bbox 1752 5062 1967 5130; x_wconf 88' lang='lat' dir='ltr'>facere;</span> <span class='ocrx_word' id='word_1_748' title='bbox 1995 5077 2110 5117; x_wconf 91' lang='lat' dir='ltr'>non</span> 
     </span>
    </p>
   </div>
   <div class='ocr_carea' id='block_1_96' title="bbox 485 5156 2111 5230">
    <p class='ocr_par' dir='ltr' id='par_1_96' title="bbox 485 5156 2111 5230">
     <span class='ocr_line' id='line_1_97' title="bbox 485 5156 2111 5230; baseline -0.004 -13"><span class='ocrx_word' id='word_1_749' title='bbox 485 5175 605 5217; x_wconf 91' lang='lat' dir='ltr'>esse</span> <span class='ocrx_word' id='word_1_750' title='bbox 645 5157 976 5230; x_wconf 90' lang='lat' dir='ltr'>superbum,</span> <span class='ocrx_word' id='word_1_751' title='bbox 1009 5178 1037 5207; x_wconf 86' lang='lat'><strong>«</strong></span> <span class='ocrx_word' id='word_1_752' title='bbox 1062 5173 1178 5212; x_wconf 90' lang='lat' dir='ltr'>non</span> <span class='ocrx_word' id='word_1_753' title='bbox 1224 5156 1576 5212; x_wconf 91' lang='lat' dir='ltr'>vinolentum</span> <span class='ocrx_word' id='word_1_754' title='bbox 1605 5156 1733 5227; x_wconf 78' lang='lat' dir='ltr'>(Tit.</span> <span class='ocrx_word' id='word_1_755' title='bbox 1775 5173 1818 5227; x_wconf 80' lang='grc' dir='ltr'>ι,</span> <span class='ocrx_word' id='word_1_756' title='bbox 1840 5156 1916 5228; x_wconf 89' lang='grc'>7),</span> <span class='ocrx_word' id='word_1_757' title='bbox 1946 5177 1975 5208; x_wconf 84' lang='grc'>››</span> <span class='ocrx_word' id='word_1_758' title='bbox 2005 5171 2111 5211; x_wconf 92' lang='lat' dir='ltr'>nec</span> 
     </span>
    </p>
   </div>
   <div class='ocr_carea' id='block_1_97' title="bbox 483 5249 2107 5321">
    <p class='ocr_par' dir='ltr' id='par_1_97' title="bbox 483 5249 2107 5321">
     <span class='ocr_line' id='line_1_98' title="bbox 483 5249 2107 5321; baseline -0.004 -10"><span class='ocrx_word' id='word_1_759' title='bbox 483 5254 730 5311; x_wconf 91' lang='lat' dir='ltr'>multum</span> <span class='ocrx_word' id='word_1_760' title='bbox 772 5251 1028 5320; x_wconf 90' lang='lat' dir='ltr'>edacem,</span> <span class='ocrx_word' id='word_1_761' title='bbox 1060 5266 1176 5306; x_wconf 92' lang='lat' dir='ltr'>non</span> <span class='ocrx_word' id='word_1_762' title='bbox 1222 5249 1668 5318; x_wconf 91' lang='lat' dir='ltr'>somnolentum,</span> <span class='ocrx_word' id='word_1_763' title='bbox 1697 5265 1815 5304; x_wconf 90' lang='lat' dir='ltr'>non</span> <span class='ocrx_word' id='word_1_764' title='bbox 1855 5249 2107 5321; x_wconf 91' lang='lat' dir='ltr'>pigrum,</span> 
     </span>
    </p>
   </div>
   <div class='ocr_carea' id='block_1_98' title="bbox 483 5341 2112 5416">
    <p class='ocr_par' dir='ltr' id='par_1_98' title="bbox 483 5341 2112 5416">
     <span class='ocr_line' id='line_1_99' title="bbox 483 5341 2112 5416; baseline -0.007 -9"><span class='ocrx_word' id='word_1_765' title='bbox 483 5367 603 5407; x_wconf 91' lang='lat' dir='ltr'>non</span> <span class='ocrx_word' id='word_1_766' title='bbox 661 5349 1164 5412; x_wconf 85' lang='lat' dir='ltr'>murmuratorem,</span> <span class='ocrx_word' id='word_1_767' title='bbox 1223 5360 1326 5416; x_wconf 83' lang='lat' dir='ltr'>nec</span> <span class='ocrx_word' id='word_1_768' title='bbox 1374 5344 1770 5414; x_wconf 79' lang='lat' dir='ltr'>detructorem,</span> <span class='ocrx_word' id='word_1_769' title='bbox 1825 5342 1960 5414; x_wconf 88' lang='lat' dir='ltr'>quia</span> <span class='ocrx_word' id='word_1_770' title='bbox 2011 5341 2112 5414; x_wconf 90' lang='lat' dir='ltr'>qui</span> 
     </span>
    </p>
   </div>
   <div class='ocr_carea' id='block_1_99' title="bbox 486 5434 2106 5510">
    <p class='ocr_par' dir='ltr' id='par_1_99' title="bbox 486 5434 2106 5510">
     <span class='ocr_line' id='line_1_100' title="bbox 486 5434 2106 5510; baseline -0.007 -9"><span class='ocrx_word' id='word_1_771' title='bbox 486 5442 756 5510; x_wconf 90' lang='lat' dir='ltr'>detrahit,</span> <span class='ocrx_word' id='word_1_772' title='bbox 799 5457 918 5496; x_wconf 91' lang='lat' dir='ltr'>non</span> <span class='ocrx_word' id='word_1_773' title='bbox 961 5441 1143 5497; x_wconf 91' lang='lat' dir='ltr'>solum</span> <span class='ocrx_word' id='word_1_774' title='bbox 1177 5455 1256 5509; x_wconf 91' lang='lat' dir='ltr'>se,</span> <span class='ocrx_word' id='word_1_775' title='bbox 1293 5437 1391 5493; x_wconf 90' lang='lat' dir='ltr'>sed</span> <span class='ocrx_word' id='word_1_776' title='bbox 1427 5438 1635 5493; x_wconf 91' lang='lat' dir='ltr'>multos</span> <span class='ocrx_word' id='word_1_777' title='bbox 1684 5437 1823 5492; x_wconf 90' lang='lat' dir='ltr'>alios</span> <span class='ocrx_word' id='word_1_778' title='bbox 1877 5434 2106 5505; x_wconf 82' lang='lat' dir='ltr'>occidit;</span> 
     </span>
    </p>
   </div>
   <div class='ocr_carea' id='block_1_100' title="bbox 484 5532 2107 5608">
    <p class='ocr_par' dir='ltr' id='par_1_100' title="bbox 484 5532 2107 5608">
     <span class='ocr_line' id='line_1_101' title="bbox 484 5532 2107 5608; baseline -0.007 -14"><span class='ocrx_word' id='word_1_779' title='bbox 484 5541 628 5596; x_wconf 88' lang='lat' dir='ltr'>iram</span> <span class='ocrx_word' id='word_1_780' title='bbox 683 5553 798 5593; x_wconf 89' lang='lat' dir='ltr'>non</span> <span class='ocrx_word' id='word_1_781' title='bbox 853 5535 1141 5608; x_wconf 87' lang='lat' dir='ltr'>perﬁcere,</span> <span class='ocrx_word' id='word_1_782' title='bbox 1185 5549 1288 5588; x_wconf 89' lang='lat' dir='ltr'>nec</span> <span class='ocrx_word' id='word_1_783' title='bbox 1317 5532 1623 5587; x_wconf 77' lang='lat' dir='ltr'>iracundiae</span> <span class='ocrx_word' id='word_1_784' title='bbox 1649 5536 1875 5600; x_wconf 91' lang='lat' dir='ltr'>tempus</span> <span class='ocrx_word' id='word_1_785' title='bbox 1921 5545 2107 5584; x_wconf 91' lang='lat' dir='ltr'>reser-</span> 
     </span>
    </p>
   </div>
   <div class='ocr_carea' id='block_1_101' title="bbox 485 5623 2108 5695">
    <p class='ocr_par' dir='ltr' id='par_1_101' title="bbox 485 5623 2108 5695">
     <span class='ocr_line' id='line_1_102' title="bbox 485 5623 2108 5695; baseline -0.006 -8"><span class='ocrx_word' id='word_1_786' title='bbox 485 5650 634 5690; x_wconf 88' lang='lat' dir='ltr'>vare.</span> <span class='ocrx_word' id='word_1_787' title='bbox 666 5632 872 5688; x_wconf 91' lang='lat' dir='ltr'>Dolum</span> <span class='ocrx_word' id='word_1_788' title='bbox 902 5630 963 5685; x_wconf 92' lang='lat' dir='ltr'>in</span> <span class='ocrx_word' id='word_1_789' title='bbox 992 5628 1160 5685; x_wconf 90' lang='lat' dir='ltr'>corde</span> <span class='ocrx_word' id='word_1_790' title='bbox 1179 5643 1294 5683; x_wconf 93' lang='lat' dir='ltr'>non</span> <span class='ocrx_word' id='word_1_791' title='bbox 1323 5631 1535 5694; x_wconf 89' lang='lat' dir='ltr'>tenere,</span> <span class='ocrx_word' id='word_1_792' title='bbox 1564 5641 1669 5680; x_wconf 91' lang='lat' dir='ltr'>nec</span> <span class='ocrx_word' id='word_1_793' title='bbox 1691 5639 1888 5695; x_wconf 89' lang='lat' dir='ltr'>pacem</span> <span class='ocrx_word' id='word_1_794' title='bbox 1913 5623 2108 5678; x_wconf 83' lang='lat' dir='ltr'>falsam</span> 
     </span>
    </p>
   </div>
   <div class='ocr_carea' id='block_1_102' title="bbox 485 5717 2110 5796">
    <p class='ocr_par' dir='ltr' id='par_1_102' title="bbox 485 5717 2110 5796">
     <span class='ocr_line' id='line_1_103' title="bbox 485 5717 2110 5796; baseline -0.006 -15"><span class='ocrx_word' id='word_1_795' title='bbox 485 5728 641 5796; x_wconf 82' lang='lat' dir='ltr'>dare,</span> <span class='ocrx_word' id='word_1_796' title='bbox 680 5725 1011 5779; x_wconf 84' lang='lat' dir='ltr'>charitatem</span> <span class='ocrx_word' id='word_1_797' title='bbox 1048 5739 1162 5777; x_wconf 87' lang='lat' dir='ltr'>non</span> <span class='ocrx_word' id='word_1_798' title='bbox 1202 5718 1616 5790; x_wconf 86' lang='lat' dir='ltr'>derelinquere,</span> <span class='ocrx_word' id='word_1_799' title='bbox 1655 5733 1760 5772; x_wconf 90' lang='lat' dir='ltr'>nec</span> <span class='ocrx_word' id='word_1_800' title='bbox 1789 5717 2005 5787; x_wconf 88' lang='lat' dir='ltr'>jurare,</span> <span class='ocrx_word' id='word_1_801' title='bbox 2037 5733 2110 5772; x_wconf 91' lang='lat' dir='ltr'>ne</span> 
     </span>
    </p>
   </div>
   <div class='ocr_carea' id='block_1_103' title="bbox 483 5811 2109 5892">
    <p class='ocr_par' dir='ltr' id='par_1_103' title="bbox 483 5811 2109 5892">
     <span class='ocr_line' id='line_1_104' title="bbox 483 5811 2109 5892; baseline -0.007 -15"><span class='ocrx_word' id='word_1_802' title='bbox 483 5821 626 5877; x_wconf 86' lang='lat' dir='ltr'>forte</span> <span class='ocrx_word' id='word_1_803' title='bbox 667 5818 931 5892; x_wconf 85' lang='lat' dir='ltr'>perjurus</span> <span class='ocrx_word' id='word_1_804' title='bbox 977 5816 1145 5888; x_wconf 86' lang='lat' dir='ltr'>(quod</span> <span class='ocrx_word' id='word_1_805' title='bbox 1187 5813 1359 5885; x_wconf 87' lang='lat' dir='ltr'>absit)</span> <span class='ocrx_word' id='word_1_806' title='bbox 1402 5814 1520 5867; x_wconf 77' lang='lat' dir='ltr'>fiat.</span> <span class='ocrx_word' id='word_1_807' title='bbox 1561 5811 1764 5866; x_wconf 86' lang='lat' dir='ltr'>Malum</span> <span class='ocrx_word' id='word_1_808' title='bbox 1809 5828 1914 5885; x_wconf 88' lang='lat' dir='ltr'>pro</span> <span class='ocrx_word' id='word_1_809' title='bbox 1960 5812 2109 5866; x_wconf 87' lang='lat' dir='ltr'>malo</span> 
     </span>
    </p>
   </div>
   <div class='ocr_carea' id='block_1_104' title="bbox 2210 4593 3849 4670">
    <p class='ocr_par' dir='ltr' id='par_1_104' title="bbox 2210 4593 3849 4670">
     <span class='ocr_line' id='line_1_105' title="bbox 2210 4593 3849 4670; baseline -0.005 -17"><span class='ocrx_word' id='word_1_810' title='bbox 2210 4598 2521 4670; x_wconf 90' lang='lat' dir='ltr'>plebuntur</span> <span class='ocrx_word' id='word_1_811' title='bbox 2565 4597 2693 4669; x_wconf 88' lang='lat' dir='ltr'>lege</span> <span class='ocrx_word' id='word_1_812' title='bbox 2732 4596 2928 4668; x_wconf 90' lang='lat' dir='ltr'>ipsius.</span> <span class='ocrx_word' id='word_1_813' title='bbox 2955 4595 3061 4661; x_wconf 90' lang='lat' dir='ltr'>Qui</span> <span class='ocrx_word' id='word_1_814' title='bbox 3101 4595 3309 4650; x_wconf 90' lang='lat' dir='ltr'>timent</span> <span class='ocrx_word' id='word_1_815' title='bbox 3344 4593 3670 4662; x_wconf 91' lang='lat' dir='ltr'>Dominum,</span> <span class='ocrx_word' id='word_1_816' title='bbox 3694 4608 3849 4663; x_wconf 65' lang='lat' dir='ltr'>prte-</span> 
     </span>
    </p>
   </div>
   <div class='ocr_carea' id='block_1_105' title="bbox 2209 4686 3848 4764">
    <p class='ocr_par' dir='ltr' id='par_1_105' title="bbox 2209 4686 3848 4764">
     <span class='ocr_line' id='line_1_106' title="bbox 2209 4686 3848 4764; baseline -0.005 -16"><span class='ocrx_word' id='word_1_817' title='bbox 2209 4692 2492 4764; x_wconf 88' lang='lat' dir='ltr'>parabunt</span> <span class='ocrx_word' id='word_1_818' title='bbox 2525 4691 2695 4747; x_wconf 89' lang='lat' dir='ltr'>corda</span> <span class='ocrx_word' id='word_1_819' title='bbox 2737 4707 2858 4761; x_wconf 89' lang='lat' dir='ltr'>sua,</span> <span class='ocrx_word' id='word_1_820' title='bbox 2885 4693 2943 4747; x_wconf 90' lang='lat' dir='ltr'>et</span> <span class='ocrx_word' id='word_1_821' title='bbox 2982 4690 3042 4745; x_wconf 92' lang='lat' dir='ltr'>in</span> <span class='ocrx_word' id='word_1_822' title='bbox 3068 4692 3377 4760; x_wconf 88' lang='lat' dir='ltr'>conspectu</span> <span class='ocrx_word' id='word_1_823' title='bbox 3412 4687 3566 4742; x_wconf 90' lang='lat' dir='ltr'>illius</span> <span class='ocrx_word' id='word_1_824' title='bbox 3591 4686 3848 4742; x_wconf 81' lang='lat' dir='ltr'>sanctiﬁ-</span> 
     </span>
    </p>
   </div>
   <div class='ocr_carea' id='block_1_106' title="bbox 2210 4781 3848 4848">
    <p class='ocr_par' dir='ltr' id='par_1_106' title="bbox 2210 4781 3848 4848">
     <span class='ocr_line' id='line_1_107' title="bbox 2210 4781 3848 4848; baseline -0.004 -8"><span class='ocrx_word' id='word_1_825' title='bbox 2210 4785 2418 4840; x_wconf 86' lang='lat' dir='ltr'>cabunt</span> <span class='ocrx_word' id='word_1_826' title='bbox 2458 4785 2679 4840; x_wconf 88' lang='lat' dir='ltr'>animas</span> <span class='ocrx_word' id='word_1_827' title='bbox 2717 4801 2868 4840; x_wconf 89' lang='lat' dir='ltr'>suas.</span> <span class='ocrx_word' id='word_1_828' title='bbox 2907 4783 3017 4848; x_wconf 90' lang='lat' dir='ltr'>Qui</span> <span class='ocrx_word' id='word_1_829' title='bbox 3053 4782 3259 4837; x_wconf 89' lang='lat' dir='ltr'>timent</span> <span class='ocrx_word' id='word_1_830' title='bbox 3296 4781 3622 4847; x_wconf 92' lang='lat' dir='ltr'>Dominum,</span> <span class='ocrx_word' id='word_1_831' title='bbox 3651 4783 3848 4834; x_wconf 83' lang='lat' dir='ltr'>custo-</span> 
     </span>
    </p>
   </div>
   <div class='ocr_carea' id='block_1_107' title="bbox 2211 4872 3853 4947">
    <p class='ocr_par' dir='ltr' id='par_1_107' title="bbox 2211 4872 3853 4947">
     <span class='ocr_line' id='line_1_108' title="bbox 2211 4872 3853 4947; baseline -0.003 -14"><span class='ocrx_word' id='word_1_832' title='bbox 2211 4878 2375 4933; x_wconf 91' lang='lat' dir='ltr'>diunt</span> <span class='ocrx_word' id='word_1_833' title='bbox 2410 4877 2678 4933; x_wconf 88' lang='lat' dir='ltr'>mandata</span> <span class='ocrx_word' id='word_1_834' title='bbox 2707 4878 2878 4946; x_wconf 87' lang='lat' dir='ltr'>illius,</span> <span class='ocrx_word' id='word_1_835' title='bbox 2908 4879 2965 4932; x_wconf 92' lang='lat' dir='ltr'>et</span> <span class='ocrx_word' id='word_1_836' title='bbox 2989 4873 3320 4947; x_wconf 86' lang='lat' dir='ltr'>patientiam</span> <span class='ocrx_word' id='word_1_837' title='bbox 3345 4872 3641 4928; x_wconf 88' lang='lat' dir='ltr'>habebunt</span> <span class='ocrx_word' id='word_1_838' title='bbox 3667 4887 3853 4943; x_wconf 89' lang='lat' dir='ltr'>usque</span> 
     </span>
    </p>
   </div>
   <div class='ocr_carea' id='block_1_108' title="bbox 2209 4965 3851 5044">
    <p class='ocr_par' dir='ltr' id='par_1_108' title="bbox 2209 4965 3851 5044">
     <span class='ocr_line' id='line_1_109' title="bbox 2209 4965 3851 5044; baseline -0.004 -19"><span class='ocrx_word' id='word_1_839' title='bbox 2209 4972 2280 5026; x_wconf 89' lang='lat' dir='ltr'>ad</span> <span class='ocrx_word' id='word_1_840' title='bbox 2321 4971 2728 5044; x_wconf 89' lang='lat' dir='ltr'>inspectionem</span> <span class='ocrx_word' id='word_1_841' title='bbox 2776 4971 2946 5037; x_wconf 89' lang='lat' dir='ltr'>illius,</span> <span class='ocrx_word' id='word_1_842' title='bbox 2993 4967 3234 5024; x_wconf 90' lang='lat' dir='ltr'>dicentis</span> <span class='ocrx_word' id='word_1_843' title='bbox 3281 4983 3294 5022; x_wconf 91' lang='lat'><strong>:</strong></span> <span class='ocrx_word' id='word_1_844' title='bbox 3346 4966 3401 5022; x_wconf 91' lang='lat' dir='ltr'>Si</span> <span class='ocrx_word' id='word_1_845' title='bbox 3447 4965 3851 5038; x_wconf 82' lang='lat' dir='ltr'>paenitentiam</span> 
     </span>
    </p>
   </div>
   <div class='ocr_carea' id='block_1_109' title="bbox 2209 5058 3854 5136">
    <p class='ocr_par' dir='ltr' id='par_1_109' title="bbox 2209 5058 3854 5136">
     <span class='ocr_line' id='line_1_110' title="bbox 2209 5058 3854 5136; baseline -0.004 -16"><span class='ocrx_word' id='word_1_846' title='bbox 2209 5080 2326 5120; x_wconf 91' lang='lat' dir='ltr'>non</span> <span class='ocrx_word' id='word_1_847' title='bbox 2351 5065 2656 5136; x_wconf 90' lang='lat' dir='ltr'>egerimus,</span> <span class='ocrx_word' id='word_1_848' title='bbox 2683 5063 2996 5119; x_wconf 90' lang='lat' dir='ltr'>incidemus</span> <span class='ocrx_word' id='word_1_849' title='bbox 3030 5061 3090 5116; x_wconf 90' lang='lat' dir='ltr'>in</span> <span class='ocrx_word' id='word_1_850' title='bbox 3130 5077 3338 5116; x_wconf 89' lang='lat' dir='ltr'>manus</span> <span class='ocrx_word' id='word_1_851' title='bbox 3366 5058 3614 5125; x_wconf 90' lang='lat' dir='ltr'>Domini,</span> <span class='ocrx_word' id='word_1_852' title='bbox 3642 5061 3699 5113; x_wconf 91' lang='lat' dir='ltr'>et</span> <span class='ocrx_word' id='word_1_853' title='bbox 3723 5074 3854 5113; x_wconf 90' lang='lat' dir='ltr'>non</span> 
     </span>
    </p>
   </div>
   <div class='ocr_carea' id='block_1_110' title="bbox 2208 5149 3848 5224">
    <p class='ocr_par' dir='ltr' id='par_1_110' title="bbox 2208 5149 3848 5224">
     <span class='ocr_line' id='line_1_111' title="bbox 2208 5149 3848 5224; baseline -0.007 -11"><span class='ocrx_word' id='word_1_854' title='bbox 2208 5158 2269 5213; x_wconf 90' lang='lat' dir='ltr'>in</span> <span class='ocrx_word' id='word_1_855' title='bbox 2319 5174 2522 5213; x_wconf 90' lang='lat' dir='ltr'>manus</span> <span class='ocrx_word' id='word_1_856' title='bbox 2569 5157 2891 5224; x_wconf 87' lang='lat' dir='ltr'>hominum,</span> <span class='ocrx_word' id='word_1_857' title='bbox 2922 5154 3236 5211; x_wconf 89' lang='lat' dir='ltr'>secundum</span> <span class='ocrx_word' id='word_1_858' title='bbox 3282 5151 3438 5207; x_wconf 90' lang='lat' dir='ltr'>enim</span> <span class='ocrx_word' id='word_1_859' title='bbox 3481 5149 3848 5222; x_wconf 88' lang='lat' dir='ltr'>magnitudi-</span> 
     </span>
    </p>
   </div>
   <div class='ocr_carea' id='block_1_111' title="bbox 2212 5243 3855 5321">
    <p class='ocr_par' dir='ltr' id='par_1_111' title="bbox 2212 5243 3855 5321">
     <span class='ocr_line' id='line_1_112' title="bbox 2212 5243 3855 5321; baseline -0.006 -14"><span class='ocrx_word' id='word_1_860' title='bbox 2212 5267 2343 5307; x_wconf 90' lang='lat' dir='ltr'>nem</span> <span class='ocrx_word' id='word_1_861' title='bbox 2382 5249 2554 5321; x_wconf 92' lang='lat' dir='ltr'>illius,</span> <span class='ocrx_word' id='word_1_862' title='bbox 2584 5250 2663 5306; x_wconf 90' lang='lat' dir='ltr'>sic</span> <span class='ocrx_word' id='word_1_863' title='bbox 2711 5255 2766 5306; x_wconf 92' lang='lat' dir='ltr'>et</span> <span class='ocrx_word' id='word_1_864' title='bbox 2809 5247 3198 5304; x_wconf 87' lang='lat' dir='ltr'>misericordia</span> <span class='ocrx_word' id='word_1_865' title='bbox 3224 5245 3398 5318; x_wconf 90' lang='lat' dir='ltr'>ipsius</span> <span class='ocrx_word' id='word_1_866' title='bbox 3433 5260 3564 5299; x_wconf 92' lang='lat' dir='ltr'>cum</span> <span class='ocrx_word' id='word_1_867' title='bbox 3603 5243 3726 5314; x_wconf 90' lang='lat' dir='ltr'>ipso</span> <span class='ocrx_word' id='word_1_868' title='bbox 3757 5248 3855 5297; x_wconf 88' lang='lat' dir='ltr'>est</span> 
     </span>
    </p>
   </div>
   <div class='ocr_carea' id='block_1_112' title="bbox 2211 5333 3851 5416">
    <p class='ocr_par' dir='ltr' id='par_1_112' title="bbox 2211 5333 3851 5416">
     <span class='ocr_line' id='line_1_113' title="bbox 2211 5333 3851 5416; baseline -0.006 -16"><span class='ocrx_word' id='word_1_869' title='bbox 2211 5344 2394 5415; x_wconf 78' lang='lat' dir='ltr'>(Ecch&#39;.</span> <span class='ocrx_word' id='word_1_870' title='bbox 2437 5361 2496 5412; x_wconf 82' lang='grc' dir='ltr'>ιι,</span> <span class='ocrx_word' id='word_1_871' title='bbox 2545 5348 2607 5400; x_wconf 83' lang='grc'>15</span> <span class='ocrx_word' id='word_1_872' title='bbox 2652 5348 2703 5400; x_wconf 87' lang='lat' dir='ltr'>et</span> <span class='ocrx_word' id='word_1_873' title='bbox 2738 5342 2894 5416; x_wconf 87' lang='lat' dir='ltr'>seq.].</span> <span class='ocrx_word' id='word_1_874' title='bbox 2935 5362 2964 5396; x_wconf 78' lang='grc'>‹‹</span> <span class='ocrx_word' id='word_1_875' title='bbox 2991 5341 3187 5398; x_wconf 83' lang='lat' dir='ltr'>Venite</span> <span class='ocrx_word' id='word_1_876' title='bbox 3228 5337 3472 5411; x_wconf 89' lang='lat' dir='ltr'>(inquit),</span> <span class='ocrx_word' id='word_1_877' title='bbox 3501 5335 3624 5403; x_wconf 85' lang='lat' dir='ltr'>filii,</span> <span class='ocrx_word' id='word_1_878' title='bbox 3650 5333 3851 5390; x_wconf 88' lang='lat' dir='ltr'>audite</span> 
     </span>
    </p>
   </div>
   <div class='ocr_carea' id='block_1_113' title="bbox 2207 5428 3848 5510">
    <p class='ocr_par' dir='ltr' id='par_1_113' title="bbox 2207 5428 3848 5510">
     <span class='ocr_line' id='line_1_114' title="bbox 2207 5428 3848 5510; baseline -0.01 -15"><span class='ocrx_word' id='word_1_879' title='bbox 2207 5454 2323 5510; x_wconf 91' lang='lat' dir='ltr'>me,</span> <span class='ocrx_word' id='word_1_880' title='bbox 2349 5438 2615 5494; x_wconf 91' lang='lat' dir='ltr'>timorem</span> <span class='ocrx_word' id='word_1_881' title='bbox 2641 5436 2865 5493; x_wconf 90' lang='lat' dir='ltr'>Domini</span> <span class='ocrx_word' id='word_1_882' title='bbox 2891 5435 3099 5491; x_wconf 91' lang='lat' dir='ltr'>docebo</span> <span class='ocrx_word' id='word_1_883' title='bbox 3126 5450 3225 5488; x_wconf 90' lang='lat' dir='ltr'>vos</span> <span class='ocrx_word' id='word_1_884' title='bbox 3256 5431 3424 5504; x_wconf 85' lang='lat' dir='ltr'>(Psal.</span> <span class='ocrx_word' id='word_1_885' title='bbox 3453 5445 3638 5495; x_wconf 84' lang='lat' dir='ltr'><strong>xxxm,</strong></span> <span class='ocrx_word' id='word_1_886' title='bbox 3665 5428 3772 5496; x_wconf 79' lang='lat' dir='ltr'>l2).</span> <span class='ocrx_word' id='word_1_887' title='bbox 3814 5448 3848 5478; x_wconf 79' lang='grc' dir='ltr'>ι)</span> 
     </span>
    </p>
   </div>
   <div class='ocr_carea' id='block_1_114' title="bbox 2212 5522 3855 5592">
    <p class='ocr_par' dir='ltr' id='par_1_114' title="bbox 2212 5522 3855 5592">
     <span class='ocr_line' id='line_1_115' title="bbox 2212 5522 3855 5592; baseline -0.009 -3"><span class='ocrx_word' id='word_1_888' title='bbox 2212 5553 2239 5582; x_wconf 90' lang='grc'>‹‹</span> <span class='ocrx_word' id='word_1_889' title='bbox 2262 5531 2482 5588; x_wconf 88' lang='lat' dir='ltr'>Currite</span> <span class='ocrx_word' id='word_1_890' title='bbox 2511 5532 2651 5586; x_wconf 88' lang='lat' dir='ltr'>dum</span> <span class='ocrx_word' id='word_1_891' title='bbox 2669 5531 2865 5586; x_wconf 89' lang='lat' dir='ltr'>lumen</span> <span class='ocrx_word' id='word_1_892' title='bbox 2891 5530 3023 5584; x_wconf 66' lang='lat' dir='ltr'>vitaz</span> <span class='ocrx_word' id='word_1_893' title='bbox 3049 5525 3290 5592; x_wconf 91' lang='lat' dir='ltr'>habetis,</span> <span class='ocrx_word' id='word_1_894' title='bbox 3320 5541 3391 5579; x_wconf 89' lang='lat' dir='ltr'>ne</span> <span class='ocrx_word' id='word_1_895' title='bbox 3416 5522 3668 5578; x_wconf 66' lang='lat' dir='ltr'>tenebrae</span> <span class='ocrx_word' id='word_1_896' title='bbox 3690 5536 3855 5576; x_wconf 86' lang='lat' dir='ltr'>mor-</span> 
     </span>
    </p>
   </div>
   <div class='ocr_carea' id='block_1_115' title="bbox 2207 5614 3852 5698">
    <p class='ocr_par' dir='ltr' id='par_1_115' title="bbox 2207 5614 3852 5698">
     <span class='ocr_line' id='line_1_116' title="bbox 2207 5614 3852 5698; baseline -0.008 -17"><span class='ocrx_word' id='word_1_897' title='bbox 2207 5625 2282 5680; x_wconf 89' lang='lat' dir='ltr'>tis</span> <span class='ocrx_word' id='word_1_898' title='bbox 2307 5643 2403 5681; x_wconf 88' lang='lat' dir='ltr'>vos</span> <span class='ocrx_word' id='word_1_899' title='bbox 2432 5624 2917 5698; x_wconf 90' lang='lat' dir='ltr'>comprehendant</span> <span class='ocrx_word' id='word_1_900' title='bbox 2949 5623 3118 5690; x_wconf 85' lang='lat' dir='ltr'>(Joan.</span> <span class='ocrx_word' id='word_1_901' title='bbox 3149 5635 3243 5686; x_wconf 84' lang='lat' dir='ltr'>xu,</span> <span class='ocrx_word' id='word_1_902' title='bbox 3269 5618 3376 5688; x_wconf 81' lang='lat'>35).</span> <span class='ocrx_word' id='word_1_903' title='bbox 3401 5639 3429 5666; x_wconf 84' lang='lat'><strong>»</strong></span> <span class='ocrx_word' id='word_1_904' title='bbox 3463 5637 3489 5666; x_wconf 83' lang='lat'><strong>«</strong></span> <span class='ocrx_word' id='word_1_905' title='bbox 3517 5614 3713 5670; x_wconf 90' lang='lat' dir='ltr'>Omnis</span> <span class='ocrx_word' id='word_1_906' title='bbox 3737 5615 3852 5685; x_wconf 89' lang='lat' dir='ltr'>qui</span> 
     </span>
    </p>
   </div>
   <div class='ocr_carea' id='block_1_116' title="bbox 2208 5707 3855 5788">
    <p class='ocr_par' dir='ltr' id='par_1_116' title="bbox 2208 5707 3855 5788">
     <span class='ocr_line' id='line_1_117' title="bbox 2208 5707 3855 5788; baseline -0.005 -16"><span class='ocrx_word' id='word_1_907' title='bbox 2208 5720 2329 5772; x_wconf 88' lang='lat' dir='ltr'>vult</span> <span class='ocrx_word' id='word_1_908' title='bbox 2371 5719 2545 5774; x_wconf 87' lang='lat' dir='ltr'>vitam</span> <span class='ocrx_word' id='word_1_909' title='bbox 2591 5721 2648 5773; x_wconf 89' lang='lat' dir='ltr'>et</span> <span class='ocrx_word' id='word_1_910' title='bbox 2694 5718 2848 5788; x_wconf 89' lang='lat' dir='ltr'>cupit</span> <span class='ocrx_word' id='word_1_911' title='bbox 2890 5715 3080 5770; x_wconf 88' lang='lat' dir='ltr'>videre</span> <span class='ocrx_word' id='word_1_912' title='bbox 3127 5712 3246 5768; x_wconf 88' lang='lat' dir='ltr'>dies</span> <span class='ocrx_word' id='word_1_913' title='bbox 3289 5711 3488 5775; x_wconf 88' lang='lat' dir='ltr'>bonos,</span> <span class='ocrx_word' id='word_1_914' title='bbox 3535 5707 3855 5780; x_wconf 87' lang='lat' dir='ltr'>prohibeat</span> 
     </span>
    </p>
   </div>
   <div class='ocr_carea' id='block_1_117' title="bbox 2209 5803 3855 5888">
    <p class='ocr_par' dir='ltr' id='par_1_117' title="bbox 2209 5803 3855 5888">
     <span class='ocr_line' id='line_1_118' title="bbox 2209 5803 3855 5888; baseline -0.004 -23"><span class='ocrx_word' id='word_1_915' title='bbox 2209 5811 2469 5886; x_wconf 86' lang='lat' dir='ltr'>linguam</span> <span class='ocrx_word' id='word_1_916' title='bbox 2518 5813 2640 5888; x_wconf 83' lang='lat' dir='ltr'>ejus</span> <span class='ocrx_word' id='word_1_917' title='bbox 2679 5829 2711 5866; x_wconf 88' lang='lat' dir='ltr'>a</span> <span class='ocrx_word' id='word_1_918' title='bbox 2745 5810 2914 5883; x_wconf 88' lang='lat' dir='ltr'>malo,</span> <span class='ocrx_word' id='word_1_919' title='bbox 2961 5813 3017 5866; x_wconf 87' lang='lat' dir='ltr'>et</span> <span class='ocrx_word' id='word_1_920' title='bbox 3064 5805 3210 5863; x_wconf 86' lang='lat' dir='ltr'>labia</span> <span class='ocrx_word' id='word_1_921' title='bbox 3262 5819 3360 5860; x_wconf 88' lang='lat' dir='ltr'>sua</span> <span class='ocrx_word' id='word_1_922' title='bbox 3407 5819 3480 5859; x_wconf 91' lang='lat' dir='ltr'>ne</span> <span class='ocrx_word' id='word_1_923' title='bbox 3533 5803 3855 5882; x_wconf 82' lang='lat' dir='ltr'>loquantur</span> 
     </span>
    </p>
   </div>
  </div>
