4046 6188
173 348 221 401 37

173 452 337 519 dolum,
353 449 570 504 divertat
589 463 624 501 a
643 448 817 518 malo,
839 451 895 504 et
911 447 1079 504 faciat
1101 449 1336 516 bonum,
1359 450 1608 522 inquirat
1635 467 1728 521 pa-
1747 461 1806 535 Α

171 561 262 600 cem
293 547 341 597 et
376 546 735 613 prosequatur
777 557 924 610 eam,
953 542 1087 614 quia
1118 543 1263 597 oculi
1291 543 1515 598 Domini
1557 560 1728 616 super

165 640 318 706 justos,
341 640 392 689 et
413 650 566 688 aures
595 634 719 704 ejus
747 635 817 688 ad
842 651 1038 706 preces
1068 652 1284 690 eorum.
1315 637 1512 691 Vultus
1537 641 1728 691 autem

168 727 343 784 Domini
380 743 540 799 super
578 727 853 782 facientes
897 728 1069 798 mala,
1112 733 1174 782 ut
1213 729 1414 800 perdat
1458 729 1529 784 de
1577 735 1728 784 terra

167 820 442 876 memoriam
482 836 679 875 eorum
709 821 874 890 (Psal.
912 837 1104 890 xxxm,
1137 824 1198 876 13
1231 826 1282 876 et
1306 823 1462 893 seq.).
1497 844 1525 872 ››
1553 824 1725 894 Prop-

168 921 282 969 terea
310 913 468 968 nolite
507 913 628 968 ﬁeri
669 913 816 968 sicut
858 929 1036 986 equus
1081 920 1137 969 et
1177 915 1386 982 mulus,
1417 916 1478 970 in
1523 916 1728 986 quibus

166 1024 249 1061 non
290 1013 361 1061 est
403 1006 727 1062 intellectus.
779 1007 886 1062 Sed
940 1007 1214 1063 laetamini
1265 1008 1326 1062 in
1381 1008 1619 1063 Domino
1673 1015 1729 1064 et

167 1100 400 1166 exsultate,
435 1100 590 1170 justi,
639 1104 696 1154 et
741 1101 1082 1172 gloriamini,
1135 1117 1332 1157 omnes
1374 1103 1514 1157 recti
1561 1102 1727 1157 corde

168 1195 288 1254 (Psal.
315 1209 446 1260 xm,
474 1198 523 1247 et
552 1195 655 1264 11).
690 1214 717 1245 «
755 1194 899 1258 Quia
934 1194 1100 1249 multi
1142 1195 1370 1250 venient
1407 1195 1478 1250 ab
1511 1196 1726 1251 oriente

166 1292 204 1340 et
241 1286 489 1341 occidente
534 1286 796 1356 (Domino
846 1288 1088 1355 dicente)
1149 1295 1205 1344 et
1256 1305 1290 1342 a
1341 1289 1727 1359 septentrione

164 1385 290 1449 atque
329 1378 570 1449 meridie,
632 1382 689 1433 et
742 1380 1078 1435 recumbent
1132 1397 1265 1436 cum
1317 1381 1624 1451 Abraham,
1672 1386 1728 1437 et

167 1473 290 1539 Isaac,
318 1476 368 1526 et
389 1471 552 1527 Jacob
582 1473 794 1542 (Matth.
823 1474 961 1541 vui).
991 1494 1018 1523 »

215 1567 410 1636 Propter
447 1565 597 1636 quod
646 1566 917 1637 deprecor
951 1571 1027 1636 te,
1069 1567 1243 1623 frater
1280 1568 1629 1637 charissime,
1662 1573 1727 1625 ut

163 1658 313 1711 doceas
337 1659 592 1713 attentius
621 1660 775 1714 hunc
803 1660 1220 1731 praedicationis
1250 1661 1509 1716 ordinem
1539 1668 1594 1718 et
1623 1663 1722 1717 ab-

163 1751 397 1805 solutionis
415 1752 551 1822 dies,
565 1757 631 1807 ut
648 1752 942 1808 salventur
954 1753 1157 1809 animae
1177 1755 1478 1810 hominum
1495 1772 1622 1827 qum
1639 1773 1726 1812 oc-

163 1843 278 1897 culta
302 1845 388 1899 Dei
414 1845 619 1900 virtute
660 1862 832 1917 quem
863 1847 1104 1902 debeant
1132 1847 1367 1918 diligere
1396 1848 1726 1920 priusquam
1744 1829 1800 1901 Β

162 1936 391 2005 doceatur,
419 1943 746 2009 agnoscant.
774 1941 1025 2010 Operum
1051 1957 1187 1996 vero
1215 1941 1358 1996 ratio
1385 1941 1646 2013 potestati
1674 1949 1729 1998 et

161 2028 346 2083 arbitrio
381 2031 821 2103 uniuscujusque
864 2033 1230 2106 permittitur,
1261 2038 1317 2089 et
1342 2034 1450 2090 hoc
1477 2035 1727 2106 ipsorum

159 2123 226 2170 est
240 2119 522 2188 proprium;
543 2121 889 2176 desiderium
908 2139 1042 2177 vero
1064 2122 1270 2178 habere
1286 2139 1420 2195 erga
1439 2123 1728 2179 doctorem

159 2209 380 2279 veritatis,
405 2212 499 2266 hoc
528 2229 566 2266 a
593 2215 758 2269 Patre
784 2215 996 2270 caelesti
1022 2214 1292 2271 donatum
1323 2221 1425 2272 est.
1449 2217 1558 2271 Sed
1578 2217 1729 2272 salus

160 2304 201 2355 in
224 2318 280 2356 eo
302 2308 374 2358 est
394 2310 452 2360 ut
477 2307 831 2362 voluntatem
861 2308 982 2378 ejus
1018 2308 1179 2380 cujus
1215 2326 1468 2365 amorem
1498 2315 1555 2364 et
1578 2310 1726 2364 desi-

161 2394 350 2463 derium,
376 2398 479 2453 Deo
507 2399 813 2471 largiente,
841 2401 1184 2473 conceperis,
1206 2402 1395 2472 facias,
1419 2418 1492 2457 ne
1511 2403 1731 2458 dicatur

160 2487 226 2542 ille
260 2507 420 2545 sermo
461 2492 590 2562 ejus
629 2493 700 2547 ad
738 2510 859 2563 nos,
906 2509 1078 2564 quem
1120 2495 1272 2549 idem
1317 2495 1495 2550 dixit:
1526 2517 1555 2545 ‹‹
1583 2496 1729 2559 Quid

159 2585 301 2636 autem
341 2599 424 2639 me
467 2584 680 2655 dicitis,
709 2586 967 2656 Domine,
995 2572 1254 2650 Domine,
1283 2591 1340 2642 et
1385 2603 1504 2642 non
1546 2587 1728 2642 facitis

158 2689 250 2743 qua
287 2676 430 2732 dico?
453 2679 552 2732 Est
595 2694 734 2750 ergo
779 2679 993 2750 proprii
1029 2679 1304 2749 muneris,
1330 2685 1396 2735 ut
1423 2679 1725 2751 unusquis-

160 2781 238 2836 que
281 2769 345 2822 sit
385 2776 550 2841 prout
608 2772 884 2827 Dominus
934 2775 1129 2828 noster
1182 2772 1401 2828 dederit
1446 2773 1728 2844 perfectus

159 2859 199 2913 in
220 2861 447 2932 Ecclesia,
477 2869 817 2936 metensque
861 2866 1077 2921 semina
1119 2865 1326 2935 divina,
1361 2871 1423 2921 ut
1458 2866 1528 2921 de
1568 2865 1728 2921 nobis

160 2967 242 3006 non
269 2956 544 3025 praedictus
593 2974 806 3025 sermo,
848 2959 946 3013 sed
987 2958 1078 3014 ille
1123 2958 1342 3013 dicatur
1384 2974 1554 3029 quem
1596 2959 1728 3012 alibi

161 3045 372 3104 Dominus
409 3056 604 3106 noster
648 3050 810 3105 dixit.
851 3051 979 3106 Ideo
1020 3051 1266 3123 (inquit).
1310 3052 1503 3106 Omnis
1549 3052 1729 3106 scriba

161 3137 304 3194 doctus
325 3143 377 3197 in
400 3159 576 3215 regno
615 3145 903 3212 caelorum,
937 3144 1136 3200 similis
1178 3147 1263 3200 est
1302 3145 1520 3200 homini
1551 3144 1724 3216 patri-

161 3230 374 3302 familias,
424 3194 517 3308 (ΙΞί
582 3238 802 3308 profert
852 3194 923 3293 de
977 3238 1241 3293 thesauro
1305 3254 1408 3292 suo
1473 3194 1620 3293 nova
1673 3194 1802 3293 etC

161 3329 296 3378 vetera
320 3329 522 3396 (Matth.
563 3345 690 3399 xm,
727 3333 834 3400 52).
865 3352 892 3380 ››
940 3331 1138 3385 Nullus
1181 3347 1338 3403 ergo,
1369 3330 1574 3402 inquit,
1615 3331 1723 3386 im-

161 3417 300 3484 pediat
320 3422 591 3491 ordinem,
628 3426 727 3477 aut
758 3423 951 3478 locum
986 3428 1219 3495 occupet
1245 3423 1723 3492 irrationabiliter,

161 3509 219 3561 vel
249 3516 538 3584 temporum
591 3519 884 3586 permutet
926 3517 1090 3586 vices,
1130 3517 1228 3572 sed
1271 3516 1456 3588 primo
1497 3533 1624 3589 quae
1656 3517 1728 3572 sit

155 3600 320 3668 justitia
360 3608 494 3677 ejus,
542 3625 680 3680 quas
726 3609 986 3665 voluntas
1034 3611 1410 3681 requiramus,
1456 3613 1522 3664 ut
1561 3609 1726 3664 bonis

162 3697 364 3763 operibus
405 3717 467 3756 ac
511 3701 621 3757 Dei
668 3702 846 3774 gratia
886 3703 1228 3775 repleamur.
1259 3704 1406 3759 Deus
1443 3703 1598 3760 enim
1638 3703 1726 3758 his

161 3789 225 3855 qui
256 3795 386 3848 recte
428 3794 691 3851 sentiunt
737 3800 794 3851 et
822 3795 969 3851 bona
1005 3799 1184 3868 agunt
1211 3800 1417 3868 praesto
1446 3800 1550 3868 est,
1579 3812 1722 3869 quo-

1339 340 1812 398 DECRETALIUM
1854 341 2236 397 COLLECTIO.

3394 348 3457 403 38

1826 449 1982 504 niam
2007 454 2109 517 est,
2139 447 2406 520 quoniam
2436 448 2525 504 his
2564 449 2886 506 manifestat
2919 450 3191 523 seipsum.
3224 453 3364 508 Nam
3410 455 3458 509 si

1829 543 1956 614 quis
2000 542 2137 597 velit
2177 545 2482 614 antequam
2528 548 2685 598 actus
2737 560 2868 600 suos
2921 545 3205 612 emendet,
3255 545 3324 600 de
3370 547 3460 602 his

1828 634 2118 706 requirere
2155 651 2284 706 quae
2325 652 2439 689 non
2473 640 2662 706 potest
2693 636 2966 704 invenire,
2995 638 3166 693 stulta
3205 642 3262 692 et
3305 639 3452 694 inef-

1828 729 1972 782 ﬁcax
2002 729 2112 783 erit
2139 728 2361 782 homini
2390 729 2698 799 inquisitio.
2720 731 2962 801 Tempus
2983 730 3136 785 enim
3161 731 3329 786 breve
3350 738 3454 799 est,

1833 826 1889 876 et
1910 820 2192 892 judicium
2221 821 2316 876 Dei
2348 825 2640 892 gestorum
2664 838 2828 879 causa
2857 822 3188 894 agitur-non
3216 826 3458 895 questio-

1827 930 1988 970 num.
2017 914 2262 986 Ideoque
2291 920 2420 970 ante
2456 916 2563 970 hoc
2589 916 2778 970 omnia
2806 931 3145 987 quaeramus,
3175 918 3326 988 quod
3355 935 3458 973 nos

1828 1011 1927 1062 aut
1978 1007 2219 1079 qualiter
2269 1023 2438 1078 agere
2491 1013 2787 1080 oporteat,
2849 1013 2910 1062 ut
2962 1012 3239 1064 aeternam
3287 1010 3455 1065 vitam

1828 1100 2092 1172 consequi
2124 1115 2466 1156 mereamur.
2498 1102 2640 1156 Nam
2687 1101 2732 1155 si
2772 1100 3049 1172 exiguum
3077 1102 3183 1155 hoc
3232 1106 3457 1173 tempus

1826 1194 1955 1248 vitae
2005 1210 2107 1264 per
2136 1195 2332 1248 inanes
2371 1209 2713 1264 occupemus
2741 1199 2798 1248 et
2839 1193 3062 1249 inutiles
3098 1195 3456 1266 quaestiones,

1827 1287 2027 1341 inanes
2056 1286 2175 1342 sine
2205 1287 2380 1341 dubio
2406 1293 2462 1342 et
2489 1287 2653 1342 vacui
2680 1287 2750 1340 ab
2776 1287 3041 1358 operibus
3064 1287 3227 1342 bonis
3255 1303 3456 1359 perge-

1825 1396 1954 1435 mus
1986 1379 2059 1434 ad
2083 1379 2405 1448 Dominum,
2441 1380 2536 1435 ubi
2555 1379 2837 1451 judicium
2861 1396 3103 1452 operum
3127 1385 3457 1436 nostrorum

1824 1472 1941 1543 ﬂet,
1981 1489 2340 1544 unaquazque
2385 1472 2538 1528 enim
2583 1489 2672 1528 res
2714 1489 2882 1527 suum
2925 1477 3152 1545 tempus
3194 1474 3364 1529 habet
3403 1478 3459 1529 et

1824 1566 2032 1621 locum.
2065 1567 2314 1638 Operum
2340 1565 2432 1621 hic
2468 1567 2645 1634 locus,
2675 1566 2781 1621 hoc
2815 1571 3041 1637 tempus
3080 1572 3192 1635 est;
3222 1567 3455 1622 merito-

1825 1676 1956 1714 rum
1999 1664 2083 1714 est
2113 1659 2384 1714 saeculum
2423 1660 2703 1714 futurum.
2735 1661 2935 1715 Currat
2975 1659 3151 1731 igitur
3179 1675 3282 1730 per
3309 1660 3454 1714 viam

1827 1752 2237 1808 mandatorum
2294 1751 2538 1819 Domini,
2583 1757 2640 1808 et
2677 1753 2747 1806 ab
2798 1768 2998 1807 eorum
3047 1757 3460 1824 praeceptorum

1823 1845 2096 1900 institutis
2134 1851 2191 1900 et
2225 1845 2462 1916 Spiritus
2503 1845 2684 1900 sancti
2715 1845 2968 1899 doctrina
2996 1861 3112 1900 non
3137 1847 3455 1902 recedatur.

1826 1938 2178 2008 Quapropter
2215 1937 2590 2009 praeparanda
2633 1941 2767 1992 sunt
2807 1937 2975 1991 corda
3019 1941 3206 1992 nostra
3243 1955 3306 1992 ac
3335 1956 3454 1994 cor-

1827 2047 1985 2102 pora,
2014 2035 2070 2086 et
2099 2033 2306 2085 sanctae
2344 2030 2744 2085 mandatorum
2782 2030 2903 2100 ejus
2933 2045 3284 2102 suorumque
3313 2032 3456 2103 epis-

1829 2139 2098 2195 coporum
2125 2139 2190 2177 ac
2227 2122 2630 2194 praedictorum
2658 2122 2994 2177 obedientiae
3037 2124 3368 2192 militatura,
3397 2129 3460 2179 ut

1829 2233 1946 2271 sum
1973 2216 2170 2287 gratiae
2188 2215 2386 2286 jubeat
2413 2214 2576 2269 nobis
2605 2214 2884 2269 auxilium
2909 2216 3254 2279 ministrare,
3287 2223 3341 2272 et
3367 2218 3457 2272 fu-

1829 2308 2119 2380 gientibus
2147 2308 2426 2379 gehennze
2467 2323 2698 2380 pinnam
2723 2308 2792 2363 ad
2817 2307 2991 2364 vitam
3014 2309 3239 2365 valeant
3265 2325 3462 2367 omnes

1827 2401 2128 2473 pervenire
2155 2405 2453 2456 aeternam.

1908 2495 2036 2549 Haec
2087 2495 2300 2566 itaque,
2351 2495 2529 2548 frater
2581 2493 2909 2548 charissime
2958 2495 3182 2564 Jacobe,
3241 2495 3311 2550 ab
3367 2511 3462 2551 ore

1829 2587 2005 2642 sancti
2041 2587 2194 2642 Petri
2227 2586 2482 2658 jubentis
2523 2588 2735 2658 accepi,
2773 2586 2988 2658 tibique
3020 2590 3083 2641 ut
3111 2587 3343 2659 optabas
3370 2588 3458 2643 in-

1830 2680 2059 2735 sinuare
2099 2679 2310 2748 studui,
2336 2685 2402 2735 ut
2444 2695 2666 2735 servare
2697 2679 2890 2734 omnia
2917 2679 3284 2736 immaculata
3309 2696 3458 2752 prae-

1828 2773 2023 2844 cipias,
2065 2773 2196 2844 quia
2245 2773 2614 2828 ecclesiastica
2657 2788 2775 2828 non
2819 2778 3040 2844 oportet
3076 2773 3458 2844 negligenter,

1828 2866 1926 2921 sed
1971 2865 2278 2937 diligenter
2315 2866 2527 2938 expleri
2569 2866 2815 2938 negotia.
2849 2867 2976 2921 Haec
3015 2883 3154 2938 ergo
3181 2870 3462 2939 prmoepta

1827 2975 1998 3014 nemo
2041 2959 2236 3014 credat
2281 2959 2494 3029 absque
2547 2975 2649 3014 suo
2706 2959 2959 3030 periculo
3015 2959 3326 3032 negligere,
3373 2960 3460 3016 vel

1829 3053 2203 3120 dissimulare,
2233 3052 2367 3123 quia
2397 3052 2612 3123 judicio
2641 3052 2742 3106 Dei
2777 3052 2925 3123 ignis
2952 3053 3149 3108 aeterni
3177 3057 3462 3109 tormenta

1830 3145 2132 3201 sustinebit
2177 3145 2276 3217 qui
2320 3144 2693 3200 ecclesiastica
2733 3146 2956 3200 decreta
2988 3146 3322 3217 neglexerit.
3352 3145 3461 3210 Qui

1826 3255 1958 3294 vero
2001 3244 2058 3294 te
2105 3237 2366 3308 audierit,
2399 3241 2460 3292 ut
2489 3238 2736 3308 jusserat
2775 3238 3035 3294 minister
3075 3239 3280 3294 Christi
3305 3241 3459 3308 Jesu,

1828 3331 2070 3404 gloriam
2096 3330 2350 3402 accipiet.
2381 3330 2490 3394 Qui
2514 3334 2706 3386 autem
2734 3335 2787 3386 te
2815 3348 2931 3386 non
2959 3331 3202 3388 audierit
3225 3332 3341 3388 imo
3371 3333 3457 3388 lo-

1827 3428 2096 3496 quentem
2143 3423 2451 3478 Dominum
2496 3441 2599 3496 per
2641 3429 2696 3479 te
2739 3424 2847 3496 ipsi
2886 3425 2991 3479 sibi
3035 3425 3459 3480 damnationem

1826 3517 2078 3590 accipiet.
2104 3517 2432 3574 Curandum
2473 3533 2630 3588 ergo,
2659 3522 2715 3572 et
2753 3517 3162 3573 attendendum
3187 3524 3270 3574 est
3293 3519 3459 3573 nobis

1827 3610 2092 3666 omnibus
2139 3611 2294 3682 quod
2352 3610 2412 3665 in
2457 3616 2800 3683 perpetuum
2846 3611 3093 3682 expedit,
3143 3617 3206 3668 ut
3252 3612 3459 3667 Christi

1825 3703 2182 3777 passionibus
2206 3719 2309 3774 per
2325 3702 2658 3773 patientiam
2677 3704 3084 3776 participemus
3103 3708 3272 3777 atque
3291 3704 3459 3776 regni

1826 3798 1948 3868 ejus
1975 3811 2305 3853 mereamur
2331 3810 2451 3851 esse
2477 3799 2780 3852 consortes.
2809 3799 3007 3852 Amen.

361 4115 784 4207 EPISTOLA
855 4117 1334 4208 CLEMENTIS
1409 4117 1667 4208 ΡΑΡιΈ
1739 4117 1856 4206 ΑΙ)
1927 4115 2328 4206 JACOBUM
2397 4115 2817 4205 FRATREM
2885 4116 3195 4205 DOMINI

1275 4285 1372 4348 De
1398 4285 1671 4348 sacratis
1699 4283 1979 4348 vestibus
2007 4291 2069 4346 et
2093 4284 2280 4362 vasis

205 4440 410 4558 IIII-nus
434 4449 717 4507 Romanas
749 4453 1009 4547 Ecclesiae
1034 4454 1263 4526 praesul,
1290 4456 1500 4512 Jacono
1529 4455 1723 4511 Hiero-
1744 4485 1804 4558 D
1827 4454 1987 4525 gravi
2016 4452 2379 4509 anathemate
2395 4451 2568 4523 digna
2580 4448 2987 4558 humﬂiationis
3011 4449 3180 4520 plaga
3194 4448 3447 4504 feriatur.

157 4532 437 4603 5οΙζγίιλοιίιιῐι
449 4619 452 4622 ὶ
465 4543 757 4616 episcopo.

203 4625 439 4688 Quoniam
483 4637 640 4692 sicut
675 4653 707 4690 a
749 4637 910 4693 beato
935 4639 1100 4692 Petro
1124 4639 1375 4710 apostolo
1403 4640 1725 4712 accepimus

155 4720 354 4778 0mnium
391 4729 780 4799 apostolorum
824 4736 1004 4803 patre,
1041 4732 1141 4804 qui
1187 4733 1366 4788 claves
1403 4733 1569 4805 regni
1608 4750 1722 4789 cce-

155 4805 268 4865 lestis
304 4821 530 4892 accepit,
582 4823 824 4893 qualiter
865 4829 1061 4879 tenere
1104 4825 1396 4893 debemus,
1429 4827 1500 4882 de
1537 4843 1722 4882 sacra-

156 4909 310 4962 mentis
349 4928 471 4982 qua:
527 4920 810 4986 geruntur
853 4917 914 4972 in
954 4917 1162 4973 sanctis
1203 4923 1260 4974 te
1296 4935 1366 4974 ex
1402 4919 1598 4975 ordine
1623 4935 1726 4974 nos

157 4991 272 5052 decet
297 5001 588 5063 instruere.
609 5029 624 5044 κ

169 5088 366 5184 "Tribus
397 5099 553 5154 enim
588 5099 850 5170 gradibus
884 5102 1188 5158 commissa
1214 5108 1348 5160 sunt
1373 5109 1726 5160 sacramenta

158 5178 418 5243 diﬁnorum
444 5197 820 5264 secretorum,
849 5195 908 5249 id
951 5200 1054 5265 est,
1081 5197 1433 5269 presbytero,
1465 5198 1724 5268 diacono,

158 5279 194 5323 εἴ
211 5277 462 5352 ministro,
489 5286 593 5356 qui
616 5303 750 5341 cum
776 5287 1002 5356 timore,
1025 5292 1083 5345 et
1100 5294 1346 5346 tremore
1367 5291 1723 5359 clericorum,

158 5364 364 5438 raliqum
399 5379 652 5449 corporis
697 5381 981 5436 Dominici
1031 5383 1238 5439 debent
1283 5385 1562 5441 custodire
1611 5384 1724 5440 fra-

161 5469 486 5538 meumrum,
515 5487 590 5526 ne
614 5490 724 5545 qua
749 5475 992 5547 putredo
1029 5476 1089 5531 in
1117 5478 1359 5532 sacrario
1387 5478 1724 5547 inveniatur,

161 5553 203 5599 υἱ
221 5568 328 5610 cum
350 5562 704 5633 negligenter
723 5568 917 5640 agitur
935 5569 1185 5641 portioni
1205 5571 1458 5643 corporis
1476 5570 1723 5640 Domini,

164 5648 294 5736 gravis
330 5651 608 5710 inferatur
645 5657 869 5730 injuria.
908 5662 1248 5719 Communia
1291 5664 1446 5720 enim
1478 5664 1726 5736 corporis

165 5729 336 5796 D(“niui
358 5747 538 5802 nostri
565 5749 685 5807 Jesu
704 5729 938 5824 Christi,
971 5757 1017 5811 si
1044 5758 1404 5829 negligenter
1439 5729 1723 5828 erogetur,

167 5829 203 5877 εἳ
231 5837 494 5912 presbyter
537 5843 758 5902 minora
798 5863 910 5903 non
957 5855 1116 5908 curet
1159 5851 1466 5909 admonere
1519 5850 1722 5924 officia,

1825 4550 1984 4604 Certe
2014 4549 2169 4602 tanta
2193 4545 2252 4600 in
2294 4545 2494 4600 altario
2525 4545 2848 4599 holocausta
2877 4541 3203 4608 offerantur,
3243 4546 3454 4612 quanta

1821 4639 2032 4712 populo
2082 4639 2341 4694 sufficere
2379 4637 2638 4693 debeant.
2679 4635 2839 4700 Quod
2882 4634 2926 4688 si
2973 4633 3364 4700 remanserint,
3393 4634 3453 4688 in

1823 4733 2068 4788 crastino
2102 4748 2218 4787 non
2259 4735 2639 4797 reserventur,
2681 4727 2776 4782 sed
2821 4743 2951 4781 cum
2994 4726 3198 4780 timore
3237 4730 3290 4781 et
3332 4730 3448 4780 tre-

1824 4841 1983 4880 more
2026 4824 2376 4890 clericorum,
2423 4825 2481 4877 et
2530 4819 2823 4892 diligentia
2867 4822 3294 4874 consumantur.
3343 4818 3452 4882 Qui

1824 4923 2018 4974 autem
2068 4917 2295 4973 residua
2345 4913 2596 4986 corporis
2647 4911 2870 4967 Domini
2922 4927 3052 4983 quae
3101 4910 3160 4965 in
3209 4910 3453 4966 sacrario

1825 5011 2015 5066 relicta
2063 5016 2196 5065 sunt
2237 5011 2599 5074 consumunt,
2642 5022 2757 5060 non
2800 5004 2992 5060 statim
3019 5004 3090 5059 ad
3120 5019 3452 5060 communes

1824 5104 2178 5176 accipiendos
2226 5103 2379 5157 cibos
2440 5098 2804 5165 conveniant,
2860 5114 2933 5154 ne
2990 5102 3192 5168 putent
3249 5100 3453 5152 sancta:

1825 5197 2070 5269 portioni
2124 5195 2487 5251 commiscere
2548 5192 2738 5248 cibum
2789 5190 2887 5262 qui
2949 5206 3053 5262 per
3108 5190 3454 5262 aqualiculos

1827 5291 2077 5362 digestus
2119 5290 2180 5344 in
2222 5303 2504 5344 secessum
2543 5285 2818 5342 funditur.
2851 5284 2908 5340 Si
2954 5300 3092 5356 ergo
3143 5301 3311 5341 mane
3345 5287 3451 5340 Do-

1825 5385 2039 5440 minica
2064 5382 2248 5455 portio
2279 5381 2486 5450 editur,
2512 5395 2692 5452 usque
2720 5378 2791 5434 ad
2817 5383 3035 5434 sextam
3054 5377 3315 5449 jejunent
3342 5377 3452 5431 mi-

1826 5477 1991 5533 nistri
2041 5476 2142 5548 qui
2194 5490 2320 5530 eam
2393 5471 2869 5545 consumpserint.
2921 5472 2989 5525 Et
3049 5471 3096 5524 si
3149 5469 3313 5525 tertia
3367 5469 3454 5523 vel

1825 5575 2026 5644 quarta
2068 5569 2210 5624 hora
2249 5565 2586 5639 acceperint,
2613 5566 2878 5638 jejunent
2915 5579 3092 5634 usque
3139 5561 3208 5615 ad
3252 5575 3450 5632 vespe-

1826 5680 1968 5720 ram.
1999 5663 2109 5733 Sic,
2132 5663 2350 5718 secreta
2371 5659 2832 5726 sanctiﬁcatione,
2854 5661 3065 5714 aeterna
3084 5653 3452 5713 custodienda

1825 5761 1956 5814 sunt
1983 5758 2355 5814 sacramenta.

1898 5851 1976 5909 De
2021 5850 2163 5908 vasis
2205 5865 2338 5909 sane
2387 5846 2555 5905 sacris
2598 5844 2676 5902 ita
2716 5841 3028 5918 gerendum
3078 5847 3160 5903 est
3203 5859 3215 5902 :
3263 5844 3452 5907 altaris
