4046 6188
548 331 612 384 39
1442 328 1726 395 APPEND.
1772 329 1858 382 AD
1898 326 2059 382 SEC.
2103 327 2191 382 1X.
2219 355 2286 366 -
2327 326 2573 382 ISIDORI
2611 325 3032 382 MERCATORIS
3832 322 3900 374 40

543 434 713 508 palla,
743 434 1027 501 cathedra,
1074 433 1482 491 candelabrum
1529 440 1585 490 et
1626 436 1835 505 velum,
1873 435 1918 489 si
1961 435 2174 490 fuerint
2193 451 2253 523 Α
2271 433 2467 490 fecerit
2491 434 2597 488 hoc
2624 450 2785 506 opus,
2819 433 3040 489 noverit
3065 445 3123 486 se
3149 428 3452 501 supradicti
3477 427 3634 482 Judze
3663 441 3901 498 suscep-

544 532 816 584 vetustate
841 529 1195 600 consumpta,
1219 528 1482 583 incendio
1510 528 1737 597 dentur,
1767 528 2036 600 quoniam
2053 544 2172 583 non

543 622 674 676 licet
715 637 779 675 ea
819 624 948 691 quae
990 621 1051 676 in
1098 621 1414 676 sanctuario
1456 621 1688 691 fuerint,
1720 609 1867 677 male
1911 624 2170 689 tractare,

546 713 640 768 sed
682 712 942 768 incendio
986 714 1247 769 universa
1303 714 1618 769 tradantur.
1670 714 1896 770 Cineres
1945 730 2172 786 quoque

544 822 745 861 eorum
774 806 834 860 in
876 805 1208 878 baptisterio
1246 807 1588 876 inferantur,
1620 808 1720 863 ubi
1761 808 1948 862 nullus
1985 811 2170 862 trans-

543 898 688 954 itum
709 898 936 969 habeat,
964 903 1064 954 aut
1086 899 1146 954 in
1170 901 1410 971 pariete,
1441 904 1539 954 aut
1561 901 1620 955 in
1646 901 1807 955 fossis
1831 900 2175 972 pavimento-

543 1008 675 1046 rum
688 992 999 1062 jactentur,
1012 1008 1084 1047 ne
1104 991 1514 1049 introeuntium
1531 994 1767 1066 pedibus
1780 994 2170 1066 inquinentur.

544 1086 724 1140 Nemo
740 1101 845 1156 per
858 1085 1241 1157 ignorantiam
1257 1086 1497 1142 clericus
1509 1087 1657 1159 palla
1674 1092 1964 1142 mortuum
1986 1087 2175 1142 credat

547 1177 984 1242 obvolvendum,
1014 1184 1112 1234 aut
1153 1179 1420 1235 diaconus
1461 1181 1711 1252 scapulas
1759 1180 1979 1253 Operire
2015 1180 2170 1249 velit,

546 1286 674 1342 quae
697 1272 806 1325 fuit
832 1271 893 1326 in
919 1272 1100 1342 altari,
1126 1277 1225 1328 aut
1246 1279 1396 1329 certe
1419 1289 1548 1345 quae
1573 1269 1702 1328 data
1723 1278 1808 1328 est
1836 1275 1895 1328 in
1915 1289 2172 1328 mensam

546 1364 791 1420 Domini.
816 1364 924 1429 Qui
943 1365 1067 1420 haec
1086 1366 1285 1422 fecerit
1312 1367 1399 1420 vel
1422 1367 1618 1422 leviter
1643 1367 1801 1440 quasi
1820 1367 1984 1437 nihil,
2007 1372 2062 1422 et
2080 1383 2174 1421 ne-

549 1457 830 1529 gligenter
865 1459 1130 1514 habuerit
1173 1460 1365 1514 divina
1391 1461 1680 1532 mysteria,
1705 1461 1969 1516 diaconus
1994 1461 2170 1515 trien-

546 1551 641 1605 nio
667 1567 876 1623 sexque
905 1551 1196 1607 mensibus
1228 1570 1261 1606 a
1299 1553 1587 1608 Dominico
1614 1554 1834 1609 alienus
1861 1554 1966 1608 erit
1988 1553 2170 1623 altari,

549 1645 708 1715 gravi
742 1661 1042 1715 percussus
1074 1646 1453 1702 anathemate.
1488 1647 1647 1710 Quod
1675 1647 1724 1700 si
1751 1648 2017 1702 clericum
2042 1662 2170 1717 pre-

547 1737 740 1808 sbyter
781 1755 896 1792 non
935 1741 1369 1807 commonuerit,
1413 1740 1606 1795 decem
1648 1741 1809 1795 annis
1839 1743 1894 1795 et
1923 1740 2172 1811 quinque

2272 533 2467 584 turum
2504 545 2752 600 poenam.
3927 595 3934 600 π

2341 621 2586 677 Clericus
2614 639 2744 677 vero
2774 621 2926 676 solus
2953 619 3028 675 ad
3058 618 3291 674 feminae
3324 615 3754 671 tabernaculum
3788 629 3901 668 non

2271 716 2518 782 accedat,
2545 732 2650 770 nec
2689 717 2958 787 properet
3003 713 3123 768 sine
3167 710 3400 782 majoris
3445 714 3583 764 natu
3628 707 3904 779 principis

2267 809 2542 880 jussione.
2578 810 2689 864 Nec
2727 809 3020 880 presbyter
3051 806 3202 860 solus
3229 820 3362 858 cum
3391 803 3510 856 sola
3537 801 3904 872 adjungatur,

2273 903 2368 956 sed
2411 901 2628 956 duobus
2666 900 2920 955 adductis
2950 898 3206 964 testibus,
3241 895 3428 950 visitet
3459 894 3772 959 infirmam,
3802 907 3908 947 nec

2274 996 2425 1050 solus
2453 1011 2585 1049 cum
2613 994 2729 1048 sola
2754 994 2966 1048 femina
2989 992 3208 1047 fabulas
3229 990 3485 1056 misceat,
3511 1003 3614 1042 nec
3633 984 3910 1040 archidia-

2273 1105 2444 1143 conus
2477 1094 2576 1143 aut
2612 1087 2878 1142 diaconus
2913 1085 3016 1139 sub
3046 1087 3323 1156 praetextu
3353 1080 3696 1136 humilitatis
3734 1077 3908 1133 ofﬁcii

2271 1182 2592 1253 frequentet
2615 1180 2899 1236 domicilia
2923 1182 3336 1243 matronarum,
3367 1178 3466 1230 aut
3494 1174 3641 1228 forte
3672 1188 3776 1243 per
3794 1171 3908 1226 cle-

2271 1274 2415 1329 ricos
2441 1279 2540 1329 aut
2564 1273 2902 1329 domesticos
2933 1272 3054 1342 ejus
3084 1274 3361 1325 matrona
3391 1267 3669 1322 mandent
3708 1263 3911 1319 secreti

2272 1368 2502 1440 aliquid.
2534 1367 2589 1422 Si
2618 1366 2909 1437 cognitum
2933 1364 3124 1432 fuerit,
3153 1366 3210 1417 et
3235 1363 3325 1417 ille
3354 1361 3697 1432 deponatur,
3725 1363 3785 1413 et
3813 1357 3911 1410 illa

2275 1478 2308 1515 a
2350 1461 2640 1515 liminibus
2679 1463 2936 1513 arceatur
2969 1456 3237 1511 ecclesiae.
3281 1454 3389 1510 Sed
3437 1453 3483 1507 si
3526 1453 3670 1507 forte
3715 1450 3912 1521 aliqua

2272 1553 2595 1608 intercessio
2621 1553 2810 1622 fuerit,
2841 1550 3101 1622 episcopo
3127 1551 3485 1619 suggeratur.
3508 1547 3575 1600 Et
3591 1545 3650 1625 lsi
3679 1543 3808 1598 talis
3827 1547 3912 1598 est

2273 1647 2343 1701 ad
2369 1663 2540 1718 quam
2579 1646 2781 1701 debeat
2815 1645 2898 1698 ire
2931 1644 3025 1716 pio
3054 1643 3377 1697 interventu
3405 1639 3525 1710 ipse
3551 1641 3771 1710 pergat.
3807 1637 3909 1692 Sin

2273 1744 2464 1794 autem
2489 1740 2559 1794 de
2593 1739 2767 1794 latere
2808 1753 2908 1791 suo
2934 1737 3168 1807 dirigat,
3197 1751 3329 1790 cum
3357 1733 3576 1788 duobus
3600 1735 3698 1786 aut
3725 1730 3913 1784 tribus

545 1830 834 1885 mensibus
886 1833 1400 1886 excommunicatus
1453 1833 1556 1899 sit,
1613 1839 1846 1905 prOpter
1906 1833 2055 1904 quod
2105 1833 2174 1888 de
2193 1819 2250 1891 Β
2274 1833 2373 1905 qui
2399 1833 2507 1886 hoc
2537 1831 2679 1887 scire
2701 1832 2960 1886 debeant.
2984 1830 3126 1885 Sane
3152 1828 3224 1882 ad
3249 1826 3585 1882 visitandam
3607 1823 3913 1878 mulierem

549 1923 850 1978 Dominicis
879 1926 1247 1980 sacramentis
1274 1926 1525 1997 subjecta
1551 1926 1656 1981 sibi
1680 1943 1799 1982 non
1818 1942 2178 1981 commonue-

547 2015 623 2070 rit
650 2017 985 2085 ministeria,
1015 2023 1073 2074 et
1099 2023 1293 2090 postea
1325 2037 1454 2074 cum
1486 2020 1687 2091 grandi
1722 2025 1778 2076 et
1803 2020 1959 2092 gravi
1986 2020 2175 2075 humi-

547 2109 703 2163 litate
749 2111 920 2164 matri
964 2113 1363 2167 reconcilietur
1409 2113 1688 2168 Ecclesiaa.
1731 2114 1910 2168 Pallas
1942 2130 2076 2168 vero
2121 2117 2178 2168 et

549 2203 669 2256 vela
693 2219 820 2274 quae
846 2203 905 2256 in
933 2205 1242 2258 sanctuarii
1280 2205 1562 2260 sordidata
1601 2205 1815 2260 fuerint
1839 2206 2174 2276 ministerio,

548 2295 769 2350 diaconi
811 2312 942 2350 cum
995 2296 1310 2351 humilibus
1363 2297 1637 2352 ministris
1671 2298 1836 2367 juxta
1873 2299 2178 2353 sacrarium

547 2388 753 2458 lavent,
783 2405 901 2442 non
930 2389 1215 2460 ejicientes
1249 2389 1399 2445 foras
1423 2407 1455 2444 a
1481 2390 1726 2445 sacrario
1755 2391 2042 2444 velamina
2071 2392 2174 2444 Do-

548 2481 774 2536 minicaa
816 2498 1050 2552 mensae,
1082 2498 1152 2537 ne
1195 2483 1339 2538 forte
1381 2483 1566 2554 pulvis
1605 2483 1889 2538 Dominici
1925 2483 2180 2555 corporis

549 2575 694 2628 male
741 2575 960 2630 decidat
1012 2592 1045 2629 a
1103 2576 1340 2631 sindone
1389 2576 1523 2630 foris
1569 2577 1786 2646 abluto,
1827 2581 1882 2631 et
1919 2577 2029 2631 erit
2070 2577 2179 2631 hoc

547 2669 808 2738 operanti
833 2673 1148 2738 peccatum,
1172 2669 1381 2724 idcirco
1408 2668 1557 2724 intra
1577 2670 1885 2724 sacrarium
1907 2669 2180 2724 ministris

547 2760 915 2831 praecipimus
955 2761 1078 2815 haec
1122 2766 1312 2816 sancta
1354 2779 1484 2816 cum
1533 2762 1827 2834 diligentia
1876 2763 2175 2818 custodire.

551 2852 698 2908 Sane
730 2852 908 2924 pelvis
952 2870 1097 2909 nova
1139 2860 1518 2927 comparetur,
1549 2859 1604 2911 et
1631 2861 1841 2928 praeter
1876 2857 1998 2911 haec
2035 2855 2180 2911 nihil

549 2945 705 3000 aliud
751 2949 968 3019 tangat.
1011 2947 1118 3003 Sed
1162 2964 1281 3002 non
1321 2948 1442 3020 ipsa
1480 2949 1660 3020 pelvis
1700 2950 1826 3005 ullis
1862 2954 2180 3022 apponatur

549 3039 802 3095 lavandis
826 3083 840 3111 ,
891 3040 1000 3095 nisi
1061 3057 1190 3114 quae
1252 3043 1323 3096 ad
1383 3043 1658 3098 Dominici
1713 3043 1904 3099 altaris
1965 3045 2179 3099 cultum

551 3133 858 3204 pertinent,
897 3136 1064 3206 pallae
1101 3135 1294 3191 altaris
1340 3136 1469 3192 solae
1499 3136 1558 3190 in
1601 3152 1667 3193 ea
1704 3137 1977 3207 laventur,
2020 3142 2077 3194 et
2117 3137 2178 3193 in
2208 3192 2270 3209 η

2201 3192 2256 3268 C

551 3227 660 3281 alia
687 3226 812 3282 vela
829 3228 1165 3298 januarum.

623 3340 704 3394 De
745 3339 882 3396 velis
935 3343 1126 3396 autem
1163 3340 1474 3411 januarum
1518 3356 1654 3395 cura
1705 3341 1780 3395 sit
1825 3340 2064 3396 ostiariis
2112 3359 2181 3398 ex

552 3431 935 3489 admonitione
960 3434 1270 3506 majorum,
1299 3450 1372 3489 ne
1401 3435 1528 3506 quis
1555 3433 1872 3506 negligens,
1902 3438 2002 3489 aut
2027 3435 2182 3507 igna-

552 3542 651 3582 rus
677 3527 751 3581 ad
778 3528 969 3582 velum
987 3527 1180 3598 januae
1199 3526 1404 3582 domus
1425 3527 1653 3582 Domini
1678 3544 1880 3583 manus
1899 3527 2182 3584 incondite

553 3623 756 3692 terget,
791 3620 888 3676 sed
915 3619 1106 3675 statim
1132 3620 1409 3676 coercitus
1435 3620 1611 3675 discat
1639 3621 1823 3677 omnis
1851 3621 2022 3677 homo
2050 3622 2183 3694 quia

556 3713 745 3770 velum
771 3713 1133 3784 atriijdomus
1158 3712 1384 3769 Domini
1410 3717 1667 3770 sanctum
1696 3720 1800 3770 est.

627 3835 992 3907 Praecipimus
1025 3834 1215 3905 etiam,
1248 3850 1322 3890 ne
1346 3851 1604 3908 unquam
1631 3839 1825 3891 extero
1851 3835 2050 3891 clerico
2070 3835 2184 3891 sive

555 3927 699 3984 laico
719 3929 788 3984 de
804 3929 1142 4000 fragmentis
1161 3928 1509 3984 oblationum
1524 3929 1749 3983 Domini
1768 3932 2015 3999 ponatur
2033 3928 2104 3982 ad
2122 3926 2184 3999 8

556 4037 834 4078 mensam.
880 4021 1039 4076 Unde
1085 4021 1193 4075 scis
1237 4025 1298 4074 tu
1353 4021 1452 4090 qui
1493 4021 1705 4090 passim
1742 4019 1968 4074 sacrarii
2008 4035 2187 4090 panes

556 4113 807 4183 indignis
826 4112 1128 4182 impendis,
1154 4109 1310 4166 unde
1337 4112 1486 4166 nosti
1517 4111 1562 4166 si
1581 4129 1615 4165 a
1637 4109 1964 4166 mulieribus
1987 4112 2188 4168 mundi

562 4205 734 4262 sunt?
762 4204 916 4260 Unde
958 4207 1017 4258 et
1039 4203 1217 4258 David
1247 4204 1317 4259 ab
1342 4204 1672 4260 Abimelech
1699 4205 1981 4261 sacerdote
2007 4205 2186 4261 inter-

560 4301 794 4370 rogatus
831 4313 962 4353 cum
998 4313 1172 4368 panes
1209 4296 1315 4352 sibi
1359 4298 1430 4353 ad
1460 4299 1872 4354 comedendum
1912 4306 2186 4370 posceret,

562 4392 610 4448 si
651 4392 899 4448 mundus
947 4393 1096 4446 esset
1139 4408 1174 4446 a
1211 4391 1472 4460 muliere,
1499 4407 1631 4446 cum
1657 4407 1714 4447 se
1748 4393 2028 4448 mundum
2059 4397 2191 4449 ante

560 4485 816 4542 triduum
849 4484 1230 4558 profiteretur,
1270 4501 1447 4557 panes
1490 4485 1894 4557 prapositionis
1942 4486 2188 4542 mandu-

562 4580 726 4637 cavit.

634 4700 720 4754 Ad
748 4701 1042 4755 Dominica
1080 4703 1274 4755 autem
1309 4698 1578 4770 mysteria
1612 4700 1755 4755 tales
1785 4699 2067 4772 eligantur
2095 4699 2194 4772 qui

566 4798 697 4848 ante
753 4793 1172 4849 ordinationem
1231 4793 1501 4864 conjuges
1554 4809 1684 4847 suas
1737 4809 1852 4848 non
1911 4792 2188 4848 noverint.

569 4886 731 4951 Quod
759 4886 806 4939 si
830 4890 958 4956 post
996 4886 1407 4942 ordinationem
1448 4885 1710 4941 ministro
1737 4885 2036 4958 contigerit
2057 4902 2189 4958 pro-

565 4979 759 5052 prium
802 4978 1070 5034 invadere
1109 4979 1292 5034 cubile
1335 4979 1544 5049 uxoris,
1591 4979 1822 5035 sacrarii
1866 4995 1981 5034 non
2020 4979 2196 5055 intret

565 5072 783 5140 limina,
815 5088 922 5127 nec
963 5070 1215 5126 sacrificii
1253 5071 1464 5143 potitor
1486 5071 1603 5141 ﬁat,
1632 5089 1738 5127 nec
1763 5073 1939 5128 altare
1971 5072 2191 5128 contin-

567 5169 683 5238 gat,
714 5181 820 5221 nec
860 5165 930 5220 ab
959 5165 1323 5220 offerentibus
1357 5166 1672 5222 holocausti
1701 5167 2046 5222 oblationem
2073 5182 2193 5221 sus-

567 5259 756 5331 cipiat,
783 5274 888 5314 nec
913 5258 985 5313 ad
1013 5257 1294 5314 Dominici
1322 5260 1576 5332 corporis
1602 5260 1920 5331 portionem
1945 5260 2192 5327 accedat,

567 5352 668 5409 sed
715 5368 926 5424 aquam
971 5352 1358 5408 sacerdotibus
1401 5352 1658 5424 porrigat
1705 5353 1776 5406 ad
1821 5368 2045 5422 manus,
2097 5353 2195 5408 sed

569 5446 714 5501 ostia
748 5445 1062 5502 forinsecus
1105 5446 1345 5516 claudat,
1386 5446 1610 5501 minora
1655 5449 1814 5517 gerat
1858 5445 2061 5517 ofﬁcia,
2095 5463 2191 5502 ur-

567 5556 734 5596 ceum
760 5539 875 5595 sive
900 5540 1139 5594 calicem
1168 5539 1243 5593 ad
1270 5539 1446 5594 altare
1472 5556 1590 5594 non
1615 5539 1867 5595 sufferat.

641 5655 696 5710 Si
721 5655 864 5710 forte
901 5653 1182 5726 quispiam
1205 5654 1503 5726 presbyter
1529 5655 1642 5710 sive
1672 5655 1942 5712 diaconus
1972 5657 2194 5712 sacrarii

572 5746 871 5802 sindonem
891 5748 975 5802 vel
995 5748 1185 5803 velum
1207 5747 1488 5803 subtracta
1510 5748 1848 5818 vendiderit,
1868 5750 2027 5805 Iudae
2045 5750 2197 5805 simi-

571 5839 638 5897 lis
663 5839 1036 5896 aestimabitur
1065 5841 1380 5902 lscariothis
1394 5859 1411 5910 ;
1443 5842 1540 5914 qui
1567 5847 1804 5916 propter
1829 5843 2193 5915 cupiditatem

2277 1927 2563 1981 infirmam
2590 1925 2782 1980 nullus
2808 1923 3046 1978 clericus
3074 1921 3448 1994 ingrediatur,
3473 1918 3584 1973 nisi
3613 1933 3744 1972 cum
3771 1916 3915 1970 duo-

2275 2020 2380 2074 bus
2417 2024 2516 2074 aut
2542 2020 2743 2073 tribus.
2771 2019 2948 2072 Nemo
2983 2021 3178 2072 tamen
3217 2030 3348 2069 cum
3380 2016 3647 2067 extranea
3686 2009 3915 2063 habitet

2277 2113 2509 2183 femina,
2542 2112 2652 2166 nisi
2694 2111 2953 2182 proxima
2999 2113 3097 2164 aut
3142 2124 3299 2162 soror
3326 2105 3518 2161 fuerit.
3550 2106 3616 2158 Et
3641 2104 3748 2157 hoc
3779 2118 3914 2156 cum

2276 2222 2484 2276 magna
2528 2204 2901 2259 sollicitudine
2947 2203 3068 2257 ﬁat.
3116 2203 3238 2255 Non
3285 2199 3614 2271 ignoramus
3666 2194 3915 2250 malitias

2278 2299 2519 2353 Satanae.
2547 2299 2813 2352 Universa
2839 2297 2960 2351 haec
2986 2312 3116 2350 cum
3153 2292 3593 2348 mansuetudine
3619 2287 3913 2344 ecclesias-

2277 2391 2392 2446 tica
2421 2391 2757 2462 complenda
2785 2393 2920 2444 sunt
2945 2388 3280 2443 ministeria.
3303 2384 3606 2457 Negotium
3632 2382 3789 2438 enim
3813 2381 3916 2436 Dei

2277 2501 2392 2539 non
2419 2484 2580 2539 decet
2602 2483 2963 2554 negligenter
2987 2481 3223 2554 expleri.

2353 2580 2560 2633 lterum
2584 2583 2752 2648 atque
2779 2577 2987 2631 iterum
3018 2577 3086 2630 de
3122 2571 3458 2646 fragmentis
3485 2567 3758 2626 Dominici
3787 2584 3914 2623 cor-

2278 2671 2430 2743 poris
2475 2670 2904 2736 demandamus,
2944 2668 3176 2723 calicem
3218 2683 3354 2722 vero
3391 2665 3464 2719 ad
3507 2662 3917 2736 proferendum

2279 2763 2618 2834 sanguinem
2647 2762 2869 2817 Domini
2895 2762 3302 2834 praeparatum,
3331 2774 3461 2813 cum
3484 2761 3600 2812 tota
3624 2753 3920 2810 munditia

2277 2855 2597 2926 ministerii,
2629 2855 2890 2910 minister
2913 2856 3217 2926 praeparet,
3245 2869 3319 2907 ne
3345 2867 3458 2906 non
3486 2850 3630 2904 bene
3660 2849 3809 2902 lotus
3829 2863 3920 2902 ca-

2277 2950 2355 3004 lix
2408 2949 2650 3004 diacono
2699 2952 2993 3020 peccatum
3035 2946 3134 3002 fiat
3175 2944 3452 3012 offerenti,
3482 2944 3562 2998 ita
3595 2957 3726 2997 cum
3754 2941 3921 2996 omni

2279 3042 2576 3098 honestate
2602 3046 2824 3110 cuncta,
2854 3057 3027 3112 quam
3067 3057 3238 3111 supra
3279 3036 3661 3110 exposuimus,
3688 3040 3922 3105 oportet

2280 3135 2525 3207 impleri.
2553 3135 2713 3190 Tales
2744 3135 2817 3189 ad
2841 3133 3224 3188 ministerium
3261 3132 3550 3203 eligantur
3573 3127 3781 3195 clerici,
3815 3127 3923 3198 qui

2283 3229 2453 3301 digne
2495 3227 2712 3300 possint
2739 3227 3036 3282 Dominica
3061 3228 3280 3281 sacrata
3309 3229 3573 3280 tractare.
3604 3221 3800 3277 Melius
3834 3225 3926 3275 est

2283 3322 2440 3378 enim
2467 3321 2746 3376 sacerdoti
2770 3337 2977 3392 paucos
3005 3320 3216 3374 habere
3247 3317 3539 3373 ministros
3571 3314 3668 3387 qui
3696 3312 3925 3385 possint

2282 3416 2456 3488 digne
2481 3432 2622 3486 opus
2652 3414 2754 3468 Dei
2781 3431 3070 3482 exercere,
3100 3428 3274 3485 quam
3300 3411 3509 3467 multos
3545 3407 3771 3464 inutiles
3811 3408 3923 3479 qui

2281 3525 2424 3564 onus
2455 3524 2626 3581 grave
2652 3506 2965 3562 ordinatori
2996 3506 3298 3561 adducant.

2349 3604 2396 3656 A
2422 3601 2700 3673 principio
2727 3600 2985 3673 epistolae
3017 3615 3198 3670 usque
3225 3597 3300 3653 ad
3327 3597 3519 3652 locum
3543 3595 3696 3650 hunc
3731 3592 3802 3648 de
3827 3609 3922 3648 sa-

2284 3695 2589 3750 cramentis
2614 3693 2871 3766 delegavi
2889 3695 3034 3749 bene
3059 3690 3368 3758 intuendis,
3395 3688 3496 3743 ubi
3518 3704 3633 3744 non
3660 3685 3928 3742 murium

2283 3793 2529 3844 stercora
2557 3787 2706 3844 inter
2733 3789 3057 3858 fragmenta
3093 3783 3398 3840 Dominicte
3435 3781 3706 3854 partionis
3736 3796 3923 3851 appa-

2284 3884 2462 3949 reant,
2495 3896 2681 3951 neque
2721 3880 2953 3952 putrida
2991 3895 3096 3950 per
3130 3875 3547 3949 negligentiam
3583 3879 3930 3930 remaneant

2285 3972 2640 4042 clericorum,
2667 3977 2724 4027 et
2752 3972 3152 4027 convenientes
3183 3970 3281 4042 qui
3308 3967 3561 4040 accipere
3590 3967 3693 4021 sibi
3729 3966 3926 4020 medi-

2286 4066 2471 4120 cinam
2496 4065 2832 4133 desiderant,
2861 4065 3089 4137 putrida
3123 4080 3254 4119 cum
3279 4061 3546 4130 viderint,
3577 4059 3760 4131 magis
3785 4075 3930 4114 cum

2286 4159 2524 4214 ridiculo
2555 4162 2613 4213 et
2642 4158 2867 4213 fastidio
2907 4157 3205 4214 videantur
3231 4156 3506 4227 accipere,
3541 4157 3599 4208 et
3625 4153 3685 4206 in
3714 4167 3929 4222 pecca-

2288 4257 2412 4308 tum
2451 4252 2632 4324 magis
2676 4251 2939 4308 decidant
2971 4267 3073 4322 per
3103 4248 3512 4321 negligentiam
3556 4245 3928 4302 clericorum.

2290 4347 2649 4419 Quapropter
2671 4362 2846 4401 nemo
2873 4344 3210 4400 clericorum
3236 4343 3387 4396 ultra
3414 4341 3537 4394 haec
3579 4338 3928 4410 dissimulet,

2288 4445 2387 4495 aut
2427 4439 2722 4512 negligere
2769 4439 3051 4493 ullatenus
3096 4436 3325 4503 audeat,
3364 4434 3465 4489 sed
3504 4433 3752 4488 libenter
3791 4449 3930 4504 qua:

2210 4557 2270 4631 D
2286 4533 2445 4604 jussa
2473 4535 2602 4588 sunt
2626 4532 2867 4604 expleat,
2903 4535 2961 4587 et
2988 4534 3207 4585 sacrata
3233 4527 3422 4584 divina
3439 4541 3804 4599 nequaquam
3827 4543 3933 4580 ne-

2293 4627 2574 4698 gligenter
2601 4628 2926 4680 contractet.
2955 4624 3201 4696 Ideoque
3226 4627 3340 4677 tam
3361 4621 3601 4693 juvenes
3629 4634 3805 4690 quam
3833 4635 3930 4673 se-

2294 4736 2394 4775 nes
2421 4719 2492 4773 de
2519 4718 2626 4788 bis,
2656 4721 2712 4774 et
2736 4719 2807 4774 de
2834 4718 2990 4773 omni
3010 4715 3433 4773 conversatione
3459 4730 3582 4782 sua,
3604 4717 3659 4767 et
3685 4727 3935 4767 conver-

2292 4813 2448 4868 sione
2473 4817 2530 4868 et
2555 4813 2888 4884 poenitentia
2913 4812 3071 4866 valde
3115 4826 3232 4865 esse
3275 4807 3534 4863 sollicitos
3559 4808 3803 4878 oportet,
3839 4822 3937 4860 sa-

2292 4906 2475 4978 tisque
2501 4921 2692 4978 agere,
2723 4911 2784 4961 ut
2812 4906 2935 4959 haec
2965 4903 3246 4975 condigne
3273 4905 3466 4973 agant,
3495 4903 3551 4954 et
3587 4899 3658 4954 de
3701 4897 3941 4970 reliquo

2293 5004 2499 5055 ornent
2528 5004 2645 5054 tam
2669 4999 2858 5055 clerici
2885 5014 3057 5070 quam
3092 4997 3386 5052 simulares
3422 4995 3642 5050 animas
3666 5007 3800 5047 suas
3830 5009 3938 5047 or-

2295 5092 2576 5149 namentis
2613 5091 2977 5164 dignissimis,
3010 5090 3370 5163 dogmatibus
3409 5088 3618 5143 scilicet
3650 5086 3938 5155 veritatis,

2295 5187 2493 5242 decore
2517 5185 2826 5258 pudicitiae,
2854 5185 3151 5257 splendore
3182 5183 3444 5256 justitiae,
3469 5181 3715 5236 candore
3740 5179 3939 5250 pieta—

2293 5280 2384 5350 tis,
2416 5279 2656 5352 aliisque
2683 5279 2947 5334 omnibus
2972 5278 3179 5351 quibus
3211 5276 3581 5347 compositam
3611 5274 3775 5328 decet
3803 5287 3941 5326 esse

2294 5374 2686 5430 rationabilem
2731 5376 3007 5429 mentem.
3057 5373 3198 5427 Tum
3242 5372 3522 5442 praeterea
3567 5366 3858 5422 declinare
3910 5382 3950 5419 a

2295 5467 2592 5524 consortiis
2615 5467 2933 5523 inhonestis
2964 5470 3022 5521 et
3050 5464 3392 5531 infidelibus,
3421 5466 3479 5518 et
3506 5461 3799 5517 societates
3824 5458 3945 5513 ha-

2293 5563 2429 5618 bere
2454 5561 2734 5631 fidelium,
2767 5564 2937 5633 atque
2966 5559 3090 5614 illos
3129 5560 3489 5630 frequentare
3525 5557 3844 5610 conventus
3880 5553 3949 5608 in

2294 5657 2498 5730 quibus
2525 5656 2594 5712 de
2623 5653 2911 5728 pudicitia,
2940 5653 3009 5708 de
3028 5651 3266 5723 justitia,
3293 5649 3363 5704 de
3388 5649 3596 5721 pietate
3627 5649 3942 5703 tractatur.

2296 5751 2469 5805 Orare
2499 5766 2598 5820 spe
2641 5751 2818 5804 Deum
2862 5763 2930 5801 ex
2971 5749 3088 5801 toto
3131 5744 3322 5811 corde,
3361 5747 3420 5798 et
3451 5741 3521 5797 ab
3560 5741 3684 5812 ipso
3721 5742 3945 5810 petere

2298 5860 2424 5914 quae
2452 5843 2633 5912 decet,
2675 5842 2783 5912 ipsi
2815 5840 3018 5912 gratias
3049 5855 3242 5910 agere,
3269 5852 3465 5892 veram
3506 5832 3948 5908 paenitudinem
