4046 6188
202 223 259 278 .“
1452 222 1928 278 DECRETALIUM
1967 225 2350 279 COLLECTIO.
3502 227 3570 289 42

201 345 403 402 gerere
424 329 853 401 praeteritorum
873 333 1181 402 gestorum,
1196 330 1616 402 aliquantulum
1638 331 1837 402 etiam,
1862 345 1921 416 Α
1941 347 2338 402 personamus,
2362 348 2549 404 neque
2570 350 2629 389 se
2651 336 2918 408 deinceps
2941 337 3228 393 excusabit
3245 353 3360 394 non
3380 341 3570 396 moni-

197 424 241 478 si
265 423 546 494 possibile
579 427 684 491 est,
713 440 819 495 per
849 424 1272 479 misericordias
1300 441 1618 496 pauperum
1642 425 1839 496 juvare

195 516 624 588 paenitentiam.
652 519 761 572 Per
791 519 913 572 haec
959 518 1114 573 enim
1153 518 1370 573 facilior
1399 519 1563 572 venia
1591 518 1837 586 dabitur,

192 615 246 664 et
271 610 615 682 indulgenti
639 610 805 665 citius
835 610 1241 682 indulgebitur.
1271 611 1433 675 Quod
1458 611 1502 665 si
1533 612 1842 682 provectio-

191 703 267 757 ris
295 703 493 757 aetatis
525 704 598 758 sit
627 704 676 757 is
704 703 798 774 qui
838 704 908 758 ad
941 704 1330 775 paenitentiam
1359 703 1534 770 venit,
1564 721 1631 758 eo
1661 704 1841 776 magis

188 796 409 866 gratias
440 813 621 868 agere
650 797 820 851 debet
857 798 997 851 Deo.
1041 797 1204 861 Quod
1239 803 1546 868 postquam
1580 798 1708 852 finis
1733 800 1839 864 est,

185 890 384 944 omnis
416 890 674 960 impetus
700 890 1172 961 concupiscentia:
1199 891 1466 958 carnalis,
1491 889 1728 946 scientia
1752 907 1843 945 ve-

183 983 375 1037 ritatis
402 987 665 1054 accepta,
701 985 856 1038 nulla
889 984 941 1038 ei
970 983 1233 1038 imminet
1260 1000 1456 1056 pugna
1493 983 1838 1050 certaminis,

185 1093 286 1147 per
323 1093 514 1147 quam
551 1076 915 1147 insurgentes
958 1077 1228 1131 adversus
1271 1077 1522 1131 animam
1567 1076 1843 1148 reprimat

187 1169 455 1240 corporis
499 1171 839 1224 voluntates.
875 1171 1144 1240 Superest
1173 1185 1310 1240 ergo
1348 1170 1398 1224 ei
1445 1169 1503 1224 in
1547 1169 1839 1241 agnitione

184 1263 471 1330 veritatis,
505 1268 564 1317 et
592 1263 994 1318 misericordias
1021 1263 1287 1334 operibus
1315 1263 1591 1333 exerceri,
1616 1267 1678 1317 ut
1709 1263 1843 1318 affe-

186 1360 276 1410 rat
335 1357 564 1411 fructus
617 1357 825 1427 dignos
886 1357 1260 1428 paenitentia.
1314 1358 1425 1412 Nec
1487 1360 1650 1428 putet
1710 1358 1842 1428 quia

189 1450 244 1502 in
279 1450 572 1520 temporis
609 1450 968 1520 longitudine
1005 1450 1418 1504 documentum
1451 1450 1839 1504 conversionis

189 1542 541 1610 ostenditur,
577 1546 635 1596 et
664 1559 781 1597 non
820 1543 880 1597 in
919 1543 1237 1598 devotionis
1261 1559 1325 1597 ac
1356 1543 1628 1614 propositi
1659 1542 1838 1597 firmi—

190 1640 329 1702 tate,
363 1637 486 1689 Deo
531 1635 687 1690 enim
731 1634 1038 1690 manifeste
1079 1642 1210 1691 sunt
1253 1638 1494 1702 mentes,
1535 1635 1670 1706 quia
1720 1652 1835 1690 non

1945 427 2090 493 tum,
2124 425 2218 496 qui
2248 425 2530 498 quidquid
2575 430 2737 500 sequi
2778 429 3002 499 debeat,
3036 435 3154 486 tam
3179 431 3366 487 verbis
3398 451 3572 506 quam

1940 517 2164 586 litteris,
2194 519 2488 575 edocetur.

2013 611 2207 675 Qualis
2231 618 2421 668 autem
2444 614 2871 686 condemnatio,
2895 621 2952 672 et
2971 617 3154 689 qualis
3174 618 3440 675 imminet
3457 637 3574 676 ma-

1941 704 2171 760 ledictio
2198 706 2284 759 his
2315 707 2413 778 qui
2438 707 2496 761 in
2523 711 2718 778 patres
2744 714 3004 780 peccant,
3035 711 3224 766 divina
3256 729 3359 785 nos
3407 714 3576 770 docet

1943 799 2249 870 Scriptura.
2281 799 2340 856 Si
2380 801 2534 854 enim
2581 803 2762 857 Cham
2805 803 2954 858 ﬁlius
2991 805 3130 875 Noe,
3163 822 3293 860 cum
3341 807 3576 864 vidisset

1941 892 2160 946 nudum
2184 909 2353 947 suum
2375 897 2616 965 patrem,
2643 895 2918 966 quoniam
2943 914 3058 951 non
3080 900 3375 968 cooperuit
3393 901 3572 971 patris

1943 985 2257 1056 corporalis
2303 986 2650 1054 nuditatem,
2680 989 2782 1043 sed
2828 1005 3090 1060 egressus
3129 991 3406 1047 nuntiavit
3448 1011 3572 1049 eam

1939 1078 2230 1146 fratribus,
2265 1083 2323 1134 et
2348 1080 2430 1134 illi
2459 1081 2799 1137 vestimento
2827 1098 2957 1137 eum
2985 1088 3428 1156 cooperuerunt,
3451 1086 3573 1157 ipse

1942 1171 2179 1243 quidem
2208 1173 2409 1242 Cham,
2443 1177 2504 1228 et
2529 1174 2612 1228 illi
2639 1175 2736 1246 qui
2767 1192 2834 1230 ex
2859 1193 2927 1231 eo
2956 1176 3073 1231 nati
3099 1183 3232 1232 sunt
3255 1178 3358 1233 sub
3392 1180 3571 1233 male-

1943 1264 2094 1319 dicto
2125 1264 2259 1320 facti
2287 1269 2437 1333 sunt,
2471 1267 2569 1337 qui
2601 1271 2797 1322 autem
2834 1275 3256 1340 cooperuerunt
3302 1287 3574 1342 magnam

1939 1357 2402 1413 benedictionem
2423 1364 2795 1416 meruerunt:
2820 1363 3003 1416 multo
3023 1363 3208 1434 magis
3236 1363 3325 1418 isti
3355 1366 3573 1436 majore

1942 1455 2001 1504 et
2026 1451 2299 1522 ampliore
2326 1452 2814 1509 condemnatione
2842 1455 3003 1526 digni
3028 1460 3179 1524 sunt,
3200 1457 3297 1528 qui
3318 1459 3574 1528 patribus

1941 1543 2191 1612 obviare,
2216 1549 2314 1599 aut
2333 1551 2531 1601 contra
2552 1563 2652 1601 eos
2672 1547 2969 1620 insurgere
3001 1549 3280 1618 nituntur,
3304 1554 3404 1605 aut
3427 1551 3575 1622 inju~

1939 1635 2086 1691 riam
2124 1639 2213 1692 vel
2257 1639 2665 1694 contumeliam
2717 1640 2797 1694 eis
2827 1641 3035 1697 inferre
3066 1642 3405 1713 moliuntur,
3433 1661 3572 1716 quo-

193 1733 530 1800 temporum
573 1728 858 1782 rationem
907 1729 1141 1799 colligit,
1189 1729 1290 1783 sed
1329 1728 1674 1794 animorum,
1719 1712 1917 1800 ipseB
1940 1729 2097 1784 niam
2123 1731 2220 1802 qui
2255 1731 2336 1785 eis
2363 1732 2573 1786 resistit
2608 1737 2667 1787 et
2690 1735 2804 1788 Deo
2843 1735 3072 1803 resistit,
3099 1739 3154 1791 et
3181 1736 3275 1807 qui
3308 1736 3388 1791 eis
3416 1738 3569 1808 inju-

194 1823 347 1876 enim
386 1821 602 1892 probat
643 1821 689 1874 si
727 1822 853 1893 quis
897 1822 1093 1892 agnita
1131 1821 1380 1876 veritatis
1427 1821 1833 1892 prazdicatione

197 1931 310 1968 non
338 1914 580 1981 distulit,
608 1931 796 1986 neque
824 1918 1048 1986 tempus
1075 1915 1432 1986 negligendo
1463 1915 1832 1985 consumpsit,

194 2008 307 2064 sed
325 2008 522 2061 statim
549 2010 624 2074 et,
653 2008 700 2061 si
727 2008 837 2062 dici
876 2011 1082 2079 potest,
1113 2009 1317 2062 eodem
1357 2012 1654 2062 momento
1687 2024 1833 2078 prae-

191 2099 376 2154 terita
399 2101 833 2170 perhorrescens
854 2101 1180 2155 futurorum
1205 2101 1552 2156 desiderium
1586 2102 1756 2172 cepit,
1778 2105 1835 2154 et

191 2194 250 2247 in
280 2210 544 2248 amorem
575 2195 739 2266 regni
767 2194 1008 2249 caelestis
1037 2195 1258 2248 exarsit.
1286 2196 1522 2266 Propter
1549 2195 1702 2266 quod
1729 2212 1832 2249 ne-

196 2304 288 2342 mo
339 2291 594 2342 vestrum
641 2289 791 2341 ultra
835 2288 1170 2353 dissimulet,
1198 2304 1305 2342 nec
1349 2291 1503 2342 retro
1547 2288 1830 2359 respiciat,

197 2380 291 2433 sed
321 2381 395 2434 ad
426 2381 804 2450 Evangelium
833 2382 996 2451 regni
1025 2380 1123 2435 Dei
1153 2381 1401 2435 libenter
1429 2381 1674 2436 accedat.
1709 2383 1832 2436 Non

197 2473 344 2528 dicat
372 2490 597 2545 pauper
615 2472 770 2545 quia,
789 2491 918 2528 cum
938 2474 1093 2528 dives
1119 2475 1301 2528 factus
1333 2475 1512 2541 fuero,
1536 2479 1673 2528 tunc
1695 2491 1831 2528 con-

196 2570 401 2620 vertar.
432 2569 558 2622 Non
605 2567 845 2638 requirit
876 2583 908 2620 a
937 2571 992 2621 te
1024 2569 1168 2621 Deus
1215 2566 1538 2636 pecuniam,
1573 2566 1674 2620 sed
1709 2566 1828 2620 ani-

199 2676 352 2713 mam
376 2660 814 2715 misericordem
845 2663 902 2714 et
935 2660 1093 2730 piam
1123 2663 1401 2714 mentem.
1436 2661 1630 2731 Neque
1676 2659 1831 2714 dives

198 2753 631 2807 conversionem
655 2769 817 2808 suam
843 2752 1090 2820 differat,
1112 2770 1215 2824 pro
1247 2753 1626 2807 sollicitudine
1653 2770 1828 2808 saacu-

199 2847 314 2911 lari,
341 2847 483 2901 dum
509 2847 721 2916 cogitat
756 2847 1046 2917 quomodo
1093 2846 1379 2918 dispenset
1423 2846 1831 2901 abundantiam

201 2940 447 3010 frugum.
467 2941 660 3010 Neque
677 2940 829 2994 dicat
844 2939 995 2994 intra
1016 2939 1410 3010 semetipsum,
1427 2939 1575 3003 Quid
1597 2939 1831 2993 faciam?

1935 1821 2082 1877 riam
2132 1825 2216 1877 vel
2264 1825 2673 1879 contumeliam
2721 1826 2878 1893 facit,
2907 1829 3042 1894 Deo,
3080 1828 3240 1898 cujus
3280 1829 3570 1900 legatione

1935 1916 2256 1987 funguntur
2281 1918 2437 1972 facit.
2463 1918 2694 1988 Expavit
2715 1920 2923 1973 cmlum
2946 1937 3118 1991 super
3137 1922 3244 1975 hoc
3265 1925 3323 1976 et
3347 1922 3572 1977 horruit

1935 2009 2178 2080 amplius
2193 2011 2588 2078 vehementer,
2609 2010 2746 2066 dicit
2760 2011 3058 2067 Dominus.
3078 2013 3121 2067 Ο
3145 2013 3568 2069 intolerabilem

1933 2093 2374 2172 malignitatem,
2393 2120 2425 2156 o
2441 2102 2697 2174 linguam
2718 2103 3047 2176 loquentem
3064 2105 3424 2177 iniquitatem
3439 2125 3570 2164 con-

1935 2197 2024 2248 tra
2045 2196 2248 2262 Deum,
2271 2200 2329 2250 et
2348 2197 2606 2250 mentem
2625 2196 2686 2250 in
2705 2195 3070 2252 altitudinem
3091 2214 3272 2253 cornu
3299 2201 3568 2255 extollen-

1934 2289 2087 2342 tem!
2121 2291 2188 2344 Et
2212 2289 2425 2343 iterum
2448 2305 2460 2342 :
2487 2290 2747 2360 lmpone,
2775 2290 2972 2358 homo,
2991 2294 3105 2344 tua:
3124 2291 3336 2362 linguas
3361 2293 3569 2348 ostium

1934 2386 1991 2436 et
2044 2397 2247 2436 seram.
2297 2382 2467 2436 Cessa
2521 2382 2580 2436 in
2639 2381 3000 2437 altitudinem
3057 2401 3236 2438 cornu
3294 2387 3570 2441 extollens

1933 2479 1986 2528 et
2016 2476 2252 2546 loquens
2271 2475 2540 2529 adversus
2558 2475 2862 2530 Dominum
2891 2476 3257 2548 iniquitatem
3290 2482 3346 2533 et
3375 2480 3566 2550 proxi-

1931 2583 2091 2622 mum
2118 2571 2301 2635 tuum,
2333 2583 2630 2639 quousque
2669 2567 2909 2623 insultas
2955 2569 3196 2639 patienti
3239 2571 3463 2626 Christo
3508 2577 3566 2628 et

1930 2661 2198 2715 fratribus
2216 2661 2245 2714 ‘?

2002 2755 2129 2808 Haec
2152 2769 2255 2808 nos
2279 2752 2618 2808 familiarius
2640 2754 2900 2822 docebat,
2919 2756 2977 2808 et
2992 2754 3116 2809 haec
3139 2756 3305 2811 nobis
3325 2757 3561 2828 publici-

1929 2850 2020 2901 tus
2049 2846 2353 2917 preedictus
2380 2847 2670 2918 magister,
2707 2851 2764 2901 et
2793 2847 3102 2903 instructor
3127 2854 3298 2921 atque
3329 2851 3560 2906 ordina-

1932 2943 2023 2993 tor
2046 2943 2240 2994 noster
2266 2941 2532 3012 princeps
2569 2942 2966 3011 apostolorum
3001 2943 3200 2996 Petrus
3230 2943 3288 2996 in
3319 2944 3565 2999 Ecclesia

204 3033 289 3086 ubi
334 3033 648 3087 recondam
681 3033 895 3087 fructus
936 3033 1142 3087 meos?
1181 3034 1375 3104 Neque
1421 3033 1574 3087 dicat
1619 3033 1828 3087 anima:
1851 3075 1904 3150 C
1931 3033 2301 3103 praedicabat,
2326 3035 2653 3105 exemplum
2686 3034 2830 3088 dans
2871 3038 2933 3088 ut
2969 3051 3076 3089 nos
3102 3035 3366 3091 similiter
3394 3037 3561 3092 facia-

204 3143 301 3150 ,η’
381 3148 386 3150 .
417 3126 601 3150 ῙΙ-”Ι.--
628 3127 803 3150 ...η-ιι,
838 3126 984 3150 1.-....
1021 3126 1262 3150 --_--:l-
1293 3125 1347 3150 2..
1388 3142 1563 3150 ,εκ-...ιι-
1589 3127 1797 3150 ..νι--Ιι,.-
1930 3143 2055 3150 ..---..
2105 3125 2485 3150 11⁸--....ξ12--Α2..ζ
2518 3126 2746 3150 I:......-:l.\
2779 3127 2833 3150 ἔ..
2882 3130 3182 3150 --____-t__
3229 3129 3450 3150 n-_-:_:
3514 3133 3556 3150 γι

203 3143 323 3180 suae.
358 3148 386 3175 ‹‹
417 3126 605 3180 Habes
628 3127 809 3180 multa
838 3126 991 3181 bona
1021 3126 1269 3197 reposita
1293 3125 1352 3179 in
1386 3142 1566 3180 annos
1589 3127 1820 3196 multos,

203 3221 426 3290 epulare
457 3224 514 3274 et
533 3219 752 3274 laetare.
774 3221 916 3273 Nam
939 3219 1162 3273 dicetur
1188 3220 1259 3273 ei.
1297 3219 1500 3286 Stulte,
1534 3219 1638 3273 hac
1659 3223 1826 3274 nocte

202 3314 487 3367 auferetur
512 3313 615 3367 abs
643 3318 699 3367 te
739 3312 934 3367 anima
973 3317 1092 3377 tua,
1127 3314 1184 3366 et
1229 3328 1355 3383 qua:
1397 3312 1631 3383 parasti,
1664 3312 1825 3382 cujus

199 3407 398 3460 erunt?
421 3407 573 3474 (Luc.
599 3422 692 3472 ιιι,
720 3409 784 3460 l9
812 3411 864 3461 et
883 3406 969 3473 '20)
997 3427 1024 3454 ››
1053 3407 1244 3475 Itaque
1271 3404 1505 3458 festinet
1536 3405 1609 3459 ad
1641 3406 1824 3476 poeni-

195 3499 434 3554 tentiam
461 3499 650 3554 omnis
675 3503 830 3568 aetas,
859 3498 1044 3553 omnis
1075 3515 1259 3565 sexus,
1292 3497 1593 3568 omnisque
1625 3499 1823 3553 condi-

196 3593 290 3658 tio,
310 3598 374 3647 ut
392 3593 574 3647 vitam
594 3597 976 3664 consequatur
1003 3595 1296 3658 eetemam,
1325 3591 1564 3662 juvenes
1592 3591 1826 3662 quidem

195 3686 248 3738 in
278 3702 345 3740 eo
372 3686 524 3757 grati
556 3686 689 3752 sint,
724 3685 879 3757 quod
905 3685 963 3739 in
987 3685 1110 3756 ipso
1139 3685 1359 3756 impetu
1386 3683 1822 3753 desideriorum,

195 3779 436 3833 cervices
460 3795 595 3833 suas
606 3779 752 3849 jugo
773 3777 1077 3849 subjiciunt
1097 3777 1427 3848 disciplima.
1449 3777 1628 3833 Senes
1646 3779 1704 3831 et
1718 3777 1824 3848 ipsi

195 3872 502 3926 laudabiles
515 3870 682 3925 multi
700 3871 976 3942 temporis
989 3869 1464 3925 consuetudinem
1479 3870 1537 3924 in
1552 3886 1663 3940 qua
1674 3869 1824 3924 male

193 3964 466 4035 praeventi
483 3967 620 4018 sunt
636 3980 740 4034 pro
761 3963 859 4017 Dei
880 3980 1080 4019 amore
1097 3966 1472 4018 commutent.
1491 3964 1669 4017 Nemo
1684 3979 1824 4034 ergo

188 4058 439 4123 differat,
457 4073 638 4111 nemo
659 4059 972 4111 cunctetur.
993 4059 1128 4121 Quae
1147 4057 1303 4110 enim
1326 4073 1498 4111 causa
1517 4055 1826 4110 cunctandi

186 4155 268 4204 est
296 4151 370 4205 ad
397 4151 555 4204 bene
588 4150 882 4220 agendum
902 4150 930 4204 ‘I
955 4150 1196 4204 Animus
1238 4149 1345 4204 sibi
1387 4150 1537 4204 male
1571 4148 1826 4203 conscius

185 4244 322 4298 dum
360 4243 598 4297 videtur
645 4243 750 4296 sibi
795 4243 1013 4297 nullam
1046 4258 1281 4314 pmnam
1317 4241 1459 4314 pati,
1488 4241 1670 4297 credit
1695 4241 1826 4312 quia

1929 3143 2077 3181 mus.
2105 3125 2489 3181 Humiliamini
2517 3126 2748 3198 (inquit)
2779 3127 2838 3181 in
2877 3130 3186 3199 conspectu
3229 3129 3476 3198 Domini,
3505 3133 3564 3185 et

1927 3219 2204 3274 exaltabit
2230 3236 2348 3275 vos.
2375 3220 2557 3275 Nolite
2584 3221 2888 3275 detrahere
2915 3221 3257 3276 alterutrum
3285 3223 3560 3294 quoniam

1927 3313 2025 3384 qui
2051 3313 2302 3367 detrahit
2326 3313 2508 3380 fratri,
2541 3316 2640 3368 aut
2679 3313 2776 3384 qui
2813 3314 3038 3384 judicat
3078 3315 3318 3370 fratrem
3365 3333 3554 3383 suum,

1927 3405 2179 3460 detrahit
2203 3406 2339 3476 legi,
2371 3409 2429 3462 et
2456 3405 2680 3476 judicat
2718 3407 2929 3476 legem.
2960 3407 3064 3472 Qui
3107 3411 3299 3462 autem
3340 3409 3561 3479 judicat

1924 3499 2117 3569 legem
2143 3516 2261 3554 non
2289 3503 2375 3554 est
2399 3500 2582 3554 factor
2599 3499 2764 3569 legis,
2785 3499 2884 3553 sed
2906 3499 3101 3570 judex,
3125 3517 3271 3554 unus
3292 3504 3378 3554 est
3402 3501 3558 3556 enim

1925 3592 2220 3663 legislator
2233 3597 2290 3647 et
2297 3593 2498 3662 judex,
2515 3591 2612 3664 qui
2629 3595 2820 3663 potest
2838 3593 3079 3663 perdere
3105 3596 3161 3648 et
3175 3593 3560 3650 liberare.«Tu

1926 3687 2118 3738 autem
2147 3684 2244 3754 qui
2275 3700 2333 3739 es
2364 3684 2462 3754 qui
2490 3683 2710 3753 judicas
2749 3685 3118 3754 proximum?
3146 3686 3279 3755 (Jac.
3308 3703 3382 3756 1v,
3420 3691 3484 3743 l0
3511 3695 3561 3744 et

1924 3777 2056 3847 seq.)
2080 3796 2106 3827 ι)
2134 3777 2256 3830 Νοη
2280 3778 2526 3846 oportet,
2559 3791 2672 3829 non
2699 3776 2973 3846 prtecepit
3002 3793 3104 3830 nos
3124 3777 3387 3846 judicare
3411 3779 3556 3833 invi-

1925 3886 2072 3936 cem,
2105 3868 2202 3923 sed
2228 3867 2413 3939 magis
2435 3867 2720 3922 auxilium
2759 3867 2910 3922 ferre
2936 3885 2948 3922 :
2973 3884 3054 3921 vae
3082 3867 3191 3921 erit
3223 3869 3439 3939 (inquit)
3470 3870 3557 3924 his

1926 3963 2024 4034 qui
2055 3962 2260 4016 fratres
2283 3961 2573 4028 tribulant,
2603 3964 2661 4014 et
2696 3960 2779 4014 eis
2820 3959 2919 4031 qui
2969 3977 3068 4014 eos
3110 3964 3554 4032 persequuntur,

1924 4073 2023 4111 vos
2043 4058 2236 4110 autem
2262 4057 2480 4126 quanto
2503 4052 2748 4124 amplius
2769 4052 3143 4120 tribulamini,
3165 4057 3321 4109 tanto
3347 4071 3553 4126 purga-

1922 4149 2094 4204 tiores
2125 4150 2296 4218 atque
2322 4147 2609 4202 beatiores
2637 4146 2987 4213 efﬁciemini,
3018 4145 3065 4200 si
3092 4151 3287 4201 tamen
3313 4147 3436 4218 ipsa
3455 4149 3554 4202 tri-

1923 4240 2137 4296 bulatio
2165 4240 2450 4311 patienter
2478 4239 2651 4294 fuerit
2675 4243 3028 4310 supportata,
3059 4239 3212 4310 quod
3237 4239 3412 4294 etiam
3438 4240 3558 4317 ipse

185 4353 298 4391 non
313 4336 546 4407 judicet
571 4335 864 4402 Dominus,
888 4351 1017 4390 cum
1039 4335 1196 4390 abuti
1219 4334 1497 4406 patientia
1517 4333 1618 4389 Dei
1635 4336 1694 4388 et
1710 4350 1822 4388 non
1925 4351 2027 4389 nos
2052 4332 2324 4388 Dominus
2349 4332 2559 4387 docuit.
2596 4353 2623 4380 «
2650 4331 2807 4386 Beati
2839 4331 2936 4403 qui
2967 4332 3422 4402 persecutionem
3455 4351 3556 4405 pa-

187 4430 513 4500 intelligere
563 4428 852 4499 parcentis
899 4428 1316 4500 benignitatem
1357 4428 1480 4499 jam
1512 4427 1586 4480 sit
1612 4437 1902 4510 magnaD
1927 4427 2390 4497 tiunturpropter
2400 4424 2705 4496 justitiam.
2726 4445 2753 4474 ››
2773 4425 3072 4479 Etitem:«
3091 4425 3243 4480 Beati
3261 4426 3416 4481 eritis
3430 4443 3560 4482 cum

192 4521 510 4577 damnatio.
546 4521 707 4576 Unde
741 4521 1014 4593 scriptum
1050 4524 1176 4576 est:
1215 4543 1241 4570 «
1273 4520 1601 4576 Maledictus
1639 4519 1824 4574 omnis
1923 4538 2022 4576 vos
2053 4520 2279 4574 oderint
2303 4518 2587 4588 homines,
2612 4539 2638 4567 »
2673 4522 2731 4573 et
2758 4535 2786 4569 «
2812 4517 3095 4588 persecuti
3121 4534 3217 4572 vos
3244 4519 3479 4587 fuerint,
3505 4524 3562 4575 et

194 4615 290 4684 qui
315 4632 461 4686 opus
489 4613 719 4669 Domini
742 4615 1108 4686 negligenter
1134 4613 1253 4684 agit
1279 4614 1406 4685 (Jer.
1433 4630 1619 4679 XLVIII,
1657 4613 1761 4683 l0).
1793 4631 1821 4664 ι)
1925 4613 2196 4684 ejecerint
2221 4628 2437 4666 nomen
2463 4616 2718 4666 vestrum
2747 4613 3023 4681 tanquam
3048 4611 3288 4666 malum.
3308 4612 3558 4667 Gaudete

192 4706 554 4779 Quapropter
582 4707 878 4778 pastoralis
917 4707 1136 4762 ordinis
1161 4711 1246 4762 est
1272 4705 1708 4778 infatigabiliter
1733 4721 1821 4759 re-
1927 4706 1984 4760 in
2005 4707 2098 4760 illa
2118 4705 2230 4772 die,
2257 4710 2313 4760 et
2330 4705 2620 4771 exsultate,
2641 4702 2911 4775 quoniam
2933 4719 3155 4758 merces
3178 4707 3361 4759 vestra
3379 4707 3565 4760 multa

194 4816 388 4854 vocare
417 4799 702 4871 quidquid
742 4801 811 4854 ad
854 4799 1270 4855 correctionem
1307 4799 1674 4871 populorum,
1709 4798 1824 4852 imo
1927 4803 2013 4854 est
2052 4799 2111 4852 in
2154 4799 2295 4852 coelo
2327 4798 2520 4868 (Math.
2550 4813 2605 4864 v,
2636 4797 2740 4867 t0),
2772 4818 2801 4846 »
2837 4796 2991 4851 unde
3023 4800 3081 4851 et
3105 4795 3227 4869 ipse
3256 4797 3336 4852 ait
3364 4814 3377 4852 :
3404 4817 3431 4849 «
3465 4798 3561 4852 Di—

195 4894 374 4964 magis
407 4893 658 4948 filiorum
685 4892 1064 4964 spiritualium
1102 4893 1402 4964 (quantum
1430 4897 1516 4946 est
1541 4892 1626 4946 fas
1656 4891 1825 4945 intel-
1924 4892 2068 4963 liges
2098 4891 2407 4945 Dominum
2439 4891 2620 4945 Deum
2651 4893 2814 4944 tuum
2837 4906 2904 4943 ex
2925 4892 3044 4944 toto
3071 4891 3241 4945 corde
3272 4897 3392 4958 tuo,
3422 4892 3481 4945 et
3499 4907 3563 4946 ex

199 4987 386 5057 ligere)
409 4986 745 5057 cognoverit
769 4987 1076 5057 pertinere,
1101 4989 1160 5040 et
1179 5003 1296 5041 non
1319 4984 1493 5056 (quod
1513 4985 1675 5046 absit)
1697 5001 1827 5040 cum
1927 4987 2048 5039 tota
2078 4982 2274 5038 anima
2298 4987 2414 5050 tua,
2438 4985 2495 5037 et
2514 4998 2577 5037 ex
2607 4981 2741 5036 totis
2764 4980 2977 5036 viribus
2996 4981 3126 5050 tuis,
3150 4985 3208 5037 et
3231 4982 3562 5054 proximum

197 5095 287 5133 suo
311 5079 572 5151 periculo
602 5080 804 5134 alienae
833 5079 954 5150 spei
981 5096 1086 5151 per
1112 5079 1290 5134 solam
1317 5077 1731 5150 negligentiam
1751 5078 1828 5133 fa-

199 5187 316 5227 cere
335 5173 779 5242 detrimentum,
795 5172 897 5227 sed
918 5172 1073 5244 quod
1094 5173 1167 5226 ad
1187 5172 1472 5244 generalis
1489 5171 1687 5226 salutis
1707 5188 1829 5242 spe-

201 5268 305 5319 ctat
363 5265 796 5336 compendium,
843 5265 1053 5320 salubri
1112 5281 1344 5320 necesse
1401 5269 1485 5320 est
1531 5264 1830 5336 providere

207 5361 458 5413 tractatu.

265 5451 486 5506 Homini
545 5450 812 5523 religioso
861 5467 1064 5522 parum
1115 5467 1234 5506 esse
1284 5451 1456 5506 debet
1501 5449 1831 5506 inimicitias

207 5544 436 5599 aliorum
467 5560 589 5599 non
619 5559 902 5611 exercere,
927 5545 1013 5600 vel
1041 5561 1158 5600 non
1182 5559 1394 5615 augere
1419 5545 1568 5598 male
1588 5545 1828 5613 loquen-

211 5635 290 5702 do,
321 5637 428 5692 nisi
457 5654 558 5692 eas
592 5637 769 5693 etiam
809 5639 1170 5709 exstinguere
1208 5637 1359 5691 bene
1392 5636 1682 5708 loquendo
1714 5638 1828 5690 stu-

215 5730 404 5788 duerit.
437 5733 581 5786 Ecce
613 5732 729 5787 oris
758 5731 934 5788 nostri
961 5731 1201 5787 buccina
1227 5729 1298 5785 ad
1331 5746 1499 5786 aures
1533 5728 1832 5785 hominum

1928 5081 2090 5132 tuum
2164 5077 2309 5131 sicut
2381 5075 2628 5148 teipsum
2679 5075 2867 5145 (Marc.
2914 5091 3009 5145 xu,
3062 5078 3152 5142 30,
3204 5076 3312 5146 31).
3359 5096 3387 5125 »
3437 5077 3561 5131 Non

1930 5170 2108 5240 enim,
2139 5169 2342 5241 inquit,
2372 5173 2525 5224 recte
2559 5168 2746 5240 diligit
2772 5169 2954 5223 Deum
2990 5168 3087 5240 qui
3126 5168 3363 5225 fratrem
3412 5169 3562 5223 inse-

1933 5263 2147 5335 quitur,
2177 5279 2283 5317 nec
2304 5261 2492 5333 diligit
2516 5261 2847 5333 proximum
2867 5260 2961 5334 qui
2985 5261 3037 5316 ei
3064 5261 3335 5328 detrahit,
3357 5262 3444 5314 vel
3466 5259 3562 5330 qui

1929 5357 2094 5411 illum
2127 5358 2377 5424 accusat,
2411 5354 2546 5426 quia
2576 5355 2730 5426 quod
2769 5354 2874 5409 sibi
2919 5353 3045 5426 quis
3090 5355 3215 5410 fieri
3260 5369 3377 5408 non
3421 5352 3560 5418 vult,

1931 5450 2037 5504 hoc
2073 5449 2239 5503 alteri
2273 5448 2602 5503 nullatenus
2647 5448 2833 5504 facere
2876 5447 3066 5504 debet.
3095 5446 3319 5512 Discite,
3353 5441 3562 5514 inquit,

1931 5541 2034 5597 filii
2070 5541 2206 5610 mei,
2247 5540 2588 5613 sapientiam
2629 5546 2688 5597 et
2731 5542 2986 5596 tenetote
3021 5539 3196 5593 fidem
3237 5539 3474 5604 rectam,
3507 5538 3567 5590 et

1935 5635 2354 5707 amplectimini
2383 5634 2734 5702 charitatem,
2757 5637 2824 5689 ut
2849 5650 2964 5688 non
2995 5629 3296 5696 excidatis;
3321 5628 3450 5684 data
3481 5633 3568 5685 est

1937 5729 2089 5785 enim
2127 5729 2288 5785 vobis
2326 5746 2359 5784 a
2400 5727 2642 5785 Domino
2685 5730 2957 5802 potestas,
2989 5727 3045 5780 et
3079 5722 3256 5777 virtus
3293 5722 3365 5778 ab
3398 5723 3565 5779 Altis-
