4046 6188
551 250 617 304 43
1452 245 1731 299 ΑΡΡΕΝΙ).
1776 246 1861 299 AD
1899 246 2056 300 δέῑεῖῦ.
2101 245 2166 298 ΙΧ

2320 243 2562 297 ISIDURI
2603 242 3018 297 MERCATORIS
3833 243 3900 298 4'2

545 355 714 425 simo,
735 355 836 428 qui
863 351 1244 424 interrogabit
1272 366 1449 423 opera
1475 355 1680 418 vestra,
1709 355 1767 406 et
1795 351 2174 422 cogitationes
2196 361 2255 436 Α
2277 350 2504 405 mittiin
2525 349 2852 421 gehennam
2875 347 3025 419 ignis
3059 345 3554 418 inexstinguibilis,
3575 345 3671 400 ubi
3691 347 3902 402 vermis

546 449 1126 505 scrutabiturvestras.
1143 444 1251 510 Qui
1271 449 1465 500 autem
1489 444 2170 516 custodierintjustitiam,

539 544 690 613 juste
729 541 1160 612 judicabuntur,
1205 543 1264 592 et
1300 539 1398 609 qui
1441 538 1785 592 crediderint
1825 539 1982 608 justa
2021 538 2173 608 juste

547 633 836 688 invenient
861 632 1000 703 quid
1039 631 1444 703 respondeant.
1477 631 1716 701 Semper
1749 636 2002 686 cavetote
2046 646 2174 701 quia

544 725 914 796 praecepit,ne
931 723 1242 795 aliquando
1264 725 1493 794 peccato
1514 722 2022 792 consentiamus,et
2037 739 2176 793 prte-

543 817 926 874 termittamus
951 819 1241 888 praecepta
1267 815 1368 871 Dei
1398 816 1598 870 nostri.

615 909 886 966 Ecclesias
932 927 1038 980 per
1077 924 1331 978 congrua
1367 912 1426 962 et
1465 907 1624 962 utilia
1661 909 1826 962 facite
1868 908 2014 976 loca,
2047 925 2175 980 qua:

545 1003 748 1060 divinis
783 1002 1043 1074 precibus
1079 1018 1304 1056 sacrare
1346 1005 1594 1073 oportet,
1624 1004 1681 1056 et
1711 1002 1767 1054 in
1799 1000 2040 1072 singulis
2084 1018 2174 1056 sa-

545 1097 804 1152 cerdotes
832 1095 1036 1150 divinis
1063 1094 1413 1150 orationibus
1453 1095 1567 1150 Deo
1594 1095 1808 1150 dicatos
1841 1095 2000 1166 poni.
2027 1096 2177 1158 Quos

545 1190 614 1244 ab
661 1188 929 1243 omnibus
971 1188 1231 1243 venerari
1275 1191 1514 1258 oportet,
1557 1193 1615 1242 et
1651 1204 1767 1243 non
1804 1203 1837 1242 a
1883 1204 2176 1259 quoquam

549 1280 791 1354 gravari.
824 1283 1062 1352 Semper
1089 1279 1257 1335 vitate
1297 1281 1466 1346 mala,
1505 1283 1561 1334 et
1601 1297 1702 1351 pro
1742 1279 2039 1334 animabus
2079 1297 2173 1334 ve-

546 1374 677 1429 stris
706 1391 781 1429 ne
815 1373 1248 1428 confundamini
1289 1373 1476 1428 dicere
1513 1389 1733 1428 verum.
1766 1372 2056 1427 Mendacia
2084 1373 2175 1427 fu-

546 1468 683 1540 gite,
713 1473 770 1522 et
798 1467 1098 1521 veritatem
1134 1466 1307 1521 corde
1348 1466 1620 1537 proferte,
1650 1465 1925 1536 quoniam
1970 1466 2178 1521 multos

540 1561 666 1633 jam
701 1559 1082 1631 supplantavit
1119 1558 1381 1630 suspicio.
1413 1559 1761 1615 Charitatem
1793 1574 2022 1629 semper
2050 1558 2176 1613 dili-

547 1654 685 1724 gite,
714 1657 772 1707 et
797 1653 1004 1707 fratres
1025 1651 1309 1722 adjuvate.
1331 1653 1512 1705 Erunt
1533 1650 1688 1705 enim
1716 1652 1876 1722 quasi
1901 1663 2016 1705 non
2043 1651 2174 1718 sint,

547 1719 606 1801 et
634 1745 903 1817 peribunt
917 1745 1018 1799 viri
1044 1719 1141 1816 qui
1167 1744 1567 1800 contradicunt
1594 1719 1785 1814 vobis;
1815 1744 1966 1798 unde
1987 1747 2045 1799 et
2065 1745 2174 1800 Do-
2199 1719 2254 1791 B

546 1839 738 1894 minus
766 1839 886 1894 ait:
922 1860 948 1886 ‹‹
982 1837 1088 1902 Qui
1127 1854 1227 1892 vos
1270 1837 1446 1904 audit,
1476 1854 1572 1891 me
1617 1837 1797 1906 audit,
1843 1840 1900 1892 et
1940 1837 2039 1907 qui
2078 1854 2178 1892 vos

545 1933 780 2003 spernit,
812 1948 904 1986 me
931 1931 1167 2002 spernit,
1197 1935 1252 1986 et
1279 1930 1374 2001 qui
1406 1930 1623 2001 spernit
1653 1946 1768 1999 me,
1803 1929 2018 2000 spernit
2046 1947 2179 1985 eum

545 2026 644 2096 qui
686 2041 779 2080 me
821 2025 978 2079 misit
1009 2027 1153 2089 (Luc.
1186 2040 1239 2094 Χ,
1281 2023 1382 2093 16).
1424 2044 1451 2072 ››
1489 2024 1555 2077 Et
1591 2022 1730 2078 item
1761 2039 1774 2075 :
1814 2044 1840 2070 «
1875 2022 1982 2086 Qui
2022 2023 2178 2078 enim

544 2134 662 2172 non
693 2120 778 2171 est
802 2117 1106 2170 adversum
1133 2133 1233 2170 vos
1260 2131 1362 2186 pro
1398 2115 1556 2169 vobis
1581 2117 1685 2170 est.
1717 2115 1981 2186 Quisquis
2025 2116 2177 2169 enim

546 2213 745 2280 potum
772 2209 998 2262 dederit
1025 2206 1184 2262 vobis
1215 2207 1450 2262 calicem
1492 2223 1656 2277 aquae
1701 2207 1759 2261 in
1787 2207 2019 2262 nomine
2049 2224 2178 2263 meo

546 2302 700 2373 (quia
736 2300 941 2354 Christi
985 2300 1160 2368 estis),
1206 2315 1376 2354 amen
1429 2299 1555 2353 dico
1599 2299 1778 2364 vobis,
1820 2315 1938 2354 non
1981 2301 2182 2370 perdet

545 2392 873 2448 mercedem
921 2409 1099 2446 suam.
1144 2393 1213 2445 Et
1259 2391 1357 2462 qui
1404 2391 1864 2446 scandalizaverit
1898 2407 2080 2446 unum
2107 2409 2178 2448 ex

547 2486 762 2558 pusillis
803 2485 1163 2540 credentibus
1192 2485 1252 2538 in
1289 2500 1404 2551 me,
1444 2484 1659 2538 bonum
1698 2488 1782 2539 est
1821 2484 1870 2539 ei
1909 2485 2094 2556 magis
2133 2485 2180 2539 si

545 2579 994 2635 circumdaretur
1020 2577 1178 2633 mola
1209 2576 1456 2632 asinaria
1495 2578 1640 2631 collo
1671 2577 1792 2647 ejus
1833 2581 1890 2632 et
1928 2577 1985 2631 in
2017 2594 2178 2632 mare

545 2673 886 2728 mitteretur.
921 2673 989 2725 Et
1019 2671 1065 2724 si
1097 2670 1563 2726 scandalizaverit
1591 2674 1646 2725 te
1673 2687 1875 2725 manus
1903 2674 2019 2739 tua,
2051 2669 2178 2724 abs-

547 2765 669 2820 cide
696 2765 877 2830 illam,
896 2764 1113 2817 bonum
1135 2766 1222 2818 est
1246 2763 1349 2818 tibi
1371 2762 1615 2817 debilem
1644 2762 1883 2817 introire
1902 2763 1960 2816 in
1979 2763 2176 2828 vitam,

546 2873 721 2928 quam
751 2857 890 2911 duas
924 2871 1127 2910 manus
1159 2856 1467 2910 habentem
1511 2855 1733 2927 ingredi
1762 2856 1821 2910 in
1851 2855 2179 2927 gehennam

549 2949 720 3020 ignis,
735 2948 1283 3019 inexstinguibilem,
1302 2948 1398 3002 ubi
1415 2947 1620 3003 vermis
1643 2963 1844 3002 eorum
1866 2965 1983 3004 non
2001 2947 2176 3003 mori-

2276 460 2476 498 eorum
2501 459 2613 497 non
2636 442 2896 510 moritur,
2922 445 2980 496 et
3001 441 3150 510 ignis
3184 457 3298 502 non
3321 439 3722 510 exstinguitur.
3745 441 3901 504 Quod

2275 537 2322 592 si
2351 538 2544 592 oculus
2574 540 2704 590 tuus
2744 535 3091 590 scandalizat
3117 538 3191 601 te,
3221 533 3362 604 ejice
3390 550 3542 588 eum.
3575 534 3794 588 Bonum
3822 537 3904 587 est

2277 629 2376 684 tibi
2401 631 2620 684 luscum
2644 627 2882 683 introire
2907 628 2966 682 in
2988 643 3233 698 regnum
3259 626 3378 692 Dei,
3402 642 3577 696 quam
3607 625 3754 680 duos
3779 641 3904 679 ocu-

2275 722 2360 778 los
2389 722 2701 776 habentem
2731 720 2882 775 mitti
2921 720 2979 774 in
3022 720 3347 790 gehennam
3376 719 3545 789 ignis,
3575 719 3674 772 ubi
3699 719 3904 772 vermis

2277 832 2479 871 eorum
2507 831 2626 869 non
2651 813 2916 882 moritur,
2945 817 3004 867 et
3025 812 3175 883 ignis
3199 828 3317 866 non
3347 811 3745 882 exstinguitur.
3773 811 3904 865 Om-

2279 909 2365 963 nis
2401 908 2558 962 enim
2599 908 2736 978 igne
2781 906 3010 961 salietur
3051 908 3109 959 et
3151 904 3336 959 omnis
3378 904 3606 958 victima
3649 903 3903 968 salietur,

2276 1002 2494 1057 bonum
2532 1005 2618 1056 est
2651 1000 2752 1066 sal,
2785 999 2938 1072 quod
2976 999 3020 1053 si
3056 999 3136 1053 sal
3167 997 3444 1052 insulsum
3474 997 3666 1066 fuerit,
3698 997 3759 1052 in
3791 1013 3904 1067 quo

2276 1095 2416 1149 illud
2442 1093 2695 1149 salietis?
2735 1093 2943 1147 habete
2975 1093 3054 1146 sal
3095 1092 3152 1146 in
3178 1091 3333 1146 vobis
3371 1096 3426 1145 et
3463 1107 3664 1162 pacem
3695 1090 3906 1144 habete

2277 1189 2429 1243 inter
2467 1204 2560 1242 vos
2589 1187 2774 1256 (Marc.
2816 1202 2892 1254 ιχ,
2923 1188 2988 1240 39
3028 1191 3077 1240 et
3115 1184 3272 1255 seq.),
3304 1205 3332 1233 ››
3361 1183 3496 1254 quia
3523 1183 3778 1254 quisquis
3810 1199 3906 1237 ve-

2277 1286 2459 1336 strum
2488 1283 2641 1334 recte
2669 1278 2925 1334 docuerit
2961 1281 3019 1332 et
3058 1278 3212 1348 juste
3247 1276 3465 1343 vixerit,
3494 1275 3730 1330 habebit
3779 1275 3906 1346 glo-

2277 1374 2448 1428 riam.
2480 1372 2584 1437 Qui
2613 1377 2805 1427 autem
2832 1387 2992 1426 secus
3022 1371 3203 1442 egerit
3244 1369 3634 1424 indubitanter
3675 1383 3907 1439 poenam

2277 1466 2597 1533 sustinebit,
2630 1465 2759 1520 ideo
2799 1465 2953 1519 bona
2983 1480 3156 1535 agere
3184 1480 3283 1518 vos
3317 1476 3544 1534 semper
3572 1464 3820 1532 oportet,
3849 1466 3911 1515 ut

2279 1559 2340 1631 9
2366 1559 2626 1614 bravium
2671 1561 2900 1612 aeternae
2931 1557 3058 1611 vita:
3088 1556 3432 1628 percipiatis,
3462 1555 3550 1609 his
3579 1570 3718 1626 ergo
3758 1554 3909 1608 bene

2277 1655 2474 1724 parete
2523 1651 2837 1718 sententiis,
2887 1666 2961 1705 ne
3007 1649 3132 1720 quis
3175 1650 3297 1704 hazc
3339 1651 3626 1720 praecepta
3670 1645 3911 1700 minime

2279 1744 2474 1799 credat
2492 1743 2804 1814 implenda,
2828 1745 2885 1797 et
2905 1742 3119 1813 judicio
3145 1741 3376 1796 Domini
3401 1739 3603 1795 aeterni
3627 1739 3780 1810 ignis
3799 1743 3911 1793 tor-

2275 1841 2472 1892 menta
2519 1835 2811 1904 sustineat,
2845 1836 2942 1906 qui
2987 1834 3351 1890 ecclesiastici
3389 1833 3576 1905 operis
3613 1849 3772 1887 sacra
3808 1847 3908 1885 ne-

2277 1929 2533 2002 glexerit.

2348 2024 2475 2077 Haec
2504 2021 2697 2093 igitur,
2727 2021 2902 2075 frater
2927 2021 3156 2089 Jacobe,
3192 2021 3265 2076 de
3297 2037 3396 2075 ore
3435 2021 3610 2074 sancti
3640 2019 3794 2074 Petri
3815 2020 3908 2090 ju-

2277 2116 2464 2171 bentis
2509 2114 2719 2169 audivi.
2753 2113 2811 2169 Si
2852 2115 2978 2184 quis
3022 2117 3310 2185 prazcepta
3359 2115 3481 2168 haec
3525 2130 3641 2167 non
3687 2113 3912 2184 integra

2279 2207 2628 2276 custodierit,
2649 2206 2722 2260 sit
2745 2207 3050 2261 anathema
3072 2223 3249 2278 usque
3268 2207 3338 2261 ad
3357 2207 3662 2261 adventum
3684 2206 3911 2260 Domini

2281 2300 2460 2355 nostri
2504 2302 2634 2355 Iesu
2678 2299 2905 2354 Christi.
2936 2301 3062 2354 Haec
3106 2304 3387 2371 prmeepta
3429 2317 3463 2354 a
3505 2302 3700 2354 sancto
3746 2301 3912 2354 Petro

2280 2393 2531 2463 apostolo
2559 2392 2772 2463 accepi,
2803 2395 2861 2447 et
2889 2393 3014 2458 tibi,
3038 2393 3215 2447 frater
3239 2392 3590 2459 charissime,
3619 2391 3913 2446 insinuare

2281 2485 2491 2554 curavi,
2521 2489 2584 2539 ut
2609 2501 2832 2540 servare
2862 2484 3058 2540 omnia
3085 2485 3382 2556 przecipias
3417 2485 3538 2540 sine
3577 2487 3827 2540 macula.
3860 2487 3914 2541 Si

2281 2577 2409 2648 quis
2434 2594 2568 2632 vero
2594 2577 2837 2633 audierit
2864 2583 2939 2646 te,
2969 2577 3122 2632 utilis
3159 2577 3268 2632 erit
3309 2577 3568 2633 minister
3588 2580 3719 2633 Jesu
3750 2578 3911 2633 Chri-

2281 2671 2383 2739 sti;
2408 2670 2508 2741 qui
2533 2675 2728 2725 autem
2761 2687 2879 2726 non
2907 2670 3159 2725 audierit
3184 2673 3260 2736 te,
3291 2670 3411 2726 imo
3438 2673 3771 2742 loquentem
3799 2674 3912 2726 Do-

2281 2763 2504 2817 minum
2527 2779 2629 2834 per
2645 2766 2718 2829 te,
2734 2764 2855 2834 ipse
2874 2763 2977 2818 sibi
2997 2763 3430 2820 damnationem
3449 2765 3913 2836 accipiet.0mni-

2281 2859 2480 2927 potens
2509 2857 2675 2924 Deus,
2711 2856 3055 2926 charissime,
3091 2873 3194 2911 sua
3238 2860 3294 2910 te
3330 2858 3682 2928 protectione
3725 2862 3916 2912 custo-

2281 2948 2419 3016 diat,
2437 2955 2606 3019 atque
2627 2949 2700 3003 ad
2729 2949 2966 3004 caelestis
2985 2951 3513 3006 remunerationem
3540 2950 3740 3022 patrie:
3763 2953 3916 3004 mul-

545 3047 658 3110 tur,
688 3045 745 3096 et
770 3041 919 3112 ignis
959 3057 1076 3096 non
1113 3040 1526 3112 exstinguitur;
1559 3044 1618 3095 et
1646 3041 1692 3094 si
1720 3057 1820 3111 pes
1851 3044 1981 3096 tuus
2011 3057 2177 3096 scan-
2201 3079 2256 3154 C
2281 3041 2455 3112 tiplici
2495 3042 2821 3097 animarum
2863 3042 3051 3097 fructu
3095 3045 3387 3115 perducat.
3419 3045 3563 3099 Deus
3601 3047 3658 3097 te
3698 3042 3918 3098 iterum

553 3133 747 3154 Lg“.
776 3137 824 3154 ι,
880 3136 1097 3154 -____._
1144 3150 1261 3154 _,___
1319 3133 1532 3154 n______
1672 3133 1769 3154 λιιι
2092 3134 2144 3154 ε-
2281 3135 2601 3154 μμ
3160 3137 3200 3154 ν
3248 3139 3259 3154 .
3762 3152 3774 3154 _
3809 3137 3835 3154 ,ι

547 3133 751 3188 dalizat
776 3137 851 3203 te,
875 3136 1105 3205 amputa
1136 3150 1289 3188 eum.
1319 3133 1539 3188 Bonum
1561 3137 1647 3187 est
1672 3133 1774 3188 tibi
1795 3134 2063 3190 claudum
2091 3134 2178 3189 in-

550 3227 721 3282 troire
737 3226 797 3281 in
812 3226 988 3281 vitam
1006 3229 1301 3296 aeternam,
1316 3242 1494 3296 quam
1517 3225 1660 3282 duos
1674 3227 1849 3297 pedes
1868 3226 2181 3282 habentem

2280 3135 2608 3205 iterumque
2624 3135 2970 3190 incolumem
2987 3137 3287 3204 custodiat,
3308 3135 3785 3191 reverendissime
3806 3137 3919 3190 fra-

2282 3232 2388 3282 ter.
2430 3232 2628 3284 Amen.

925 3500 1479 3594 EPISTOLA
1549 3502 1967 3594 TERTIA
2037 3503 2438 3596 SANCTI
2507 3503 3138 3599 CLEMENTIS
3205 3509 3532 3602 ΡΑΡλίΕ

1618 3655 1715 3719 De
1744 3655 1944 3736 oﬁcio
1972 3655 2325 3720 sacerdotii
2349 3666 2410 3720 et
2438 3657 2843 3722 clericorum.

619 3790 866 3844 CLEMENS
899 3787 1051 3844 urbis
1091 3790 1290 3844 Roma:
1329 3789 1647 3861 episcopus,
1678 3790 1942 3845 omnibus
1989 3793 2180 3862 coepi-

548 3881 750 3954 scopis,
779 3882 1143 3954 presbyteris,
1177 3882 1531 3949 diacouibus,
1567 3899 1632 3937 ac
1676 3883 1910 3954 reliquis
1943 3884 2180 3950 clericis,

549 3979 607 4030 et
622 3974 838 4030 cunctis
857 3973 1228 4045 principibus,
1248 3974 1582 4044 majoribus,
1604 3973 2036 4044 minoribusque
2058 3991 2177 4028 om-

551 4067 718 4121 nibus
763 4067 1112 4137 generaliter
1153 4065 1410 4119 fidelibus
1453 4065 1794 4133 benedictio,
1837 4066 2083 4132 claritas,
2126 4070 2184 4120 et

551 4158 754 4230 gloria,
783 4158 843 4210 in
873 4156 1056 4227 gratia
1078 4155 1173 4210 Dei
1203 4173 1329 4226 quae
1358 4156 1494 4210 data
1538 4159 1624 4210 est
1667 4157 1833 4211 nobis
1869 4157 1928 4211 in
1959 4158 2180 4213 Christo

549 4251 679 4304 Jesu
702 4248 944 4304 Domino
971 4251 1191 4302 nostro.

621 4344 800 4412 Urget
841 4357 967 4407 nos,
999 4341 1223 4409 fratres,
1257 4341 1469 4395 multus
1509 4357 1674 4396 amor
1718 4344 1920 4410 vester,
1951 4345 2007 4396 et
2045 4343 2180 4397 reli-

553 4436 710 4507 giosa
736 4438 923 4489 vestra
954 4433 1200 4501 devotio,
1233 4432 1368 4504 quia
1395 4432 1682 4488 debitores
1712 4449 1906 4488 sumus
1936 4437 1996 4488 ut
2028 4450 2180 4504 quaa-

555 4528 687 4583 dam
721 4527 882 4582 vobis
935 4527 1287 4591 scribamus;
1339 4525 1498 4580 vobis
1545 4542 1704 4597 ergo,
1735 4526 1833 4596 qui
1875 4527 2183 4582 sacerdotio

553 4621 777 4676 Domini
804 4620 1079 4685 fruimini,
1112 4622 1170 4673 et
1195 4620 1255 4673 in
1285 4619 1509 4690 specula
1534 4619 1664 4673 estis
1691 4619 1857 4690 positi
1886 4621 2013 4690 plus
2043 4620 2181 4675 scire

553 4716 782 4784 oportet
823 4717 884 4767 ut
925 4712 1178 4767 subditos
1218 4711 1376 4766 vobis
1423 4713 1656 4782 populos
1698 4711 1938 4782 pleniter
1978 4713 2184 4768 docere

2284 3809 2598 3864 omnesque
2644 3793 2950 3865 principes,
2981 3798 3095 3849 tam
3134 3797 3368 3868 majoris
3409 3813 3582 3868 quam
3625 3797 3925 3853 inferioris

2281 3885 2518 3953 ordinis,
2547 3889 2719 3956 atque
2764 3887 2969 3958 reliqui
3007 3890 3220 3959 populi,
3250 3891 3430 3945 tribus
3457 3896 3514 3946 et
3553 3891 3768 3962 linguae
3795 3909 3920 3946 non

2284 3977 2826 4047 obtemperaverint,
2850 3996 2966 4034 non
2997 3983 3184 4036 solum
3215 3983 3476 4053 infames,
3501 3983 3600 4038 sed
3632 3987 3689 4038 et
3718 3988 3920 4040 extor-

2282 4085 2374 4122 res
2395 4086 2427 4123 a
2447 4086 2629 4140 regno
2650 4072 2875 4126 Domini
2897 4078 2954 4128 et
2972 4076 3257 4131 consortio
3284 4077 3536 4132 ﬁdelium
3556 4093 3590 4130 a
3615 4078 3924 4134 liminibus

2281 4165 2489 4216 sanctae
2521 4163 2619 4217 Dei
2651 4165 2910 4220 Ecclesiae
2937 4167 3104 4222 alieni
3135 4172 3322 4223 erunt.
3355 4171 3500 4224 Nam
3534 4174 3788 4225 vestrum
3833 4178 3926 4227 est

2283 4270 2378 4309 eos
2401 4254 2707 4326 instruere,
2737 4273 2932 4313 eorum
2977 4263 3064 4314 est
3099 4261 3254 4316 vobis
3291 4262 3539 4330 obedire,
3561 4266 3628 4316 ut
3671 4263 3925 4318 Domino

2281 4347 2443 4417 cuius
2481 4349 2766 4420 legatione
2806 4352 3133 4422 fungimini,
3165 4353 3388 4409 dicente
3428 4355 3710 4410 Domino:
3749 4374 3776 4406 α
3808 4357 3922 4420 Qui

2282 4455 2380 4494 vos
2451 4441 2630 4510 audit,
2683 4459 2774 4497 me
2839 4444 3019 4514 audit,
3079 4450 3136 4500 et
3197 4447 3296 4517 qui
3361 4463 3456 4502 vos
3529 4447 3766 4518 spernit,
3820 4465 3924 4504 me

2283 4532 2518 4603 spernit,
2548 4537 2606 4587 et
2642 4535 2740 4604 qui
2781 4551 2879 4590 vos
2923 4537 3146 4608 recipit,
3187 4555 3281 4592 me
3331 4540 3549 4610 recipit,
3579 4544 3636 4594 et
3673 4540 3771 4611 qui
3821 4559 3926 4596 me

2283 4624 2500 4694 recipit,
2529 4625 2732 4696 recipit
2771 4643 2904 4681 eum
2947 4629 3046 4699 qui
3084 4647 3177 4685 me
3220 4631 3376 4686 misit
3405 4633 3620 4703 (Matth.
3651 4649 3702 4698 x,
3734 4635 3855 4703 40),
3893 4658 3922 4683 ν

2285 4717 2424 4770 nihil
2459 4717 2611 4771 enim
2645 4717 2910 4788 injustius
2933 4723 3018 4775 vel
3046 4722 3402 4778 inhonestius
3439 4729 3525 4779 est
3555 4742 3725 4796 quam
3766 4727 3928 4782 ﬁlios

553 4805 800 4878 possitis,
821 4805 1011 4876 eisque
1032 4805 1106 4858 ad
1128 4820 1307 4875 regna
1326 4803 1600 4858 calorum
1619 4804 1884 4859 ducatum
1906 4806 2182 4876 praabere,
2283 4808 2539 4878 patribus
2566 4809 2823 4878 rebelles,
2856 4817 2954 4867 aut
2980 4815 3211 4869 clericos
3236 4817 3321 4870 vel
3368 4817 3536 4873 laicos
3583 4817 3928 4875 doctoribus

551 4899 667 4954 Deo
716 4903 1026 4963 annuente,
1062 4897 1316 4952 valeatis.
1358 4897 1517 4952 Unde
1567 4901 1624 4952 et
1664 4898 1788 4968 ipsa
1831 4914 1933 4968 per
1975 4915 2032 4954 se
2082 4900 2182 4952 Ve-
2284 4916 2383 4954 seu
2409 4899 2712 4972 discipulos
2747 4905 3034 4974 magistris
3077 4906 3469 4964 inobedientes
3499 4912 3585 4964 vel
3616 4915 3932 4982 protervos

549 4992 688 5046 ritas
713 4991 793 5045 ait
819 5007 832 5044 :
867 5012 894 5040 ‹‹
919 4990 1084 5044 Vobis
1114 4990 1312 5044 datum
1344 4994 1431 5044 est
1454 5006 1619 5044 nosse
1657 4989 1994 5061 mysterium
2022 4990 2181 5062 regni
2285 4991 2544 5048 existere.
2573 4995 2844 5050 Novimus
2882 4997 3036 5052 enim
3077 5000 3329 5070 primum
3377 5003 3666 5058 hominem
3693 5020 3800 5075 per
3827 5005 3929 5059 in-

552 5083 674 5152 Dei,
714 5083 934 5138 caeteris
975 5088 1168 5138 autem
1197 5083 1256 5137 in
1289 5082 1573 5154 parabolis
1606 5084 1753 5155 (Luc.
1785 5099 1902 5152 vui,
1935 5086 2038 5154 lO),
2074 5107 2100 5133 ››
2134 5075 2268 5147 etD
2290 5085 2678 5142 obedientiam
2726 5088 3013 5159 cecidisse,
3056 5092 3264 5148 idcirco
3315 5112 3515 5151 omnes
3561 5097 3669 5151 hoc
3712 5096 3930 5153 vitium

553 5176 792 5248 reliqua.
833 5177 1068 5245 Propter
1103 5175 1260 5246 quod
1303 5175 1604 5230 consilium
1644 5176 1717 5230 do
1759 5175 2064 5246 unicuique
2093 5192 2187 5230 ve-
2286 5195 2646 5250 summopere
2672 5197 2869 5237 cavere
2895 5199 3214 5242 monemus.
3246 5189 3313 5242 Et
3349 5188 3480 5258 quia
3514 5189 3789 5243 Dominus
3819 5207 3928 5246 su—

491 5271 494 5274 ’
551 5273 732 5324 strum
763 5270 1099 5322 constanter
1116 5268 1321 5324 docere
1343 5269 1515 5324 verba
1535 5268 1743 5338 divina,
1767 5272 1824 5322 et
1841 5268 2187 5323 discentibus
2287 5271 2478 5342 perbis
2521 5273 2746 5341 resistit,
2792 5276 3103 5333 humilibus
3147 5284 3339 5334 autem
3382 5281 3479 5335 dat
3513 5282 3759 5354 gratiam
3802 5285 3928 5338 Do-

547 5361 797 5417 libenter
836 5361 1269 5417 accommodare
1310 5377 1509 5417 aurem
1548 5361 1722 5416 verbo
1765 5361 1882 5415 Dei.
1923 5362 2184 5416 Vestrum
2285 5363 2478 5418 minus
2520 5366 2650 5434 (Jac.
2713 5384 2784 5434 1v,
2827 5370 2899 5440 6),
2947 5371 3179 5426 mittens
3216 5389 3316 5428 vos
3357 5374 3476 5428 vice
3522 5391 3623 5429 sua
3677 5375 3736 5429 in
3788 5376 3931 5432 loco

551 5455 728 5522 enim,
757 5453 890 5525 quia
931 5454 1220 5525 legatione
1248 5455 1476 5509 Domini
1507 5453 1839 5525 fungimini,
1868 5458 1953 5509 est
1977 5453 2182 5508 docere
2284 5457 2674 5538 apostolorum
2721 5461 2793 5514 ad
2837 5463 3286 5533 praedicandum,
3317 5467 3588 5538 prtecepit
3615 5467 3775 5522 vobis
3806 5468 3930 5524 do-

548 5549 811 5619 populos,
837 5563 1038 5602 eorum
1076 5562 1209 5600 vero
1257 5551 1344 5601 est
1385 5546 1540 5601 vobis
1583 5545 1818 5601 obedire
1863 5550 1923 5600 ut
1963 5547 2098 5601 Deo.
2127 5546 2181 5602 Si
2281 5565 2430 5617 cere,
2489 5567 2800 5624 omnesque
2851 5555 3008 5610 vobis
3068 5557 3316 5614 fideliter
3388 5559 3719 5614 obedientes
3791 5564 3929 5617 exi-

549 5643 742 5695 autem
761 5640 920 5695 vobis
945 5639 1224 5711 episcopis
1250 5655 1362 5694 non
1387 5638 1706 5694 obedierint
1725 5653 1925 5693 omnes
1944 5639 2182 5710 presby-
2281 5648 2449 5713 stere,
2473 5645 2747 5717 quoniam
2774 5663 2880 5702 nec
2907 5649 3071 5705 aliter
3099 5655 3255 5706 terra
3294 5652 3482 5724 pariet
3513 5653 3729 5709 fructus
3756 5670 3924 5722 suos,

544 5730 670 5797 teri,
704 5732 941 5797 diaconi,
977 5749 1041 5786 ac
1071 5731 1423 5794 subdiaconi,
1457 5737 1512 5785 et
1537 5731 1744 5802 reliqui
1770 5731 1961 5786 clerici
1986 5732 2177 5786 cuncti
2281 5734 2388 5788 nisi
2441 5737 2591 5792 culta
2648 5741 2924 5811 receperit
2973 5759 3166 5799 semen
3212 5748 3270 5799 et
3325 5745 3560 5817 irrigata
3619 5746 3922 5818 germina-
