  <div class='ocr_page' id='page_1' title='image "/cluster/home/n/w/nwhite01/storage/ocr_20150623/130/hvd.32044054759915/052.png"; bbox 0 0 4046 6188; ppageno 0'>
   <div class='ocr_carea' id='block_1_1' title="bbox 236 230 3590 291">
    <p class='ocr_par' dir='ltr' id='par_1_1' title="bbox 236 230 3590 291">
     <span class='ocr_line' id='line_1_1' title="bbox 236 230 3590 291; baseline 0.001 -3"><span class='ocrx_word' id='word_1_1' title='bbox 236 233 298 288; x_wconf 69' lang='grc'><strong>43</strong></span> <span class='ocrx_word' id='word_1_2' title='bbox 1473 230 1940 288; x_wconf 78' lang='lat' dir='ltr'><strong>DECRETALIUM</strong></span> <span class='ocrx_word' id='word_1_3' title='bbox 1980 230 2364 286; x_wconf 83' lang='lat' dir='ltr'><strong>COLLECTIO.</strong></span> <span class='ocrx_word' id='word_1_4' title='bbox 3525 235 3590 291; x_wconf 74' lang='grc'><strong>46</strong></span> 
     </span>
    </p>
   </div>
   <div class='ocr_carea' id='block_1_2' title="bbox 237 337 3592 424">
    <p class='ocr_par' dir='ltr' id='par_1_2' title="bbox 237 337 3592 424">
     <span class='ocr_line' id='line_1_2' title="bbox 237 337 3592 424; baseline 0.002 -31"><span class='ocrx_word' id='word_1_5' title='bbox 237 340 364 397; x_wconf 79' lang='lat' dir='ltr'><strong>verit</strong></span> <span class='ocrx_word' id='word_1_6' title='bbox 399 343 458 395; x_wconf 89' lang='lat' dir='ltr'><strong>et</strong></span> <span class='ocrx_word' id='word_1_7' title='bbox 499 337 683 413; x_wconf 88' lang='lat' dir='ltr'><strong>pariat</strong></span> <span class='ocrx_word' id='word_1_8' title='bbox 722 355 851 410; x_wconf 63' lang='lat' dir='ltr'><strong>quae</strong></span> <span class='ocrx_word' id='word_1_9' title='bbox 895 340 978 395; x_wconf 89' lang='lat' dir='ltr'><strong>est</strong></span> <span class='ocrx_word' id='word_1_10' title='bbox 1020 339 1292 411; x_wconf 80' lang='lat' dir='ltr'><strong>paritura.</strong></span> <span class='ocrx_word' id='word_1_11' title='bbox 1325 339 1413 396; x_wconf 90' lang='lat' dir='ltr'><strong>Sic</strong></span> <span class='ocrx_word' id='word_1_12' title='bbox 1450 342 1636 395; x_wconf 91' lang='lat' dir='ltr'><strong>omnis</strong></span> <span class='ocrx_word' id='word_1_13' title='bbox 1679 342 1856 397; x_wconf 89' lang='lat' dir='ltr'><strong>homo</strong></span> <span class='ocrx_word' id='word_1_14' title='bbox 1878 339 2242 424; x_wconf 72' lang='lat' dir='ltr'><strong>Abonorum</strong></span> <span class='ocrx_word' id='word_1_15' title='bbox 2263 339 2573 395; x_wconf 63' lang='lat' dir='ltr'><strong>caelestium</strong></span> <span class='ocrx_word' id='word_1_16' title='bbox 2594 356 2662 396; x_wconf 91' lang='lat' dir='ltr'><strong>ex</strong></span> <span class='ocrx_word' id='word_1_17' title='bbox 2695 340 2866 412; x_wconf 81' lang='lat' dir='ltr'><strong>gestis</strong></span> <span class='ocrx_word' id='word_1_18' title='bbox 2902 339 3149 414; x_wconf 90' lang='lat' dir='ltr'><strong>pr0priis</strong></span> <span class='ocrx_word' id='word_1_19' title='bbox 3188 341 3305 399; x_wconf 86' lang='lat' dir='ltr'><strong>ﬁet.</strong></span> <span class='ocrx_word' id='word_1_20' title='bbox 3347 343 3592 400; x_wconf 81' lang='lat' dir='ltr'><strong>Accedat</strong></span> 
     </span>
    </p>
   </div>
   <div class='ocr_carea' id='block_1_3' title="bbox 233 432 1862 506">
    <p class='ocr_par' dir='ltr' id='par_1_3' title="bbox 233 432 1862 506">
     <span class='ocr_line' id='line_1_3' title="bbox 233 432 1862 506; baseline 0.003 -20"><span class='ocrx_word' id='word_1_21' title='bbox 233 434 319 506; x_wconf 86' lang='lat' dir='ltr'><strong>qui</strong></span> <span class='ocrx_word' id='word_1_22' title='bbox 358 433 606 488; x_wconf 79' lang='lat' dir='ltr'><strong>libenter</strong></span> <span class='ocrx_word' id='word_1_23' title='bbox 647 450 761 487; x_wconf 91' lang='lat' dir='ltr'><strong>non</strong></span> <span class='ocrx_word' id='word_1_24' title='bbox 813 432 1018 504; x_wconf 85' lang='lat' dir='ltr'><strong>recipit</strong></span> <span class='ocrx_word' id='word_1_25' title='bbox 1054 433 1294 488; x_wconf 83' lang='lat' dir='ltr'><strong>verbum</strong></span> <span class='ocrx_word' id='word_1_26' title='bbox 1332 433 1450 503; x_wconf 86' lang='lat' dir='ltr'><strong>Dei,</strong></span> <span class='ocrx_word' id='word_1_27' title='bbox 1503 434 1752 506; x_wconf 88' lang='lat' dir='ltr'><strong>illudque</strong></span> <span class='ocrx_word' id='word_1_28' title='bbox 1801 435 1862 491; x_wconf 92' lang='lat' dir='ltr'><strong>in</strong></span> 
     </span>
    </p>
   </div>
   <div class='ocr_carea' id='block_1_4' title="bbox 233 525 1864 598">
    <p class='ocr_par' dir='ltr' id='par_1_4' title="bbox 233 525 1864 598">
     <span class='ocr_line' id='line_1_4' title="bbox 233 525 1864 598; baseline 0.002 -18"><span class='ocrx_word' id='word_1_29' title='bbox 233 527 390 581; x_wconf 90' lang='lat' dir='ltr'><strong>corde</strong></span> <span class='ocrx_word' id='word_1_30' title='bbox 423 543 528 580; x_wconf 88' lang='lat' dir='ltr'><strong>suo</strong></span> <span class='ocrx_word' id='word_1_31' title='bbox 546 525 872 598; x_wconf 76' lang='lat' dir='ltr'><strong>germinare</strong></span> <span class='ocrx_word' id='word_1_32' title='bbox 890 542 1007 580; x_wconf 93' lang='lat' dir='ltr'><strong>non</strong></span> <span class='ocrx_word' id='word_1_33' title='bbox 1029 526 1178 594; x_wconf 88' lang='lat' dir='ltr'><strong>sinit,</strong></span> <span class='ocrx_word' id='word_1_34' title='bbox 1207 543 1271 580; x_wconf 89' lang='lat' dir='ltr'><strong>ac</strong></span> <span class='ocrx_word' id='word_1_35' title='bbox 1299 527 1536 581; x_wconf 91' lang='lat' dir='ltr'><strong>minime</strong></span> <span class='ocrx_word' id='word_1_36' title='bbox 1557 527 1864 583; x_wconf 85' lang='lat' dir='ltr'><strong>crediderit</strong></span> 
     </span>
    </p>
   </div>
   <div class='ocr_carea' id='block_1_5' title="bbox 231 619 1857 690">
    <p class='ocr_par' dir='ltr' id='par_1_5' title="bbox 231 619 1857 690">
     <span class='ocr_line' id='line_1_5' title="bbox 231 619 1857 690; baseline 0.001 -15"><span class='ocrx_word' id='word_1_37' title='bbox 231 619 552 675; x_wconf 80' lang='lat' dir='ltr'><strong>doctoribus</strong></span> <span class='ocrx_word' id='word_1_38' title='bbox 571 625 625 674; x_wconf 89' lang='lat' dir='ltr'><strong>et</strong></span> <span class='ocrx_word' id='word_1_39' title='bbox 653 619 934 690; x_wconf 87' lang='lat' dir='ltr'><strong>episcopis</strong></span> <span class='ocrx_word' id='word_1_40' title='bbox 949 619 1083 688; x_wconf 87' lang='lat' dir='ltr'><strong>suis,</strong></span> <span class='ocrx_word' id='word_1_41' title='bbox 1102 635 1216 674; x_wconf 93' lang='lat' dir='ltr'><strong>non</strong></span> <span class='ocrx_word' id='word_1_42' title='bbox 1233 619 1537 674; x_wconf 81' lang='lat' dir='ltr'><strong>benevolus</strong></span> <span class='ocrx_word' id='word_1_43' title='bbox 1552 621 1649 676; x_wconf 92' lang='lat' dir='ltr'><strong>sed</strong></span> <span class='ocrx_word' id='word_1_44' title='bbox 1677 620 1857 676; x_wconf 89' lang='lat' dir='ltr'><strong>rebel-</strong></span> 
     </span>
    </p>
   </div>
   <div class='ocr_carea' id='block_1_6' title="bbox 229 711 1861 785">
    <p class='ocr_par' dir='ltr' id='par_1_6' title="bbox 229 711 1861 785">
     <span class='ocr_line' id='line_1_6' title="bbox 229 711 1861 785; baseline 0.001 -19"><span class='ocrx_word' id='word_1_45' title='bbox 229 713 290 767; x_wconf 88' lang='lat' dir='ltr'><strong>lis</strong></span> <span class='ocrx_word' id='word_1_46' title='bbox 305 719 478 782; x_wconf 88' lang='lat' dir='ltr'><strong>atque</strong></span> <span class='ocrx_word' id='word_1_47' title='bbox 496 712 834 766; x_wconf 90' lang='lat' dir='ltr'><strong>inobediens</strong></span> <span class='ocrx_word' id='word_1_48' title='bbox 853 711 1147 781; x_wconf 80' lang='lat' dir='ltr'><strong>exstiterit,</strong></span> <span class='ocrx_word' id='word_1_49' title='bbox 1167 712 1419 767; x_wconf 91' lang='lat' dir='ltr'><strong>fructum</strong></span> <span class='ocrx_word' id='word_1_50' title='bbox 1439 729 1554 767; x_wconf 91' lang='lat' dir='ltr'><strong>non</strong></span> <span class='ocrx_word' id='word_1_51' title='bbox 1583 713 1861 785; x_wconf 89' lang='lat' dir='ltr'><strong>germina-</strong></span> 
     </span>
    </p>
   </div>
   <div class='ocr_carea' id='block_1_7' title="bbox 228 804 1861 878">
    <p class='ocr_par' dir='ltr' id='par_1_7' title="bbox 228 804 1861 878">
     <span class='ocr_line' id='line_1_7' title="bbox 228 804 1861 878; baseline 0.002 -20"><span class='ocrx_word' id='word_1_52' title='bbox 228 805 319 871; x_wconf 89' lang='lat' dir='ltr'><strong>bit,</strong></span> <span class='ocrx_word' id='word_1_53' title='bbox 364 821 475 859; x_wconf 89' lang='lat' dir='ltr'><strong>nec</strong></span> <span class='ocrx_word' id='word_1_54' title='bbox 522 805 726 875; x_wconf 86' lang='lat' dir='ltr'><strong>pariet,</strong></span> <span class='ocrx_word' id='word_1_55' title='bbox 777 806 876 860; x_wconf 89' lang='lat' dir='ltr'><strong>sed</strong></span> <span class='ocrx_word' id='word_1_56' title='bbox 927 804 1130 859; x_wconf 86' lang='lat' dir='ltr'><strong>similis</strong></span> <span class='ocrx_word' id='word_1_57' title='bbox 1170 808 1257 860; x_wconf 90' lang='lat' dir='ltr'><strong>est</strong></span> <span class='ocrx_word' id='word_1_58' title='bbox 1293 805 1478 860; x_wconf 89' lang='lat' dir='ltr'><strong>arbori</strong></span> <span class='ocrx_word' id='word_1_59' title='bbox 1527 806 1608 861; x_wconf 88' lang='lat' dir='ltr'><strong>illi</strong></span> <span class='ocrx_word' id='word_1_60' title='bbox 1643 807 1711 862; x_wconf 92' lang='lat' dir='ltr'><strong>de</strong></span> <span class='ocrx_word' id='word_1_61' title='bbox 1750 823 1861 878; x_wconf 90' lang='lat' dir='ltr'><strong>qua</strong></span> 
     </span>
    </p>
   </div>
   <div class='ocr_carea' id='block_1_8' title="bbox 227 897 1858 968">
    <p class='ocr_par' dir='ltr' id='par_1_8' title="bbox 227 897 1858 968">
     <span class='ocr_line' id='line_1_8' title="bbox 227 897 1858 968; baseline 0.001 -16"><span class='ocrx_word' id='word_1_62' title='bbox 227 897 499 953; x_wconf 85' lang='lat' dir='ltr'><strong>Dominus</strong></span> <span class='ocrx_word' id='word_1_63' title='bbox 527 898 641 952; x_wconf 89' lang='lat' dir='ltr'><strong>ait:</strong></span> <span class='ocrx_word' id='word_1_64' title='bbox 675 916 703 948; x_wconf 76' lang='grc' dir='ltr'>α</span> <span class='ocrx_word' id='word_1_65' title='bbox 731 897 931 952; x_wconf 88' lang='lat' dir='ltr'><strong>Omnis</strong></span> <span class='ocrx_word' id='word_1_66' title='bbox 959 897 1146 965; x_wconf 88' lang='lat' dir='ltr'><strong>arbor,</strong></span> <span class='ocrx_word' id='word_1_67' title='bbox 1170 914 1299 968; x_wconf 71' lang='lat' dir='ltr'><strong>quae</strong></span> <span class='ocrx_word' id='word_1_68' title='bbox 1326 915 1440 953; x_wconf 92' lang='lat' dir='ltr'><strong>non</strong></span> <span class='ocrx_word' id='word_1_69' title='bbox 1459 899 1592 954; x_wconf 83' lang='lat' dir='ltr'><strong>facit</strong></span> <span class='ocrx_word' id='word_1_70' title='bbox 1609 899 1858 955; x_wconf 87' lang='lat' dir='ltr'><strong>fructum</strong></span> 
     </span>
    </p>
   </div>
   <div class='ocr_carea' id='block_1_9' title="bbox 226 991 1855 1061">
    <p class='ocr_par' dir='ltr' id='par_1_9' title="bbox 226 991 1855 1061">
     <span class='ocr_line' id='line_1_9' title="bbox 226 991 1855 1061; baseline 0.003 -17"><span class='ocrx_word' id='word_1_71' title='bbox 226 992 460 1056; x_wconf 91' lang='lat' dir='ltr'><strong>bonum,</strong></span> <span class='ocrx_word' id='word_1_72' title='bbox 515 991 806 1045; x_wconf 80' lang='lat' dir='ltr'><strong>excidatur</strong></span> <span class='ocrx_word' id='word_1_73' title='bbox 865 993 924 1045; x_wconf 91' lang='lat' dir='ltr'><strong>et</strong></span> <span class='ocrx_word' id='word_1_74' title='bbox 973 991 1034 1044; x_wconf 93' lang='lat' dir='ltr'><strong>in</strong></span> <span class='ocrx_word' id='word_1_75' title='bbox 1077 991 1273 1060; x_wconf 89' lang='lat' dir='ltr'><strong>ignem</strong></span> <span class='ocrx_word' id='word_1_76' title='bbox 1329 991 1592 1047; x_wconf 86' lang='lat' dir='ltr'><strong>mittetur</strong></span> <span class='ocrx_word' id='word_1_77' title='bbox 1640 993 1855 1061; x_wconf 80' lang='lat' dir='ltr'><strong>(Matth.</strong></span> 
     </span>
    </p>
   </div>
   <div class='ocr_carea' id='block_1_10' title="bbox 228 1083 1857 1154">
    <p class='ocr_par' dir='ltr' id='par_1_10' title="bbox 228 1083 1857 1154">
     <span class='ocr_line' id='line_1_10' title="bbox 228 1083 1857 1154; baseline 0.002 -17"><span class='ocrx_word' id='word_1_78' title='bbox 228 1101 298 1151; x_wconf 84' lang='lat' dir='ltr'><strong>in,</strong></span> <span class='ocrx_word' id='word_1_79' title='bbox 337 1084 452 1154; x_wconf 86' lang='grc'><strong>19).</strong></span> <span class='ocrx_word' id='word_1_80' title='bbox 488 1103 516 1134; x_wconf 71' lang='grc' dir='ltr'><strong>ι)</strong></span> <span class='ocrx_word' id='word_1_81' title='bbox 549 1084 770 1138; x_wconf 87' lang='lat' dir='ltr'><strong>Primus</strong></span> <span class='ocrx_word' id='word_1_82' title='bbox 801 1083 957 1138; x_wconf 89' lang='lat' dir='ltr'><strong>enim</strong></span> <span class='ocrx_word' id='word_1_83' title='bbox 996 1085 1273 1154; x_wconf 86' lang='lat' dir='ltr'><strong>pontifex,</strong></span> <span class='ocrx_word' id='word_1_84' title='bbox 1314 1087 1520 1152; x_wconf 83' lang='lat' dir='ltr'><strong>Aaron,</strong></span> <span class='ocrx_word' id='word_1_85' title='bbox 1555 1085 1857 1142; x_wconf 85' lang='lat' dir='ltr'><strong>chrismate</strong></span> 
     </span>
    </p>
   </div>
   <div class='ocr_carea' id='block_1_11' title="bbox 223 1177 1859 1250">
    <p class='ocr_par' dir='ltr' id='par_1_11' title="bbox 223 1177 1859 1250">
     <span class='ocr_line' id='line_1_11' title="bbox 223 1177 1859 1250; baseline 0.003 -20"><span class='ocrx_word' id='word_1_86' title='bbox 223 1177 646 1248; x_wconf 85' lang='lat' dir='ltr'><strong>compositionis</strong></span> <span class='ocrx_word' id='word_1_87' title='bbox 687 1179 1016 1248; x_wconf 84' lang='lat' dir='ltr'><strong>perunctus,</strong></span> <span class='ocrx_word' id='word_1_88' title='bbox 1064 1177 1326 1249; x_wconf 89' lang='lat' dir='ltr'><strong>princeps</strong></span> <span class='ocrx_word' id='word_1_89' title='bbox 1371 1178 1571 1250; x_wconf 91' lang='lat' dir='ltr'><strong>populi</strong></span> <span class='ocrx_word' id='word_1_90' title='bbox 1626 1179 1753 1248; x_wconf 86' lang='lat' dir='ltr'><strong>fuit,</strong></span> <span class='ocrx_word' id='word_1_91' title='bbox 1799 1184 1859 1235; x_wconf 90' lang='lat' dir='ltr'><strong>et</strong></span> 
     </span>
    </p>
   </div>
   <div class='ocr_carea' id='block_1_12' title="bbox 223 1269 1853 1343">
    <p class='ocr_par' dir='ltr' id='par_1_12' title="bbox 223 1269 1853 1343">
     <span class='ocr_line' id='line_1_12' title="bbox 223 1269 1853 1343; baseline 0.001 -18"><span class='ocrx_word' id='word_1_92' title='bbox 223 1276 496 1342; x_wconf 85' lang='lat' dir='ltr'><strong>tanquam</strong></span> <span class='ocrx_word' id='word_1_93' title='bbox 524 1286 629 1325; x_wconf 90' lang='lat' dir='ltr'><strong>rex</strong></span> <span class='ocrx_word' id='word_1_94' title='bbox 656 1269 936 1342; x_wconf 85' lang='lat' dir='ltr'><strong>primitias</strong></span> <span class='ocrx_word' id='word_1_95' title='bbox 963 1275 1020 1325; x_wconf 93' lang='lat' dir='ltr'><strong>et</strong></span> <span class='ocrx_word' id='word_1_96' title='bbox 1047 1271 1326 1326; x_wconf 88' lang='lat' dir='ltr'><strong>tributum</strong></span> <span class='ocrx_word' id='word_1_97' title='bbox 1345 1287 1448 1341; x_wconf 88' lang='lat' dir='ltr'><strong>per</strong></span> <span class='ocrx_word' id='word_1_98' title='bbox 1488 1271 1671 1343; x_wconf 81' lang='lat' dir='ltr'><strong>capita</strong></span> <span class='ocrx_word' id='word_1_99' title='bbox 1693 1289 1853 1327; x_wconf 88' lang='lat' dir='ltr'><strong>acce-</strong></span> 
     </span>
    </p>
   </div>
   <div class='ocr_carea' id='block_1_13' title="bbox 223 1363 1857 1438">
    <p class='ocr_par' dir='ltr' id='par_1_13' title="bbox 223 1363 1857 1438">
     <span class='ocr_line' id='line_1_13' title="bbox 223 1363 1857 1438; baseline 0.003 -22"><span class='ocrx_word' id='word_1_100' title='bbox 223 1364 297 1435; x_wconf 89' lang='lat' dir='ltr'><strong>pit</strong></span> <span class='ocrx_word' id='word_1_101' title='bbox 333 1380 367 1416; x_wconf 90' lang='lat' dir='ltr'><strong>a</strong></span> <span class='ocrx_word' id='word_1_102' title='bbox 405 1364 645 1435; x_wconf 87' lang='lat' dir='ltr'><strong>populo,</strong></span> <span class='ocrx_word' id='word_1_103' title='bbox 691 1369 749 1419; x_wconf 90' lang='lat' dir='ltr'><strong>et</strong></span> <span class='ocrx_word' id='word_1_104' title='bbox 782 1363 1080 1434; x_wconf 88' lang='lat' dir='ltr'><strong>judicandi</strong></span> <span class='ocrx_word' id='word_1_105' title='bbox 1124 1364 1368 1435; x_wconf 89' lang='lat' dir='ltr'><strong>populos</strong></span> <span class='ocrx_word' id='word_1_106' title='bbox 1407 1367 1558 1419; x_wconf 89' lang='lat' dir='ltr'><strong>sorte</strong></span> <span class='ocrx_word' id='word_1_107' title='bbox 1600 1370 1857 1438; x_wconf 90' lang='lat' dir='ltr'><strong>suscepta</strong></span> 
     </span>
    </p>
   </div>
   <div class='ocr_carea' id='block_1_14' title="bbox 221 1456 1855 1528">
    <p class='ocr_par' dir='ltr' id='par_1_14' title="bbox 221 1456 1855 1528">
     <span class='ocr_line' id='line_1_14' title="bbox 221 1456 1855 1528; baseline 0.002 -18"><span class='ocrx_word' id='word_1_108' title='bbox 221 1457 283 1510; x_wconf 89' lang='lat' dir='ltr'><strong>de</strong></span> <span class='ocrx_word' id='word_1_109' title='bbox 314 1457 554 1511; x_wconf 87' lang='lat' dir='ltr'><strong>mundis</strong></span> <span class='ocrx_word' id='word_1_110' title='bbox 582 1456 1006 1528; x_wconf 89' lang='lat' dir='ltr'><strong>immundisque</strong></span> <span class='ocrx_word' id='word_1_111' title='bbox 1042 1457 1358 1528; x_wconf 82' lang='lat' dir='ltr'><strong>judicabat.</strong></span> <span class='ocrx_word' id='word_1_112' title='bbox 1389 1457 1499 1512; x_wconf 91' lang='lat' dir='ltr'><strong>Sed</strong></span> <span class='ocrx_word' id='word_1_113' title='bbox 1531 1457 1576 1512; x_wconf 91' lang='lat' dir='ltr'><strong>si</strong></span> <span class='ocrx_word' id='word_1_114' title='bbox 1615 1458 1759 1513; x_wconf 88' lang='lat' dir='ltr'><strong>alius</strong></span> <span class='ocrx_word' id='word_1_115' title='bbox 1785 1475 1855 1514; x_wconf 86' lang='lat' dir='ltr'><strong>ex</strong></span> 
     </span>
    </p>
   </div>
   <div class='ocr_carea' id='block_1_15' title="bbox 221 1549 1852 1622">
    <p class='ocr_par' dir='ltr' id='par_1_15' title="bbox 221 1549 1852 1622">
     <span class='ocr_line' id='line_1_15' title="bbox 221 1549 1852 1622; baseline 0.002 -20"><span class='ocrx_word' id='word_1_116' title='bbox 221 1550 333 1619; x_wconf 88' lang='lat' dir='ltr'><strong>ipso</strong></span> <span class='ocrx_word' id='word_1_117' title='bbox 361 1553 670 1620; x_wconf 91' lang='lat' dir='ltr'><strong>unguento</strong></span> <span class='ocrx_word' id='word_1_118' title='bbox 694 1553 1005 1620; x_wconf 88' lang='lat' dir='ltr'><strong>perunctus</strong></span> <span class='ocrx_word' id='word_1_119' title='bbox 1036 1554 1139 1619; x_wconf 91' lang='lat' dir='ltr'><strong>est,</strong></span> <span class='ocrx_word' id='word_1_120' title='bbox 1170 1549 1377 1605; x_wconf 89' lang='lat' dir='ltr'><strong>virtute</strong></span> <span class='ocrx_word' id='word_1_121' title='bbox 1409 1549 1542 1605; x_wconf 90' lang='lat' dir='ltr'><strong>inde</strong></span> <span class='ocrx_word' id='word_1_122' title='bbox 1560 1555 1852 1622; x_wconf 90' lang='lat' dir='ltr'><strong>concepta,</strong></span> 
     </span>
    </p>
   </div>
   <div class='ocr_carea' id='block_1_16' title="bbox 219 1641 1848 1713">
    <p class='ocr_par' dir='ltr' id='par_1_16' title="bbox 219 1641 1848 1713">
     <span class='ocr_line' id='line_1_16' title="bbox 219 1641 1848 1713; baseline 0.002 -19"><span class='ocrx_word' id='word_1_123' title='bbox 219 1641 386 1695; x_wconf 86' lang='lat' dir='ltr'><strong>etiam</strong></span> <span class='ocrx_word' id='word_1_124' title='bbox 433 1641 551 1713; x_wconf 92' lang='lat' dir='ltr'><strong>ipse</strong></span> <span class='ocrx_word' id='word_1_125' title='bbox 595 1657 712 1710; x_wconf 90' lang='lat' dir='ltr'><strong>rex,</strong></span> <span class='ocrx_word' id='word_1_126' title='bbox 754 1647 852 1696; x_wconf 91' lang='lat' dir='ltr'><strong>aut</strong></span> <span class='ocrx_word' id='word_1_127' title='bbox 893 1642 1176 1713; x_wconf 81' lang='lat' dir='ltr'><strong>propheta</strong></span> <span class='ocrx_word' id='word_1_128' title='bbox 1220 1647 1318 1697; x_wconf 91' lang='lat' dir='ltr'><strong>aut</strong></span> <span class='ocrx_word' id='word_1_129' title='bbox 1354 1643 1606 1712; x_wconf 80' lang='lat' dir='ltr'><strong>pontifex</strong></span> <span class='ocrx_word' id='word_1_130' title='bbox 1662 1644 1848 1699; x_wconf 88' lang='lat' dir='ltr'><strong>ﬁebat.</strong></span> 
     </span>
    </p>
   </div>
   <div class='ocr_carea' id='block_1_17' title="bbox 1961 432 3589 508">
    <p class='ocr_par' dir='ltr' id='par_1_17' title="bbox 1961 432 3589 508">
     <span class='ocr_line' id='line_1_17' title="bbox 1961 432 3589 508; baseline 0.004 -22"><span class='ocrx_word' id='word_1_131' title='bbox 1961 436 2152 487; x_wconf 86' lang='lat' dir='ltr'><strong>autem</strong></span> <span class='ocrx_word' id='word_1_132' title='bbox 2179 432 2276 503; x_wconf 91' lang='lat' dir='ltr'><strong>qui</strong></span> <span class='ocrx_word' id='word_1_133' title='bbox 2301 433 2420 487; x_wconf 90' lang='lat' dir='ltr'><strong>vult</strong></span> <span class='ocrx_word' id='word_1_134' title='bbox 2447 433 2518 488; x_wconf 87' lang='lat' dir='ltr'><strong>ad</strong></span> <span class='ocrx_word' id='word_1_135' title='bbox 2547 433 2893 490; x_wconf 84' lang='lat' dir='ltr'><strong>sacerdotem</strong></span> <span class='ocrx_word' id='word_1_136' title='bbox 2919 451 3110 502; x_wconf 89' lang='lat' dir='ltr'><strong>suum,</strong></span> <span class='ocrx_word' id='word_1_137' title='bbox 3143 439 3202 490; x_wconf 89' lang='lat' dir='ltr'><strong>et</strong></span> <span class='ocrx_word' id='word_1_138' title='bbox 3224 436 3332 508; x_wconf 91' lang='lat' dir='ltr'><strong>ipsi</strong></span> <span class='ocrx_word' id='word_1_139' title='bbox 3362 438 3458 493; x_wconf 90' lang='lat' dir='ltr'><strong>det</strong></span> <span class='ocrx_word' id='word_1_140' title='bbox 3480 455 3589 492; x_wconf 90' lang='lat' dir='ltr'><strong>no-</strong></span> 
     </span>
    </p>
   </div>
   <div class='ocr_carea' id='block_1_18' title="bbox 1962 525 3589 601">
    <p class='ocr_par' dir='ltr' id='par_1_18' title="bbox 1962 525 3589 601">
     <span class='ocr_line' id='line_1_18' title="bbox 1962 525 3589 601; baseline 0.004 -23"><span class='ocrx_word' id='word_1_141' title='bbox 1962 540 2098 579; x_wconf 77' lang='lat' dir='ltr'><strong>men</strong></span> <span class='ocrx_word' id='word_1_142' title='bbox 2132 541 2297 579; x_wconf 89' lang='lat' dir='ltr'><strong>suum</strong></span> <span class='ocrx_word' id='word_1_143' title='bbox 2320 530 2491 596; x_wconf 91' lang='lat' dir='ltr'><strong>atque</strong></span> <span class='ocrx_word' id='word_1_144' title='bbox 2520 525 2592 580; x_wconf 89' lang='lat' dir='ltr'><strong>ab</strong></span> <span class='ocrx_word' id='word_1_145' title='bbox 2619 543 2687 581; x_wconf 88' lang='lat' dir='ltr'><strong>eo</strong></span> <span class='ocrx_word' id='word_1_146' title='bbox 2709 528 2900 583; x_wconf 88' lang='lat' dir='ltr'><strong>audiat</strong></span> <span class='ocrx_word' id='word_1_147' title='bbox 2927 529 3200 599; x_wconf 85' lang='lat' dir='ltr'><strong>mysteria</strong></span> <span class='ocrx_word' id='word_1_148' title='bbox 3225 530 3393 601; x_wconf 80' lang='lat' dir='ltr'><strong>regni</strong></span> <span class='ocrx_word' id='word_1_149' title='bbox 3419 530 3589 587; x_wconf 79' lang='lat' dir='ltr'><strong>ccelo-</strong></span> 
     </span>
    </p>
   </div>
   <div class='ocr_carea' id='block_1_19' title="bbox 1961 618 3592 693">
    <p class='ocr_par' dir='ltr' id='par_1_19' title="bbox 1961 618 3592 693">
     <span class='ocr_line' id='line_1_19' title="bbox 1961 618 3592 693; baseline 0.004 -22"><span class='ocrx_word' id='word_1_150' title='bbox 1961 634 2112 687; x_wconf 91' lang='lat' dir='ltr'><strong>rum,</strong></span> <span class='ocrx_word' id='word_1_151' title='bbox 2133 618 2373 688; x_wconf 90' lang='lat' dir='ltr'><strong>jejuniis</strong></span> <span class='ocrx_word' id='word_1_152' title='bbox 2400 618 2793 689; x_wconf 86' lang='lat' dir='ltr'><strong>frequentibus</strong></span> <span class='ocrx_word' id='word_1_153' title='bbox 2822 637 3050 692; x_wconf 87' lang='lat' dir='ltr'><strong>operam</strong></span> <span class='ocrx_word' id='word_1_154' title='bbox 3080 621 3396 693; x_wconf 89' lang='lat' dir='ltr'><strong>impendat,</strong></span> <span class='ocrx_word' id='word_1_155' title='bbox 3416 640 3479 678; x_wconf 89' lang='lat' dir='ltr'><strong>ac</strong></span> <span class='ocrx_word' id='word_1_156' title='bbox 3509 640 3592 678; x_wconf 88' lang='lat' dir='ltr'><strong>se-</strong></span> 
     </span>
    </p>
   </div>
   <div class='ocr_carea' id='block_1_20' title="bbox 1959 711 3583 786">
    <p class='ocr_par' dir='ltr' id='par_1_20' title="bbox 1959 711 3583 786">
     <span class='ocr_line' id='line_1_20' title="bbox 1959 711 3583 786; baseline 0.004 -21"><span class='ocrx_word' id='word_1_157' title='bbox 1959 711 2269 782; x_wconf 90' lang='lat' dir='ltr'><strong>metipsum</strong></span> <span class='ocrx_word' id='word_1_158' title='bbox 2299 712 2358 766; x_wconf 91' lang='lat' dir='ltr'><strong>in</strong></span> <span class='ocrx_word' id='word_1_159' title='bbox 2383 712 2647 766; x_wconf 88' lang='lat' dir='ltr'><strong>omnibus</strong></span> <span class='ocrx_word' id='word_1_160' title='bbox 2664 713 2869 783; x_wconf 90' lang='lat' dir='ltr'><strong>probet</strong></span> <span class='ocrx_word' id='word_1_161' title='bbox 2889 719 2951 768; x_wconf 91' lang='lat' dir='ltr'><strong>ut</strong></span> <span class='ocrx_word' id='word_1_162' title='bbox 2971 714 3152 769; x_wconf 86' lang='lat' dir='ltr'><strong>tribus</strong></span> <span class='ocrx_word' id='word_1_163' title='bbox 3165 715 3455 771; x_wconf 88' lang='lat' dir='ltr'><strong>mensibus</strong></span> <span class='ocrx_word' id='word_1_164' title='bbox 3463 716 3583 786; x_wconf 89' lang='lat' dir='ltr'><strong>jam</strong></span> 
     </span>
    </p>
   </div>
   <div class='ocr_carea' id='block_1_21' title="bbox 1960 805 3590 880">
    <p class='ocr_par' dir='ltr' id='par_1_21' title="bbox 1960 805 3590 880">
     <span class='ocr_line' id='line_1_21' title="bbox 1960 805 3590 880; baseline 0.004 -22"><span class='ocrx_word' id='word_1_165' title='bbox 1960 805 2414 860; x_wconf 89' lang='lat' dir='ltr'><strong>consummando</strong></span> <span class='ocrx_word' id='word_1_166' title='bbox 2427 805 2485 860; x_wconf 94' lang='lat' dir='ltr'><strong>in</strong></span> <span class='ocrx_word' id='word_1_167' title='bbox 2505 805 2594 860; x_wconf 93' lang='lat' dir='ltr'><strong>die</strong></span> <span class='ocrx_word' id='word_1_168' title='bbox 2610 805 2752 860; x_wconf 88' lang='lat' dir='ltr'><strong>festo</strong></span> <span class='ocrx_word' id='word_1_169' title='bbox 2774 805 2948 876; x_wconf 87' lang='lat' dir='ltr'><strong>possit</strong></span> <span class='ocrx_word' id='word_1_170' title='bbox 2961 807 3251 878; x_wconf 87' lang='lat' dir='ltr'><strong>baptizari.</strong></span> <span class='ocrx_word' id='word_1_171' title='bbox 3271 809 3590 880; x_wconf 88' lang='lat' dir='ltr'><strong>Baptizetur</strong></span> 
     </span>
    </p>
   </div>
   <div class='ocr_carea' id='block_1_22' title="bbox 1959 898 3587 970">
    <p class='ocr_par' dir='ltr' id='par_1_22' title="bbox 1959 898 3587 970">
     <span class='ocr_line' id='line_1_22' title="bbox 1959 898 3587 970; baseline 0.003 -18"><span class='ocrx_word' id='word_1_172' title='bbox 1959 902 2151 953; x_wconf 84' lang='lat' dir='ltr'><strong>autem</strong></span> <span class='ocrx_word' id='word_1_173' title='bbox 2179 898 2569 970; x_wconf 84' lang='lat' dir='ltr'><strong>unusquisque</strong></span> <span class='ocrx_word' id='word_1_174' title='bbox 2615 899 2675 954; x_wconf 90' lang='lat' dir='ltr'><strong>in</strong></span> <span class='ocrx_word' id='word_1_175' title='bbox 2719 898 2881 970; x_wconf 86' lang='lat' dir='ltr'><strong>aquis</strong></span> <span class='ocrx_word' id='word_1_176' title='bbox 2921 900 3297 969; x_wconf 89' lang='lat' dir='ltr'><strong>perennibus,</strong></span> <span class='ocrx_word' id='word_1_177' title='bbox 3352 902 3587 958; x_wconf 88' lang='lat' dir='ltr'><strong>nomine</strong></span> 
     </span>
    </p>
   </div>
   <div class='ocr_carea' id='block_1_23' title="bbox 1957 989 3587 1065">
    <p class='ocr_par' dir='ltr' id='par_1_23' title="bbox 1957 989 3587 1065">
     <span class='ocr_line' id='line_1_23' title="bbox 1957 989 3587 1065; baseline 0.003 -21"><span class='ocrx_word' id='word_1_178' title='bbox 1957 989 2122 1045; x_wconf 79' lang='lat' dir='ltr'><strong>trime</strong></span> <span class='ocrx_word' id='word_1_179' title='bbox 2186 991 2556 1047; x_wconf 82' lang='lat' dir='ltr'><strong>beatitudinis</strong></span> <span class='ocrx_word' id='word_1_180' title='bbox 2619 992 2873 1047; x_wconf 88' lang='lat' dir='ltr'><strong>invocato</strong></span> <span class='ocrx_word' id='word_1_181' title='bbox 2929 1009 3102 1064; x_wconf 89' lang='lat' dir='ltr'><strong>super</strong></span> <span class='ocrx_word' id='word_1_182' title='bbox 3155 1009 3233 1060; x_wconf 90' lang='lat' dir='ltr'><strong>se,</strong></span> <span class='ocrx_word' id='word_1_183' title='bbox 3279 997 3587 1065; x_wconf 87' lang='lat' dir='ltr'><strong>perunctus</strong></span> 
     </span>
    </p>
   </div>
   <div class='ocr_carea' id='block_1_24' title="bbox 1958 1083 3588 1154">
    <p class='ocr_par' dir='ltr' id='par_1_24' title="bbox 1958 1083 3588 1154">
     <span class='ocr_line' id='line_1_24' title="bbox 1958 1083 3588 1154; baseline 0.002 -16"><span class='ocrx_word' id='word_1_184' title='bbox 1958 1083 2143 1154; x_wconf 92' lang='lat' dir='ltr'><strong>primo</strong></span> <span class='ocrx_word' id='word_1_185' title='bbox 2171 1085 2298 1139; x_wconf 91' lang='lat' dir='ltr'><strong>oleo</strong></span> <span class='ocrx_word' id='word_1_186' title='bbox 2319 1100 2423 1154; x_wconf 91' lang='lat' dir='ltr'><strong>per</strong></span> <span class='ocrx_word' id='word_1_187' title='bbox 2447 1085 2764 1140; x_wconf 90' lang='lat' dir='ltr'><strong>orationem</strong></span> <span class='ocrx_word' id='word_1_188' title='bbox 2795 1086 3163 1153; x_wconf 89' lang='lat' dir='ltr'><strong>sanctiﬁcato,</strong></span> <span class='ocrx_word' id='word_1_189' title='bbox 3184 1091 3245 1140; x_wconf 90' lang='lat' dir='ltr'><strong>ut</strong></span> <span class='ocrx_word' id='word_1_190' title='bbox 3264 1086 3340 1142; x_wconf 82' lang='lat' dir='ltr'><strong>ita</strong></span> <span class='ocrx_word' id='word_1_191' title='bbox 3356 1087 3588 1142; x_wconf 92' lang='lat' dir='ltr'><strong>demum</strong></span> 
     </span>
    </p>
   </div>
   <div class='ocr_carea' id='block_1_25' title="bbox 1958 1177 3589 1250">
    <p class='ocr_par' dir='ltr' id='par_1_25' title="bbox 1958 1177 3589 1250">
     <span class='ocr_line' id='line_1_25' title="bbox 1958 1177 3589 1250; baseline 0.002 -19"><span class='ocrx_word' id='word_1_192' title='bbox 1958 1193 2060 1248; x_wconf 88' lang='lat' dir='ltr'><strong>per</strong></span> <span class='ocrx_word' id='word_1_193' title='bbox 2090 1177 2194 1231; x_wconf 89' lang='lat' dir='ltr'><strong>hoc</strong></span> <span class='ocrx_word' id='word_1_194' title='bbox 2241 1181 2603 1232; x_wconf 89' lang='lat' dir='ltr'><strong>consecratus</strong></span> <span class='ocrx_word' id='word_1_195' title='bbox 2641 1179 2819 1249; x_wconf 89' lang='lat' dir='ltr'><strong>possit</strong></span> <span class='ocrx_word' id='word_1_196' title='bbox 2867 1179 3164 1250; x_wconf 89' lang='lat' dir='ltr'><strong>percipere</strong></span> <span class='ocrx_word' id='word_1_197' title='bbox 3213 1179 3406 1234; x_wconf 90' lang='lat' dir='ltr'><strong>locum</strong></span> <span class='ocrx_word' id='word_1_198' title='bbox 3459 1196 3589 1234; x_wconf 92' lang='lat' dir='ltr'><strong>cum</strong></span> 
     </span>
    </p>
   </div>
   <div class='ocr_carea' id='block_1_26' title="bbox 1956 1269 3589 1343">
    <p class='ocr_par' dir='ltr' id='par_1_26' title="bbox 1956 1269 3589 1343">
     <span class='ocr_line' id='line_1_26' title="bbox 1956 1269 3589 1343; baseline 0.002 -20"><span class='ocrx_word' id='word_1_199' title='bbox 1956 1269 2186 1324; x_wconf 87' lang='lat' dir='ltr'><strong>sanctis.</strong></span> <span class='ocrx_word' id='word_1_200' title='bbox 2220 1271 2413 1325; x_wconf 88' lang='lat' dir='ltr'><strong>Nullus</strong></span> <span class='ocrx_word' id='word_1_201' title='bbox 2449 1271 2601 1326; x_wconf 90' lang='lat' dir='ltr'><strong>enim</strong></span> <span class='ocrx_word' id='word_1_202' title='bbox 2628 1276 2860 1342; x_wconf 88' lang='lat' dir='ltr'><strong>propter</strong></span> <span class='ocrx_word' id='word_1_203' title='bbox 2895 1271 3264 1343; x_wconf 88' lang='lat' dir='ltr'><strong>opprobrium</strong></span> <span class='ocrx_word' id='word_1_204' title='bbox 3284 1272 3589 1327; x_wconf 90' lang='lat' dir='ltr'><strong>senectutis</strong></span> 
     </span>
    </p>
   </div>
   <div class='ocr_carea' id='block_1_27' title="bbox 1957 1363 3590 1436">
    <p class='ocr_par' dir='ltr' id='par_1_27' title="bbox 1957 1363 3590 1436">
     <span class='ocr_line' id='line_1_27' title="bbox 1957 1363 3590 1436; baseline 0.002 -20"><span class='ocrx_word' id='word_1_205' title='bbox 1957 1367 2056 1416; x_wconf 90' lang='lat' dir='ltr'><strong>aut</strong></span> <span class='ocrx_word' id='word_1_206' title='bbox 2085 1363 2404 1432; x_wconf 89' lang='lat' dir='ltr'><strong>juventutis</strong></span> <span class='ocrx_word' id='word_1_207' title='bbox 2439 1364 2524 1417; x_wconf 93' lang='lat' dir='ltr'><strong>vel</strong></span> <span class='ocrx_word' id='word_1_208' title='bbox 2562 1364 2918 1419; x_wconf 87' lang='lat' dir='ltr'><strong>nobilitatem</strong></span> <span class='ocrx_word' id='word_1_209' title='bbox 2945 1364 3172 1435; x_wconf 82' lang='lat' dir='ltr'><strong>generis</strong></span> <span class='ocrx_word' id='word_1_210' title='bbox 3197 1382 3230 1418; x_wconf 92' lang='lat' dir='ltr'><strong>a</strong></span> <span class='ocrx_word' id='word_1_211' title='bbox 3258 1366 3504 1436; x_wconf 86' lang='lat' dir='ltr'><strong>parvulis</strong></span> <span class='ocrx_word' id='word_1_212' title='bbox 3534 1371 3590 1420; x_wconf 92' lang='lat' dir='ltr'><strong>et</strong></span> 
     </span>
    </p>
   </div>
   <div class='ocr_carea' id='block_1_28' title="bbox 1954 1455 3585 1527">
    <p class='ocr_par' dir='ltr' id='par_1_28' title="bbox 1954 1455 3585 1527">
     <span class='ocr_line' id='line_1_28' title="bbox 1954 1455 3585 1527; baseline 0.002 -19"><span class='ocrx_word' id='word_1_213' title='bbox 1954 1455 2143 1510; x_wconf 90' lang='lat' dir='ltr'><strong>minus</strong></span> <span class='ocrx_word' id='word_1_214' title='bbox 2160 1455 2415 1524; x_wconf 88' lang='lat' dir='ltr'><strong>eruditis,</strong></span> <span class='ocrx_word' id='word_1_215' title='bbox 2437 1456 2485 1510; x_wconf 88' lang='lat' dir='ltr'><strong>si</strong></span> <span class='ocrx_word' id='word_1_216' title='bbox 2500 1457 2638 1527; x_wconf 86' lang='lat' dir='ltr'><strong>quid</strong></span> <span class='ocrx_word' id='word_1_217' title='bbox 2657 1457 2801 1512; x_wconf 90' lang='lat' dir='ltr'><strong>forte</strong></span> <span class='ocrx_word' id='word_1_218' title='bbox 2817 1457 2969 1512; x_wconf 90' lang='lat' dir='ltr'><strong>enim</strong></span> <span class='ocrx_word' id='word_1_219' title='bbox 2984 1457 3243 1512; x_wconf 89' lang='lat' dir='ltr'><strong>utilitatis</strong></span> <span class='ocrx_word' id='word_1_220' title='bbox 3257 1461 3357 1512; x_wconf 89' lang='lat' dir='ltr'><strong>aut</strong></span> <span class='ocrx_word' id='word_1_221' title='bbox 3370 1458 3585 1527; x_wconf 91' lang='lat' dir='ltr'><strong>salutis,</strong></span> 
     </span>
    </p>
   </div>
   <div class='ocr_carea' id='block_1_29' title="bbox 1955 1547 3586 1620">
    <p class='ocr_par' dir='ltr' id='par_1_29' title="bbox 1955 1547 3586 1620">
     <span class='ocr_line' id='line_1_29' title="bbox 1955 1547 3586 1620; baseline 0.002 -19"><span class='ocrx_word' id='word_1_222' title='bbox 1955 1547 2241 1620; x_wconf 89' lang='lat' dir='ltr'><strong>inquirere</strong></span> <span class='ocrx_word' id='word_1_223' title='bbox 2269 1549 2546 1619; x_wconf 79' lang='lat' dir='ltr'><strong>negligat.</strong></span> <span class='ocrx_word' id='word_1_224' title='bbox 2577 1549 2686 1614; x_wconf 86' lang='lat' dir='ltr'><strong>Qui</strong></span> <span class='ocrx_word' id='word_1_225' title='bbox 2713 1549 2866 1604; x_wconf 90' lang='lat' dir='ltr'><strong>enim</strong></span> <span class='ocrx_word' id='word_1_226' title='bbox 2900 1550 3188 1605; x_wconf 88' lang='lat' dir='ltr'><strong>rebelliter</strong></span> <span class='ocrx_word' id='word_1_227' title='bbox 3229 1550 3384 1620; x_wconf 89' lang='lat' dir='ltr'><strong>vivit,</strong></span> <span class='ocrx_word' id='word_1_228' title='bbox 3416 1554 3472 1606; x_wconf 93' lang='lat' dir='ltr'><strong>et</strong></span> <span class='ocrx_word' id='word_1_229' title='bbox 3501 1551 3586 1605; x_wconf 82' lang='lat' dir='ltr'><strong>di-</strong></span> 
     </span>
    </p>
   </div>
   <div class='ocr_carea' id='block_1_30' title="bbox 1955 1642 3586 1716">
    <p class='ocr_par' dir='ltr' id='par_1_30' title="bbox 1955 1642 3586 1716">
     <span class='ocr_line' id='line_1_30' title="bbox 1955 1642 3586 1716; baseline 0.002 -21"><span class='ocrx_word' id='word_1_230' title='bbox 1955 1657 2111 1696; x_wconf 88' lang='lat' dir='ltr'><strong>scere</strong></span> <span class='ocrx_word' id='word_1_231' title='bbox 2131 1646 2302 1713; x_wconf 88' lang='lat' dir='ltr'><strong>atque</strong></span> <span class='ocrx_word' id='word_1_232' title='bbox 2333 1658 2506 1712; x_wconf 91' lang='lat' dir='ltr'><strong>agere</strong></span> <span class='ocrx_word' id='word_1_233' title='bbox 2529 1642 2683 1697; x_wconf 89' lang='lat' dir='ltr'><strong>bona</strong></span> <span class='ocrx_word' id='word_1_234' title='bbox 2704 1648 2948 1712; x_wconf 89' lang='lat' dir='ltr'><strong>recusat,</strong></span> <span class='ocrx_word' id='word_1_235' title='bbox 2976 1644 3160 1714; x_wconf 90' lang='lat' dir='ltr'><strong>magis</strong></span> <span class='ocrx_word' id='word_1_236' title='bbox 3183 1643 3392 1699; x_wconf 88' lang='lat' dir='ltr'><strong>diaboli</strong></span> <span class='ocrx_word' id='word_1_237' title='bbox 3410 1661 3586 1716; x_wconf 89' lang='lat' dir='ltr'><strong>quam</strong></span> 
     </span>
    </p>
   </div>
   <div class='ocr_carea' id='block_1_31' title="bbox 218 1713 3582 1808">
    <p class='ocr_par' dir='ltr' id='par_1_31' title="bbox 218 1713 3582 1808">
     <span class='ocr_line' id='line_1_31' title="bbox 218 1713 3582 1808; baseline 0.001 -20"><span class='ocrx_word' id='word_1_238' title='bbox 218 1735 368 1797; x_wconf 84' lang='lat' dir='ltr'><strong>Quod</strong></span> <span class='ocrx_word' id='word_1_239' title='bbox 390 1734 440 1788; x_wconf 89' lang='lat' dir='ltr'><strong>si</strong></span> <span class='ocrx_word' id='word_1_240' title='bbox 477 1733 810 1804; x_wconf 85' lang='lat' dir='ltr'><strong>temporalis</strong></span> <span class='ocrx_word' id='word_1_241' title='bbox 844 1735 1023 1805; x_wconf 89' lang='lat' dir='ltr'><strong>gratia</strong></span> <span class='ocrx_word' id='word_1_242' title='bbox 1067 1735 1136 1788; x_wconf 91' lang='lat' dir='ltr'><strong>ab</strong></span> <span class='ocrx_word' id='word_1_243' title='bbox 1178 1735 1506 1791; x_wconf 88' lang='lat' dir='ltr'><strong>hominibus</strong></span> <span class='ocrx_word' id='word_1_244' title='bbox 1548 1713 1931 1808; x_wconf 84' lang='lat' dir='ltr'><strong>compositaB</strong></span> <span class='ocrx_word' id='word_1_245' title='bbox 1955 1733 2164 1789; x_wconf 87' lang='lat' dir='ltr'><strong>Christi</strong></span> <span class='ocrx_word' id='word_1_246' title='bbox 2191 1735 2517 1789; x_wconf 86' lang='lat' dir='ltr'><strong>membrum</strong></span> <span class='ocrx_word' id='word_1_247' title='bbox 2547 1752 2669 1789; x_wconf 91' lang='lat' dir='ltr'><strong>esse</strong></span> <span class='ocrx_word' id='word_1_248' title='bbox 2712 1735 3048 1804; x_wconf 90' lang='lat' dir='ltr'><strong>ostenditur,</strong></span> <span class='ocrx_word' id='word_1_249' title='bbox 3085 1713 3145 1790; x_wconf 82' lang='lat' dir='ltr'><strong>et</strong></span> <span class='ocrx_word' id='word_1_250' title='bbox 3167 1741 3354 1808; x_wconf 80' lang='lat' dir='ltr'><strong>potius</strong></span> <span class='ocrx_word' id='word_1_251' title='bbox 3380 1713 3582 1791; x_wconf 78' lang='lat' dir='ltr'><strong>inﬁde-</strong></span> 
     </span>
    </p>
   </div>
   <div class='ocr_carea' id='block_1_32' title="bbox 219 1827 1851 1900">
    <p class='ocr_par' dir='ltr' id='par_1_32' title="bbox 219 1827 1851 1900">
     <span class='ocr_line' id='line_1_32' title="bbox 219 1827 1851 1900; baseline 0.002 -18"><span class='ocrx_word' id='word_1_252' title='bbox 219 1833 442 1882; x_wconf 86' lang='lat' dir='ltr'><strong>tantum</strong></span> <span class='ocrx_word' id='word_1_253' title='bbox 489 1828 698 1899; x_wconf 89' lang='lat' dir='ltr'><strong>potuit,</strong></span> <span class='ocrx_word' id='word_1_254' title='bbox 758 1827 1059 1899; x_wconf 92' lang='lat' dir='ltr'><strong>intelligite</strong></span> <span class='ocrx_word' id='word_1_255' title='bbox 1093 1829 1216 1899; x_wconf 86' lang='lat' dir='ltr'><strong>jam</strong></span> <span class='ocrx_word' id='word_1_256' title='bbox 1265 1834 1543 1900; x_wconf 91' lang='lat' dir='ltr'><strong>quantum</strong></span> <span class='ocrx_word' id='word_1_257' title='bbox 1591 1831 1666 1885; x_wconf 91' lang='lat' dir='ltr'><strong>sit</strong></span> <span class='ocrx_word' id='word_1_258' title='bbox 1716 1831 1851 1887; x_wconf 91' lang='lat' dir='ltr'><strong>illud</strong></span> 
     </span>
    </p>
   </div>
   <div class='ocr_carea' id='block_1_33' title="bbox 219 1921 1852 1994">
    <p class='ocr_par' dir='ltr' id='par_1_33' title="bbox 219 1921 1852 1994">
     <span class='ocr_line' id='line_1_33' title="bbox 219 1921 1852 1994; baseline 0.003 -20"><span class='ocrx_word' id='word_1_259' title='bbox 219 1925 580 1990; x_wconf 87' lang='lat' dir='ltr'><strong>unguentum</strong></span> <span class='ocrx_word' id='word_1_260' title='bbox 609 1921 766 1992; x_wconf 91' lang='lat' dir='ltr'><strong>quod</strong></span> <span class='ocrx_word' id='word_1_261' title='bbox 801 1937 835 1974; x_wconf 90' lang='lat' dir='ltr'><strong>a</strong></span> <span class='ocrx_word' id='word_1_262' title='bbox 861 1921 1094 1976; x_wconf 92' lang='lat' dir='ltr'><strong>Domino</strong></span> <span class='ocrx_word' id='word_1_263' title='bbox 1121 1922 1189 1976; x_wconf 92' lang='lat' dir='ltr'><strong>de</strong></span> <span class='ocrx_word' id='word_1_264' title='bbox 1227 1921 1474 1992; x_wconf 90' lang='lat' dir='ltr'><strong>virgulto</strong></span> <span class='ocrx_word' id='word_1_265' title='bbox 1511 1922 1638 1978; x_wconf 62' lang='lat' dir='ltr'><strong>vita;</strong></span> <span class='ocrx_word' id='word_1_266' title='bbox 1666 1925 1852 1994; x_wconf 90' lang='lat' dir='ltr'><strong>prola-</strong></span> 
     </span>
    </p>
   </div>
   <div class='ocr_carea' id='block_1_34' title="bbox 219 2013 1853 2085">
    <p class='ocr_par' dir='ltr' id='par_1_34' title="bbox 219 2013 1853 2085">
     <span class='ocr_line' id='line_1_34' title="bbox 219 2013 1853 2085; baseline 0.002 -18"><span class='ocrx_word' id='word_1_267' title='bbox 219 2018 344 2067; x_wconf 88' lang='lat' dir='ltr'><strong>tum</strong></span> <span class='ocrx_word' id='word_1_268' title='bbox 372 2019 480 2081; x_wconf 90' lang='lat' dir='ltr'><strong>est,</strong></span> <span class='ocrx_word' id='word_1_269' title='bbox 499 2029 627 2068; x_wconf 91' lang='lat' dir='ltr'><strong>cum</strong></span> <span class='ocrx_word' id='word_1_270' title='bbox 657 2014 762 2068; x_wconf 92' lang='lat' dir='ltr'><strong>hoc</strong></span> <span class='ocrx_word' id='word_1_271' title='bbox 787 2015 937 2085; x_wconf 91' lang='lat' dir='ltr'><strong>quod</strong></span> <span class='ocrx_word' id='word_1_272' title='bbox 958 2014 1028 2068; x_wconf 92' lang='lat' dir='ltr'><strong>ab</strong></span> <span class='ocrx_word' id='word_1_273' title='bbox 1056 2013 1383 2069; x_wconf 90' lang='lat' dir='ltr'><strong>hominibus</strong></span> <span class='ocrx_word' id='word_1_274' title='bbox 1399 2015 1614 2070; x_wconf 89' lang='lat' dir='ltr'><strong>factum</strong></span> <span class='ocrx_word' id='word_1_275' title='bbox 1629 2023 1715 2071; x_wconf 90' lang='lat' dir='ltr'><strong>est</strong></span> <span class='ocrx_word' id='word_1_276' title='bbox 1733 2021 1853 2071; x_wconf 91' lang='lat' dir='ltr'><strong>tam</strong></span> 
     </span>
    </p>
   </div>
   <div class='ocr_carea' id='block_1_35' title="bbox 221 2107 1851 2178">
    <p class='ocr_par' dir='ltr' id='par_1_35' title="bbox 221 2107 1851 2178">
     <span class='ocr_line' id='line_1_35' title="bbox 221 2107 1851 2178; baseline 0.004 -19"><span class='ocrx_word' id='word_1_277' title='bbox 221 2107 461 2160; x_wconf 88' lang='lat' dir='ltr'><strong>eximias</strong></span> <span class='ocrx_word' id='word_1_278' title='bbox 473 2107 614 2160; x_wconf 85' lang='lat' dir='ltr'><strong>inter</strong></span> <span class='ocrx_word' id='word_1_279' title='bbox 632 2107 902 2162; x_wconf 91' lang='lat' dir='ltr'><strong>homines</strong></span> <span class='ocrx_word' id='word_1_280' title='bbox 921 2108 1175 2162; x_wconf 85' lang='lat' dir='ltr'><strong>conferat</strong></span> <span class='ocrx_word' id='word_1_281' title='bbox 1193 2107 1515 2178; x_wconf 87' lang='lat' dir='ltr'><strong>dignitates.</strong></span> <span class='ocrx_word' id='word_1_282' title='bbox 1536 2110 1680 2174; x_wconf 87' lang='lat' dir='ltr'><strong>Quid</strong></span> <span class='ocrx_word' id='word_1_283' title='bbox 1699 2111 1851 2165; x_wconf 90' lang='lat' dir='ltr'><strong>enim</strong></span> 
     </span>
    </p>
   </div>
   <div class='ocr_carea' id='block_1_36' title="bbox 219 2199 1853 2274">
    <p class='ocr_par' dir='ltr' id='par_1_36' title="bbox 219 2199 1853 2274">
     <span class='ocr_line' id='line_1_36' title="bbox 219 2199 1853 2274; baseline 0.003 -22"><span class='ocrx_word' id='word_1_284' title='bbox 219 2199 275 2252; x_wconf 89' lang='lat' dir='ltr'><strong>in</strong></span> <span class='ocrx_word' id='word_1_285' title='bbox 327 2200 597 2270; x_wconf 69' lang='lat' dir='ltr'><strong>praesenti</strong></span> <span class='ocrx_word' id='word_1_286' title='bbox 650 2200 854 2254; x_wconf 81' lang='lat' dir='ltr'><strong>saeculo</strong></span> <span class='ocrx_word' id='word_1_287' title='bbox 894 2200 1175 2272; x_wconf 87' lang='lat' dir='ltr'><strong>propheta</strong></span> <span class='ocrx_word' id='word_1_288' title='bbox 1214 2200 1540 2272; x_wconf 90' lang='lat' dir='ltr'><strong>gloriosius,</strong></span> <span class='ocrx_word' id='word_1_289' title='bbox 1588 2203 1853 2274; x_wconf 91' lang='lat' dir='ltr'><strong>pontiﬁce</strong></span> 
     </span>
    </p>
   </div>
   <div class='ocr_carea' id='block_1_37' title="bbox 214 2292 1852 2365">
    <p class='ocr_par' dir='ltr' id='par_1_37' title="bbox 214 2292 1852 2365">
     <span class='ocr_line' id='line_1_37' title="bbox 214 2292 1852 2365; baseline 0.003 -20"><span class='ocrx_word' id='word_1_290' title='bbox 214 2293 443 2358; x_wconf 86' lang='lat' dir='ltr'><strong>clarius,</strong></span> <span class='ocrx_word' id='word_1_291' title='bbox 478 2309 616 2363; x_wconf 90' lang='lat' dir='ltr'><strong>rege</strong></span> <span class='ocrx_word' id='word_1_292' title='bbox 646 2292 984 2348; x_wconf 85' lang='lat' dir='ltr'><strong>sublimius?</strong></span> <span class='ocrx_word' id='word_1_293' title='bbox 1006 2294 1200 2349; x_wconf 88' lang='lat' dir='ltr'><strong>Omnis</strong></span> <span class='ocrx_word' id='word_1_294' title='bbox 1225 2294 1380 2349; x_wconf 91' lang='lat' dir='ltr'><strong>enim</strong></span> <span class='ocrx_word' id='word_1_295' title='bbox 1417 2295 1667 2365; x_wconf 81' lang='lat' dir='ltr'><strong>pontifex</strong></span> <span class='ocrx_word' id='word_1_296' title='bbox 1694 2312 1852 2351; x_wconf 86' lang='lat' dir='ltr'><strong>sacro</strong></span> 
     </span>
    </p>
   </div>
   <div class='ocr_carea' id='block_1_38' title="bbox 221 2385 1850 2458">
    <p class='ocr_par' dir='ltr' id='par_1_38' title="bbox 221 2385 1850 2458">
     <span class='ocr_line' id='line_1_38' title="bbox 221 2385 1850 2458; baseline 0.003 -19"><span class='ocrx_word' id='word_1_297' title='bbox 221 2385 530 2440; x_wconf 80' lang='lat' dir='ltr'><strong>chrismate</strong></span> <span class='ocrx_word' id='word_1_298' title='bbox 594 2390 922 2456; x_wconf 87' lang='lat' dir='ltr'><strong>perunctus,</strong></span> <span class='ocrx_word' id='word_1_299' title='bbox 978 2391 1033 2442; x_wconf 91' lang='lat' dir='ltr'><strong>et</strong></span> <span class='ocrx_word' id='word_1_300' title='bbox 1094 2387 1151 2440; x_wconf 92' lang='lat' dir='ltr'><strong>in</strong></span> <span class='ocrx_word' id='word_1_301' title='bbox 1212 2387 1436 2442; x_wconf 89' lang='lat' dir='ltr'><strong>civitate</strong></span> <span class='ocrx_word' id='word_1_302' title='bbox 1490 2389 1850 2458; x_wconf 89' lang='lat' dir='ltr'><strong>constitutus,</strong></span> 
     </span>
    </p>
   </div>
   <div class='ocr_carea' id='block_1_39' title="bbox 220 2478 1853 2550">
    <p class='ocr_par' dir='ltr' id='par_1_39' title="bbox 220 2478 1853 2550">
     <span class='ocr_line' id='line_1_39' title="bbox 220 2478 1853 2550; baseline 0.002 -18"><span class='ocrx_word' id='word_1_303' title='bbox 220 2478 532 2549; x_wconf 87' lang='lat' dir='ltr'><strong>Scripturis</strong></span> <span class='ocrx_word' id='word_1_304' title='bbox 605 2478 774 2533; x_wconf 89' lang='lat' dir='ltr'><strong>sacris</strong></span> <span class='ocrx_word' id='word_1_305' title='bbox 847 2479 1124 2546; x_wconf 88' lang='lat' dir='ltr'><strong>conditus,</strong></span> <span class='ocrx_word' id='word_1_306' title='bbox 1187 2480 1393 2534; x_wconf 88' lang='lat' dir='ltr'><strong>charus</strong></span> <span class='ocrx_word' id='word_1_307' title='bbox 1459 2484 1516 2536; x_wconf 91' lang='lat' dir='ltr'><strong>et</strong></span> <span class='ocrx_word' id='word_1_308' title='bbox 1574 2481 1853 2550; x_wconf 89' lang='lat' dir='ltr'><strong>pretiosus</strong></span> 
     </span>
    </p>
   </div>
   <div class='ocr_carea' id='block_1_40' title="bbox 212 2571 1850 2644">
    <p class='ocr_par' dir='ltr' id='par_1_40' title="bbox 212 2571 1850 2644">
     <span class='ocr_line' id='line_1_40' title="bbox 212 2571 1850 2644; baseline 0.002 -20"><span class='ocrx_word' id='word_1_309' title='bbox 212 2571 551 2625; x_wconf 88' lang='lat' dir='ltr'><strong>hominibus</strong></span> <span class='ocrx_word' id='word_1_310' title='bbox 584 2571 795 2642; x_wconf 91' lang='lat' dir='ltr'><strong>oppido</strong></span> <span class='ocrx_word' id='word_1_311' title='bbox 853 2588 974 2626; x_wconf 89' lang='lat' dir='ltr'><strong>csse</strong></span> <span class='ocrx_word' id='word_1_312' title='bbox 1023 2571 1208 2628; x_wconf 91' lang='lat' dir='ltr'><strong>debet.</strong></span> <span class='ocrx_word' id='word_1_313' title='bbox 1244 2573 1424 2637; x_wconf 88' lang='lat' dir='ltr'><strong>Quem</strong></span> <span class='ocrx_word' id='word_1_314' title='bbox 1473 2574 1631 2644; x_wconf 89' lang='lat' dir='ltr'><strong>quasi</strong></span> <span class='ocrx_word' id='word_1_315' title='bbox 1686 2574 1850 2629; x_wconf 89' lang='lat' dir='ltr'><strong>Chri-</strong></span> 
     </span>
    </p>
   </div>
   <div class='ocr_carea' id='block_1_41' title="bbox 209 2664 1850 2733">
    <p class='ocr_par' dir='ltr' id='par_1_41' title="bbox 209 2664 1850 2733">
     <span class='ocr_line' id='line_1_41' title="bbox 209 2664 1850 2733; baseline 0.003 -17"><span class='ocrx_word' id='word_1_316' title='bbox 209 2664 275 2718; x_wconf 85' lang='lat' dir='ltr'><strong>sti</strong></span> <span class='ocrx_word' id='word_1_317' title='bbox 313 2664 510 2718; x_wconf 89' lang='lat' dir='ltr'><strong>locum</strong></span> <span class='ocrx_word' id='word_1_318' title='bbox 553 2667 848 2718; x_wconf 77' lang='lat' dir='ltr'><strong>tenentem</strong></span> <span class='ocrx_word' id='word_1_319' title='bbox 897 2665 1178 2719; x_wconf 89' lang='lat' dir='ltr'><strong>honorare</strong></span> <span class='ocrx_word' id='word_1_320' title='bbox 1227 2681 1424 2720; x_wconf 91' lang='lat' dir='ltr'><strong>omnes</strong></span> <span class='ocrx_word' id='word_1_321' title='bbox 1481 2666 1712 2733; x_wconf 90' lang='lat' dir='ltr'><strong>debent,</strong></span> <span class='ocrx_word' id='word_1_322' title='bbox 1768 2667 1850 2722; x_wconf 91' lang='lat' dir='ltr'><strong>ei-</strong></span> 
     </span>
    </p>
   </div>
   <div class='ocr_carea' id='block_1_42' title="bbox 209 2756 1849 2827">
    <p class='ocr_par' dir='ltr' id='par_1_42' title="bbox 209 2756 1849 2827">
     <span class='ocr_line' id='line_1_42' title="bbox 209 2756 1849 2827; baseline 0.003 -18"><span class='ocrx_word' id='word_1_323' title='bbox 209 2773 314 2827; x_wconf 89' lang='lat' dir='ltr'><strong>que</strong></span> <span class='ocrx_word' id='word_1_324' title='bbox 344 2757 584 2823; x_wconf 82' lang='lat' dir='ltr'><strong>servire,</strong></span> <span class='ocrx_word' id='word_1_325' title='bbox 629 2762 686 2810; x_wconf 91' lang='lat' dir='ltr'><strong>et</strong></span> <span class='ocrx_word' id='word_1_326' title='bbox 724 2756 1054 2811; x_wconf 90' lang='lat' dir='ltr'><strong>obedientes</strong></span> <span class='ocrx_word' id='word_1_327' title='bbox 1091 2757 1160 2812; x_wconf 88' lang='lat' dir='ltr'><strong>ad</strong></span> <span class='ocrx_word' id='word_1_328' title='bbox 1188 2758 1428 2812; x_wconf 91' lang='lat' dir='ltr'><strong>salutem</strong></span> <span class='ocrx_word' id='word_1_329' title='bbox 1470 2775 1632 2812; x_wconf 89' lang='lat' dir='ltr'><strong>suam</strong></span> <span class='ocrx_word' id='word_1_330' title='bbox 1668 2759 1849 2814; x_wconf 85' lang='lat' dir='ltr'><strong>ﬁdeli-</strong></span> 
     </span>
    </p>
   </div>
   <div class='ocr_carea' id='block_1_43' title="bbox 211 2848 1854 2922">
    <p class='ocr_par' dir='ltr' id='par_1_43' title="bbox 211 2848 1854 2922">
     <span class='ocr_line' id='line_1_43' title="bbox 211 2848 1854 2922; baseline 0.002 -19"><span class='ocrx_word' id='word_1_331' title='bbox 211 2855 290 2904; x_wconf 86' lang='lat' dir='ltr'><strong>ter</strong></span> <span class='ocrx_word' id='word_1_332' title='bbox 316 2851 592 2914; x_wconf 85' lang='lat' dir='ltr'><strong>existere,</strong></span> <span class='ocrx_word' id='word_1_333' title='bbox 621 2848 888 2917; x_wconf 90' lang='lat' dir='ltr'><strong>scientes,</strong></span> <span class='ocrx_word' id='word_1_334' title='bbox 928 2850 1082 2920; x_wconf 90' lang='lat' dir='ltr'><strong>quod</strong></span> <span class='ocrx_word' id='word_1_335' title='bbox 1114 2850 1231 2904; x_wconf 87' lang='lat' dir='ltr'><strong>sive</strong></span> <span class='ocrx_word' id='word_1_336' title='bbox 1267 2851 1470 2917; x_wconf 90' lang='lat' dir='ltr'><strong>honor,</strong></span> <span class='ocrx_word' id='word_1_337' title='bbox 1503 2851 1618 2906; x_wconf 88' lang='lat' dir='ltr'><strong>sive</strong></span> <span class='ocrx_word' id='word_1_338' title='bbox 1641 2852 1854 2922; x_wconf 88' lang='lat' dir='ltr'><strong>injuria</strong></span> 
     </span>
    </p>
   </div>
   <div class='ocr_carea' id='block_1_44' title="bbox 209 2941 1850 3013">
    <p class='ocr_par' dir='ltr' id='par_1_44' title="bbox 209 2941 1850 3013">
     <span class='ocr_line' id='line_1_44' title="bbox 209 2941 1850 3013; baseline 0.001 -16"><span class='ocrx_word' id='word_1_339' title='bbox 209 2959 330 3013; x_wconf 60' lang='lat' dir='ltr'><strong>quae</strong></span> <span class='ocrx_word' id='word_1_340' title='bbox 362 2942 420 2996; x_wconf 89' lang='lat' dir='ltr'><strong>ei</strong></span> <span class='ocrx_word' id='word_1_341' title='bbox 445 2941 716 3011; x_wconf 85' lang='lat' dir='ltr'><strong>defertur,</strong></span> <span class='ocrx_word' id='word_1_342' title='bbox 742 2942 803 2996; x_wconf 93' lang='lat' dir='ltr'><strong>in</strong></span> <span class='ocrx_word' id='word_1_343' title='bbox 832 2942 1121 2998; x_wconf 86' lang='lat' dir='ltr'><strong>Christum</strong></span> <span class='ocrx_word' id='word_1_344' title='bbox 1152 2943 1452 3009; x_wconf 87' lang='lat' dir='ltr'><strong>redundat,</strong></span> <span class='ocrx_word' id='word_1_345' title='bbox 1485 2948 1604 2999; x_wconf 43' lang='lat' dir='ltr'><strong>et‘a</strong></span> <span class='ocrx_word' id='word_1_346' title='bbox 1628 2945 1850 3000; x_wconf 89' lang='lat' dir='ltr'><strong>Christo</strong></span> 
     </span>
    </p>
   </div>
   <div class='ocr_carea' id='block_1_45' title="bbox 209 3034 1850 3107">
    <p class='ocr_par' dir='ltr' id='par_1_45' title="bbox 209 3034 1850 3107">
     <span class='ocr_line' id='line_1_45' title="bbox 209 3034 1850 3107; baseline 0.002 -17"><span class='ocrx_word' id='word_1_347' title='bbox 209 3036 262 3090; x_wconf 88' lang='lat' dir='ltr'><strong>in</strong></span> <span class='ocrx_word' id='word_1_348' title='bbox 293 3035 645 3102; x_wconf 91' lang='lat' dir='ltr'><strong>Dominum;</strong></span> <span class='ocrx_word' id='word_1_349' title='bbox 668 3034 865 3089; x_wconf 91' lang='lat' dir='ltr'><strong>audire</strong></span> <span class='ocrx_word' id='word_1_350' title='bbox 894 3051 1032 3105; x_wconf 89' lang='lat' dir='ltr'><strong>ergo</strong></span> <span class='ocrx_word' id='word_1_351' title='bbox 1060 3052 1193 3090; x_wconf 91' lang='lat' dir='ltr'><strong>eum</strong></span> <span class='ocrx_word' id='word_1_352' title='bbox 1219 3036 1490 3091; x_wconf 88' lang='lat' dir='ltr'><strong>attentius</strong></span> <span class='ocrx_word' id='word_1_353' title='bbox 1522 3042 1768 3107; x_wconf 90' lang='lat' dir='ltr'><strong>oportet,</strong></span> <span class='ocrx_word' id='word_1_354' title='bbox 1792 3043 1850 3094; x_wconf 90' lang='lat' dir='ltr'><strong>et</strong></span> 
     </span>
    </p>
   </div>
   <div class='ocr_carea' id='block_1_46' title="bbox 208 3127 1846 3199">
    <p class='ocr_par' dir='ltr' id='par_1_46' title="bbox 208 3127 1846 3199">
     <span class='ocr_line' id='line_1_46' title="bbox 208 3127 1846 3199; baseline 0.003 -19"><span class='ocrx_word' id='word_1_355' title='bbox 208 3128 269 3181; x_wconf 84' lang='lat' dir='ltr'><strong>ab</strong></span> <span class='ocrx_word' id='word_1_356' title='bbox 311 3129 446 3199; x_wconf 86' lang='lat' dir='ltr'><strong>ipso</strong></span> <span class='ocrx_word' id='word_1_357' title='bbox 493 3127 782 3198; x_wconf 85' lang='lat' dir='ltr'><strong>suscipere</strong></span> <span class='ocrx_word' id='word_1_358' title='bbox 824 3127 1139 3182; x_wconf 88' lang='lat' dir='ltr'><strong>doctrinam</strong></span> <span class='ocrx_word' id='word_1_359' title='bbox 1194 3129 1344 3198; x_wconf 90' lang='lat' dir='ltr'><strong>ﬁdei,</strong></span> <span class='ocrx_word' id='word_1_360' title='bbox 1390 3129 1612 3184; x_wconf 80' lang='lat' dir='ltr'><strong>monita</strong></span> <span class='ocrx_word' id='word_1_361' title='bbox 1652 3133 1846 3186; x_wconf 90' lang='lat' dir='ltr'><strong>autem</strong></span> 
     </span>
    </p>
   </div>
   <div class='ocr_carea' id='block_1_47' title="bbox 209 3220 1844 3291">
    <p class='ocr_par' dir='ltr' id='par_1_47' title="bbox 209 3220 1844 3291">
     <span class='ocr_line' id='line_1_47' title="bbox 209 3220 1844 3291; baseline 0.002 -17"><span class='ocrx_word' id='word_1_362' title='bbox 209 3222 326 3275; x_wconf 72' lang='lat' dir='ltr'><strong>vita:</strong></span> <span class='ocrx_word' id='word_1_363' title='bbox 375 3238 413 3275; x_wconf 89' lang='lat' dir='ltr'><strong>a</strong></span> <span class='ocrx_word' id='word_1_364' title='bbox 455 3221 715 3275; x_wconf 87' lang='lat' dir='ltr'><strong>Patribus</strong></span> <span class='ocrx_word' id='word_1_365' title='bbox 754 3220 1064 3291; x_wconf 88' lang='lat' dir='ltr'><strong>inquirere.</strong></span> <span class='ocrx_word' id='word_1_366' title='bbox 1093 3225 1136 3276; x_wconf 80' lang='grc' dir='ltr'><strong>Α</strong></span> <span class='ocrx_word' id='word_1_367' title='bbox 1175 3220 1508 3278; x_wconf 90' lang='lat' dir='ltr'><strong>diaconibus</strong></span> <span class='ocrx_word' id='word_1_368' title='bbox 1532 3239 1665 3278; x_wconf 91' lang='lat' dir='ltr'><strong>vero</strong></span> <span class='ocrx_word' id='word_1_369' title='bbox 1690 3224 1844 3278; x_wconf 93' lang='lat' dir='ltr'><strong>ordi-</strong></span> 
     </span>
    </p>
   </div>
   <div class='ocr_carea' id='block_1_48' title="bbox 211 3313 1842 3386">
    <p class='ocr_par' dir='ltr' id='par_1_48' title="bbox 211 3313 1842 3386">
     <span class='ocr_line' id='line_1_48' title="bbox 211 3313 1842 3386; baseline 0.004 -20"><span class='ocrx_word' id='word_1_370' title='bbox 211 3330 332 3368; x_wconf 89' lang='lat' dir='ltr'><strong>nem</strong></span> <span class='ocrx_word' id='word_1_371' title='bbox 363 3313 704 3384; x_wconf 62' lang='lat' dir='ltr'><strong>disciplinas,</strong></span> <span class='ocrx_word' id='word_1_372' title='bbox 734 3316 967 3384; x_wconf 78' lang='lat' dir='ltr'><strong>propter</strong></span> <span class='ocrx_word' id='word_1_373' title='bbox 1002 3314 1155 3384; x_wconf 89' lang='lat' dir='ltr'><strong>quod</strong></span> <span class='ocrx_word' id='word_1_374' title='bbox 1185 3315 1462 3386; x_wconf 89' lang='lat' dir='ltr'><strong>deprecor</strong></span> <span class='ocrx_word' id='word_1_375' title='bbox 1488 3332 1586 3371; x_wconf 91' lang='lat' dir='ltr'><strong>vos</strong></span> <span class='ocrx_word' id='word_1_376' title='bbox 1609 3333 1842 3372; x_wconf 89' lang='lat' dir='ltr'><strong>conser-</strong></span> 
     </span>
    </p>
   </div>
   <div class='ocr_carea' id='block_1_49' title="bbox 209 3406 1843 3476">
    <p class='ocr_par' dir='ltr' id='par_1_49' title="bbox 209 3406 1843 3476">
     <span class='ocr_line' id='line_1_49' title="bbox 209 3406 1843 3476; baseline 0.005 -19"><span class='ocrx_word' id='word_1_377' title='bbox 209 3423 295 3459; x_wconf 78' lang='lat' dir='ltr'><strong>vos</strong></span> <span class='ocrx_word' id='word_1_378' title='bbox 319 3409 387 3460; x_wconf 88' lang='lat' dir='ltr'><strong>et</strong></span> <span class='ocrx_word' id='word_1_379' title='bbox 431 3406 725 3476; x_wconf 88' lang='lat' dir='ltr'><strong>adjutores</strong></span> <span class='ocrx_word' id='word_1_380' title='bbox 760 3422 936 3476; x_wconf 91' lang='lat' dir='ltr'><strong>meos,</strong></span> <span class='ocrx_word' id='word_1_381' title='bbox 969 3410 1030 3460; x_wconf 90' lang='lat' dir='ltr'><strong>ut</strong></span> <span class='ocrx_word' id='word_1_382' title='bbox 1057 3407 1284 3462; x_wconf 90' lang='lat' dir='ltr'><strong>discatis</strong></span> <span class='ocrx_word' id='word_1_383' title='bbox 1316 3409 1590 3464; x_wconf 87' lang='lat' dir='ltr'><strong>attentius</strong></span> <span class='ocrx_word' id='word_1_384' title='bbox 1620 3410 1843 3465; x_wconf 89' lang='lat' dir='ltr'><strong>anima-</strong></span> 
     </span>
    </p>
   </div>
   <div class='ocr_carea' id='block_1_50' title="bbox 209 3501 1844 3570">
    <p class='ocr_par' dir='ltr' id='par_1_50' title="bbox 209 3501 1844 3570">
     <span class='ocr_line' id='line_1_50' title="bbox 209 3501 1844 3570; baseline 0.004 -19"><span class='ocrx_word' id='word_1_385' title='bbox 209 3515 329 3552; x_wconf 86' lang='lat' dir='ltr'><strong>rum</strong></span> <span class='ocrx_word' id='word_1_386' title='bbox 360 3515 566 3552; x_wconf 89' lang='lat' dir='ltr'><strong>curam</strong></span> <span class='ocrx_word' id='word_1_387' title='bbox 587 3513 810 3569; x_wconf 86' lang='lat' dir='ltr'><strong>gerere,</strong></span> <span class='ocrx_word' id='word_1_388' title='bbox 828 3503 886 3553; x_wconf 91' lang='lat' dir='ltr'><strong>et</strong></span> <span class='ocrx_word' id='word_1_389' title='bbox 900 3515 1004 3570; x_wconf 90' lang='lat' dir='ltr'><strong>pro</strong></span> <span class='ocrx_word' id='word_1_390' title='bbox 1022 3501 1286 3554; x_wconf 90' lang='lat' dir='ltr'><strong>omnibus</strong></span> <span class='ocrx_word' id='word_1_391' title='bbox 1303 3505 1474 3568; x_wconf 89' lang='lat' dir='ltr'><strong>stare,</strong></span> <span class='ocrx_word' id='word_1_392' title='bbox 1493 3502 1739 3558; x_wconf 85' lang='lat' dir='ltr'><strong>maxime</strong></span> <span class='ocrx_word' id='word_1_393' title='bbox 1761 3505 1844 3558; x_wconf 85' lang='lat' dir='ltr'><strong>ta-</strong></span> 
     </span>
    </p>
   </div>
   <div class='ocr_carea' id='block_1_51' title="bbox 209 3591 1842 3663">
    <p class='ocr_par' dir='ltr' id='par_1_51' title="bbox 209 3591 1842 3663">
     <span class='ocr_line' id='line_1_51' title="bbox 209 3591 1842 3663; baseline 0.003 -19"><span class='ocrx_word' id='word_1_394' title='bbox 209 3607 332 3645; x_wconf 75' lang='lat' dir='ltr'><strong>men</strong></span> <span class='ocrx_word' id='word_1_395' title='bbox 363 3607 472 3663; x_wconf 87' lang='lat' dir='ltr'><strong>pro</strong></span> <span class='ocrx_word' id='word_1_396' title='bbox 506 3591 593 3644; x_wconf 89' lang='lat' dir='ltr'><strong>his</strong></span> <span class='ocrx_word' id='word_1_397' title='bbox 624 3591 722 3662; x_wconf 91' lang='lat' dir='ltr'><strong>qui</strong></span> <span class='ocrx_word' id='word_1_398' title='bbox 749 3592 808 3645; x_wconf 91' lang='lat' dir='ltr'><strong>in</strong></span> <span class='ocrx_word' id='word_1_399' title='bbox 843 3593 998 3646; x_wconf 91' lang='lat' dir='ltr'><strong>cultu</strong></span> <span class='ocrx_word' id='word_1_400' title='bbox 1028 3592 1220 3647; x_wconf 89' lang='lat' dir='ltr'><strong>divino</strong></span> <span class='ocrx_word' id='word_1_401' title='bbox 1251 3593 1533 3649; x_wconf 89' lang='lat' dir='ltr'><strong>laborant.</strong></span> <span class='ocrx_word' id='word_1_402' title='bbox 1572 3595 1842 3650; x_wconf 89' lang='lat' dir='ltr'><strong>Ecclesia-</strong></span> 
     </span>
    </p>
   </div>
   <div class='ocr_carea' id='block_1_52' title="bbox 208 3684 1845 3757">
    <p class='ocr_par' dir='ltr' id='par_1_52' title="bbox 208 3684 1845 3757">
     <span class='ocr_line' id='line_1_52' title="bbox 208 3684 1845 3757; baseline 0.003 -20"><span class='ocrx_word' id='word_1_403' title='bbox 208 3700 329 3738; x_wconf 86' lang='lat' dir='ltr'><strong>rum</strong></span> <span class='ocrx_word' id='word_1_404' title='bbox 359 3684 630 3738; x_wconf 90' lang='lat' dir='ltr'><strong>omnium</strong></span> <span class='ocrx_word' id='word_1_405' title='bbox 658 3700 856 3738; x_wconf 88' lang='lat' dir='ltr'><strong>curam</strong></span> <span class='ocrx_word' id='word_1_406' title='bbox 881 3685 1172 3755; x_wconf 89' lang='lat' dir='ltr'><strong>habetote,</strong></span> <span class='ocrx_word' id='word_1_407' title='bbox 1203 3686 1492 3757; x_wconf 82' lang='lat' dir='ltr'><strong>servisque</strong></span> <span class='ocrx_word' id='word_1_408' title='bbox 1523 3703 1721 3742; x_wconf 89' lang='lat' dir='ltr'><strong>eorum</strong></span> <span class='ocrx_word' id='word_1_409' title='bbox 1751 3687 1845 3742; x_wconf 90' lang='lat' dir='ltr'><strong>ad-</strong></span> 
     </span>
    </p>
   </div>
   <div class='ocr_carea' id='block_1_53' title="bbox 199 3777 1842 3852">
    <p class='ocr_par' dir='ltr' id='par_1_53' title="bbox 199 3777 1842 3852">
     <span class='ocr_line' id='line_1_53' title="bbox 199 3777 1842 3852; baseline 0.004 -23"><span class='ocrx_word' id='word_1_410' title='bbox 199 3777 484 3844; x_wconf 86' lang='lat' dir='ltr'><strong>jutorium</strong></span> <span class='ocrx_word' id='word_1_411' title='bbox 513 3777 787 3847; x_wconf 58' lang='lat' dir='ltr'><strong>prabete,</strong></span> <span class='ocrx_word' id='word_1_412' title='bbox 821 3777 1120 3832; x_wconf 88' lang='lat' dir='ltr'><strong>viduarum</strong></span> <span class='ocrx_word' id='word_1_413' title='bbox 1161 3779 1486 3850; x_wconf 88' lang='lat' dir='ltr'><strong>religiosam</strong></span> <span class='ocrx_word' id='word_1_414' title='bbox 1521 3796 1716 3834; x_wconf 89' lang='lat' dir='ltr'><strong>curam</strong></span> <span class='ocrx_word' id='word_1_415' title='bbox 1744 3796 1842 3852; x_wconf 89' lang='lat' dir='ltr'><strong>ge-</strong></span> 
     </span>
    </p>
   </div>
   <div class='ocr_carea' id='block_1_54' title="bbox 209 3869 1842 3942">
    <p class='ocr_par' dir='ltr' id='par_1_54' title="bbox 209 3869 1842 3942">
     <span class='ocr_line' id='line_1_54' title="bbox 209 3869 1842 3942; baseline 0.004 -21"><span class='ocrx_word' id='word_1_416' title='bbox 209 3869 326 3936; x_wconf 84' lang='lat' dir='ltr'><strong>rite,</strong></span> <span class='ocrx_word' id='word_1_417' title='bbox 375 3869 628 3940; x_wconf 87' lang='lat' dir='ltr'><strong>pupillos</strong></span> <span class='ocrx_word' id='word_1_418' title='bbox 667 3869 888 3924; x_wconf 85' lang='lat' dir='ltr'><strong>enixius</strong></span> <span class='ocrx_word' id='word_1_419' title='bbox 924 3869 1186 3940; x_wconf 90' lang='lat' dir='ltr'><strong>liberate,</strong></span> <span class='ocrx_word' id='word_1_420' title='bbox 1236 3871 1578 3942; x_wconf 89' lang='lat' dir='ltr'><strong>pauperibus</strong></span> <span class='ocrx_word' id='word_1_421' title='bbox 1618 3872 1842 3928; x_wconf 90' lang='lat' dir='ltr'><strong>miseri-</strong></span> 
     </span>
    </p>
   </div>
   <div class='ocr_carea' id='block_1_55' title="bbox 206 3960 1848 4036">
    <p class='ocr_par' dir='ltr' id='par_1_55' title="bbox 206 3960 1848 4036">
     <span class='ocr_line' id='line_1_55' title="bbox 206 3960 1848 4036; baseline 0.004 -23"><span class='ocrx_word' id='word_1_422' title='bbox 206 3961 464 4015; x_wconf 86' lang='lat' dir='ltr'><strong>cordiam</strong></span> <span class='ocrx_word' id='word_1_423' title='bbox 509 3960 700 4028; x_wconf 86' lang='lat' dir='ltr'><strong>facite,</strong></span> <span class='ocrx_word' id='word_1_424' title='bbox 738 3962 978 4032; x_wconf 88' lang='lat' dir='ltr'><strong>juvenes</strong></span> <span class='ocrx_word' id='word_1_425' title='bbox 1022 3963 1356 4034; x_wconf 89' lang='lat' dir='ltr'><strong>pudicitiam</strong></span> <span class='ocrx_word' id='word_1_426' title='bbox 1398 3962 1616 4020; x_wconf 85' lang='lat' dir='ltr'><strong>docete.</strong></span> <span class='ocrx_word' id='word_1_427' title='bbox 1651 3966 1721 4020; x_wconf 89' lang='lat' dir='ltr'><strong>Et</strong></span> <span class='ocrx_word' id='word_1_428' title='bbox 1763 3966 1848 4036; x_wconf 91' lang='lat' dir='ltr'><strong>(ut</strong></span> 
     </span>
    </p>
   </div>
   <div class='ocr_carea' id='block_1_56' title="bbox 207 4053 1846 4129">
    <p class='ocr_par' dir='ltr' id='par_1_56' title="bbox 207 4053 1846 4129">
     <span class='ocr_line' id='line_1_56' title="bbox 207 4053 1846 4129; baseline 0.005 -25"><span class='ocrx_word' id='word_1_429' title='bbox 207 4053 454 4107; x_wconf 85' lang='lat' dir='ltr'><strong>breviter</strong></span> <span class='ocrx_word' id='word_1_430' title='bbox 472 4057 659 4108; x_wconf 89' lang='lat' dir='ltr'><strong>totum</strong></span> <span class='ocrx_word' id='word_1_431' title='bbox 689 4054 896 4124; x_wconf 89' lang='lat' dir='ltr'><strong>dicam)</strong></span> <span class='ocrx_word' id='word_1_432' title='bbox 923 4057 1262 4110; x_wconf 87' lang='lat' dir='ltr'><strong>alterutrum</strong></span> <span class='ocrx_word' id='word_1_433' title='bbox 1279 4073 1398 4124; x_wconf 89' lang='lat' dir='ltr'><strong>vos,</strong></span> <span class='ocrx_word' id='word_1_434' title='bbox 1427 4057 1487 4111; x_wconf 93' lang='lat' dir='ltr'><strong>in</strong></span> <span class='ocrx_word' id='word_1_435' title='bbox 1521 4056 1727 4129; x_wconf 87' lang='lat' dir='ltr'><strong>quibus</strong></span> <span class='ocrx_word' id='word_1_436' title='bbox 1754 4074 1846 4113; x_wconf 90' lang='lat' dir='ltr'><strong>res</strong></span> 
     </span>
    </p>
   </div>
   <div class='ocr_carea' id='block_1_57' title="bbox 207 4146 1843 4220">
    <p class='ocr_par' dir='ltr' id='par_1_57' title="bbox 207 4146 1843 4220">
     <span class='ocr_line' id='line_1_57' title="bbox 207 4146 1843 4220; baseline 0.005 -21"><span class='ocrx_word' id='word_1_437' title='bbox 207 4146 553 4216; x_wconf 86' lang='lat' dir='ltr'><strong>poposcerit,</strong></span> <span class='ocrx_word' id='word_1_438' title='bbox 582 4150 916 4202; x_wconf 89' lang='lat' dir='ltr'><strong>sustentate.</strong></span> <span class='ocrx_word' id='word_1_439' title='bbox 949 4148 1132 4203; x_wconf 90' lang='lat' dir='ltr'><strong>Deum</strong></span> <span class='ocrx_word' id='word_1_440' title='bbox 1171 4148 1336 4204; x_wconf 88' lang='lat' dir='ltr'><strong>colite</strong></span> <span class='ocrx_word' id='word_1_441' title='bbox 1373 4149 1472 4220; x_wconf 90' lang='lat' dir='ltr'><strong>qui</strong></span> <span class='ocrx_word' id='word_1_442' title='bbox 1499 4150 1712 4205; x_wconf 90' lang='lat' dir='ltr'><strong>creavit</strong></span> <span class='ocrx_word' id='word_1_443' title='bbox 1733 4167 1843 4207; x_wconf 74' lang='lat' dir='ltr'><strong>caa-</strong></span> 
     </span>
    </p>
   </div>
   <div class='ocr_carea' id='block_1_58' title="bbox 204 4237 1846 4310">
    <p class='ocr_par' dir='ltr' id='par_1_58' title="bbox 204 4237 1846 4310">
     <span class='ocr_line' id='line_1_58' title="bbox 204 4237 1846 4310; baseline 0.005 -20"><span class='ocrx_word' id='word_1_444' title='bbox 204 4237 315 4292; x_wconf 89' lang='lat' dir='ltr'><strong>lum</strong></span> <span class='ocrx_word' id='word_1_445' title='bbox 343 4243 408 4292; x_wconf 85' lang='lat' dir='ltr'><strong>et</strong></span> <span class='ocrx_word' id='word_1_446' title='bbox 437 4242 679 4306; x_wconf 87' lang='lat' dir='ltr'><strong>terram,</strong></span> <span class='ocrx_word' id='word_1_447' title='bbox 701 4244 758 4294; x_wconf 91' lang='lat' dir='ltr'><strong>et</strong></span> <span class='ocrx_word' id='word_1_448' title='bbox 787 4239 1007 4295; x_wconf 87' lang='lat' dir='ltr'><strong>Christo</strong></span> <span class='ocrx_word' id='word_1_449' title='bbox 1033 4241 1275 4310; x_wconf 89' lang='lat' dir='ltr'><strong>credite;</strong></span> <span class='ocrx_word' id='word_1_450' title='bbox 1319 4241 1563 4298; x_wconf 89' lang='lat' dir='ltr'><strong>invicem</strong></span> <span class='ocrx_word' id='word_1_451' title='bbox 1585 4259 1685 4298; x_wconf 89' lang='lat' dir='ltr'><strong>vos</strong></span> <span class='ocrx_word' id='word_1_452' title='bbox 1723 4244 1846 4298; x_wconf 92' lang='lat' dir='ltr'><strong>dili-</strong></span> 
     </span>
    </p>
   </div>
   <div class='ocr_carea' id='block_1_59' title="bbox 207 4331 1846 4399">
    <p class='ocr_par' dir='ltr' id='par_1_59' title="bbox 207 4331 1846 4399">
     <span class='ocr_line' id='line_1_59' title="bbox 207 4331 1846 4399; baseline 0.005 -15"><span class='ocrx_word' id='word_1_453' title='bbox 207 4332 312 4399; x_wconf 81' lang='lat' dir='ltr'><strong>gite</strong></span> <span class='ocrx_word' id='word_1_454' title='bbox 356 4334 416 4385; x_wconf 89' lang='lat' dir='ltr'><strong>et</strong></span> <span class='ocrx_word' id='word_1_455' title='bbox 458 4331 864 4387; x_wconf 88' lang='lat' dir='ltr'><strong>misericordes</strong></span> <span class='ocrx_word' id='word_1_456' title='bbox 907 4339 1082 4389; x_wconf 91' lang='lat' dir='ltr'><strong>estote</strong></span> <span class='ocrx_word' id='word_1_457' title='bbox 1130 4335 1190 4388; x_wconf 91' lang='lat' dir='ltr'><strong>in</strong></span> <span class='ocrx_word' id='word_1_458' title='bbox 1234 4351 1456 4390; x_wconf 92' lang='lat' dir='ltr'><strong>omnes.</strong></span> <span class='ocrx_word' id='word_1_459' title='bbox 1499 4337 1623 4391; x_wconf 91' lang='lat' dir='ltr'><strong>Non</strong></span> <span class='ocrx_word' id='word_1_460' title='bbox 1675 4337 1846 4392; x_wconf 91' lang='lat' dir='ltr'><strong>verbo</strong></span> 
     </span>
    </p>
   </div>
   <div class='ocr_carea' id='block_1_60' title="bbox 1953 1827 3588 1902">
    <p class='ocr_par' dir='ltr' id='par_1_60' title="bbox 1953 1827 3588 1902">
     <span class='ocr_line' id='line_1_60' title="bbox 1953 1827 3588 1902; baseline 0.001 -20"><span class='ocrx_word' id='word_1_461' title='bbox 1953 1827 2024 1882; x_wconf 90' lang='lat' dir='ltr'><strong>lis</strong></span> <span class='ocrx_word' id='word_1_462' title='bbox 2071 1843 2244 1898; x_wconf 89' lang='lat' dir='ltr'><strong>quam</strong></span> <span class='ocrx_word' id='word_1_463' title='bbox 2283 1827 2464 1882; x_wconf 91' lang='lat' dir='ltr'><strong>ﬁdelis</strong></span> <span class='ocrx_word' id='word_1_464' title='bbox 2515 1831 2888 1883; x_wconf 89' lang='lat' dir='ltr'><strong>monstratur.</strong></span> <span class='ocrx_word' id='word_1_465' title='bbox 2935 1828 3234 1892; x_wconf 92' lang='lat' dir='ltr'><strong>Quomodo</strong></span> <span class='ocrx_word' id='word_1_466' title='bbox 3291 1846 3430 1902; x_wconf 91' lang='lat' dir='ltr'><strong>ergo</strong></span> <span class='ocrx_word' id='word_1_467' title='bbox 3469 1847 3588 1884; x_wconf 91' lang='lat' dir='ltr'><strong>non</strong></span> 
     </span>
    </p>
   </div>
   <div class='ocr_carea' id='block_1_61' title="bbox 1955 1919 3584 1993">
    <p class='ocr_par' dir='ltr' id='par_1_61' title="bbox 1955 1919 3584 1993">
     <span class='ocr_line' id='line_1_61' title="bbox 1955 1919 3584 1993; baseline 0.001 -19"><span class='ocrx_word' id='word_1_468' title='bbox 1955 1919 2226 1975; x_wconf 89' lang='lat' dir='ltr'><strong>omnibus</strong></span> <span class='ocrx_word' id='word_1_469' title='bbox 2271 1921 2381 1974; x_wconf 92' lang='lat' dir='ltr'><strong>hoc</strong></span> <span class='ocrx_word' id='word_1_470' title='bbox 2426 1920 2669 1974; x_wconf 87' lang='lat' dir='ltr'><strong>amabile</strong></span> <span class='ocrx_word' id='word_1_471' title='bbox 2711 1925 2796 1975; x_wconf 91' lang='lat' dir='ltr'><strong>est</strong></span> <span class='ocrx_word' id='word_1_472' title='bbox 2849 1921 3181 1991; x_wconf 90' lang='lat' dir='ltr'><strong>cunctisque</strong></span> <span class='ocrx_word' id='word_1_473' title='bbox 3233 1925 3584 1993; x_wconf 88' lang='lat' dir='ltr'><strong>exoptatum,</strong></span> 
     </span>
    </p>
   </div>
   <div class='ocr_carea' id='block_1_62' title="bbox 1955 2012 3586 2083">
    <p class='ocr_par' dir='ltr' id='par_1_62' title="bbox 1955 2012 3586 2083">
     <span class='ocr_line' id='line_1_62' title="bbox 1955 2012 3586 2083; baseline 0.001 -17"><span class='ocrx_word' id='word_1_474' title='bbox 1955 2015 2055 2066; x_wconf 88' lang='lat' dir='ltr'><strong>aut</strong></span> <span class='ocrx_word' id='word_1_475' title='bbox 2095 2029 2223 2083; x_wconf 66' lang='lat' dir='ltr'><strong>qua:</strong></span> <span class='ocrx_word' id='word_1_476' title='bbox 2266 2012 2497 2083; x_wconf 90' lang='lat' dir='ltr'><strong>ignorat</strong></span> <span class='ocrx_word' id='word_1_477' title='bbox 2534 2013 2736 2080; x_wconf 88' lang='lat' dir='ltr'><strong>discat,</strong></span> <span class='ocrx_word' id='word_1_478' title='bbox 2777 2016 2834 2066; x_wconf 88' lang='lat' dir='ltr'><strong>et</strong></span> <span class='ocrx_word' id='word_1_479' title='bbox 2871 2029 3001 2083; x_wconf 72' lang='lat' dir='ltr'><strong>qua:</strong></span> <span class='ocrx_word' id='word_1_480' title='bbox 3037 2013 3299 2068; x_wconf 79' lang='lat' dir='ltr'><strong>didicerit</strong></span> <span class='ocrx_word' id='word_1_481' title='bbox 3345 2015 3586 2068; x_wconf 87' lang='lat' dir='ltr'><strong>doceat?</strong></span> 
     </span>
    </p>
   </div>
   <div class='ocr_carea' id='block_1_63' title="bbox 1953 2105 3583 2178">
    <p class='ocr_par' dir='ltr' id='par_1_63' title="bbox 1953 2105 3583 2178">
     <span class='ocr_line' id='line_1_63' title="bbox 1953 2105 3583 2178; baseline 0 -17"><span class='ocrx_word' id='word_1_482' title='bbox 1953 2105 2344 2161; x_wconf 88' lang='lat' dir='ltr'><strong>Certissimum</strong></span> <span class='ocrx_word' id='word_1_483' title='bbox 2363 2121 2609 2176; x_wconf 89' lang='lat' dir='ltr'><strong>namque</strong></span> <span class='ocrx_word' id='word_1_484' title='bbox 2626 2105 2874 2175; x_wconf 90' lang='lat' dir='ltr'><strong>estquod</strong></span> <span class='ocrx_word' id='word_1_485' title='bbox 2896 2120 3081 2176; x_wconf 92' lang='lat' dir='ltr'><strong>neque</strong></span> <span class='ocrx_word' id='word_1_486' title='bbox 3104 2105 3374 2175; x_wconf 89' lang='lat' dir='ltr'><strong>amicitia,</strong></span> <span class='ocrx_word' id='word_1_487' title='bbox 3396 2123 3583 2178; x_wconf 87' lang='lat' dir='ltr'><strong>neque</strong></span> 
     </span>
    </p>
   </div>
   <div class='ocr_carea' id='block_1_64' title="bbox 1953 2197 3585 2269">
    <p class='ocr_par' dir='ltr' id='par_1_64' title="bbox 1953 2197 3585 2269">
     <span class='ocr_line' id='line_1_64' title="bbox 1953 2197 3585 2269; baseline 0.001 -17"><span class='ocrx_word' id='word_1_488' title='bbox 1953 2198 2344 2269; x_wconf 89' lang='lat' dir='ltr'><strong>propinquitas</strong></span> <span class='ocrx_word' id='word_1_489' title='bbox 2365 2197 2608 2268; x_wconf 89' lang='lat' dir='ltr'><strong>generis,</strong></span> <span class='ocrx_word' id='word_1_490' title='bbox 2630 2213 2816 2269; x_wconf 90' lang='lat' dir='ltr'><strong>neque</strong></span> <span class='ocrx_word' id='word_1_491' title='bbox 2837 2197 3348 2269; x_wconf 89' lang='lat' dir='ltr'><strong>regnisublimitas,</strong></span> <span class='ocrx_word' id='word_1_492' title='bbox 3363 2199 3585 2254; x_wconf 88' lang='lat' dir='ltr'><strong>homini</strong></span> 
     </span>
    </p>
   </div>
   <div class='ocr_carea' id='block_1_65' title="bbox 1954 2290 3583 2362">
    <p class='ocr_par' dir='ltr' id='par_1_65' title="bbox 1954 2290 3583 2362">
     <span class='ocr_line' id='line_1_65' title="bbox 1954 2290 3583 2362; baseline 0 -17"><span class='ocrx_word' id='word_1_493' title='bbox 1954 2290 2125 2346; x_wconf 86' lang='lat' dir='ltr'><strong>debet</strong></span> <span class='ocrx_word' id='word_1_494' title='bbox 2153 2306 2273 2346; x_wconf 85' lang='lat' dir='ltr'><strong>esse</strong></span> <span class='ocrx_word' id='word_1_495' title='bbox 2302 2290 2609 2362; x_wconf 88' lang='lat' dir='ltr'><strong>pretiosior</strong></span> <span class='ocrx_word' id='word_1_496' title='bbox 2637 2290 2900 2360; x_wconf 88' lang='lat' dir='ltr'><strong>veritate,</strong></span> <span class='ocrx_word' id='word_1_497' title='bbox 2921 2290 3059 2362; x_wconf 89' lang='lat' dir='ltr'><strong>quia</strong></span> <span class='ocrx_word' id='word_1_498' title='bbox 3087 2290 3229 2344; x_wconf 88' lang='lat' dir='ltr'><strong>nihil</strong></span> <span class='ocrx_word' id='word_1_499' title='bbox 3258 2295 3343 2346; x_wconf 90' lang='lat' dir='ltr'><strong>est</strong></span> <span class='ocrx_word' id='word_1_500' title='bbox 3370 2290 3583 2362; x_wconf 88' lang='lat' dir='ltr'><strong>pretio-</strong></span> 
     </span>
    </p>
   </div>
   <div class='ocr_carea' id='block_1_66' title="bbox 1954 2383 3586 2439">
    <p class='ocr_par' dir='ltr' id='par_1_66' title="bbox 1954 2383 3586 2439">
     <span class='ocr_line' id='line_1_66' title="bbox 1954 2383 3586 2439; baseline 0.001 -3"><span class='ocrx_word' id='word_1_501' title='bbox 1954 2383 2068 2437; x_wconf 91' lang='lat' dir='ltr'><strong>sius</strong></span> <span class='ocrx_word' id='word_1_502' title='bbox 2089 2383 2305 2437; x_wconf 91' lang='lat' dir='ltr'><strong>anima.</strong></span> <span class='ocrx_word' id='word_1_503' title='bbox 2334 2383 2607 2437; x_wconf 90' lang='lat' dir='ltr'><strong>Dominus</strong></span> <span class='ocrx_word' id='word_1_504' title='bbox 2637 2387 2831 2438; x_wconf 86' lang='lat' dir='ltr'><strong>autem</strong></span> <span class='ocrx_word' id='word_1_505' title='bbox 2857 2387 3082 2438; x_wconf 87' lang='lat' dir='ltr'><strong>creator</strong></span> <span class='ocrx_word' id='word_1_506' title='bbox 3107 2383 3365 2438; x_wconf 89' lang='lat' dir='ltr'><strong>omnium</strong></span> <span class='ocrx_word' id='word_1_507' title='bbox 3387 2400 3453 2439; x_wconf 89' lang='lat' dir='ltr'><strong>ex</strong></span> <span class='ocrx_word' id='word_1_508' title='bbox 3481 2384 3586 2438; x_wconf 89' lang='lat' dir='ltr'><strong>ini-</strong></span> 
     </span>
    </p>
   </div>
   <div class='ocr_carea' id='block_1_67' title="bbox 1953 2475 3587 2548">
    <p class='ocr_par' dir='ltr' id='par_1_67' title="bbox 1953 2475 3587 2548">
     <span class='ocr_line' id='line_1_67' title="bbox 1953 2475 3587 2548; baseline 0.001 -18"><span class='ocrx_word' id='word_1_509' title='bbox 1953 2476 2033 2530; x_wconf 91' lang='lat' dir='ltr'><strong>tio</strong></span> <span class='ocrx_word' id='word_1_510' title='bbox 2077 2476 2150 2530; x_wconf 89' lang='lat' dir='ltr'><strong>ad</strong></span> <span class='ocrx_word' id='word_1_511' title='bbox 2182 2475 2495 2547; x_wconf 90' lang='lat' dir='ltr'><strong>imaginem</strong></span> <span class='ocrx_word' id='word_1_512' title='bbox 2517 2493 2678 2531; x_wconf 88' lang='lat' dir='ltr'><strong>suam</strong></span> <span class='ocrx_word' id='word_1_513' title='bbox 2699 2476 2994 2531; x_wconf 90' lang='lat' dir='ltr'><strong>hominem</strong></span> <span class='ocrx_word' id='word_1_514' title='bbox 3024 2476 3176 2546; x_wconf 91' lang='lat' dir='ltr'><strong>fecit,</strong></span> <span class='ocrx_word' id='word_1_515' title='bbox 3209 2478 3376 2548; x_wconf 91' lang='lat' dir='ltr'><strong>eique</strong></span> <span class='ocrx_word' id='word_1_516' title='bbox 3409 2478 3587 2532; x_wconf 86' lang='lat' dir='ltr'><strong>domi-</strong></span> 
     </span>
    </p>
   </div>
   <div class='ocr_carea' id='block_1_68' title="bbox 1955 2568 3584 2639">
    <p class='ocr_par' dir='ltr' id='par_1_68' title="bbox 1955 2568 3584 2639">
     <span class='ocr_line' id='line_1_68' title="bbox 1955 2568 3584 2639; baseline 0.001 -17"><span class='ocrx_word' id='word_1_517' title='bbox 1955 2568 2250 2623; x_wconf 90' lang='lat' dir='ltr'><strong>nationem</strong></span> <span class='ocrx_word' id='word_1_518' title='bbox 2276 2573 2467 2638; x_wconf 65' lang='lat' dir='ltr'><strong>terrae,</strong></span> <span class='ocrx_word' id='word_1_519' title='bbox 2494 2569 2787 2639; x_wconf 87' lang='lat' dir='ltr'><strong>marisque</strong></span> <span class='ocrx_word' id='word_1_520' title='bbox 2813 2573 2868 2624; x_wconf 92' lang='lat' dir='ltr'><strong>et</strong></span> <span class='ocrx_word' id='word_1_521' title='bbox 2882 2569 3030 2624; x_wconf 89' lang='lat' dir='ltr'><strong>aeris</strong></span> <span class='ocrx_word' id='word_1_522' title='bbox 3046 2569 3220 2639; x_wconf 89' lang='lat' dir='ltr'><strong>ipsius</strong></span> <span class='ocrx_word' id='word_1_523' title='bbox 3241 2570 3416 2637; x_wconf 88' lang='lat' dir='ltr'><strong>dedit,</strong></span> <span class='ocrx_word' id='word_1_524' title='bbox 3439 2571 3584 2625; x_wconf 84' lang='lat' dir='ltr'><strong>veri-</strong></span> 
     </span>
    </p>
   </div>
   <div class='ocr_carea' id='block_1_69' title="bbox 1951 2661 3585 2733">
    <p class='ocr_par' dir='ltr' id='par_1_69' title="bbox 1951 2661 3585 2733">
     <span class='ocr_line' id='line_1_69' title="bbox 1951 2661 3585 2733; baseline 0.001 -17"><span class='ocrx_word' id='word_1_525' title='bbox 1951 2665 2241 2732; x_wconf 90' lang='lat' dir='ltr'><strong>tatemque</strong></span> <span class='ocrx_word' id='word_1_526' title='bbox 2287 2662 2579 2733; x_wconf 88' lang='lat' dir='ltr'><strong>inquirere</strong></span> <span class='ocrx_word' id='word_1_527' title='bbox 2616 2661 2911 2732; x_wconf 65' lang='lat' dir='ltr'><strong>praecepit,</strong></span> <span class='ocrx_word' id='word_1_528' title='bbox 2941 2661 3085 2716; x_wconf 90' lang='lat' dir='ltr'><strong>sicut</strong></span> <span class='ocrx_word' id='word_1_529' title='bbox 3119 2665 3178 2716; x_wconf 91' lang='lat' dir='ltr'><strong>et</strong></span> <span class='ocrx_word' id='word_1_530' title='bbox 3213 2678 3379 2716; x_wconf 86' lang='lat' dir='ltr'><strong>verus</strong></span> <span class='ocrx_word' id='word_1_531' title='bbox 3419 2663 3585 2718; x_wconf 89' lang='lat' dir='ltr'><strong>nobis</strong></span> 
     </span>
    </p>
   </div>
   <div class='ocr_carea' id='block_1_70' title="bbox 1952 2753 3582 2824">
    <p class='ocr_par' dir='ltr' id='par_1_70' title="bbox 1952 2753 3582 2824">
     <span class='ocr_line' id='line_1_70' title="bbox 1952 2753 3582 2824; baseline 0.001 -17"><span class='ocrx_word' id='word_1_532' title='bbox 1952 2753 2234 2824; x_wconf 90' lang='lat' dir='ltr'><strong>Propheta</strong></span> <span class='ocrx_word' id='word_1_533' title='bbox 2263 2753 2548 2809; x_wconf 90' lang='lat' dir='ltr'><strong>enarravit</strong></span> <span class='ocrx_word' id='word_1_534' title='bbox 2577 2758 2633 2809; x_wconf 92' lang='lat' dir='ltr'><strong>et</strong></span> <span class='ocrx_word' id='word_1_535' title='bbox 2655 2753 2778 2824; x_wconf 88' lang='lat' dir='ltr'><strong>ipsa</strong></span> <span class='ocrx_word' id='word_1_536' title='bbox 2804 2770 2998 2808; x_wconf 90' lang='lat' dir='ltr'><strong>rerum</strong></span> <span class='ocrx_word' id='word_1_537' title='bbox 3029 2754 3171 2809; x_wconf 88' lang='lat' dir='ltr'><strong>ratio</strong></span> <span class='ocrx_word' id='word_1_538' title='bbox 3199 2755 3381 2810; x_wconf 90' lang='lat' dir='ltr'><strong>docet.</strong></span> <span class='ocrx_word' id='word_1_539' title='bbox 3416 2755 3582 2810; x_wconf 90' lang='lat' dir='ltr'><strong>Solus</strong></span> 
     </span>
    </p>
   </div>
   <div class='ocr_carea' id='block_1_71' title="bbox 1952 2846 3582 2918">
    <p class='ocr_par' dir='ltr' id='par_1_71' title="bbox 1952 2846 3582 2918">
     <span class='ocr_line' id='line_1_71' title="bbox 1952 2846 3582 2918; baseline 0.002 -18"><span class='ocrx_word' id='word_1_540' title='bbox 1952 2846 2104 2901; x_wconf 90' lang='lat' dir='ltr'><strong>enim</strong></span> <span class='ocrx_word' id='word_1_541' title='bbox 2131 2847 2301 2901; x_wconf 92' lang='lat' dir='ltr'><strong>homo</strong></span> <span class='ocrx_word' id='word_1_542' title='bbox 2327 2846 2626 2901; x_wconf 89' lang='lat' dir='ltr'><strong>rationalis</strong></span> <span class='ocrx_word' id='word_1_543' title='bbox 2645 2851 2749 2913; x_wconf 90' lang='lat' dir='ltr'><strong>est,</strong></span> <span class='ocrx_word' id='word_1_544' title='bbox 2781 2851 2838 2902; x_wconf 91' lang='lat' dir='ltr'><strong>et</strong></span> <span class='ocrx_word' id='word_1_545' title='bbox 2866 2862 3216 2918; x_wconf 89' lang='lat' dir='ltr'><strong>consequens</strong></span> <span class='ocrx_word' id='word_1_546' title='bbox 3232 2851 3335 2913; x_wconf 92' lang='lat' dir='ltr'><strong>est,</strong></span> <span class='ocrx_word' id='word_1_547' title='bbox 3353 2851 3420 2902; x_wconf 92' lang='lat' dir='ltr'><strong>ut</strong></span> <span class='ocrx_word' id='word_1_548' title='bbox 3439 2848 3582 2903; x_wconf 89' lang='lat' dir='ltr'><strong>ratio</strong></span> 
     </span>
    </p>
   </div>
   <div class='ocr_carea' id='block_1_72' title="bbox 1952 2939 3580 2996">
    <p class='ocr_par' dir='ltr' id='par_1_72' title="bbox 1952 2939 3580 2996">
     <span class='ocr_line' id='line_1_72' title="bbox 1952 2939 3580 2996; baseline 0.002 -4"><span class='ocrx_word' id='word_1_549' title='bbox 1952 2939 2434 2994; x_wconf 88' lang='lat' dir='ltr'><strong>irrationabilibus</strong></span> <span class='ocrx_word' id='word_1_550' title='bbox 2463 2939 2814 2995; x_wconf 90' lang='lat' dir='ltr'><strong>dominetur.</strong></span> <span class='ocrx_word' id='word_1_551' title='bbox 2858 2941 2956 2994; x_wconf 84' lang='lat' dir='ltr'><strong>Hic</strong></span> <span class='ocrx_word' id='word_1_552' title='bbox 2985 2940 3140 2995; x_wconf 91' lang='lat' dir='ltr'><strong>enim</strong></span> <span class='ocrx_word' id='word_1_553' title='bbox 3166 2940 3238 2995; x_wconf 89' lang='lat' dir='ltr'><strong>ab</strong></span> <span class='ocrx_word' id='word_1_554' title='bbox 3267 2940 3425 2996; x_wconf 90' lang='lat' dir='ltr'><strong>initio</strong></span> <span class='ocrx_word' id='word_1_555' title='bbox 3451 2958 3580 2995; x_wconf 90' lang='lat' dir='ltr'><strong>cum</strong></span> 
     </span>
    </p>
   </div>
   <div class='ocr_carea' id='block_1_73' title="bbox 1953 3020 3581 3106">
    <p class='ocr_par' dir='ltr' id='par_1_73' title="bbox 1953 3020 3581 3106">
     <span class='ocr_line' id='line_1_73' title="bbox 1953 3020 3581 3106; baseline 0.002 -21"><span class='ocrx_word' id='word_1_556' title='bbox 1953 3032 2137 3086; x_wconf 90' lang='lat' dir='ltr'><strong>adhuc</strong></span> <span class='ocrx_word' id='word_1_557' title='bbox 2153 3032 2340 3102; x_wconf 90' lang='lat' dir='ltr'><strong>justus</strong></span> <span class='ocrx_word' id='word_1_558' title='bbox 2365 3038 2512 3088; x_wconf 90' lang='lat' dir='ltr'><strong>esset</strong></span> <span class='ocrx_word' id='word_1_559' title='bbox 2541 3020 2756 3088; x_wconf 61' lang='lat' dir='ltr'><strong>cunctis</strong></span> <span class='ocrx_word' id='word_1_560' title='bbox 2785 3032 2954 3100; x_wconf 87' lang='lat' dir='ltr'><strong>vitiis,</strong></span> <span class='ocrx_word' id='word_1_561' title='bbox 2991 3036 3051 3088; x_wconf 91' lang='lat' dir='ltr'><strong>et</strong></span> <span class='ocrx_word' id='word_1_562' title='bbox 3085 3033 3242 3089; x_wconf 90' lang='lat' dir='ltr'><strong>omni</strong></span> <span class='ocrx_word' id='word_1_563' title='bbox 3275 3033 3581 3106; x_wconf 85' lang='lat' dir='ltr'><strong>fragilitate</strong></span> 
     </span>
    </p>
   </div>
   <div class='ocr_carea' id='block_1_74' title="bbox 1948 3124 3576 3198">
    <p class='ocr_par' dir='ltr' id='par_1_74' title="bbox 1948 3124 3576 3198">
     <span class='ocr_line' id='line_1_74' title="bbox 1948 3124 3576 3198; baseline 0.001 -19"><span class='ocrx_word' id='word_1_564' title='bbox 1948 3124 2210 3196; x_wconf 89' lang='lat' dir='ltr'><strong>superior</strong></span> <span class='ocrx_word' id='word_1_565' title='bbox 2235 3131 2376 3192; x_wconf 90' lang='lat' dir='ltr'><strong>erat,</strong></span> <span class='ocrx_word' id='word_1_566' title='bbox 2404 3126 2503 3180; x_wconf 91' lang='lat' dir='ltr'><strong>ubi</strong></span> <span class='ocrx_word' id='word_1_567' title='bbox 2529 3131 2722 3182; x_wconf 89' lang='lat' dir='ltr'><strong>autem</strong></span> <span class='ocrx_word' id='word_1_568' title='bbox 2765 3125 3017 3198; x_wconf 89' lang='lat' dir='ltr'><strong>peccavit</strong></span> <span class='ocrx_word' id='word_1_569' title='bbox 3046 3131 3102 3182; x_wconf 91' lang='lat' dir='ltr'><strong>et</strong></span> <span class='ocrx_word' id='word_1_570' title='bbox 3141 3127 3321 3182; x_wconf 90' lang='lat' dir='ltr'><strong>factus</strong></span> <span class='ocrx_word' id='word_1_571' title='bbox 3349 3131 3435 3182; x_wconf 91' lang='lat' dir='ltr'><strong>est</strong></span> <span class='ocrx_word' id='word_1_572' title='bbox 3461 3143 3576 3181; x_wconf 83' lang='lat' dir='ltr'><strong>ser-</strong></span> 
     </span>
    </p>
   </div>
   <div class='ocr_carea' id='block_1_75' title="bbox 1946 3218 3576 3291">
    <p class='ocr_par' dir='ltr' id='par_1_75' title="bbox 1946 3218 3576 3291">
     <span class='ocr_line' id='line_1_75' title="bbox 1946 3218 3576 3291; baseline 0.002 -21"><span class='ocrx_word' id='word_1_573' title='bbox 1946 3234 2047 3272; x_wconf 88' lang='lat' dir='ltr'><strong>vus</strong></span> <span class='ocrx_word' id='word_1_574' title='bbox 2072 3219 2304 3290; x_wconf 89' lang='lat' dir='ltr'><strong>peccati,</strong></span> <span class='ocrx_word' id='word_1_575' title='bbox 2337 3218 2508 3273; x_wconf 90' lang='lat' dir='ltr'><strong>simul</strong></span> <span class='ocrx_word' id='word_1_576' title='bbox 2543 3223 2600 3274; x_wconf 91' lang='lat' dir='ltr'><strong>et</strong></span> <span class='ocrx_word' id='word_1_577' title='bbox 2625 3220 2914 3291; x_wconf 88' lang='lat' dir='ltr'><strong>fragilitati</strong></span> <span class='ocrx_word' id='word_1_578' title='bbox 2944 3219 3186 3275; x_wconf 70' lang='lat' dir='ltr'><strong>efﬁcitur</strong></span> <span class='ocrx_word' id='word_1_579' title='bbox 3227 3220 3452 3275; x_wconf 90' lang='lat' dir='ltr'><strong>debitor</strong></span> <span class='ocrx_word' id='word_1_580' title='bbox 3476 3220 3576 3274; x_wconf 93' lang='lat' dir='ltr'><strong>ob-</strong></span> 
     </span>
    </p>
   </div>
   <div class='ocr_carea' id='block_1_76' title="bbox 1944 3310 3580 3384">
    <p class='ocr_par' dir='ltr' id='par_1_76' title="bbox 1944 3310 3580 3384">
     <span class='ocr_line' id='line_1_76' title="bbox 1944 3310 3580 3384; baseline 0.001 -18"><span class='ocrx_word' id='word_1_581' title='bbox 1944 3310 2167 3366; x_wconf 87' lang='lat' dir='ltr'><strong>noxius.</strong></span> <span class='ocrx_word' id='word_1_582' title='bbox 2201 3311 2362 3376; x_wconf 88' lang='lat' dir='ltr'><strong>Quod</strong></span> <span class='ocrx_word' id='word_1_583' title='bbox 2385 3311 2592 3367; x_wconf 88' lang='lat' dir='ltr'><strong>idcirco</strong></span> <span class='ocrx_word' id='word_1_584' title='bbox 2619 3312 2892 3384; x_wconf 90' lang='lat' dir='ltr'><strong>scriptum</strong></span> <span class='ocrx_word' id='word_1_585' title='bbox 2911 3315 2996 3367; x_wconf 92' lang='lat' dir='ltr'><strong>est</strong></span> <span class='ocrx_word' id='word_1_586' title='bbox 3013 3317 3078 3368; x_wconf 89' lang='lat' dir='ltr'><strong>ut</strong></span> <span class='ocrx_word' id='word_1_587' title='bbox 3105 3312 3288 3367; x_wconf 89' lang='lat' dir='ltr'><strong>sciant</strong></span> <span class='ocrx_word' id='word_1_588' title='bbox 3315 3313 3580 3368; x_wconf 88' lang='lat' dir='ltr'><strong>homines</strong></span> 
     </span>
    </p>
   </div>
   <div class='ocr_carea' id='block_1_77' title="bbox 1946 3404 3580 3477">
    <p class='ocr_par' dir='ltr' id='par_1_77' title="bbox 1946 3404 3580 3477">
     <span class='ocr_line' id='line_1_77' title="bbox 1946 3404 3580 3477; baseline 0.002 -20"><span class='ocrx_word' id='word_1_589' title='bbox 1946 3405 2082 3476; x_wconf 89' lang='lat' dir='ltr'><strong>quia</strong></span> <span class='ocrx_word' id='word_1_590' title='bbox 2101 3404 2246 3459; x_wconf 84' lang='lat' dir='ltr'><strong>sicut</strong></span> <span class='ocrx_word' id='word_1_591' title='bbox 2269 3421 2340 3460; x_wconf 87' lang='lat' dir='ltr'><strong>ex</strong></span> <span class='ocrx_word' id='word_1_592' title='bbox 2363 3404 2656 3476; x_wconf 87' lang='lat' dir='ltr'><strong>impietate</strong></span> <span class='ocrx_word' id='word_1_593' title='bbox 2683 3405 2978 3476; x_wconf 89' lang='lat' dir='ltr'><strong>passibiles</strong></span> <span class='ocrx_word' id='word_1_594' title='bbox 3012 3407 3146 3461; x_wconf 88' lang='lat' dir='ltr'><strong>facti</strong></span> <span class='ocrx_word' id='word_1_595' title='bbox 3181 3409 3334 3476; x_wconf 89' lang='lat' dir='ltr'><strong>sunt,</strong></span> <span class='ocrx_word' id='word_1_596' title='bbox 3363 3406 3439 3461; x_wconf 80' lang='lat' dir='ltr'><strong>ita</strong></span> <span class='ocrx_word' id='word_1_597' title='bbox 3474 3423 3580 3477; x_wconf 90' lang='lat' dir='ltr'><strong>per</strong></span> 
     </span>
    </p>
   </div>
   <div class='ocr_carea' id='block_1_78' title="bbox 1945 3496 3578 3569">
    <p class='ocr_par' dir='ltr' id='par_1_78' title="bbox 1945 3496 3578 3569">
     <span class='ocr_line' id='line_1_78' title="bbox 1945 3496 3578 3569; baseline 0.001 -19"><span class='ocrx_word' id='word_1_598' title='bbox 1945 3496 2211 3567; x_wconf 88' lang='lat' dir='ltr'><strong>pietatem</strong></span> <span class='ocrx_word' id='word_1_599' title='bbox 2233 3500 2471 3568; x_wconf 91' lang='lat' dir='ltr'><strong>possunt</strong></span> <span class='ocrx_word' id='word_1_600' title='bbox 2492 3513 2612 3552; x_wconf 90' lang='lat' dir='ltr'><strong>esse</strong></span> <span class='ocrx_word' id='word_1_601' title='bbox 2632 3497 3034 3569; x_wconf 61' lang='lat' dir='ltr'><strong>impassibiles,</strong></span> <span class='ocrx_word' id='word_1_602' title='bbox 3052 3503 3245 3553; x_wconf 90' lang='lat' dir='ltr'><strong>etnon</strong></span> <span class='ocrx_word' id='word_1_603' title='bbox 3266 3499 3452 3553; x_wconf 91' lang='lat' dir='ltr'><strong>solum</strong></span> <span class='ocrx_word' id='word_1_604' title='bbox 3475 3498 3578 3553; x_wconf 87' lang='lat' dir='ltr'><strong>im-</strong></span> 
     </span>
    </p>
   </div>
   <div class='ocr_carea' id='block_1_79' title="bbox 1944 3589 3578 3663">
    <p class='ocr_par' dir='ltr' id='par_1_79' title="bbox 1944 3589 3578 3663">
     <span class='ocr_line' id='line_1_79' title="bbox 1944 3589 3578 3663; baseline 0.002 -21"><span class='ocrx_word' id='word_1_605' title='bbox 1944 3589 2264 3658; x_wconf 88' lang='lat' dir='ltr'><strong>passibiles,</strong></span> <span class='ocrx_word' id='word_1_606' title='bbox 2283 3607 2486 3644; x_wconf 91' lang='lat' dir='ltr'><strong>verum</strong></span> <span class='ocrx_word' id='word_1_607' title='bbox 2517 3595 2576 3644; x_wconf 91' lang='lat' dir='ltr'><strong>et</strong></span> <span class='ocrx_word' id='word_1_608' title='bbox 2595 3607 2771 3662; x_wconf 92' lang='lat' dir='ltr'><strong>parva</strong></span> <span class='ocrx_word' id='word_1_609' title='bbox 2785 3591 2845 3645; x_wconf 93' lang='lat' dir='ltr'><strong>in</strong></span> <span class='ocrx_word' id='word_1_610' title='bbox 2863 3592 3045 3646; x_wconf 89' lang='lat' dir='ltr'><strong>Deum</strong></span> <span class='ocrx_word' id='word_1_611' title='bbox 3066 3591 3178 3647; x_wconf 89' lang='lat' dir='ltr'><strong>ﬁde</strong></span> <span class='ocrx_word' id='word_1_612' title='bbox 3198 3591 3442 3647; x_wconf 90' lang='lat' dir='ltr'><strong>aliorum</strong></span> <span class='ocrx_word' id='word_1_613' title='bbox 3459 3609 3578 3663; x_wconf 87' lang='lat' dir='ltr'><strong>pas-</strong></span> 
     </span>
    </p>
   </div>
   <div class='ocr_carea' id='block_1_80' title="bbox 1946 3681 3571 3757">
    <p class='ocr_par' dir='ltr' id='par_1_80' title="bbox 1946 3681 3571 3757">
     <span class='ocr_line' id='line_1_80' title="bbox 1946 3681 3571 3757; baseline 0.004 -23"><span class='ocrx_word' id='word_1_614' title='bbox 1946 3681 2132 3736; x_wconf 89' lang='lat' dir='ltr'><strong>siones</strong></span> <span class='ocrx_word' id='word_1_615' title='bbox 2170 3687 2455 3751; x_wconf 87' lang='lat' dir='ltr'><strong>curantes,</strong></span> <span class='ocrx_word' id='word_1_616' title='bbox 2489 3683 2564 3737; x_wconf 81' lang='lat' dir='ltr'><strong>ita</strong></span> <span class='ocrx_word' id='word_1_617' title='bbox 2602 3683 2759 3737; x_wconf 91' lang='lat' dir='ltr'><strong>enim</strong></span> <span class='ocrx_word' id='word_1_618' title='bbox 2793 3699 2958 3738; x_wconf 91' lang='lat' dir='ltr'><strong>verus</strong></span> <span class='ocrx_word' id='word_1_619' title='bbox 2982 3685 3104 3755; x_wconf 90' lang='lat' dir='ltr'><strong>ipse</strong></span> <span class='ocrx_word' id='word_1_620' title='bbox 3124 3685 3406 3755; x_wconf 82' lang='lat' dir='ltr'><strong>Propheta</strong></span> <span class='ocrx_word' id='word_1_621' title='bbox 3436 3703 3571 3757; x_wconf 92' lang='lat' dir='ltr'><strong>pro-</strong></span> 
     </span>
    </p>
   </div>
   <div class='ocr_carea' id='block_1_81' title="bbox 1945 3773 3572 3844">
    <p class='ocr_par' dir='ltr' id='par_1_81' title="bbox 1945 3773 3572 3844">
     <span class='ocr_line' id='line_1_81' title="bbox 1945 3773 3572 3844; baseline 0.003 -16"><span class='ocrx_word' id='word_1_622' title='bbox 1945 3774 2122 3840; x_wconf 89' lang='lat' dir='ltr'><strong>misit,</strong></span> <span class='ocrx_word' id='word_1_623' title='bbox 2151 3773 2343 3829; x_wconf 90' lang='lat' dir='ltr'><strong>dicens</strong></span> <span class='ocrx_word' id='word_1_624' title='bbox 2375 3791 2389 3829; x_wconf 87' lang='lat'><strong>:</strong></span> <span class='ocrx_word' id='word_1_625' title='bbox 2426 3795 2454 3824; x_wconf 87' lang='grc'><strong>‹‹</strong></span> <span class='ocrx_word' id='word_1_626' title='bbox 2474 3777 2676 3842; x_wconf 84' lang='lat' dir='ltr'><strong>Amen,</strong></span> <span class='ocrx_word' id='word_1_627' title='bbox 2707 3791 2874 3830; x_wconf 89' lang='lat' dir='ltr'><strong>amen</strong></span> <span class='ocrx_word' id='word_1_628' title='bbox 2901 3775 3025 3830; x_wconf 91' lang='lat' dir='ltr'><strong>dico</strong></span> <span class='ocrx_word' id='word_1_629' title='bbox 3050 3777 3224 3844; x_wconf 88' lang='lat' dir='ltr'><strong>vobis,</strong></span> <span class='ocrx_word' id='word_1_630' title='bbox 3245 3778 3291 3832; x_wconf 91' lang='lat' dir='ltr'><strong>si</strong></span> <span class='ocrx_word' id='word_1_631' title='bbox 3305 3779 3572 3832; x_wconf 90' lang='lat' dir='ltr'><strong>habueri-</strong></span> 
     </span>
    </p>
   </div>
   <div class='ocr_carea' id='block_1_82' title="bbox 1944 3865 3570 3937">
    <p class='ocr_par' dir='ltr' id='par_1_82' title="bbox 1944 3865 3570 3937">
     <span class='ocr_line' id='line_1_82' title="bbox 1944 3865 3570 3937; baseline 0.002 -17"><span class='ocrx_word' id='word_1_632' title='bbox 1944 3867 2018 3921; x_wconf 92' lang='lat' dir='ltr'><strong>tis</strong></span> <span class='ocrx_word' id='word_1_633' title='bbox 2046 3865 2219 3921; x_wconf 89' lang='lat' dir='ltr'><strong>ﬁdem</strong></span> <span class='ocrx_word' id='word_1_634' title='bbox 2240 3866 2383 3922; x_wconf 91' lang='lat' dir='ltr'><strong>sicut</strong></span> <span class='ocrx_word' id='word_1_635' title='bbox 2411 3883 2658 3937; x_wconf 87' lang='lat' dir='ltr'><strong>granum</strong></span> <span class='ocrx_word' id='word_1_636' title='bbox 2697 3865 2927 3936; x_wconf 77' lang='lat' dir='ltr'><strong>sinapis,</strong></span> <span class='ocrx_word' id='word_1_637' title='bbox 2955 3868 3149 3923; x_wconf 89' lang='lat' dir='ltr'><strong>dicetis</strong></span> <span class='ocrx_word' id='word_1_638' title='bbox 3179 3869 3366 3924; x_wconf 90' lang='lat' dir='ltr'><strong>monti</strong></span> <span class='ocrx_word' id='word_1_639' title='bbox 3393 3869 3526 3924; x_wconf 90' lang='lat' dir='ltr'><strong>huic</strong></span> <span class='ocrx_word' id='word_1_640' title='bbox 3556 3887 3570 3923; x_wconf 92' lang='lat'><strong>:</strong></span> 
     </span>
    </p>
   </div>
   <div class='ocr_carea' id='block_1_83' title="bbox 1945 3959 3574 4033">
    <p class='ocr_par' dir='ltr' id='par_1_83' title="bbox 1945 3959 3574 4033">
     <span class='ocr_line' id='line_1_83' title="bbox 1945 3959 3574 4033; baseline 0.001 -19"><span class='ocrx_word' id='word_1_641' title='bbox 1945 3959 2138 4014; x_wconf 86' lang='lat' dir='ltr'><strong>Transi</strong></span> <span class='ocrx_word' id='word_1_642' title='bbox 2180 3960 2312 4015; x_wconf 90' lang='lat' dir='ltr'><strong>hinc</strong></span> <span class='ocrx_word' id='word_1_643' title='bbox 2359 3963 2418 4015; x_wconf 89' lang='lat' dir='ltr'><strong>et</strong></span> <span class='ocrx_word' id='word_1_644' title='bbox 2454 3959 2718 4014; x_wconf 89' lang='lat' dir='ltr'><strong>transibit</strong></span> <span class='ocrx_word' id='word_1_645' title='bbox 2764 3960 2980 4029; x_wconf 81' lang='lat' dir='ltr'><strong>(Matth.</strong></span> <span class='ocrx_word' id='word_1_646' title='bbox 3012 3977 3145 4029; x_wconf 86' lang='lat' dir='ltr'><strong>xvu,</strong></span> <span class='ocrx_word' id='word_1_647' title='bbox 3188 3963 3295 4032; x_wconf 79' lang='grc'><strong>19),</strong></span> <span class='ocrx_word' id='word_1_648' title='bbox 3330 3983 3358 4011; x_wconf 90' lang='grc'><strong>››</strong></span> <span class='ocrx_word' id='word_1_649' title='bbox 3402 3962 3574 4033; x_wconf 89' lang='lat' dir='ltr'><strong>hujus</strong></span> 
     </span>
    </p>
   </div>
   <div class='ocr_carea' id='block_1_84' title="bbox 1944 4052 3572 4126">
    <p class='ocr_par' dir='ltr' id='par_1_84' title="bbox 1944 4052 3572 4126">
     <span class='ocr_line' id='line_1_84' title="bbox 1944 4052 3572 4126; baseline 0.001 -18"><span class='ocrx_word' id='word_1_650' title='bbox 1944 4052 2093 4108; x_wconf 89' lang='lat' dir='ltr'><strong>vocis</strong></span> <span class='ocrx_word' id='word_1_651' title='bbox 2131 4054 2306 4108; x_wconf 86' lang='lat' dir='ltr'><strong>etiam</strong></span> <span class='ocrx_word' id='word_1_652' title='bbox 2358 4069 2455 4107; x_wconf 91' lang='lat' dir='ltr'><strong>vos</strong></span> <span class='ocrx_word' id='word_1_653' title='bbox 2499 4052 2603 4122; x_wconf 91' lang='lat' dir='ltr'><strong>ipsi</strong></span> <span class='ocrx_word' id='word_1_654' title='bbox 2654 4053 3000 4108; x_wconf 85' lang='lat' dir='ltr'><strong>documenta</strong></span> <span class='ocrx_word' id='word_1_655' title='bbox 3051 4054 3294 4126; x_wconf 89' lang='lat' dir='ltr'><strong>cepistis,</strong></span> <span class='ocrx_word' id='word_1_656' title='bbox 3349 4058 3407 4110; x_wconf 89' lang='lat' dir='ltr'><strong>et</strong></span> <span class='ocrx_word' id='word_1_657' title='bbox 3449 4056 3572 4126; x_wconf 90' lang='lat' dir='ltr'><strong>jam</strong></span> 
     </span>
    </p>
   </div>
   <div class='ocr_carea' id='block_1_85' title="bbox 1944 4146 3572 4218">
    <p class='ocr_par' dir='ltr' id='par_1_85' title="bbox 1944 4146 3572 4218">
     <span class='ocr_line' id='line_1_85' title="bbox 1944 4146 3572 4218; baseline 0.001 -17"><span class='ocrx_word' id='word_1_658' title='bbox 1944 4146 2096 4201; x_wconf 89' lang='lat' dir='ltr'><strong>facta</strong></span> <span class='ocrx_word' id='word_1_659' title='bbox 2137 4146 2404 4217; x_wconf 74' lang='lat' dir='ltr'><strong>quaedam</strong></span> <span class='ocrx_word' id='word_1_660' title='bbox 2448 4162 2551 4216; x_wconf 92' lang='lat' dir='ltr'><strong>per</strong></span> <span class='ocrx_word' id='word_1_661' title='bbox 2591 4146 2892 4217; x_wconf 89' lang='lat' dir='ltr'><strong>magistros</strong></span> <span class='ocrx_word' id='word_1_662' title='bbox 2939 4151 3181 4215; x_wconf 89' lang='lat' dir='ltr'><strong>nostros,</strong></span> <span class='ocrx_word' id='word_1_663' title='bbox 3215 4147 3364 4218; x_wconf 90' lang='lat' dir='ltr'><strong>ipsos</strong></span> <span class='ocrx_word' id='word_1_664' title='bbox 3416 4148 3572 4203; x_wconf 90' lang='lat' dir='ltr'><strong>vide-</strong></span> 
     </span>
    </p>
   </div>
   <div class='ocr_carea' id='block_1_86' title="bbox 1944 4238 3576 4310">
    <p class='ocr_par' dir='ltr' id='par_1_86' title="bbox 1944 4238 3576 4310">
     <span class='ocr_line' id='line_1_86' title="bbox 1944 4238 3576 4310; baseline 0.001 -16"><span class='ocrx_word' id='word_1_665' title='bbox 1944 4241 2074 4295; x_wconf 90' lang='lat' dir='ltr'><strong>licet</strong></span> <span class='ocrx_word' id='word_1_666' title='bbox 2099 4239 2403 4310; x_wconf 88' lang='lat' dir='ltr'><strong>apostolos,</strong></span> <span class='ocrx_word' id='word_1_667' title='bbox 2432 4255 2550 4293; x_wconf 92' lang='lat' dir='ltr'><strong>non</strong></span> <span class='ocrx_word' id='word_1_668' title='bbox 2575 4238 2874 4310; x_wconf 88' lang='lat' dir='ltr'><strong>ignoratis,</strong></span> <span class='ocrx_word' id='word_1_669' title='bbox 2901 4238 3033 4310; x_wconf 91' lang='lat' dir='ltr'><strong>quia</strong></span> <span class='ocrx_word' id='word_1_670' title='bbox 3058 4241 3374 4296; x_wconf 88' lang='lat' dir='ltr'><strong>astantibus</strong></span> <span class='ocrx_word' id='word_1_671' title='bbox 3411 4241 3576 4296; x_wconf 90' lang='lat' dir='ltr'><strong>nobis</strong></span> 
     </span>
    </p>
   </div>
   <div class='ocr_carea' id='block_1_87' title="bbox 1945 4332 3572 4406">
    <p class='ocr_par' dir='ltr' id='par_1_87' title="bbox 1945 4332 3572 4406">
     <span class='ocr_line' id='line_1_87' title="bbox 1945 4332 3572 4406; baseline 0.001 -18"><span class='ocrx_word' id='word_1_672' title='bbox 1945 4349 2146 4388; x_wconf 89' lang='lat' dir='ltr'><strong>eornm</strong></span> <span class='ocrx_word' id='word_1_673' title='bbox 2175 4332 2400 4387; x_wconf 87' lang='lat' dir='ltr'><strong>meritis</strong></span> <span class='ocrx_word' id='word_1_674' title='bbox 2431 4333 2720 4387; x_wconf 81' lang='lat' dir='ltr'><strong>daemones</strong></span> <span class='ocrx_word' id='word_1_675' title='bbox 2745 4349 2876 4386; x_wconf 91' lang='lat' dir='ltr'><strong>cum</strong></span> <span class='ocrx_word' id='word_1_676' title='bbox 2906 4334 3257 4404; x_wconf 90' lang='lat' dir='ltr'><strong>passionibus</strong></span> <span class='ocrx_word' id='word_1_677' title='bbox 3296 4351 3440 4406; x_wconf 90' lang='lat' dir='ltr'><strong>quas</strong></span> <span class='ocrx_word' id='word_1_678' title='bbox 3467 4335 3572 4390; x_wconf 91' lang='lat' dir='ltr'><strong>ho-</strong></span> 
     </span>
    </p>
   </div>
   <div class='ocr_carea' id='block_1_88' title="bbox 206 4423 3428 4501">
    <p class='ocr_par' dir='ltr' id='par_1_88' title="bbox 206 4423 3428 4501">
     <span class='ocr_line' id='line_1_88' title="bbox 206 4423 3428 4501; baseline 0.003 -27"><span class='ocrx_word' id='word_1_679' title='bbox 206 4425 332 4491; x_wconf 86' lang='lat' dir='ltr'><strong>solo,</strong></span> <span class='ocrx_word' id='word_1_680' title='bbox 369 4423 476 4478; x_wconf 88' lang='lat' dir='ltr'><strong>sed</strong></span> <span class='ocrx_word' id='word_1_681' title='bbox 508 4440 682 4494; x_wconf 88' lang='lat' dir='ltr'><strong>opere</strong></span> <span class='ocrx_word' id='word_1_682' title='bbox 725 4427 786 4477; x_wconf 90' lang='lat' dir='ltr'><strong>et</strong></span> <span class='ocrx_word' id='word_1_683' title='bbox 821 4424 992 4480; x_wconf 89' lang='lat' dir='ltr'><strong>rebus</strong></span> <span class='ocrx_word' id='word_1_684' title='bbox 1035 4427 1250 4496; x_wconf 89' lang='lat' dir='ltr'><strong>replete</strong></span> <span class='ocrx_word' id='word_1_685' title='bbox 1290 4427 1647 4484; x_wconf 89' lang='lat' dir='ltr'><strong>charitatem.</strong></span> <span class='ocrx_word' id='word_1_686' title='bbox 1684 4428 1925 4501; x_wconf 82' lang='lat' dir='ltr'><strong>AgiteD</strong></span> <span class='ocrx_word' id='word_1_687' title='bbox 1948 4426 2198 4481; x_wconf 88' lang='lat' dir='ltr'><strong>minibus</strong></span> <span class='ocrx_word' id='word_1_688' title='bbox 2227 4426 2561 4480; x_wconf 90' lang='lat' dir='ltr'><strong>invexerant</strong></span> <span class='ocrx_word' id='word_1_689' title='bbox 2585 4424 2962 4495; x_wconf 89' lang='lat' dir='ltr'><strong>transierunt,</strong></span> <span class='ocrx_word' id='word_1_690' title='bbox 2992 4431 3049 4481; x_wconf 89' lang='lat' dir='ltr'><strong>et</strong></span> <span class='ocrx_word' id='word_1_691' title='bbox 3068 4427 3249 4498; x_wconf 84' lang='lat' dir='ltr'><strong>fugati</strong></span> <span class='ocrx_word' id='word_1_692' title='bbox 3277 4433 3428 4484; x_wconf 91' lang='lat' dir='ltr'><strong>sunt.</strong></span> 
     </span>
    </p>
   </div>
   <div class='ocr_carea' id='block_1_89' title="bbox 207 4514 1846 4591">
    <p class='ocr_par' dir='ltr' id='par_1_89' title="bbox 207 4514 1846 4591">
     <span class='ocr_line' id='line_1_89' title="bbox 207 4514 1846 4591; baseline 0.005 -23"><span class='ocrx_word' id='word_1_693' title='bbox 207 4530 299 4582; x_wconf 87' lang='lat' dir='ltr'><strong>pro</strong></span> <span class='ocrx_word' id='word_1_694' title='bbox 369 4514 614 4582; x_wconf 85' lang='lat' dir='ltr'><strong>viribus,</strong></span> <span class='ocrx_word' id='word_1_695' title='bbox 678 4516 929 4571; x_wconf 90' lang='lat' dir='ltr'><strong>conservi</strong></span> <span class='ocrx_word' id='word_1_696' title='bbox 993 4517 1371 4584; x_wconf 84' lang='lat' dir='ltr'><strong>dilectissimi,</strong></span> <span class='ocrx_word' id='word_1_697' title='bbox 1421 4521 1556 4591; x_wconf 91' lang='lat' dir='ltr'><strong>quia</strong></span> <span class='ocrx_word' id='word_1_698' title='bbox 1627 4521 1846 4577; x_wconf 92' lang='lat' dir='ltr'><strong>bonum</strong></span> 
     </span>
    </p>
   </div>
   <div class='ocr_carea' id='block_1_90' title="bbox 209 4608 1847 4686">
    <p class='ocr_par' dir='ltr' id='par_1_90' title="bbox 209 4608 1847 4686">
     <span class='ocr_line' id='line_1_90' title="bbox 209 4608 1847 4686; baseline 0.007 -27"><span class='ocrx_word' id='word_1_699' title='bbox 209 4613 286 4660; x_wconf 86' lang='lat' dir='ltr'><strong>est</strong></span> <span class='ocrx_word' id='word_1_700' title='bbox 313 4612 378 4661; x_wconf 92' lang='lat' dir='ltr'><strong>ut</strong></span> <span class='ocrx_word' id='word_1_701' title='bbox 403 4608 805 4680; x_wconf 86' lang='lat' dir='ltr'><strong>unusquisque</strong></span> <span class='ocrx_word' id='word_1_702' title='bbox 834 4615 1083 4665; x_wconf 88' lang='lat' dir='ltr'><strong>vestrum</strong></span> <span class='ocrx_word' id='word_1_703' title='bbox 1113 4612 1429 4666; x_wconf 89' lang='lat' dir='ltr'><strong>secundum</strong></span> <span class='ocrx_word' id='word_1_704' title='bbox 1472 4614 1624 4684; x_wconf 92' lang='lat' dir='ltr'><strong>quod</strong></span> <span class='ocrx_word' id='word_1_705' title='bbox 1661 4618 1847 4686; x_wconf 90' lang='lat' dir='ltr'><strong>potest</strong></span> 
     </span>
    </p>
   </div>
   <div class='ocr_carea' id='block_1_91' title="bbox 207 4700 1841 4776">
    <p class='ocr_par' dir='ltr' id='par_1_91' title="bbox 207 4700 1841 4776">
     <span class='ocr_line' id='line_1_91' title="bbox 207 4700 1841 4776; baseline 0.006 -23"><span class='ocrx_word' id='word_1_706' title='bbox 207 4700 376 4767; x_wconf 83' lang='lat' dir='ltr'><strong>prosit</strong></span> <span class='ocrx_word' id='word_1_707' title='bbox 448 4701 854 4756; x_wconf 89' lang='lat' dir='ltr'><strong>accedentibus</strong></span> <span class='ocrx_word' id='word_1_708' title='bbox 912 4703 984 4756; x_wconf 89' lang='lat' dir='ltr'><strong>ad</strong></span> <span class='ocrx_word' id='word_1_709' title='bbox 1034 4704 1207 4758; x_wconf 88' lang='lat' dir='ltr'><strong>ﬁdem</strong></span> <span class='ocrx_word' id='word_1_710' title='bbox 1263 4704 1558 4776; x_wconf 85' lang='lat' dir='ltr'><strong>religionis</strong></span> <span class='ocrx_word' id='word_1_711' title='bbox 1609 4711 1841 4763; x_wconf 66' lang='lat' dir='ltr'><strong>nostrae.</strong></span> 
     </span>
    </p>
   </div>
   <div class='ocr_carea' id='block_1_92' title="bbox 209 4792 1844 4872">
    <p class='ocr_par' dir='ltr' id='par_1_92' title="bbox 209 4792 1844 4872">
     <span class='ocr_line' id='line_1_92' title="bbox 209 4792 1844 4872; baseline 0.007 -28"><span class='ocrx_word' id='word_1_712' title='bbox 209 4792 272 4844; x_wconf 84' lang='lat' dir='ltr'><strong>Et</strong></span> <span class='ocrx_word' id='word_1_713' title='bbox 287 4792 418 4846; x_wconf 86' lang='lat' dir='ltr'><strong>ideo</strong></span> <span class='ocrx_word' id='word_1_714' title='bbox 447 4809 572 4847; x_wconf 91' lang='lat' dir='ltr'><strong>non</strong></span> <span class='ocrx_word' id='word_1_715' title='bbox 606 4809 709 4848; x_wconf 89' lang='lat' dir='ltr'><strong>vos</strong></span> <span class='ocrx_word' id='word_1_716' title='bbox 736 4794 932 4865; x_wconf 88' lang='lat' dir='ltr'><strong>pigeat</strong></span> <span class='ocrx_word' id='word_1_717' title='bbox 967 4796 1289 4851; x_wconf 90' lang='lat' dir='ltr'><strong>secundum</strong></span> <span class='ocrx_word' id='word_1_718' title='bbox 1332 4798 1666 4868; x_wconf 89' lang='lat' dir='ltr'><strong>sapientiam</strong></span> <span class='ocrx_word' id='word_1_719' title='bbox 1714 4817 1844 4872; x_wconf 63' lang='lat' dir='ltr'><strong>quae</strong></span> 
     </span>
    </p>
   </div>
   <div class='ocr_carea' id='block_1_93' title="bbox 207 4885 1845 4956">
    <p class='ocr_par' dir='ltr' id='par_1_93' title="bbox 207 4885 1845 4956">
     <span class='ocr_line' id='line_1_93' title="bbox 207 4885 1845 4956; baseline 0.007 -19"><span class='ocrx_word' id='word_1_720' title='bbox 207 4885 368 4938; x_wconf 88' lang='lat' dir='ltr'><strong>nobis</strong></span> <span class='ocrx_word' id='word_1_721' title='bbox 420 4901 528 4956; x_wconf 89' lang='lat' dir='ltr'><strong>per</strong></span> <span class='ocrx_word' id='word_1_722' title='bbox 587 4886 684 4940; x_wconf 92' lang='lat' dir='ltr'><strong>Dei</strong></span> <span class='ocrx_word' id='word_1_723' title='bbox 726 4887 1141 4956; x_wconf 89' lang='lat' dir='ltr'><strong>providentiam</strong></span> <span class='ocrx_word' id='word_1_724' title='bbox 1183 4890 1389 4945; x_wconf 89' lang='lat' dir='ltr'><strong>collata</strong></span> <span class='ocrx_word' id='word_1_725' title='bbox 1433 4896 1516 4947; x_wconf 92' lang='lat' dir='ltr'><strong>est</strong></span> <span class='ocrx_word' id='word_1_726' title='bbox 1561 4892 1845 4948; x_wconf 87' lang='lat' dir='ltr'><strong>instruere</strong></span> 
     </span>
    </p>
   </div>
   <div class='ocr_carea' id='block_1_94' title="bbox 208 4976 1845 5054">
    <p class='ocr_par' dir='ltr' id='par_1_94' title="bbox 208 4976 1845 5054">
     <span class='ocr_line' id='line_1_94' title="bbox 208 4976 1845 5054; baseline 0.009 -27"><span class='ocrx_word' id='word_1_727' title='bbox 208 4976 444 5046; x_wconf 83' lang='lat' dir='ltr'><strong>ignaros</strong></span> <span class='ocrx_word' id='word_1_728' title='bbox 473 4980 532 5030; x_wconf 91' lang='lat' dir='ltr'><strong>et</strong></span> <span class='ocrx_word' id='word_1_729' title='bbox 571 4978 794 5034; x_wconf 90' lang='lat' dir='ltr'><strong>docere.</strong></span> <span class='ocrx_word' id='word_1_730' title='bbox 833 4980 1187 5036; x_wconf 89' lang='lat' dir='ltr'><strong>Desiderium</strong></span> <span class='ocrx_word' id='word_1_731' title='bbox 1221 4998 1358 5054; x_wconf 89' lang='lat' dir='ltr'><strong>ergo</strong></span> <span class='ocrx_word' id='word_1_732' title='bbox 1399 4984 1610 5039; x_wconf 90' lang='lat' dir='ltr'><strong>habere</strong></span> <span class='ocrx_word' id='word_1_733' title='bbox 1646 5001 1845 5041; x_wconf 89' lang='lat' dir='ltr'><strong>omnes</strong></span> 
     </span>
    </p>
   </div>
   <div class='ocr_carea' id='block_1_95' title="bbox 207 5070 1844 5146">
    <p class='ocr_par' dir='ltr' id='par_1_95' title="bbox 207 5070 1844 5146">
     <span class='ocr_line' id='line_1_95' title="bbox 207 5070 1844 5146; baseline 0.008 -25"><span class='ocrx_word' id='word_1_734' title='bbox 207 5085 341 5139; x_wconf 82' lang='lat' dir='ltr'><strong>erga</strong></span> <span class='ocrx_word' id='word_1_735' title='bbox 363 5070 663 5125; x_wconf 86' lang='lat' dir='ltr'><strong>doctorem</strong></span> <span class='ocrx_word' id='word_1_736' title='bbox 678 5071 929 5126; x_wconf 88' lang='lat' dir='ltr'><strong>veritatis</strong></span> <span class='ocrx_word' id='word_1_737' title='bbox 945 5089 1194 5146; x_wconf 88' lang='lat' dir='ltr'><strong>eumque</strong></span> <span class='ocrx_word' id='word_1_738' title='bbox 1213 5079 1275 5130; x_wconf 90' lang='lat' dir='ltr'><strong>ut</strong></span> <span class='ocrx_word' id='word_1_739' title='bbox 1294 5077 1486 5131; x_wconf 90' lang='lat' dir='ltr'><strong>oculos</strong></span> <span class='ocrx_word' id='word_1_740' title='bbox 1501 5094 1631 5132; x_wconf 90' lang='lat' dir='ltr'><strong>suos</strong></span> <span class='ocrx_word' id='word_1_741' title='bbox 1651 5095 1844 5134; x_wconf 88' lang='lat' dir='ltr'><strong>amare</strong></span> 
     </span>
    </p>
   </div>
   <div class='ocr_carea' id='block_1_96' title="bbox 209 5163 1845 5238">
    <p class='ocr_par' dir='ltr' id='par_1_96' title="bbox 209 5163 1845 5238">
     <span class='ocr_line' id='line_1_96' title="bbox 209 5163 1845 5238; baseline 0.009 -25"><span class='ocrx_word' id='word_1_742' title='bbox 209 5167 456 5231; x_wconf 82' lang='lat' dir='ltr'><strong>oportet,</strong></span> <span class='ocrx_word' id='word_1_743' title='bbox 498 5163 635 5233; x_wconf 86' lang='lat' dir='ltr'><strong>quia</strong></span> <span class='ocrx_word' id='word_1_744' title='bbox 671 5169 729 5218; x_wconf 90' lang='lat' dir='ltr'><strong>et</strong></span> <span class='ocrx_word' id='word_1_745' title='bbox 765 5164 953 5235; x_wconf 87' lang='lat' dir='ltr'><strong>ipsum</strong></span> <span class='ocrx_word' id='word_1_746' title='bbox 999 5169 1280 5238; x_wconf 91' lang='lat' dir='ltr'><strong>populum</strong></span> <span class='ocrx_word' id='word_1_747' title='bbox 1324 5169 1432 5224; x_wconf 92' lang='lat' dir='ltr'><strong>sibi</strong></span> <span class='ocrx_word' id='word_1_748' title='bbox 1480 5171 1845 5226; x_wconf 90' lang='lat' dir='ltr'><strong>commissum</strong></span> 
     </span>
    </p>
   </div>
   <div class='ocr_carea' id='block_1_97' title="bbox 208 5255 1846 5332">
    <p class='ocr_par' dir='ltr' id='par_1_97' title="bbox 208 5255 1846 5332">
     <span class='ocr_line' id='line_1_97' title="bbox 208 5255 1846 5332; baseline 0.007 -24"><span class='ocrx_word' id='word_1_749' title='bbox 208 5269 305 5309; x_wconf 78' lang='lat' dir='ltr'><strong>ceu</strong></span> <span class='ocrx_word' id='word_1_750' title='bbox 326 5255 600 5327; x_wconf 89' lang='lat' dir='ltr'><strong>proprios</strong></span> <span class='ocrx_word' id='word_1_751' title='bbox 628 5256 773 5312; x_wconf 90' lang='lat' dir='ltr'><strong>ﬁlios</strong></span> <span class='ocrx_word' id='word_1_752' title='bbox 797 5274 1011 5326; x_wconf 89' lang='lat' dir='ltr'><strong>amare,</strong></span> <span class='ocrx_word' id='word_1_753' title='bbox 1040 5263 1100 5314; x_wconf 92' lang='lat' dir='ltr'><strong>et</strong></span> <span class='ocrx_word' id='word_1_754' title='bbox 1129 5260 1331 5317; x_wconf 88' lang='lat' dir='ltr'><strong>docere</strong></span> <span class='ocrx_word' id='word_1_755' title='bbox 1358 5278 1490 5318; x_wconf 91' lang='lat' dir='ltr'><strong>eum</strong></span> <span class='ocrx_word' id='word_1_756' title='bbox 1526 5263 1708 5332; x_wconf 90' lang='lat' dir='ltr'><strong>decet,</strong></span> <span class='ocrx_word' id='word_1_757' title='bbox 1737 5266 1846 5320; x_wconf 90' lang='lat' dir='ltr'><strong>hoc</strong></span> 
     </span>
    </p>
   </div>
   <div class='ocr_carea' id='block_1_98' title="bbox 207 5347 1844 5425">
    <p class='ocr_par' dir='ltr' id='par_1_98' title="bbox 207 5347 1844 5425">
     <span class='ocr_line' id='line_1_98' title="bbox 207 5347 1844 5425; baseline 0.009 -27"><span class='ocrx_word' id='word_1_758' title='bbox 207 5347 360 5402; x_wconf 84' lang='lat' dir='ltr'><strong>enim</strong></span> <span class='ocrx_word' id='word_1_759' title='bbox 387 5365 422 5402; x_wconf 92' lang='lat' dir='ltr'><strong>a</strong></span> <span class='ocrx_word' id='word_1_760' title='bbox 449 5351 614 5404; x_wconf 89' lang='lat' dir='ltr'><strong>Patre</strong></span> <span class='ocrx_word' id='word_1_761' title='bbox 648 5350 858 5406; x_wconf 89' lang='lat' dir='ltr'><strong>ccelesti</strong></span> <span class='ocrx_word' id='word_1_762' title='bbox 893 5353 1169 5408; x_wconf 90' lang='lat' dir='ltr'><strong>donatum</strong></span> <span class='ocrx_word' id='word_1_763' title='bbox 1205 5359 1308 5425; x_wconf 90' lang='lat' dir='ltr'><strong>est,</strong></span> <span class='ocrx_word' id='word_1_764' title='bbox 1347 5357 1443 5411; x_wconf 90' lang='lat' dir='ltr'><strong>sed</strong></span> <span class='ocrx_word' id='word_1_765' title='bbox 1480 5357 1628 5412; x_wconf 89' lang='lat' dir='ltr'><strong>salus</strong></span> <span class='ocrx_word' id='word_1_766' title='bbox 1672 5358 1732 5412; x_wconf 91' lang='lat' dir='ltr'><strong>in</strong></span> <span class='ocrx_word' id='word_1_767' title='bbox 1777 5374 1844 5412; x_wconf 92' lang='lat' dir='ltr'><strong>eo</strong></span> 
     </span>
    </p>
   </div>
   <div class='ocr_carea' id='block_1_99' title="bbox 208 5442 1840 5518">
    <p class='ocr_par' dir='ltr' id='par_1_99' title="bbox 208 5442 1840 5518">
     <span class='ocr_line' id='line_1_99' title="bbox 208 5442 1840 5518; baseline 0.007 -25"><span class='ocrx_word' id='word_1_768' title='bbox 208 5444 290 5494; x_wconf 83' lang='lat' dir='ltr'><strong>est</strong></span> <span class='ocrx_word' id='word_1_769' title='bbox 333 5444 404 5494; x_wconf 92' lang='lat' dir='ltr'><strong>ut</strong></span> <span class='ocrx_word' id='word_1_770' title='bbox 444 5442 800 5498; x_wconf 87' lang='lat' dir='ltr'><strong>voluntatem</strong></span> <span class='ocrx_word' id='word_1_771' title='bbox 843 5445 965 5514; x_wconf 90' lang='lat' dir='ltr'><strong>ejus</strong></span> <span class='ocrx_word' id='word_1_772' title='bbox 1007 5447 1169 5518; x_wconf 88' lang='lat' dir='ltr'><strong>cujus</strong></span> <span class='ocrx_word' id='word_1_773' title='bbox 1217 5463 1471 5504; x_wconf 88' lang='lat' dir='ltr'><strong>amorem</strong></span> <span class='ocrx_word' id='word_1_774' title='bbox 1524 5453 1583 5504; x_wconf 91' lang='lat' dir='ltr'><strong>et</strong></span> <span class='ocrx_word' id='word_1_775' title='bbox 1619 5449 1840 5506; x_wconf 86' lang='lat' dir='ltr'><strong>deside-</strong></span> 
     </span>
    </p>
   </div>
   <div class='ocr_carea' id='block_1_100' title="bbox 209 5530 1842 5614">
    <p class='ocr_par' dir='ltr' id='par_1_100' title="bbox 209 5530 1842 5614">
     <span class='ocr_line' id='line_1_100' title="bbox 209 5530 1842 5614; baseline 0.008 -29"><span class='ocrx_word' id='word_1_776' title='bbox 209 5530 506 5599; x_wconf 88' lang='lat' dir='ltr'><strong>rium,Deo</strong></span> <span class='ocrx_word' id='word_1_777' title='bbox 523 5535 825 5607; x_wconf 86' lang='lat' dir='ltr'><strong>largiente,</strong></span> <span class='ocrx_word' id='word_1_778' title='bbox 842 5539 1226 5610; x_wconf 89' lang='lat' dir='ltr'><strong>conceperint,</strong></span> <span class='ocrx_word' id='word_1_779' title='bbox 1242 5539 1470 5596; x_wconf 89' lang='lat' dir='ltr'><strong>faciant.</strong></span> <span class='ocrx_word' id='word_1_780' title='bbox 1485 5541 1544 5597; x_wconf 92' lang='lat' dir='ltr'><strong>Si</strong></span> <span class='ocrx_word' id='word_1_781' title='bbox 1561 5541 1689 5613; x_wconf 89' lang='lat' dir='ltr'><strong>quis</strong></span> <span class='ocrx_word' id='word_1_782' title='bbox 1704 5558 1842 5614; x_wconf 90' lang='lat' dir='ltr'><strong>ergo</strong></span> 
     </span>
    </p>
   </div>
   <div class='ocr_carea' id='block_1_101' title="bbox 209 5621 1844 5706">
    <p class='ocr_par' dir='ltr' id='par_1_101' title="bbox 209 5621 1844 5706">
     <span class='ocr_line' id='line_1_101' title="bbox 209 5621 1844 5706; baseline 0.009 -30"><span class='ocrx_word' id='word_1_783' title='bbox 209 5621 390 5679; x_wconf 83' lang='lat' dir='ltr'><strong>ﬁdelis</strong></span> <span class='ocrx_word' id='word_1_784' title='bbox 403 5627 650 5682; x_wconf 91' lang='lat' dir='ltr'><strong>voluerit</strong></span> <span class='ocrx_word' id='word_1_785' title='bbox 668 5628 910 5686; x_wconf 88' lang='lat' dir='ltr'><strong>existere</strong></span> <span class='ocrx_word' id='word_1_786' title='bbox 937 5637 995 5688; x_wconf 88' lang='lat' dir='ltr'><strong>et</strong></span> <span class='ocrx_word' id='word_1_787' title='bbox 1014 5632 1294 5688; x_wconf 88' lang='lat' dir='ltr'><strong>desiderat</strong></span> <span class='ocrx_word' id='word_1_788' title='bbox 1321 5635 1618 5706; x_wconf 89' lang='lat' dir='ltr'><strong>baptizari,</strong></span> <span class='ocrx_word' id='word_1_789' title='bbox 1644 5640 1844 5692; x_wconf 86' lang='lat' dir='ltr'><strong>exutus</strong></span> 
     </span>
    </p>
   </div>
   <div class='ocr_carea' id='block_1_102' title="bbox 218 5717 1844 5798">
    <p class='ocr_par' dir='ltr' id='par_1_102' title="bbox 218 5717 1844 5798">
     <span class='ocr_line' id='line_1_102' title="bbox 218 5717 1844 5798; baseline 0.008 -28"><span class='ocrx_word' id='word_1_790' title='bbox 218 5717 500 5784; x_wconf 84' lang='lat' dir='ltr'><strong>prioribus</strong></span> <span class='ocrx_word' id='word_1_791' title='bbox 526 5721 694 5778; x_wconf 89' lang='lat' dir='ltr'><strong>malis</strong></span> <span class='ocrx_word' id='word_1_792' title='bbox 719 5723 790 5778; x_wconf 92' lang='lat' dir='ltr'><strong>de</strong></span> <span class='ocrx_word' id='word_1_793' title='bbox 824 5724 1040 5797; x_wconf 91' lang='lat' dir='ltr'><strong>reliquo</strong></span> <span class='ocrx_word' id='word_1_794' title='bbox 1069 5741 1175 5798; x_wconf 87' lang='lat' dir='ltr'><strong>pro</strong></span> <span class='ocrx_word' id='word_1_795' title='bbox 1218 5726 1382 5783; x_wconf 90' lang='lat' dir='ltr'><strong>bonis</strong></span> <span class='ocrx_word' id='word_1_796' title='bbox 1422 5727 1638 5784; x_wconf 89' lang='lat' dir='ltr'><strong>actibus</strong></span> <span class='ocrx_word' id='word_1_797' title='bbox 1659 5728 1844 5785; x_wconf 71' lang='lat' dir='ltr'><strong>haeres</strong></span> 
     </span>
    </p>
   </div>
   <div class='ocr_carea' id='block_1_103' title="bbox 2016 4517 3576 4591">
    <p class='ocr_par' dir='ltr' id='par_1_103' title="bbox 2016 4517 3576 4591">
     <span class='ocr_line' id='line_1_103' title="bbox 2016 4517 3576 4591; baseline 0.003 -19"><span class='ocrx_word' id='word_1_798' title='bbox 2016 4519 2160 4584; x_wconf 91' lang='lat' dir='ltr'><strong>Quia</strong></span> <span class='ocrx_word' id='word_1_799' title='bbox 2203 4535 2340 4590; x_wconf 89' lang='lat' dir='ltr'><strong>ergo</strong></span> <span class='ocrx_word' id='word_1_800' title='bbox 2382 4518 2479 4572; x_wconf 90' lang='lat' dir='ltr'><strong>alii</strong></span> <span class='ocrx_word' id='word_1_801' title='bbox 2523 4517 2756 4589; x_wconf 89' lang='lat' dir='ltr'><strong>quidem</strong></span> <span class='ocrx_word' id='word_1_802' title='bbox 2807 4519 3064 4574; x_wconf 62' lang='lat' dir='ltr'><strong>fomines</strong></span> <span class='ocrx_word' id='word_1_803' title='bbox 3112 4520 3427 4591; x_wconf 87' lang='lat' dir='ltr'><strong>patiuntur,</strong></span> <span class='ocrx_word' id='word_1_804' title='bbox 3479 4522 3576 4576; x_wconf 91' lang='lat' dir='ltr'><strong>alii</strong></span> 
     </span>
    </p>
   </div>
   <div class='ocr_carea' id='block_1_104' title="bbox 1943 4611 3572 4684">
    <p class='ocr_par' dir='ltr' id='par_1_104' title="bbox 1943 4611 3572 4684">
     <span class='ocr_line' id='line_1_104' title="bbox 1943 4611 3572 4684; baseline 0.001 -18"><span class='ocrx_word' id='word_1_805' title='bbox 1943 4611 2224 4684; x_wconf 88' lang='lat' dir='ltr'><strong>patientes</strong></span> <span class='ocrx_word' id='word_1_806' title='bbox 2248 4615 2472 4678; x_wconf 88' lang='lat' dir='ltr'><strong>sanant,</strong></span> <span class='ocrx_word' id='word_1_807' title='bbox 2505 4627 2671 4665; x_wconf 89' lang='lat' dir='ltr'><strong>causa</strong></span> <span class='ocrx_word' id='word_1_808' title='bbox 2714 4611 2836 4666; x_wconf 89' lang='lat' dir='ltr'><strong>sine</strong></span> <span class='ocrx_word' id='word_1_809' title='bbox 2875 4611 3046 4666; x_wconf 90' lang='lat' dir='ltr'><strong>dubio</strong></span> <span class='ocrx_word' id='word_1_810' title='bbox 3095 4613 3178 4666; x_wconf 85' lang='lat' dir='ltr'><strong>vel</strong></span> <span class='ocrx_word' id='word_1_811' title='bbox 3206 4613 3463 4684; x_wconf 88' lang='lat' dir='ltr'><strong>patiendi</strong></span> <span class='ocrx_word' id='word_1_812' title='bbox 3488 4616 3572 4670; x_wconf 92' lang='lat' dir='ltr'><strong>vel</strong></span> 
     </span>
    </p>
   </div>
   <div class='ocr_carea' id='block_1_105' title="bbox 1945 4703 3572 4778">
    <p class='ocr_par' dir='ltr' id='par_1_105' title="bbox 1945 4703 3572 4778">
     <span class='ocr_line' id='line_1_105' title="bbox 1945 4703 3572 4778; baseline 0.001 -17"><span class='ocrx_word' id='word_1_813' title='bbox 1945 4705 2181 4761; x_wconf 81' lang='lat' dir='ltr'><strong>curandi</strong></span> <span class='ocrx_word' id='word_1_814' title='bbox 2207 4705 2492 4759; x_wconf 91' lang='lat' dir='ltr'><strong>noscenda</strong></span> <span class='ocrx_word' id='word_1_815' title='bbox 2519 4707 2620 4760; x_wconf 89' lang='lat' dir='ltr'><strong>est.</strong></span> <span class='ocrx_word' id='word_1_816' title='bbox 2655 4703 2795 4768; x_wconf 61' lang='lat' dir='ltr'><strong>Quae</strong></span> <span class='ocrx_word' id='word_1_817' title='bbox 2826 4720 2939 4758; x_wconf 92' lang='lat' dir='ltr'><strong>non</strong></span> <span class='ocrx_word' id='word_1_818' title='bbox 2967 4705 3076 4759; x_wconf 89' lang='lat' dir='ltr'><strong>alia</strong></span> <span class='ocrx_word' id='word_1_819' title='bbox 3105 4721 3226 4760; x_wconf 89' lang='lat' dir='ltr'><strong>esse</strong></span> <span class='ocrx_word' id='word_1_820' title='bbox 3258 4723 3434 4778; x_wconf 89' lang='lat' dir='ltr'><strong>quam</strong></span> <span class='ocrx_word' id='word_1_821' title='bbox 3473 4725 3572 4778; x_wconf 92' lang='lat' dir='ltr'><strong>pa-</strong></span> 
     </span>
    </p>
   </div>
   <div class='ocr_carea' id='block_1_106' title="bbox 1943 4797 3574 4868">
    <p class='ocr_par' dir='ltr' id='par_1_106' title="bbox 1943 4797 3574 4868">
     <span class='ocr_line' id='line_1_106' title="bbox 1943 4797 3574 4868; baseline 0.001 -14"><span class='ocrx_word' id='word_1_822' title='bbox 1943 4798 2218 4854; x_wconf 88' lang='lat' dir='ltr'><strong>tientibus</strong></span> <span class='ocrx_word' id='word_1_823' title='bbox 2249 4797 2487 4868; x_wconf 91' lang='lat' dir='ltr'><strong>quidem</strong></span> <span class='ocrx_word' id='word_1_824' title='bbox 2515 4797 2886 4867; x_wconf 87' lang='lat' dir='ltr'><strong>inﬁdelitatis,</strong></span> <span class='ocrx_word' id='word_1_825' title='bbox 2914 4798 3244 4854; x_wconf 88' lang='lat' dir='ltr'><strong>curantibus</strong></span> <span class='ocrx_word' id='word_1_826' title='bbox 3274 4816 3406 4856; x_wconf 91' lang='lat' dir='ltr'><strong>vero</strong></span> <span class='ocrx_word' id='word_1_827' title='bbox 3443 4801 3574 4856; x_wconf 90' lang='lat' dir='ltr'><strong>ﬁdei</strong></span> 
     </span>
    </p>
   </div>
   <div class='ocr_carea' id='block_1_107' title="bbox 1946 4889 3574 4959">
    <p class='ocr_par' dir='ltr' id='par_1_107' title="bbox 1946 4889 3574 4959">
     <span class='ocr_line' id='line_1_107' title="bbox 1946 4889 3574 4959; baseline 0.002 -13"><span class='ocrx_word' id='word_1_828' title='bbox 1946 4892 2393 4957; x_wconf 88' lang='lat' dir='ltr'><strong>demonstratur;</strong></span> <span class='ocrx_word' id='word_1_829' title='bbox 2421 4889 2731 4944; x_wconf 87' lang='lat' dir='ltr'><strong>inﬁdelitas</strong></span> <span class='ocrx_word' id='word_1_830' title='bbox 2757 4891 2930 4959; x_wconf 88' lang='lat' dir='ltr'><strong>enim,</strong></span> <span class='ocrx_word' id='word_1_831' title='bbox 2963 4891 3100 4946; x_wconf 91' lang='lat' dir='ltr'><strong>dum</strong></span> <span class='ocrx_word' id='word_1_832' title='bbox 3129 4908 3246 4946; x_wconf 92' lang='lat' dir='ltr'><strong>non</strong></span> <span class='ocrx_word' id='word_1_833' title='bbox 3274 4893 3458 4948; x_wconf 88' lang='lat' dir='ltr'><strong>credit</strong></span> <span class='ocrx_word' id='word_1_834' title='bbox 3485 4894 3574 4949; x_wconf 88' lang='lat' dir='ltr'><strong>fu-</strong></span> 
     </span>
    </p>
   </div>
   <div class='ocr_carea' id='block_1_108' title="bbox 1944 4983 3575 5058">
    <p class='ocr_par' dir='ltr' id='par_1_108' title="bbox 1944 4983 3575 5058">
     <span class='ocr_line' id='line_1_108' title="bbox 1944 4983 3575 5058; baseline 0.002 -20"><span class='ocrx_word' id='word_1_835' title='bbox 1944 4988 2139 5038; x_wconf 89' lang='lat' dir='ltr'><strong>turum</strong></span> <span class='ocrx_word' id='word_1_836' title='bbox 2165 4983 2389 5039; x_wconf 91' lang='lat' dir='ltr'><strong>Domini</strong></span> <span class='ocrx_word' id='word_1_837' title='bbox 2409 4983 2714 5054; x_wconf 86' lang='lat' dir='ltr'><strong>judicium,</strong></span> <span class='ocrx_word' id='word_1_838' title='bbox 2733 4985 3005 5055; x_wconf 89' lang='lat' dir='ltr'><strong>peccandi</strong></span> <span class='ocrx_word' id='word_1_839' title='bbox 3025 4985 3316 5041; x_wconf 91' lang='lat' dir='ltr'><strong>licentiam</strong></span> <span class='ocrx_word' id='word_1_840' title='bbox 3335 4987 3575 5058; x_wconf 64' lang='lat' dir='ltr'><strong>prazbet,</strong></span> 
     </span>
    </p>
   </div>
   <div class='ocr_carea' id='block_1_109' title="bbox 1943 5076 3573 5148">
    <p class='ocr_par' dir='ltr' id='par_1_109' title="bbox 1943 5076 3573 5148">
     <span class='ocr_line' id='line_1_109' title="bbox 1943 5076 3573 5148; baseline 0.002 -17"><span class='ocrx_word' id='word_1_841' title='bbox 1943 5082 2234 5148; x_wconf 87' lang='lat' dir='ltr'><strong>peccatum</strong></span> <span class='ocrx_word' id='word_1_842' title='bbox 2245 5093 2378 5131; x_wconf 91' lang='lat' dir='ltr'><strong>vero</strong></span> <span class='ocrx_word' id='word_1_843' title='bbox 2402 5076 2697 5132; x_wconf 90' lang='lat' dir='ltr'><strong>hominem</strong></span> <span class='ocrx_word' id='word_1_844' title='bbox 2710 5077 3065 5148; x_wconf 88' lang='lat' dir='ltr'><strong>passionibus</strong></span> <span class='ocrx_word' id='word_1_845' title='bbox 3088 5079 3399 5136; x_wconf 91' lang='lat' dir='ltr'><strong>obnoxium</strong></span> <span class='ocrx_word' id='word_1_846' title='bbox 3421 5081 3573 5134; x_wconf 87' lang='lat' dir='ltr'><strong>facit.</strong></span> 
     </span>
    </p>
   </div>
   <div class='ocr_carea' id='block_1_110' title="bbox 1945 5169 3578 5241">
    <p class='ocr_par' dir='ltr' id='par_1_110' title="bbox 1945 5169 3578 5241">
     <span class='ocr_line' id='line_1_110' title="bbox 1945 5169 3578 5241; baseline 0.002 -17"><span class='ocrx_word' id='word_1_847' title='bbox 1945 5170 2108 5225; x_wconf 86' lang='lat' dir='ltr'><strong>Fides</strong></span> <span class='ocrx_word' id='word_1_848' title='bbox 2118 5173 2308 5225; x_wconf 90' lang='lat' dir='ltr'><strong>autem</strong></span> <span class='ocrx_word' id='word_1_849' title='bbox 2321 5169 2578 5224; x_wconf 88' lang='lat' dir='ltr'><strong>futurum</strong></span> <span class='ocrx_word' id='word_1_850' title='bbox 2593 5171 2693 5226; x_wconf 91' lang='lat' dir='ltr'><strong>Dei</strong></span> <span class='ocrx_word' id='word_1_851' title='bbox 2699 5171 2980 5241; x_wconf 90' lang='lat' dir='ltr'><strong>judicium</strong></span> <span class='ocrx_word' id='word_1_852' title='bbox 2994 5188 3116 5227; x_wconf 91' lang='lat' dir='ltr'><strong>esse</strong></span> <span class='ocrx_word' id='word_1_853' title='bbox 3130 5174 3389 5240; x_wconf 89' lang='lat' dir='ltr'><strong>credens,</strong></span> <span class='ocrx_word' id='word_1_854' title='bbox 3404 5173 3578 5227; x_wconf 89' lang='lat' dir='ltr'><strong>conti-</strong></span> 
     </span>
    </p>
   </div>
   <div class='ocr_carea' id='block_1_111' title="bbox 1945 5263 3572 5337">
    <p class='ocr_par' dir='ltr' id='par_1_111' title="bbox 1945 5263 3572 5337">
     <span class='ocr_line' id='line_1_111' title="bbox 1945 5263 3572 5337; baseline 0.001 -20"><span class='ocrx_word' id='word_1_855' title='bbox 1945 5266 2044 5319; x_wconf 91' lang='lat' dir='ltr'><strong>net</strong></span> <span class='ocrx_word' id='word_1_856' title='bbox 2067 5263 2324 5318; x_wconf 89' lang='lat' dir='ltr'><strong>homines</strong></span> <span class='ocrx_word' id='word_1_857' title='bbox 2351 5279 2385 5317; x_wconf 89' lang='lat' dir='ltr'><strong>a</strong></span> <span class='ocrx_word' id='word_1_858' title='bbox 2410 5266 2664 5334; x_wconf 90' lang='lat' dir='ltr'><strong>peccato.</strong></span> <span class='ocrx_word' id='word_1_859' title='bbox 2690 5265 2813 5319; x_wconf 86' lang='lat' dir='ltr'><strong>Non</strong></span> <span class='ocrx_word' id='word_1_860' title='bbox 2842 5268 3142 5337; x_wconf 90' lang='lat' dir='ltr'><strong>peccantes</strong></span> <span class='ocrx_word' id='word_1_861' title='bbox 3169 5283 3305 5321; x_wconf 89' lang='lat' dir='ltr'><strong>vero</strong></span> <span class='ocrx_word' id='word_1_862' title='bbox 3339 5281 3455 5320; x_wconf 92' lang='lat' dir='ltr'><strong>non</strong></span> <span class='ocrx_word' id='word_1_863' title='bbox 3483 5280 3572 5318; x_wconf 88' lang='lat' dir='ltr'><strong>so-</strong></span> 
     </span>
    </p>
   </div>
   <div class='ocr_carea' id='block_1_112' title="bbox 1944 5355 3570 5430">
    <p class='ocr_par' dir='ltr' id='par_1_112' title="bbox 1944 5355 3570 5430">
     <span class='ocr_line' id='line_1_112' title="bbox 1944 5355 3570 5430; baseline 0 -20"><span class='ocrx_word' id='word_1_864' title='bbox 1944 5357 2065 5411; x_wconf 91' lang='lat' dir='ltr'><strong>lum</strong></span> <span class='ocrx_word' id='word_1_865' title='bbox 2089 5355 2258 5412; x_wconf 87' lang='lat' dir='ltr'><strong>liberi</strong></span> <span class='ocrx_word' id='word_1_866' title='bbox 2287 5359 2422 5411; x_wconf 89' lang='lat' dir='ltr'><strong>sunt</strong></span> <span class='ocrx_word' id='word_1_867' title='bbox 2449 5371 2484 5410; x_wconf 92' lang='lat' dir='ltr'><strong>a</strong></span> <span class='ocrx_word' id='word_1_868' title='bbox 2507 5356 2862 5413; x_wconf 70' lang='lat' dir='ltr'><strong>daamonibus</strong></span> <span class='ocrx_word' id='word_1_869' title='bbox 2890 5363 2946 5414; x_wconf 93' lang='lat' dir='ltr'><strong>et</strong></span> <span class='ocrx_word' id='word_1_870' title='bbox 2965 5359 3345 5430; x_wconf 89' lang='lat' dir='ltr'><strong>passionibus,</strong></span> <span class='ocrx_word' id='word_1_871' title='bbox 3375 5372 3570 5410; x_wconf 86' lang='lat' dir='ltr'><strong>verum</strong></span> 
     </span>
    </p>
   </div>
   <div class='ocr_carea' id='block_1_113' title="bbox 1943 5449 3570 5523">
    <p class='ocr_par' dir='ltr' id='par_1_113' title="bbox 1943 5449 3570 5523">
     <span class='ocr_line' id='line_1_113' title="bbox 1943 5449 3570 5523; baseline 0 -19"><span class='ocrx_word' id='word_1_872' title='bbox 1943 5453 2002 5505; x_wconf 89' lang='lat' dir='ltr'><strong>et</strong></span> <span class='ocrx_word' id='word_1_873' title='bbox 2041 5450 2282 5504; x_wconf 87' lang='lat' dir='ltr'><strong>aliorum</strong></span> <span class='ocrx_word' id='word_1_874' title='bbox 2330 5449 2624 5504; x_wconf 79' lang='lat' dir='ltr'><strong>daemones</strong></span> <span class='ocrx_word' id='word_1_875' title='bbox 2653 5455 2710 5505; x_wconf 90' lang='lat' dir='ltr'><strong>et</strong></span> <span class='ocrx_word' id='word_1_876' title='bbox 2745 5451 3032 5523; x_wconf 91' lang='lat' dir='ltr'><strong>passiones</strong></span> <span class='ocrx_word' id='word_1_877' title='bbox 3075 5452 3275 5522; x_wconf 87' lang='lat' dir='ltr'><strong>fugare</strong></span> <span class='ocrx_word' id='word_1_878' title='bbox 3315 5453 3570 5520; x_wconf 89' lang='lat' dir='ltr'><strong>possunt.</strong></span> 
     </span>
    </p>
   </div>
   <div class='ocr_carea' id='block_1_114' title="bbox 1942 5541 3576 5616">
    <p class='ocr_par' dir='ltr' id='par_1_114' title="bbox 1942 5541 3576 5616">
     <span class='ocr_line' id='line_1_114' title="bbox 1942 5541 3576 5616; baseline -0.001 -19"><span class='ocrx_word' id='word_1_879' title='bbox 1942 5543 2020 5597; x_wconf 90' lang='lat' dir='ltr'><strong>Ex</strong></span> <span class='ocrx_word' id='word_1_880' title='bbox 2065 5543 2153 5597; x_wconf 91' lang='lat' dir='ltr'><strong>his</strong></span> <span class='ocrx_word' id='word_1_881' title='bbox 2196 5558 2335 5614; x_wconf 92' lang='lat' dir='ltr'><strong>ergo</strong></span> <span class='ocrx_word' id='word_1_882' title='bbox 2381 5542 2648 5599; x_wconf 84' lang='lat' dir='ltr'><strong>omnibus</strong></span> <span class='ocrx_word' id='word_1_883' title='bbox 2688 5545 2977 5616; x_wconf 90' lang='lat' dir='ltr'><strong>colligitur</strong></span> <span class='ocrx_word' id='word_1_884' title='bbox 3006 5543 3158 5614; x_wconf 89' lang='lat' dir='ltr'><strong>quod</strong></span> <span class='ocrx_word' id='word_1_885' title='bbox 3201 5541 3364 5611; x_wconf 91' lang='lat' dir='ltr'><strong>origo</strong></span> <span class='ocrx_word' id='word_1_886' title='bbox 3401 5541 3576 5596; x_wconf 89' lang='lat' dir='ltr'><strong>totius</strong></span> 
     </span>
    </p>
   </div>
   <div class='ocr_carea' id='block_1_115' title="bbox 1941 5634 3575 5707">
    <p class='ocr_par' dir='ltr' id='par_1_115' title="bbox 1941 5634 3575 5707">
     <span class='ocr_line' id='line_1_115' title="bbox 1941 5634 3575 5707; baseline 0.001 -17"><span class='ocrx_word' id='word_1_887' title='bbox 1941 5636 2080 5691; x_wconf 89' lang='lat' dir='ltr'><strong>mali</strong></span> <span class='ocrx_word' id='word_1_888' title='bbox 2120 5636 2190 5692; x_wconf 89' lang='lat' dir='ltr'><strong>ab</strong></span> <span class='ocrx_word' id='word_1_889' title='bbox 2224 5635 2555 5707; x_wconf 88' lang='lat' dir='ltr'><strong>ignorantia</strong></span> <span class='ocrx_word' id='word_1_890' title='bbox 2591 5636 2917 5704; x_wconf 87' lang='lat' dir='ltr'><strong>descendat,</strong></span> <span class='ocrx_word' id='word_1_891' title='bbox 2961 5641 3018 5690; x_wconf 92' lang='lat' dir='ltr'><strong>et</strong></span> <span class='ocrx_word' id='word_1_892' title='bbox 3049 5635 3170 5706; x_wconf 87' lang='lat' dir='ltr'><strong>ipsa</strong></span> <span class='ocrx_word' id='word_1_893' title='bbox 3209 5634 3283 5689; x_wconf 92' lang='lat' dir='ltr'><strong>sit</strong></span> <span class='ocrx_word' id='word_1_894' title='bbox 3315 5634 3575 5691; x_wconf 91' lang='lat' dir='ltr'><strong>omnium</strong></span> 
     </span>
    </p>
   </div>
   <div class='ocr_carea' id='block_1_116' title="bbox 1941 5727 3576 5802">
    <p class='ocr_par' dir='ltr' id='par_1_116' title="bbox 1941 5727 3576 5802">
     <span class='ocr_line' id='line_1_116' title="bbox 1941 5727 3576 5802; baseline 0.001 -18"><span class='ocrx_word' id='word_1_895' title='bbox 1941 5730 2220 5785; x_wconf 92' lang='lat' dir='ltr'><strong>malorum</strong></span> <span class='ocrx_word' id='word_1_896' title='bbox 2248 5733 2448 5800; x_wconf 89' lang='lat' dir='ltr'><strong>mater,</strong></span> <span class='ocrx_word' id='word_1_897' title='bbox 2475 5745 2604 5802; x_wconf 64' lang='lat' dir='ltr'><strong>quas</strong></span> <span class='ocrx_word' id='word_1_898' title='bbox 2629 5729 2846 5785; x_wconf 90' lang='lat' dir='ltr'><strong>incuria</strong></span> <span class='ocrx_word' id='word_1_899' title='bbox 2869 5727 3130 5800; x_wconf 58' lang='lat' dir='ltr'><strong>quaedam</strong></span> <span class='ocrx_word' id='word_1_900' title='bbox 3155 5729 3214 5782; x_wconf 90' lang='lat' dir='ltr'><strong>et</strong></span> <span class='ocrx_word' id='word_1_901' title='bbox 3239 5727 3468 5801; x_wconf 85' lang='lat' dir='ltr'><strong>ignavia</strong></span> <span class='ocrx_word' id='word_1_902' title='bbox 3494 5729 3576 5800; x_wconf 87' lang='lat' dir='ltr'><strong>gi-</strong></span> 
     </span>
    </p>
   </div>
  </div>
