4046 6188
476 237 541 298 47
1363 242 1642 296 ΑΡΡΕΝΙ).
1685 243 1769 296 ΑΙ)
1809 242 1967 295 ΒΑΞΩ.
2011 239 2094 293 1Χ.
2129 268 2196 278 —
2238 239 2478 293 lSlDORl
2519 238 2941 295 MERCATORIS
3763 240 3834 296 48

475 352 689 423 gnitur.
721 347 1078 422 Negligentia
1104 363 1239 403 vero
1278 347 1450 403 alitur
1476 351 1531 403 et
1570 352 1813 420 augetur
1844 351 2014 420 atque
2039 348 2097 402 in
2120 356 2180 428 Α
2200 351 2585 419 praeparatam
2615 348 2900 402 demirans
2928 363 3031 420 per
3057 347 3270 416 omnia,
3299 351 3356 404 et
3397 351 3632 421 stupens
3661 355 3833 406 caete-

476 446 733 500 sensibus
752 443 1052 499 hominum
1078 441 1388 510 radicatur,
1413 442 1550 496 dum
1571 447 1833 497 amatur:
1860 459 2034 514 quam
2056 442 2103 496 si

475 539 600 610 quis
629 538 775 592 forte
808 537 1010 590 doceat
1036 535 1424 605 etfugandam,
1457 537 1611 589 velut
1640 534 1887 606 antiquis
1916 538 1974 589 et
1993 536 2104 589 hae-

476 629 760 685 reditariis
799 628 1028 683 sedibus
1059 629 1297 683 moleste
1336 632 1392 682 et
1427 627 1793 698 indignanter
1823 628 2099 683 avellitur.

479 725 542 776 Et
589 723 714 777 ideo
759 722 1056 792 paululum
1120 722 1498 776 laborandum
1558 722 1717 775 nobis
1762 726 1863 787 est,
1908 726 1971 776 ut
2015 721 2099 774 in-

473 816 779 887 dignantes
823 806 1166 886 ignorantim
1211 815 1684 886 praesumptiones
1731 814 1981 869 scientias
2009 831 2100 869 ra-

474 909 632 964 tione
664 925 983 965 rcsecemus
1024 909 1080 962 in
1113 908 1200 961 his
1237 908 1519 978 praecipue
1572 909 1667 979 qui
1713 909 1771 961 in
1820 907 2102 978 aliquibus

473 1003 664 1058 minus
705 1003 875 1057 rectis
916 1001 1283 1073 opinionibus
1331 1000 1604 1072 praeventi
1652 1005 1802 1066 sunt,
1834 1018 1938 1072 per
1963 1016 2103 1072 quas

473 1096 636 1169 quasi
671 1097 774 1151 sub
806 1095 990 1167 specie
1022 1095 1258 1165 alicujus
1287 1094 1533 1149 scientia:
1573 1093 1895 1164 ignorantia
1926 1094 1983 1147 in
2014 1094 2102 1149 his

473 1190 873 1245 vehementius
923 1189 1178 1243 radicata
1214 1190 1318 1242 est.
1361 1187 1507 1241 Nihil
1546 1187 1699 1242 enim
1747 1192 1830 1242 est
1874 1187 2102 1257 gravius

475 1300 650 1355 quam
680 1283 725 1338 si
750 1283 804 1336 id
833 1283 985 1353 quod
1017 1281 1244 1352 ignorat
1270 1281 1416 1350 quis,
1449 1281 1589 1334 scire
1621 1297 1678 1335 se
1710 1281 1900 1336 credat.
1926 1284 1984 1334 et
2011 1281 2104 1334 de-

473 1377 671 1431 fendat
698 1392 893 1430 verum
938 1391 1058 1430 esse
1090 1374 1243 1446 quod
1272 1374 1476 1428 falsum
1515 1378 1617 1442 est,
1652 1374 1806 1445 quod
1847 1375 1959 1428 tale
1999 1377 2100 1437 est,

476 1471 640 1543 quale
666 1469 713 1523 si
745 1469 870 1540 quis
914 1467 1100 1522 ebrius
1145 1466 1395 1522 sobrium
1433 1483 1490 1522 se
1524 1470 1698 1538 putet,
1735 1472 1789 1522 et
1816 1471 1948 1538 agat
1971 1467 2099 1537 qui-

477 1564 612 1618 dam
641 1565 846 1618 cuncta
871 1566 933 1616 ut
953 1560 1161 1630 ebrius,
1186 1561 1441 1615 sobrium
1466 1575 1523 1614 se
1548 1564 1747 1615 tamen
1770 1564 1826 1614 et
1852 1559 1972 1631 ipse
1993 1576 2100 1630 pu-

472 1661 574 1724 tet,
603 1661 658 1712 et
685 1655 790 1711 dici
819 1673 852 1709 a
883 1654 1100 1710 caeteris
1126 1655 1258 1709 velit
1290 1671 1301 1708 :
1334 1655 1413 1708 ita
1440 1656 1573 1708 sunt
1598 1669 1734 1724 ergo
1768 1657 1824 1708 et
1851 1653 1908 1707 hi
1937 1653 2102 1725 igno-

472 1755 667 1806 rantes
717 1749 869 1821 quod
920 1765 1120 1804 verum
1171 1752 1274 1814 est,
1319 1746 1565 1818 speciem
1615 1749 1810 1800 tamen
1863 1719 2178 1817 alicujusB

473 1843 718 1899 scientia:
763 1846 960 1897 tenent
1006 1845 1060 1896 et
1103 1842 1252 1895 mala
1297 1839 1454 1910 quasi
1493 1840 1643 1894 bona
1685 1843 1893 1910 gerunt
1933 1844 2101 1911 atque

470 1937 539 1991 ad
583 1935 897 2008 perniciem
941 1935 1099 2006 quasi
1148 1935 1219 1988 ad
1261 1933 1504 1987 salutem
1551 1933 1838 1998 festinant,
1868 1938 2103 2004 propter

471 2030 625 2100 quod
655 2031 788 2084 ante
819 2027 1016 2082 omnia
1047 2025 1474 2098 properandum
1509 2029 1596 2080 est
1632 2025 1704 2079 ad
1745 2026 2102 2097 agnitionem

470 2123 741 2188 veritatis,
771 2126 834 2176 ut
859 2121 1144 2191 possimus
1185 2119 1345 2190 quasi
1374 2119 1590 2173 lumine
1633 2118 1795 2172 nobis
1841 2119 1972 2174 inde
2008 2136 2099 2174 ac-

472 2232 640 2270 censo
665 2231 925 2269 errorum
957 2212 1221 2267 tenebras
1247 2211 1547 2282 depellere.

543 2308 765 2364 Grande
793 2306 947 2362 enim
974 2305 1193 2359 malum
1221 2307 1326 2370 est,
1356 2307 1418 2357 ut
1453 2303 1725 2372 diximus,
1755 2303 2098 2375 ignorantia,

472 2403 570 2458 sed
596 2401 727 2473 quia
751 2397 1125 2454 substantiam
1148 2414 1262 2452 non
1283 2396 1452 2451 habet
1470 2397 1635 2452 facile
1663 2397 1733 2450 ab
1765 2396 1852 2451 his
1872 2397 1971 2468 qui
1993 2401 2103 2452 stu-

472 2495 615 2550 diosi
642 2498 774 2548 sunt
800 2492 1099 2564 effugatur.
1135 2491 1256 2544 Non
1287 2489 1441 2544 enim
1468 2489 1624 2544 aliud
1650 2493 1736 2543 est
1759 2489 2098 2559 ignorantia,

469 2589 579 2643 nisi
605 2605 723 2643 non
751 2585 1078 2658 cognovisse
1106 2584 1260 2655 quod
1289 2583 1534 2654 expedit,
1556 2582 1656 2637 ubi
1675 2586 1867 2637 autem
1898 2599 2103 2654 cogno-

469 2683 620 2738 veris
651 2681 798 2753 perit
822 2677 1168 2750 ignorantia,
1203 2676 1381 2748 quaeri
1430 2691 1568 2746 ergo
1613 2676 1671 2729 in
1715 2691 1900 2746 agone
1937 2675 2104 2730 debet

471 2775 719 2832 veritatis
765 2771 1004 2843 agnitio,
1036 2785 1208 2841 quam
1253 2784 1421 2823 nemo
1468 2767 1611 2822 alius
1661 2767 1950 2839 assignare
1995 2785 2098 2839 po-

470 2875 582 2923 test
623 2867 731 2922 nisi
776 2881 942 2920 verus
987 2863 1286 2932 PrOpheta.
1333 2862 1460 2915 Haec
1500 2861 1652 2916 enim
1679 2861 1768 2914 via
1808 2866 1892 2915 est
1930 2861 2101 2915 vitam

469 2959 790 3017 volentibus
806 2955 1052 3029 ingredi,
1067 2960 1123 3010 et
1135 2969 1424 3009 summum
1440 2954 1549 3009 iter
1565 2953 2102 3026 bonorumfoperum

470 3053 841 3127 pergentibus
867 3051 940 3104 ad
967 3049 1250 3104 civitatem
1295 3047 1509 3102 salutis.
1552 3047 1611 3101 Si
1654 3048 1782 3118 quis
1827 3063 1963 3103 sane
2000 3064 2098 3102 au-

471 3150 631 3204 diens
675 3160 1006 3201 sermonem
1048 3142 1167 3196 veri
1214 3141 1508 3212 Prophetae
1539 3140 1674 3194 velit
1709 3141 1959 3211 recipere
2005 3145 2105 3196 aut

472 3241 617 3298 nolit
644 3244 700 3294 et
729 3237 995 3308 amplecti
1015 3252 1158 3289 onus
1186 3234 1330 3304 ejus,
1353 3234 1410 3287 id
1439 3237 1523 3288 est
1548 3233 1820 3288 mandata
1849 3233 1978 3288 vita:
2005 3235 2103 3288 ha-

471 3336 570 3391 bet
598 3333 655 3388 in
682 3349 779 3386 sua
802 3332 1096 3403 potestate,
1119 3328 1281 3383 liberi
1312 3327 1466 3382 enim
1494 3343 1690 3380 sumus
1709 3327 1946 3381 arbitrii.
1963 3329 2101 3382 Nam

471 3429 518 3484 si
546 3429 653 3483 hoc
675 3429 818 3482 esset
835 3427 901 3478 ut
923 3422 1220 3477 audientes
1241 3437 1326 3486 ea,
1343 3421 1468 3490 jam
1492 3436 1609 3473 non
1630 3419 1907 3476 haberent
1924 3421 1985 3474 in
2005 3437 2104 3491 po-

472 3525 674 3576 testate
703 3519 856 3574 aliud
883 3518 1069 3571 facere
1098 3531 1271 3586 quam
1297 3513 1626 3580 audierant;
1660 3513 1740 3567 vis
1782 3518 1901 3567 erat
1942 3529 2100 3584 quae-

474 3615 607 3669 dam
634 3615 852 3667 naturae
892 3626 994 3681 per
1025 3624 1196 3679 quam
1242 3607 1487 3661 liberum
1524 3621 1640 3659 non
1685 3612 1770 3660 est
1808 3606 1881 3660 ad
1928 3608 2103 3661 aliam

474 3709 724 3778 migrare
771 3701 1132 3770 sententiam,
1169 3703 1268 3755 aut
1311 3699 1357 3754 si
1395 3716 1592 3754 rursus
1638 3716 1706 3755 ex
1745 3699 2106 3754 audientibus

474 3801 631 3856 nullo
679 3798 914 3852 omnino
961 3793 1256 3866 reciperet,
1306 3797 1364 3847 et
1405 3793 1514 3848 hoc
1562 3795 1781 3847 naturae
1830 3793 1910 3847 vis
1963 3798 2102 3861 erat,

469 3911 601 3967 quae
631 3891 841 3964 aliquid
865 3905 1047 3945 unum
1083 3872 1324 3958 cogeret
1364 3887 1507 3953 fieri,
1541 3889 1598 3941 et
1623 3885 1782 3940 alteri
1813 3886 1959 3956 parti
1991 3902 2106 3940 non

472 3989 634 4043 daret
657 3987 866 4049 locum,
898 3999 1052 4037 nunc
1081 3985 1272 4035 autem
1301 3979 1436 4048 quia
1466 3979 1708 4032 liberum
1736 3980 1822 4032 est
1840 3978 2028 4031 animo
2049 3978 2106 4032 in

475 4095 647 4150 quam
689 4077 825 4131 velit
869 4079 1092 4145 partem
1139 4071 1421 4125 declinare
1478 4069 1760 4139 judicium
1808 4085 1999 4133 suum,
2051 4075 2109 4124 et

475 4188 647 4243 quam
691 4166 1011 4239 probaverit
1072 4165 1286 4234 eligere
1333 4162 1504 4230 viam,
1550 4165 1774 4216 constat
1817 4162 2108 4217 evidenter

473 4265 655 4319 inesse
667 4259 993 4316 hominibus
1003 4256 1222 4312 arbitrii
1234 4255 1553 4310 libertatem
1565 4254 1760 4326 ,igitur
1769 4255 2107 4327 priusquam

474 4357 669 4412 audiat
687 4354 813 4426 quis
834 4352 990 4424 quod
1010 4351 1061 4406 ei
1088 4349 1331 4421 expedit,
1353 4352 1573 4403 certum
1600 4351 1684 4403 est
1703 4349 1833 4420 quia
1859 4349 2104 4420 ignoret,

2204 459 2400 498 rorum
2438 442 2737 496 hominum
2769 457 3008 510 errores,
3032 447 3087 496 et
3125 442 3277 513 quod
3322 446 3454 497 ante
3497 442 3691 497 oculos
3731 460 3833 514 po-

2203 536 2372 591 sitam
2388 535 2684 590 veritatem
2707 551 2878 590 nemo
2908 534 3152 589 videbat.
3183 537 3306 606 Ipse
3325 539 3548 590 tantum
3577 536 3838 607 gaudens

2203 646 2373 701 super
2398 629 2607 684 divitiis
2642 629 2931 699 sapientiae
2961 645 3100 700 quas
3139 628 3355 683 invenit
3384 629 3717 684 satiabiliter
3746 630 3838 684 his

2201 724 2548 795 perfruatur,
2568 726 2624 776 et
2645 722 2908 776 exercitio
2932 722 3208 776 bonorum
3231 738 3472 793 operum
3498 722 3835 788 delectetur,

2202 816 2474 872 festinans
2499 816 2571 869 ad
2598 816 2866 870 saeculum
2899 815 3154 870 futurum
3181 815 3396 869 mundo
3422 815 3588 869 corde
3612 818 3670 870 et
3688 831 3839 887 pura

2203 910 2546 965 conscientia
2569 908 2891 980 pervenire,
2920 914 2976 963 et
2996 909 3169 963 etiam
3189 908 3380 962 videre
3407 909 3584 962 Deum
3613 911 3835 979 Regem

2203 1004 2460 1058 omnium
2489 1003 2681 1074 possit.
2724 1002 2817 1056 His
2856 1006 3049 1056 autem
3094 1002 3359 1056 omnibus
3389 1017 3583 1056 carere
3621 1019 3752 1067 nos,
3782 1006 3840 1056 et

2202 1096 2456 1152 fraudari
2487 1097 2602 1150 sola
2632 1096 2763 1150 facit
2810 1095 3150 1166 ignorantia.
3184 1097 3330 1150 Dum
3377 1095 3529 1151 enim
3568 1096 3842 1166 ignorant

2201 1191 2466 1246 homines
2506 1192 2786 1261 quantum
2834 1189 2967 1243 boni
3014 1189 3219 1244 habeat
3262 1189 3518 1258 scientia,
3560 1190 3838 1260 ignoran-

2203 1285 2296 1338 tiae
2321 1284 2534 1338 malum
2582 1284 2650 1338 de
2696 1300 2755 1338 se
2795 1298 2909 1337 non
2958 1282 3254 1354 patiuntur
3297 1281 3538 1337 excludi.
3568 1282 3845 1337 Nesciunt

2204 1378 2357 1432 enim
2390 1381 2601 1449 quanta
2629 1377 2701 1430 sit
2729 1375 2788 1430 in
2830 1377 3036 1430 horum
3070 1375 3489 1448 permutatione
3519 1375 3839 1441 diversitas,

2201 1472 2415 1544 pariter
2443 1471 2595 1542 quod
2622 1469 2922 1525 consilium
2948 1470 3021 1524 do
3051 1469 3360 1540 unicuique
3384 1469 3639 1538 discenti,
3662 1468 3843 1523 liben-

2201 1568 2287 1619 ter
2311 1565 2567 1636 prtebere
2598 1579 2796 1617 aurem
2829 1563 2998 1617 verbo
3032 1562 3147 1631 Dei,
3186 1567 3242 1616 et
3285 1579 3414 1616 cum
3461 1578 3652 1616 amore
3689 1561 3838 1616 veri-

2202 1658 2330 1712 tatis
2360 1657 2580 1711 Domini
2619 1657 2818 1712 audire
2850 1673 2977 1727 qua:
3026 1656 3289 1725 dicimus,
3316 1659 3381 1709 ut
3409 1672 3590 1726 mens,
3619 1655 3840 1726 optimo

2203 1750 2418 1806 semine
2449 1754 2725 1820 suscepto,
2756 1766 2858 1820 per
2887 1749 3062 1803 bonos
3087 1752 3244 1803 actus
3272 1749 3432 1804 lentos
3469 1749 3672 1803 atterat
3714 1749 3839 1803 fru-

2202 1846 2344 1898 ctus.
2375 1843 2513 1897 Nam
2541 1844 2586 1896 si
2618 1859 2710 1897 me
2740 1843 2983 1897 docente
3013 1859 3079 1897 ea
3106 1859 3233 1913 qua:
3271 1842 3344 1896 ad
3376 1843 3616 1896 salutem
3659 1843 3839 1913 perti-

2203 1939 2359 2002 nent,
2405 1936 2660 2006 recipere
2706 1936 2833 2006 quis
2880 1935 3098 2002 abnuit,
3147 1939 3204 1989 et
3247 1935 3439 1989 animo
3478 1935 3666 2006 pravis
3709 1936 3840 2006 opi-

2202 2029 2466 2084 nionibus
2513 2032 2789 2099 occupato
2832 2028 3105 2082 obsistere
3135 2028 3358 2094 nititur,
3393 2044 3507 2082 non
3555 2045 3626 2082 ex
3654 2029 3838 2096 vobis,

2201 2122 2298 2178 sed
2329 2138 2393 2176 ex
2434 2121 2737 2192 semetipso
2785 2121 3013 2176 habebit
3056 2121 3328 2192 pereundi
3378 2137 3625 2175 causam.
3662 2121 3846 2176 Debet

2202 2215 2357 2269 enim
2389 2214 2544 2284 justo
2585 2214 2802 2284 judicio
2834 2214 3159 2269 examinare
3201 2230 3329 2285 quas
3374 2214 3636 2282 dicimus,
3668 2218 3725 2268 et
3753 2214 3841 2268 in-

2199 2306 2460 2377 telligere
2491 2305 2626 2377 quia
2654 2307 2823 2361 verba
2869 2306 3157 2377 loquimur
3199 2306 3473 2374 veritatis,
3505 2310 3570 2360 ut
3597 2306 3843 2376 cognitis

2201 2399 2289 2454 his
2334 2415 2462 2471 quae
2502 2403 2632 2453 sunt
2667 2402 2734 2453 ut
2795 2402 2947 2465 sunt,
2991 2400 3048 2452 in
3090 2399 3253 2454 bonis
3307 2399 3526 2454 actibus
3580 2399 3842 2470 dirigens

2201 2493 2347 2546 viam
2369 2509 2526 2547 suam
2549 2492 2714 2564 regni
2741 2493 3014 2547 caelorum
3040 2492 3218 2564 possit
3251 2493 3534 2564 particeps
3574 2493 3839 2560 inveniri,

2201 2585 2504 2656 subjiciens
2535 2585 2640 2639 sibi
2676 2585 2866 2640 carnis
2895 2585 3198 2655 desideria,
3238 2591 3296 2640 et
3335 2586 3598 2640 dominus
3635 2602 3841 2640 eorum

2203 2679 2404 2748 factus,
2434 2683 2495 2732 ut
2534 2679 2614 2732 ita
2665 2678 2902 2733 demum
2948 2679 3118 2733 etiam
3167 2679 3286 2749 ipse
3328 2679 3425 2732 ﬁat
3465 2679 3845 2734 dominatoris

2203 2771 2465 2826 omnium
2499 2771 2758 2842 jucunda
2783 2773 3083 2843 possessio.
3111 2773 3255 2826 Nam
3297 2774 3396 2843 qui
3438 2778 3738 2844 permanet
3781 2774 3846 2828 in

2202 2865 2350 2918 malo
2399 2869 2457 2918 et
2503 2880 2696 2918 servus
2739 2867 2822 2918 est
2865 2864 3020 2933 mali,
3064 2881 3178 2919 non
3221 2868 3410 2936 potest
3455 2866 3603 2920 efﬁci
3651 2866 3846 2936 portio

2202 2958 2354 3026 boni,
2401 2957 2578 3012 donec
2618 2963 2918 3028 permanet
2964 2958 3022 3011 in
3073 2959 3250 3024 malo,
3282 2957 3419 3030 quia
3463 2959 3533 3012 ab
3579 2959 3740 3029 intio,
3783 2964 3850 3014 ut

2204 3053 2335 3104 ante
2375 3051 2500 3120 jam
2549 3049 2818 3118 diximus,
2847 3050 2962 3105 duo
3005 3066 3184 3121 regna
3224 3051 3431 3106 statuit
3456 3053 3620 3120 Deus,
3649 3057 3706 3107 et
3737 3069 3845 3123 po-

2205 3146 2465 3199 testatcm
2507 3143 2666 3198 dedit
2701 3143 3010 3214 unicuique
3042 3142 3364 3213 hominum,
3399 3149 3463 3198 ut
3490 3145 3639 3200 illius
3675 3148 3848 3217 regni

2202 3237 2300 3291 fiat
2325 3235 2514 3307 portio
2546 3235 2636 3289 cui
2673 3251 2732 3289 se
2761 3236 2835 3290 ad
2864 3235 3245 3291 obediendum
3273 3237 3393 3304 ipse
3422 3238 3744 3308 subjecerit.
3777 3242 3849 3295 Et

2203 3329 2338 3400 quia
2357 3328 2657 3383 deﬁnitum
2682 3333 2767 3384 est
2793 3329 2947 3400 apud
2976 3329 3282 3383 Dominum
3320 3346 3432 3384 non
3458 3347 3618 3401 posse
3656 3347 3848 3386 unum

2201 3422 2497 3477 hominem
2523 3422 2821 3494 utriusque
2848 3422 3011 3493 regni
3039 3439 3158 3476 esse
3189 3439 3438 3492 servum,
3467 3424 3623 3478 omni
3652 3424 3846 3479 studio

2202 3515 2329 3570 date
2373 3531 2603 3585 operam
2647 3514 2706 3568 in
2750 3515 2884 3569 boni
2929 3515 3079 3586 regis
3128 3516 3319 3569 aulam
3347 3533 3411 3570 ac
3436 3516 3569 3586 jura
3598 3533 3845 3571 concur-

2202 3624 2350 3663 rere.
2395 3611 2629 3679 Propter
2681 3608 2787 3662 hoc
2840 3607 3088 3678 denique
3139 3624 3304 3662 verus
3362 3610 3660 3679 propheta,
3705 3626 3844 3664 cum

2204 3705 2350 3756 esset
2396 3717 2650 3772 praesens
2688 3701 2984 3755 nobiscum
3029 3704 3087 3754 et
3131 3701 3410 3772 quosdam
3459 3718 3525 3757 ex
3574 3702 3849 3756 divitibus

2202 3788 2576 3865 negligentes
2603 3809 2739 3863 erga
2784 3793 3012 3847 Domini
3040 3793 3257 3848 cultum
3283 3795 3525 3862 videret,
3558 3796 3728 3866 hujus
3759 3797 3848 3850 rei

2205 3887 2285 3940 ita
2331 3885 2554 3956 aperuit
2595 3885 2918 3940 veritatem.
2954 3908 2980 3934 «
3008 3887 3184 3941 Nemo
3229 3891 3429 3958 potest,
3465 3887 3666 3959 inquit,
3698 3889 3846 3942 duo-

2203 3978 2308 4032 bus
2337 3977 2584 4032 dominis
2608 3977 2839 4045 servire,
2871 3982 2928 4032 et
2954 3995 3067 4033 non
3094 3980 3330 4051 potestis
3356 3981 3601 4034 Domino
3633 3982 3846 4036 servire

2205 4073 2263 4126 et
2303 4086 2647 4125 mammonaa
2693 4073 2838 4138 (Luc.
2889 4087 3002 4141 va,
3047 4074 3151 4142 l3),
3190 4095 3218 4122 »
3266 4089 3616 4142 mammona,
3657 4075 3847 4145 patria

2204 4179 2404 4218 eorum
2427 4180 2584 4230 voce,
2616 4163 2835 4219 divitias
2867 4181 3086 4219 vocans.

2277 4257 2373 4312 Hic
2400 4273 2538 4329 ergo
2568 4274 2734 4312 verus
2762 4258 3049 4330 Propheta
3079 4261 3166 4312 est
3194 4259 3331 4330 quia
3356 4259 3414 4313 in
3443 4260 3640 4314 Judaaa
3671 4259 3846 4314 nobis

2207 4350 2492 4420 apparuit,
2531 4354 2598 4406 ut
2640 4350 2894 4418 audistis,
2934 4351 3031 4422 qui
3074 4356 3229 4406 stans
3270 4352 3496 4423 publice
3543 4354 3661 4406 sola
3711 4353 3845 4423 jus-

477 4450 818 4522 etignorans
832 4447 971 4515 vult,
987 4451 1044 4499 et
1066 4443 1348 4498 desiderat
1367 4442 1518 4513 quod
1539 4459 1654 4496 non
1671 4441 1897 4512 expedit
1917 4459 2106 4513 agere,
2129 4444 2188 4517 D
2211 4441 2370 4497 sione
2396 4443 2639 4498 faciebat
2680 4460 2854 4498 caecos
2881 4443 3094 4510 videre,
3125 4444 3328 4498 surdos
3357 4445 3578 4511 audire,
3606 4445 3850 4515 fugabat

476 4547 710 4616 propter
725 4540 877 4614 quod
899 4556 1000 4611 pro
1022 4538 1130 4592 hoc
1150 4553 1263 4591 non
1277 4536 1582 4608 judicatur.
1605 4536 1745 4590 Cum
1763 4551 1898 4590 vero
1919 4536 2112 4590 audie-

476 4638 552 4692 rit
585 4653 780 4691 causas
801 4632 1010 4688 erroris
1038 4631 1123 4686 sui
1153 4635 1207 4686 et
1234 4629 1511 4684 rationem
1534 4628 1781 4683 veritatis
1809 4629 2107 4699 acceperit,

476 4728 668 4801 tunci
686 4727 745 4800 ο
760 4727 804 4781 si
817 4743 1052 4798 perman
1062 4723 1262 4779 seritin
1276 4723 1362 4778 his
1374 4721 1659 4777 erroribus
1672 4721 1876 4792 quibus
1895 4721 2109 4776 dudum

477 4824 661 4878 fuerat
689 4823 1033 4892 praeventus,
1064 4823 1212 4873 recte
1245 4817 1366 4887 jam
1396 4815 1686 4869 vocabitur
1720 4814 1791 4867 ad
1828 4814 2108 4884 judicium

477 4916 712 4971 daturus
761 4931 975 4986 poenas,
1009 4912 1146 4984 quia
1174 4910 1301 4966 vitm
1346 4909 1515 4978 hujus
1553 4907 1800 4978 spatium
1848 4907 1998 4978 quod
2041 4908 2110 4962 ad

476 5009 620 5064 bene
666 5008 966 5063 vivendum
1020 5004 1242 5076 accipit,
1288 5003 1348 5057 in
1398 5001 1655 5056 ludibriis
1702 5000 2113 5070 consumpserit

477 5118 759 5157 errorum.
795 5100 900 5164 Qui
929 5115 1064 5154 vero
1097 5097 1334 5152 audiens
1371 5096 1493 5150 haec
1520 5094 1764 5149 libenter
1789 5093 2023 5164 accepit,
2055 5098 2113 5148 et

478 5194 830 5267 gratulanter
855 5192 1136 5247 bonorum
1166 5189 1269 5244 sibi
1306 5187 1621 5243 doctrinam
1665 5186 1834 5240 fuisse
1863 5184 2109 5245 delatam

477 5287 727 5360 requirat
764 5285 1036 5340 intentius
1067 5289 1124 5339 et
1154 5283 1366 5339 discere
1407 5297 1520 5336 non
1559 5279 1777 5334 desinat
1817 5293 2111 5350 usquequo

476 5384 796 5453 cognoscat,
828 5378 871 5432 si
906 5381 991 5432 est
1021 5393 1149 5432 vere
1179 5376 1332 5430 aliud
1363 5374 1634 5429 saeculum
1687 5371 1746 5426 in
1791 5387 1904 5442 quo
1945 5370 2111 5425 bonis

476 5473 714 5546 praemia
739 5475 1062 5545 praeparata
1091 5471 1223 5536 sint,
1253 5473 1456 5524 etcum
1479 5470 1664 5522 certus
1693 5465 1762 5520 de
1787 5464 1894 5518 hoc
1918 5463 2108 5529 fuerit,

475 5568 690 5637 gratias
718 5569 852 5639 agat
875 5567 1008 5620 Deo.
1034 5563 1196 5629 Quod
1226 5563 1270 5617 si
1300 5559 1550 5616 veritatis
1578 5560 1772 5612 lumen
1801 5556 2112 5612 ostenderit

475 5658 544 5713 de
573 5665 776 5715 cratere
805 5659 1015 5731 dirigat
1059 5661 1216 5712 actus
1255 5672 1383 5710 suos
1429 5654 1484 5708 in
1534 5651 1798 5707 omnibus
1844 5648 2110 5722 operibus

471 5749 654 5818 bonis,
689 5769 935 5823 quorum
963 5751 1064 5806 sibi
1107 5751 1162 5806 in
1211 5752 1400 5805 futuro
1443 5746 1761 5802 mercedem
1806 5748 1990 5799 certus
2027 5746 2104 5796 est

2212 4534 2520 4602 daemones,
2572 4535 2739 4606 azgris
2801 4535 3104 4590 sanitatem
3152 4536 3452 4606 reddebat,
3498 4541 3557 4591 et
3599 4538 3849 4591 mortuis

2210 4628 2403 4696 vitam,
2433 4643 2676 4697 cumque
2713 4627 2856 4682 nihil
2897 4634 3043 4683 esset
3084 4629 3132 4683 ei
3174 4628 3518 4700 impossibile
3547 4630 3717 4683 etiam
3746 4647 3845 4684 co-

2211 4720 2512 4792 gitationes
2538 4720 2840 4774 hominum
2869 4721 3238 4791 praevidebat,
3267 4723 3418 4794 quod
3441 4722 3578 4776 nulli
3608 4725 3695 4775 est
3720 4739 3850 4793 pos-

2211 4813 2372 4868 sibile
2408 4812 2515 4867 nisi
2544 4813 2643 4866 soli
2675 4815 2820 4879 Deo;
2872 4813 2962 4867 hic
3011 4815 3390 4870 annuntiabat
3430 4831 3676 4887 regnum
3718 4815 3845 4878 Dei,

2209 4906 2299 4960 cui
2338 4921 2440 4960 nos
2486 4906 2555 4960 de
2598 4906 2860 4960 omnibus
2915 4922 3044 4976 quae
3104 4907 3331 4962 dicebat
3374 4913 3651 4978 tanquam
3702 4924 3847 4963 vero

2209 4999 2506 5070 Propheta:
2569 4999 2872 5065 credimus,
2924 4998 3250 5054 ﬁrmitatem
3292 5000 3425 5055 ﬁdei
3473 5005 3682 5055 nostra:
3723 5017 3847 5055 non

2210 5093 2392 5146 solum
2425 5108 2495 5146 ex
2524 5092 2710 5146 verbis
2746 5093 2886 5162 ejus,
2916 5091 3012 5146 sed
3055 5108 3119 5146 ex
3157 5093 3424 5164 operibus
3466 5097 3843 5159 assumentes,

2210 5184 2308 5256 qui
2335 5184 2485 5239 dicta
2523 5184 2663 5256 legis
2694 5201 2866 5256 quam
2907 5191 3036 5241 ante
3081 5187 3291 5241 multas
3332 5186 3727 5257 generationes
3773 5187 3848 5241 de

2209 5277 2541 5349 poenitentia
2571 5277 2694 5348 ejus
2725 5283 3106 5350 exposuerant
3131 5279 3189 5333 in
3217 5279 3339 5351 ipso
3365 5279 3758 5349 designantur,
3787 5283 3848 5334 et

2208 5370 2519 5441 imaginem
2554 5374 2843 5441 gestorum
2883 5373 3073 5444 Moysi,
3110 5377 3165 5427 et
3201 5377 3334 5426 ante
3375 5371 3562 5443 ipsum
3596 5371 3840 5441 patriar-

2210 5463 2332 5518 chee
2351 5463 2518 5519 Jacob
2538 5463 2714 5534 ipsius
2733 5481 2838 5537 per
2858 5465 3050 5520 omnia
3075 5469 3274 5536 typum
3296 5465 3570 5521 ferebant.
3593 5465 3845 5536 Tempus

2207 5571 2433 5628 quoque
2460 5557 2735 5613 adventus
2761 5559 2902 5629 ejus,
2930 5559 3036 5613 hoc
3062 5562 3148 5612 est
3174 5557 3360 5630 ipsum
3387 5557 3447 5612 in
3473 5574 3586 5629 quo
3609 5563 3848 5613 venerat

2207 5650 2541 5721 praedictum
2595 5651 2665 5705 ab
2712 5651 2800 5706 his
2841 5655 3076 5719 constat,
3125 5657 3182 5707 et
3232 5667 3404 5723 super
3453 5651 3643 5706 omnia
3684 5650 3842 5723 quod

2209 5747 2351 5798 esset
2394 5760 2426 5796 a
2468 5743 2729 5814 gentibus
2774 5745 3177 5816 exspectandus
3219 5743 3392 5799 sacris
3431 5743 3634 5798 litteris
3677 5759 3836 5797 com-
