4046 6188
251 193 319 248 is
1481 193 1952 250 DECRETALIUM
1991 195 2372 252 consono.
3539 151 3607 251 5'0

249 300 596 374 prehensum
622 303 724 354 est.
743 297 880 364 Quae
900 298 962 354 in
985 313 1053 354 eo
1081 299 1295 370 pariter
1314 300 1572 386 universa
1597 302 1877 373 completa
1896 302 2198 386 Alicentia
2237 307 2430 374 agant.
2468 304 2590 359 Non
2631 305 2826 377 utique
2869 304 3070 360 missas
3114 303 3234 362 sine
3281 303 3402 378 ejus
3440 301 3604 378 jussu

248 397 400 448 sunt.
417 393 574 458 Quod
597 398 790 448 autem
805 392 1134 448 Iudaeorum
1154 381 1436 464 propheta
1461 395 1728 464 praedixit
1745 412 1877 450 eum

246 506 275 542 a
306 486 571 558 gentibus
591 486 1058 557 exspectandum,
1080 501 1252 556 supra
1272 487 1505 542 modum
1529 487 1589 542 in
1617 505 1683 543 eo
1708 488 1878 543 ﬁdem

244 597 436 636 veram
473 580 681 635 ﬁrmat.
713 580 772 634 Si
803 579 954 634 enim
981 579 1212 634 dixisset
1240 596 1274 633 a
1305 580 1510 635 Iudaeis
1543 585 1874 652 exspectan-

245 674 404 741 dum,
445 690 559 728 non
596 672 814 743 aliquid
852 671 1125 726 eximium
1163 673 1530 744 prophetasse
1569 674 1874 745 videretur,

245 767 401 838 quod
433 784 467 820 ει
496 766 802 821 contribuli
836 765 1044 836 populo
1076 768 1133 820 et
1155 781 1188 819 a
1226 767 1453 837 propria
1483 771 1650 837 gente
1685 784 1875 839 spera-

244 865 402 915 retur
429 859 478 913 is
504 860 666 930 cujus
690 859 963 914 adventus
989 858 1061 912 ad
1086 858 1330 913 salutem
1356 860 1560 914 mundi
1585 861 1770 915 fuerat
1792 877 1878 917 re-

241 953 563 1025 promissus
583 995 597 1020 ,
641 953 862 1006 videtur
910 953 1064 1007 enim
1115 953 1297 1024 magis
1343 969 1691 1024 consequens
1735 953 1876 1009 ratio

241 1063 357 1102 esse
392 1051 461 1100 ut
502 1046 608 1100 hoc
643 1046 806 1100 ﬁeret
838 1061 1012 1116 quam
1047 1046 1469 1117 magniﬁcentia
1508 1047 1872 1118 prophetalis.

239 1141 396 1194 Nunc
448 1142 644 1194 autem
690 1154 820 1192 cum
864 1139 1159 1210 prophetae
1211 1139 1399 1194 dicant
1443 1155 1672 1194 omnem
1718 1139 1876 1194 illam

239 1249 395 1304 spem
446 1249 582 1304 quas
626 1232 695 1286 de
733 1233 913 1287 salute
953 1231 1153 1286 mundi
1198 1232 1631 1304 repromittitur,
1677 1238 1734 1286 et
1774 1249 1875 1287 no-

237 1327 471 1380 vitatem
516 1325 682 1396 regni
729 1341 856 1396 quae
900 1325 1235 1380 instruenda
1279 1341 1382 1397 per
1424 1325 1707 1380 Christum
1753 1330 1869 1394 est,

239 1424 410 1489 atque
456 1418 652 1472 omnia
682 1434 812 1489 quae
847 1419 919 1472 de
955 1434 1021 1472 eo
1051 1418 1382 1489 judicantur
1409 1419 1480 1472 ad
1519 1423 1715 1488 gentes
1755 1435 1870 1473 esse

238 1511 651 1578 transferenda,
667 1512 787 1581 jam
814 1527 929 1566 non
957 1512 1269 1566 secundum
1297 1511 1768 1582 consequentiam
1788 1528 1872 1565 re~

235 1621 380 1671 rum,
413 1604 522 1658 sed
559 1604 876 1658 incredibili
910 1604 1155 1676 quodam
1191 1603 1603 1658 vaticinationis
1639 1608 1866 1670 eventu,

1976 396 2216 467 quisque
2255 397 2713 468 presbyterorum
2757 398 2815 453 in
2856 415 2957 453 sua
2995 399 3262 470 parochia
3301 403 3453 470 agat,
3487 415 3606 455 non

1975 487 2254 559 baptizet,
2294 505 2400 543 nec
2444 490 2754 562 quidquam
2798 492 3008 563 absque
3047 493 3170 562 ejus
3211 492 3491 562 permissu
3529 493 3611 546 fa-

1976 581 2108 636 ciat.
2141 581 2414 637 Similiter
2442 586 2498 637 et
2526 583 2729 654 reliqui
2765 585 2987 654 populi,
3020 585 3268 655 majores
3299 585 3511 639 scilicet
3540 601 3607 640 ac

1977 674 2248 741 minores,
2276 691 2382 746 per
2411 676 2532 746 ejus
2559 675 2850 730 licentiam
2879 673 3155 747 quidquid
3180 677 3466 748 agendum
3495 680 3601 745 est,

1975 773 2168 838 agant,
2190 784 2296 822 nec
2329 769 2451 822 sine
2482 770 2600 840 ejus
2626 769 2907 839 permissu
2936 786 2968 823 a
2994 786 3093 824 sua
3116 771 3387 841 parochia
3413 770 3607 825 absce-

1977 860 2135 928 dant,
2158 861 2245 915 vel
2269 861 2329 916 in
2350 877 2417 916 ea
2444 862 2814 917 adventantes
2840 863 3053 916 morari
3079 868 3450 934 praesumant.
3477 863 3607 918 Ani-

1975 969 2084 1008 mas
2128 971 2260 1009 vero
2294 971 2495 1010 eorum
2535 955 2589 1008 ei
2628 955 2854 1010 creditae
2893 960 3042 1010 sunt.
3083 955 3210 1010 Ideo
3253 955 3446 1010 omnia
3482 956 3606 1026 ejus

1973 1047 2203 1101 consilio
2220 1063 2394 1118 agere
2415 1047 2645 1116 debent,
2667 1051 2725 1102 et
2743 1064 2811 1101 eo
2838 1047 3157 1104 inconsulto
3179 1047 3341 1102 nihil.
3364 1047 3608 1111 Quicun-

1974 1155 2084 1211 que
2115 1139 2269 1194 enim
2296 1139 2567 1194 obediunt
2603 1139 2880 1212 episcopis
2916 1140 3052 1206 suis,
3084 1141 3353 1194 videntur
3377 1139 3606 1210 quidem

1975 1231 2190 1302 aliquid
2239 1232 2435 1303 gratiae
2490 1232 2745 1287 conferre
2791 1233 2923 1288 Deo.
2980 1232 3086 1296 Qui
3129 1235 3320 1287 autem
3365 1231 3445 1286 eis
3488 1248 3606 1287 non

1975 1323 2271 1390 obediunt,
2294 1323 2686 1379 indubitanter
2702 1324 2787 1378 rei
2807 1329 2862 1378 et
2887 1324 3114 1395 reprobi
3141 1325 3410 1379 existunt.
3433 1325 3604 1379 Porro

1971 1416 2080 1488 ipsi
2124 1433 2158 1471 a
2199 1418 2315 1471 Deo
2353 1417 2569 1472 donum
2606 1417 2818 1472 summi
2859 1417 3114 1473 muneris
3151 1421 3601 1488 consequuntur,

1973 1510 2072 1580 qui
2111 1509 2344 1579 justitiaa
2389 1514 2449 1564 et
2489 1510 2760 1581 praecepti
2806 1511 2926 1581 ejus
2975 1511 3208 1566 semitas
3252 1510 3600 1575 incedentes,

1973 1602 2301 1658 doctoribus
2353 1603 2468 1657 suis
2519 1604 2636 1674 (qui
2683 1608 2833 1658 recte
2886 1603 3132 1674 episcopi
3184 1603 3601 1674 intelliguntur)

235 1697 664 1768 magniﬁcentia
700 1673 1032 1769 prophetica
1062 1698 1453 1752 conﬁrmatur.
1484 1697 1664 1752 Judaei
1702 1714 1864 1752 nam-
1890 1673 1946 1745 B
1968 1695 2214 1750 libenter
2250 1695 2539 1750 obediunt.
2562 1673 2662 1749 iDe
2705 1673 3006 1768 quibusiet
3045 1673 3246 1752 beatus
3286 1673 3484 1751 Petrus
3523 1695 3604 1750 in-

233 1803 338 1858 que
386 1803 460 1840 ex
511 1785 675 1840 initio
729 1785 902 1840 affore
948 1785 1251 1856 aliquando
1301 1786 1453 1839 hunc
1504 1785 1718 1852 virum,
1765 1803 1868 1857 per

234 1896 404 1951 quem
445 1883 654 1933 cuncta
691 1883 1036 1950 reparantur
1073 1878 1372 1947 verissima:
1398 1878 1708 1933 traditione
1752 1893 1869 1933 sus-

234 1977 542 2045 ceperunt,
580 1975 637 2026 et
671 1971 923 2042 quotidie
960 1971 1332 2039 meditantes,
1365 1988 1430 2025 ac
1467 1971 1866 2042 perspicientes

233 2066 465 2137 quando
496 2066 619 2136 ejus
651 2065 812 2120 ﬁeret
839 2065 1139 2130 adventus,
1181 2064 1275 2118 ubi
1317 2065 1510 2118 adesse
1543 2081 1676 2118 eum
1707 2064 1864 2121 vide-

231 2165 381 2226 runt,
431 2164 493 2213 et
536 2158 703 2229 signa
743 2174 807 2212 ac
846 2157 1110 2228 prodigia
1151 2157 1297 2211 sicut
1343 2157 1412 2211 de
1452 2173 1518 2212 eo
1558 2157 1867 2230 ascriptum

230 2253 410 2306 fuerat
473 2251 912 2322 adimplentem,
975 2249 1190 2304 invidia
1242 2250 1504 2305 excaecati
1559 2266 1867 2322 agnoscere

231 2346 619 2417 nequiverunt
665 2346 1036 2415 praesentem,
1083 2342 1140 2396 in
1189 2344 1347 2414 cujus
1389 2360 1487 2414 spe
1529 2344 1868 2399 lmtabantur

227 2440 514 2493 absentes.
543 2438 950 2492 Intellexerunt
975 2440 1198 2491 tantum
1230 2437 1410 2491 sancti
1443 2437 1678 2508 apostoli
1709 2437 1805 2508 qui
1835 2453 1867 2491 a

230 2533 338 2588 Deo
366 2533 545 2587 electi
574 2535 724 2596 sunt,
759 2535 814 2585 et
849 2546 951 2584 nos
980 2530 1078 2600 qui
1107 2533 1233 2600 post
1257 2531 1327 2583 ab
1355 2529 1436 2584 eis
1463 2529 1624 2584 electi
1649 2546 1864 2585 sumus.

229 2628 335 2680 Hoc
366 2629 569 2680 autem
602 2623 956 2694 providentia
988 2622 1214 2678 Domini
1245 2622 1456 2678 factum
1483 2626 1586 2690 est,
1615 2625 1676 2676 ut
1702 2624 1864 2694 agni-

227 2720 302 2773 tio
330 2718 480 2773 boni
508 2717 678 2787 hujus
704 2716 874 2771 etiam
911 2715 1176 2786 gentibus
1211 2716 1549 2779 traderetur,
1580 2720 1636 2770 et
1661 2715 1741 2783 hi,
1769 2717 1867 2787 qui

226 2827 530 2883 nunquam
565 2810 633 2864 de
666 2826 731 2864 eo
770 2809 1087 2875 audierant,
1119 2825 1223 2864 nec
1261 2826 1294 2862 a
1319 2808 1622 2879 .prophetis
1655 2808 1864 2864 didice-

226 2911 378 2971 rant,
439 2908 813 2975 agnoscerent
856 2919 987 2957 eum
1035 2919 1048 2956 :
1093 2902 1172 2956 illi
1213 2918 1345 2957 vero
1383 2902 1480 2973 qui
1523 2901 1867 2972 quotidianis

227 2997 698 3053 meditationibus
739 2999 1082 3050 evanuerant
1127 2995 1478 3066 ignorarent.
1525 2998 1661 3050 Ecce
1709 2994 1863 3049 enim
1883 3031 1938 3106 Ο

226 3107 369 3146 nunc
421 3107 536 3161 per
581 3106 677 3143 vos
726 3089 824 3160 qui
870 3093 1178 3160 praesentes
1223 3089 1386 3157 estis,
1435 3095 1491 3143 et
1536 3088 1864 3143 desideratis

228 3185 421 3238 audire
465 3182 788 3238 doctrinam
833 3182 964 3236 ﬁdei
1006 3182 1144 3252 ejus,
1192 3185 1250 3235 et
1288 3197 1596 3252 agnoscere
1638 3181 1765 3252 quis
1809 3186 1865 3235 et

228 3277 538 3348 quomodo,
575 3279 633 3329 et
675 3275 860 3345 qualis
906 3275 979 3328 sit
1021 3275 1142 3346 ejus
1185 3275 1488 3343 adventus,
1533 3273 1863 3345 prophetica

229 3371 425 3423 veritas
459 3368 818 3439 adimpletur
844 3386 858 3422 :
892 3367 998 3422 hoc
1024 3367 1177 3422 enim
1205 3368 1354 3438 quod
1382 3368 1680 3439 prophetas
1709 3383 1859 3438 prae-

227 3461 485 3517 dixerant
525 3461 662 3532 quia
700 3478 734 3514 a
770 3460 929 3515 vobis
975 3461 1316 3531 quaerendus
1361 3465 1509 3515 esset
1544 3460 1640 3531 qui
1681 3460 1749 3515 de
1792 3476 1860 3514 eo

228 3569 524 3626 nunquam
570 3552 825 3607 audistis.
865 3554 931 3607 Et
972 3552 1102 3608 ideo
1142 3553 1396 3607 videntes
1433 3553 1492 3606 in
1528 3552 1688 3607 vobis
1725 3553 1863 3623 ipsis

228 3648 560 3718 prophetica
589 3645 737 3700 dicta
775 3645 1078 3717 compleri,
1121 3646 1251 3700 huic
1287 3645 1383 3699 uni
1414 3649 1566 3699 recte
1605 3645 1859 3711 creditis,

230 3739 368 3794 hunc
407 3743 570 3794 recte
609 3739 966 3809 exspectatis,
1007 3738 1076 3792 de
1115 3738 1225 3793 hoc
1266 3740 1419 3792 recte
1456 3738 1760 3808 inquiritis,
1802 3742 1864 3792 ut

232 3848 337 3887 non
363 3833 556 3887 solum
589 3830 924 3902 exspectetis
950 3847 1102 3899 eum,
1131 3831 1229 3885 sed
1264 3835 1321 3885 et
1349 3831 1740 3885 hazreditatem
1773 3847 1857 3886 re-

231 3926 320 3995 gni
356 3927 488 3996 ejus
534 3925 828 3980 credentes
868 3923 1314 3995 consequamini,
1359 3923 1670 3979 secundum
1709 3924 1863 3995 quod

229 4019 338 4088 ipse
367 4018 540 4085 dixit,
582 4016 718 4087 quia
744 4017 1137 4087 unusquisque
1168 4016 1317 4071 illius
1354 4015 1426 4070 sit
1465 4031 1655 4070 servus
1684 4015 1772 4070 cui
1802 4033 1862 4070 se

229 4111 340 4180 ipse
389 4110 720 4180 subjecerit.
767 4111 1073 4179 Propterea
1119 4125 1258 4180 ergo
1301 4109 1530 4180 vigilate
1578 4112 1636 4162 et
1679 4109 1865 4163 Domi-

231 4219 360 4258 num
382 4205 687 4273 Deumque
715 4206 979 4266 nostrum
1003 4202 1158 4257 vobis
1177 4202 1514 4258 conscribite
1538 4201 1860 4269 Dominum,

235 4296 322 4365 qui
357 4301 417 4350 et
451 4295 581 4349 coeli
611 4311 673 4349 ac
707 4299 878 4349 terra}
915 4295 1186 4350 Dominus
1217 4300 1318 4350 est.
1359 4297 1425 4350 Et
1452 4294 1524 4348 ad
1567 4294 1740 4366 ipsius
1768 4311 1864 4348 vos

1969 1791 2234 1854 structor,
2267 1792 2324 1842 et
2353 1789 2644 1844 ordinator
2676 1795 2888 1855 noster,
2921 1793 2978 1844 et
3009 1789 3280 1860 princeps
3316 1790 3598 1860 apostolo-

1967 1898 2097 1936 rum
2118 1880 2420 1936 manifeste
2442 1885 2675 1936 cuuctos
2689 1881 2988 1935 audientes
3010 1881 3348 1949 instruebat,
3369 1881 3594 1936 dicens:

1967 1973 2240 2029 Videntur
2272 1974 2416 2028 mihi
2451 1974 2548 2045 qui
2575 1974 2888 2044 loquuntur
2913 1973 3082 2027 verba
3108 1973 3384 2039 veritatis,
3415 1977 3472 2027 et
3503 1972 3599 2043 qui

1969 2068 2287 2122 illuminant
2310 2067 2530 2122 animas
2551 2066 2853 2121 hominum
2873 2065 3090 2120 similes
3109 2081 3229 2121 esse
3249 2065 3427 2120 radiis
3448 2065 3597 2120 solis.

1965 2161 2072 2226 Qui
2097 2164 2158 2215 ut
2185 2160 2564 2231 processerint
2589 2165 2645 2214 et
2669 2158 3035 2230 apparuerint
3059 2158 3299 2224 mundo,
3327 2157 3493 2213 celari
3521 2157 3601 2212 ul-

1965 2258 2075 2321 tra,
2103 2257 2200 2308 aut
2229 2253 2500 2308 occultari
2530 2253 2854 2306 nullatenus
2883 2255 3140 2322 possunt,
3172 2251 3306 2305 dum
3340 2267 3458 2305 non
3483 2253 3599 2304 tam

1966 2345 2234 2401 videntur
2267 2347 2339 2400 ab
2371 2345 2696 2399 hominibus
2730 2361 2902 2415 quam
2937 2343 3132 2399 videre
3171 2343 3434 2399 omnibus
3461 2360 3602 2414 prae-

1968 2442 2138 2495 stant.
2172 2439 2329 2494 Unde
2368 2443 2423 2493 et
2451 2439 2600 2492 bene
2630 2438 2752 2508 ipsa
2784 2453 2890 2508 per
2914 2453 2974 2491 se
3000 2436 3220 2492 Veritas
3249 2437 3323 2490 ad
3349 2436 3600 2491 veritatis

1965 2548 2254 2603 praecones
2285 2531 2364 2586 ait
2396 2549 2410 2584 :
2444 2550 2471 2582 «
2498 2532 2608 2584 Vos
2634 2531 2765 2584 estis
2796 2531 2891 2582 lux
2928 2529 3152 2594 mundi,
3189 2533 3246 2583 et
3273 2545 3387 2584 non
3415 2533 3602 2598 potest

1967 2624 2158 2680 civitas
2183 2623 2451 2678 abscondi
2480 2639 2652 2694 supra
2683 2626 2934 2676 montem
2964 2622 3168 2692 posita,
3196 2637 3382 2692 neque
3407 2637 3599 2676 accen-

1967 2717 2110 2772 dunt
2135 2718 2444 2783 lucernam,
2469 2721 2527 2770 et
2548 2720 2773 2786 ponunt
2798 2731 2927 2769 eam
2949 2715 3053 2768 sub
3073 2714 3290 2780 modio,
3311 2714 3408 2768 sed
3429 2730 3597 2784 supra

1966 2809 2394 2875 candelabrum,
2427 2814 2492 2863 ut
2531 2810 2714 2863 luceat
2745 2807 3012 2863 omnibus
3047 2807 3146 2878 qui
3178 2807 3238 2861 in
3271 2807 3439 2861 domo
3467 2809 3601 2861 sunt

1967 2902 2181 2972 (Matth.
2207 2919 2260 2971 v,
2284 2903 2389 2972 14).
2415 2921 2442 2953 ››
2465 2902 2524 2957 Si
2545 2901 2671 2972 quis
2688 2917 2826 2972 ergo
2847 2901 2937 2955 his
2956 2900 3253 2966 obedierit,
3276 2901 3415 2966 Deo,
3439 2903 3501 2954 ut
3520 2898 3600 2954 di-

1967 3000 2122 3049 ctum
2139 3000 2243 3062 est,
2267 3010 2545 3065 magnum
2565 3009 2776 3048 munus
2794 2993 2979 3048 offert.
2999 2992 3102 3057 Qui
3119 2997 3310 3047 autem
3333 2993 3421 3046 his
3441 2991 3598 3047 resti-

1961 3088 2114 3153 terit,
2148 3092 2245 3142 aut
2269 3087 2603 3142 inobediens
2631 3087 2928 3152 exstiterit,
2955 3101 3070 3140 non
3100 3085 3208 3154 his,
3234 3085 3330 3140 sed
3352 3084 3594 3140 Domino

1962 3181 2235 3237 Salvatori
2261 3185 2476 3246 nostro,
2500 3181 2660 3251 cujus
2691 3180 2972 3250 legatione
2997 3179 3339 3250 funguntur,
3369 3178 3593 3246 resistit,

1960 3279 2195 3345 propter
2222 3274 2371 3344 quod
2397 3273 2647 3344 primum
2677 3277 2763 3327 est
2787 3273 3048 3327 omnium
3070 3272 3354 3342 justitiam
3384 3271 3479 3326 Dei
3513 3287 3597 3325 re-

1961 3383 2258 3438 gnumque
2287 3367 2409 3437 ejus
2436 3367 2747 3438 inquirere,
2772 3369 2830 3420 et
2861 3366 2974 3420 suis
2998 3365 3350 3436 jussionibus
3377 3364 3595 3418 obtem-

1961 3476 2184 3531 perare.
2209 3459 2493 3515 Justitiam
2514 3459 2767 3530 quidem,
2790 3463 2854 3514 ut
2882 3462 3035 3514 recte
3062 3473 3234 3529 agere
3259 3458 3593 3522 doceamus;

1962 3554 2224 3623 Regnum
2261 3569 2412 3618 vero,
2445 3556 2508 3607 ut
2547 3568 2675 3622 quae
2714 3552 2785 3607 sit
2823 3568 3040 3607 merces
3080 3551 3259 3622 posita
3290 3549 3499 3605 laboris
3538 3554 3596 3604 et

1960 3644 2250 3716 patientiae
2276 3644 2624 3711 noverimus,
2655 3644 2712 3698 in
2739 3661 2852 3715 quo
2883 3649 2968 3698 est
2992 3644 3158 3698 bonis
3181 3644 3415 3714 quidem
3436 3647 3594 3697 aster-

1962 3753 2170 3791 norum
2190 3736 2476 3791 bonorum
2503 3735 2914 3801 remuneratio,
2944 3735 3032 3789 his
3058 3739 3251 3790 autem
3273 3736 3370 3806 qui
3396 3737 3597 3789 contra

1960 3830 2312 3885 voluntatem
2348 3829 2472 3899 ejus
2498 3833 2742 3898 egerunt
2771 3843 2785 3880 :
2817 3843 2922 3898 pro
2951 3827 3395 3897 uniuscujusque
3425 3825 3597 3896 gestis

1961 3938 2262 3994 poenarum
2283 3922 2459 3992 digna
2483 3920 2786 3989 restitutio,
2809 3919 2900 3974 hic
2928 3935 3087 3990 ergo,
3110 3919 3218 3973 hoc
3245 3923 3348 3986 est,
3373 3918 3430 3972 in
3453 3935 3596 3989 prae-

1962 4016 2108 4070 senti
2135 4016 2248 4070 vita
2273 4015 2508 4086 positos,
2531 4017 2761 4085 oportet
2787 4030 2889 4068 nos
2916 4028 3221 4083 agnoscere
3249 4012 3595 4066 voluntatem

1962 4109 2081 4176 Dei,
2101 4108 2201 4163 ubi
2233 4112 2291 4163 et
2313 4107 2520 4180 agendi
2548 4111 2604 4162 et
2626 4106 2978 4162 sacriﬁcandi
3007 4110 3092 4162 est
3115 4106 3292 4160 locus.
3314 4105 3595 4170 Quoniam

1961 4200 2022 4255 in
2073 4201 2198 4254 aliis
2249 4200 2386 4255 locis
2431 4199 2747 4254 sacriﬁcare
2794 4204 2850 4254 et
2901 4199 3099 4253 missas
3152 4198 3437 4253 celebrare
3478 4214 3593 4252 non

1961 4293 2108 4360 licet,
2146 4291 2257 4347 nisi
2298 4293 2354 4347 in
2385 4293 2475 4347 his
2506 4293 2567 4347 in
2608 4293 2816 4364 quibus
2853 4292 3148 4364 episcopus
3189 4290 3456 4362 pr0prius
3480 4290 3596 4361 jus-

234 4387 544 4459 imaginem
590 4404 654 4442 ac
702 4386 1136 4442 similitudinem
1181 4388 1487 4442 reformata
1510 4429 1524 4454 ,
1568 4387 1712 4441 sicut
1743 4388 1939 4467 ipseD
1962 4385 2114 4454 serit,
2151 4389 2250 4440 aut
2288 4385 2359 4439 ab
2390 4385 2654 4456 episcopo
2687 4385 3029 4456 regulariter
3063 4383 3327 4448 ordinato
3361 4387 3595 4438 tenente

236 4495 390 4544 verus
418 4481 708 4552 PrOpheta
737 4481 901 4535 docet
928 4481 1114 4536 dicens
1139 4497 1152 4535 :
1182 4502 1210 4530 «
1237 4483 1428 4536 Estote
1456 4480 1589 4535 boni
1617 4485 1674 4534 et
1699 4481 1863 4534 mise-

235 4574 481 4629 ricordes
510 4574 653 4628 sicut
682 4578 736 4628 et
762 4575 927 4627 Pater
958 4576 1142 4628 vester
1167 4573 1408 4629 caelestis
1434 4573 1750 4628 misericors
1779 4578 1864 4627 est

236 4658 368 4730 (Luc.
418 4683 508 4730 v1,
567 4669 675 4736 36),
731 4667 826 4737 qui
881 4666 1018 4720 oriri
1066 4666 1201 4721 facit
1251 4667 1431 4722 solem
1483 4683 1650 4721 suum
1693 4682 1864 4738 super

234 4757 402 4812 bonos
453 4764 511 4812 et
558 4760 739 4812 malos
785 4761 842 4812 et
887 4759 1030 4829 pluit
1077 4775 1250 4830 super
1286 4759 1473 4829 justos
1522 4763 1579 4814 et
1625 4759 1863 4830 iniustos

235 4851 441 4915 (Matth.
477 4869 528 4915 v,
571 4852 677 4920 45).
712 4870 740 4901 ι)
778 4853 936 4906 Hunc
975 4867 1112 4923 ergo
1149 4852 1478 4919 imitamini,
1512 4857 1568 4907 et
1604 4853 1757 4906 hunc
1787 4851 1860 4906 ti-

233 4947 394 5010 mete,
410 4949 488 5010 et,
504 4944 992 4998 sicutmandatum
1009 4945 1178 5000 datur
1189 4945 1539 5014 hominibus,
1555 4945 1863 4999 Dominum

233 5033 408 5090 Deum
443 5041 611 5090 tuum
653 5036 899 5102 timebis,
930 5042 987 5091 et
1022 5036 1100 5090 illi
1131 5037 1236 5092 soli
1273 5037 1504 5092 servies.
1540 5036 1862 5091 lnﬁdelibus

232 5127 464 5196 quidem
498 5128 715 5181 dormit
748 5129 1047 5196 Dominus,
1091 5133 1148 5183 et
1183 5129 1386 5183 absens
1423 5129 1668 5184 habetur
1703 5129 1794 5183 his
1830 5145 1861 5182 a

232 5220 430 5288 quibus
476 5237 596 5275 esse
640 5237 755 5276 non
804 5221 1084 5290 creditur,
1137 5226 1194 5277 et
1244 5222 1526 5277 mandatis
1576 5223 1700 5292 ejus
1747 5238 1861 5275 non

235 5310 518 5380 obediunt,
551 5319 724 5384 atque
761 5314 832 5368 ab
867 5313 978 5369 illis
1014 5315 1239 5370 videtur
1269 5315 1431 5386 quasi
1471 5315 1723 5370 dormire
1755 5315 1858 5368 Do-

235 5404 439 5472 minus,
466 5407 602 5478 quia
632 5423 732 5476 pro
757 5407 1001 5478 peccatis
1026 5408 1143 5462 suis
1170 5425 1286 5462 non
1318 5408 1715 5463 exaudiuntur.

299 5499 655 5570 Quapropter
678 5500 895 5554 cunctis
916 5501 1202 5569 ﬁdelibus,
1226 5505 1284 5556 et
1302 5517 1664 5572 summopere
1683 5502 1863 5555 omni-

235 5586 333 5642 bus
377 5591 744 5663 presbyteris,
775 5596 834 5647 et
866 5593 1217 5663 diaconibus,
1255 5611 1321 5649 ac
1354 5593 1584 5665 reliquis
1623 5593 1858 5663 clericis,

241 5683 644 5739 attendendum
683 5690 787 5753 est,
832 5690 891 5740 ut
921 5686 1064 5741 nihil
1105 5687 1320 5758 absque
1356 5685 1601 5758 episcopi
1639 5686 1859 5757 proprii

1963 4478 2221 4534 videlicet
2275 4477 2560 4533 civitatem
2611 4478 2706 4533 ubi
2764 4482 3120 4533 consecratus
3173 4477 3361 4530 fuerit.
3419 4475 3596 4530 Aliter

1962 4570 2115 4625 enim
2154 4587 2269 4625 non
2315 4573 2449 4624 sunt
2489 4571 2609 4624 haec
2646 4571 2890 4642 agenda,
2932 4586 3036 4624 nec
3074 4569 3182 4624 rite
3221 4567 3590 4633 celebranda,

1961 4664 2195 4718 docente
2225 4679 2332 4718 nos
2367 4665 2518 4717 Novo
2550 4667 2607 4718 et
2646 4662 2832 4718 Veteri
2875 4664 3256 4717 Testamento.
3287 4663 3413 4716 Haec
3451 4677 3591 4731 apo-

1961 4755 2088 4811 stoli
2109 4773 2144 4810 a
2164 4755 2401 4810 Domino
2423 4758 2785 4827 acceperunt,
2812 4759 2866 4810 et
2889 4754 3049 4809 nobis
3069 4753 3450 4822 tradiderunt,
3475 4755 3594 4808 hac

1963 4865 2068 4904 nos
2089 4849 2378 4914 docemus,
2397 4849 2669 4919 vobisque
2689 4853 2744 4903 et
2770 4848 3036 4902 omnibus
3057 4848 3268 4919 absque
3289 4847 3595 4918 reprehen-

1963 4941 2122 4996 sione
2149 4945 2346 4996 tcnere
2374 4946 2432 4996 et
2461 4942 2664 4996 docere
2692 4941 2900 5012 quibus
2922 4941 3212 5012 agendum
3241 4944 3326 4995 est
3350 4940 3591 4995 manda-

1962 5051 2121 5103 mus,
2169 5051 2526 5106 unaqumque
2569 5034 2781 5090 ctenim
2819 5050 2908 5088 res
2953 5039 3180 5105 tempus
3218 5050 3384 5088 suum
3421 5033 3597 5088 habet

1961 5130 2018 5182 et
2042 5129 2248 5182 locum.
2278 5129 2531 5198 Operum
2561 5127 2652 5181 hic
2685 5128 2838 5182 locus
2866 5131 2970 5196 est,
2998 5131 3223 5198 tempus
3254 5143 3388 5180 vero
3416 5124 3590 5180 meri-

1961 5225 2148 5297 torum
2180 5223 2267 5274 est
2294 5220 2565 5274 saeculum
2601 5220 2879 5274 futurum.
2910 5221 2989 5275 Ne
3018 5236 3156 5290 ergo
3187 5218 3589 5290 impediamur,

1964 5313 2226 5368 ordinem
2252 5314 2507 5369 locorum
2527 5330 2591 5368 ac
2615 5319 2939 5384 temporum
2961 5317 3347 5384 permutantes
3360 5327 3376 5378 ;
3399 5308 3590 5380 primo

1961 5422 2085 5478 quae
2130 5405 2203 5460 sit
2239 5407 2336 5461 Dei
2373 5406 2595 5477 justitia
2636 5405 3029 5476 requiramus,
3078 5409 3134 5459 et
3168 5409 3440 5472 tanquam
3485 5398 3593 5453 iter

1962 5499 2145 5554 acturi
2180 5498 2490 5554 abundanti
2518 5499 2721 5554 viatico
2751 5499 2912 5554 bonis
2945 5496 3210 5569 operibus
3236 5493 3586 5564 repleamur,

1959 5607 2074 5663 quo
2097 5591 2380 5662 possimus
2401 5592 2473 5646 ad
2497 5608 2741 5664 regnum
2763 5591 2988 5647 Domini
3005 5594 3274 5658 tanquam
3295 5585 3367 5639 ad
3387 5584 3590 5643 urbem

1960 5685 2274 5740 maximam
2337 5687 2654 5755 pervenire.
2719 5687 2863 5738 Deus
2926 5682 3076 5736 enim
3131 5679 3219 5734 his
3273 5679 3371 5752 qui
3437 5685 3587 5735 recte
