4046 6188
512 225 568 278 51
1402 231 1683 288 APPEND.
1723 234 1810 290 AD
1848 235 2006 290 SASC.
2051 233 2116 288 l.\'

2225 261 2239 271 -
2277 232 2523 290 lSlDORl
2561 236 2985 292 MERCATORIS
3797 245 3867 299 52

502 327 756 386 sentiunt
779 348 881 404 per
905 330 1024 405 ipsa
1050 350 1221 406 opera
1253 340 1454 394 mundi
1487 356 1613 410 quae
1639 342 1776 397 facit
1799 344 2130 399 manifestus
2151 351 2210 425 Α
2229 341 2513 398 notitiam.
2548 343 2601 398 Si
2641 344 2796 398 enim
2835 343 3010 398 sciam
3035 343 3168 416 quia
3198 344 3256 401 in
3287 345 3374 401 his
3409 346 3480 403 de
3517 346 3723 418 quibus
3748 365 3865 406 non

503 429 604 492 est,
647 425 820 496 ipsius
863 431 1135 483 creaturas
1173 447 1287 486 suae
1324 436 1490 488 utens
1526 436 1869 504 testimonio,
1910 444 1968 494 et
2002 438 2129 495 ideo

503 534 636 573 cum
660 519 730 574 de
757 521 869 575 Deo
896 521 1170 578 dubitatio
1199 541 1319 580 esse
1347 544 1460 582 non
1488 527 1709 595 debeat,
1733 532 1802 586 de
1829 533 1946 586 sola
1978 549 2131 588 nunc

505 611 626 681 ejus
655 612 871 682 justitia
908 616 1272 686 requiramus
1315 623 1372 674 et
1413 637 1612 692 regno.
1652 623 1778 678 ldeo
1809 627 2128 695 persuadeo

500 704 753 774 primum
794 707 1077 777 justitiam
1121 710 1243 781 ejus
1289 729 1407 768 esse
1454 715 1880 786 requirendam,
1925 723 1988 773 ut
2029 735 2132 790 per

503 797 649 854 hanc
668 799 780 855 iter
797 806 1051 871 agentes,
1069 806 1128 856 et
1146 804 1204 859 in
1222 805 1310 859 via
1326 806 1579 862 veritatis
1601 810 1771 880 positi
1787 826 1984 866 verum
2006 829 2131 883 pro-

499 893 736 962 phetam
771 893 1025 949 invenire
1067 896 1366 976 possimus,
1407 915 1524 955 non
1565 901 1858 958 velocitate
1894 905 2127 975 pedum,

498 985 599 1039 sed
636 986 923 1041 honorum
961 1004 1202 1059 operum
1233 991 1527 1048 velocitate
1557 1001 1868 1063 currentes,
1909 1002 1971 1052 ut
2007 998 2130 1070 ipso

498 1077 641 1132 duce
681 1079 788 1145 usi,
829 1081 1051 1134 nullum
1096 1083 1200 1136 via:
1239 1084 1409 1154 hujus
1443 1086 1731 1156 patiamur
1758 1105 2032 1146 errorem.
2073 1091 2131 1146 Si

501 1171 658 1226 enim
704 1171 895 1242 ipsum
939 1179 1239 1245 sequentes
1278 1176 1504 1248 ingredi
1533 1181 1942 1252 meruerimus,
1972 1183 2129 1238 illam

501 1278 612 1333 quo
655 1265 950 1334 pervenire
996 1268 1260 1338 cupimus
1307 1269 1606 1339 civitatem,
1657 1275 1848 1329 omnia
1880 1276 2002 1346 jam
2041 1277 2129 1345 (de

503 1355 707 1425 quibus
727 1359 1017 1429 queritur)
1043 1362 1220 1415 oculis
1240 1362 1560 1419 videbimus
1579 1370 1851 1437 tanquam
1873 1368 2131 1424 hmredes

503 1449 761 1504 omnium
780 1450 932 1506 facti.
957 1454 1258 1523 Intelligite
1281 1456 1471 1527 itaque
1497 1458 1646 1513 viam
1673 1477 1795 1515 esse
1823 1462 1977 1516 hunc
2002 1463 2130 1517 vitae

500 1545 710 1596 nostrae
734 1559 982 1610 cursum,
1009 1546 1252 1602 viatores
1277 1549 1374 1620 qui
1403 1567 1506 1604 nos
1531 1551 1837 1622 instruunt,
1867 1555 1956 1608 vel
1977 1555 2132 1609 bona

500 1651 675 1704 opera
707 1641 934 1706 gerunt,
962 1643 1183 1710 portam
1211 1657 1344 1696 vero
1371 1644 1734 1714 Prophetam,
1763 1647 1832 1700 de
1857 1663 1972 1718 quo
1998 1647 2132 1702 dici-

502 1743 649 1793 mus,
690 1729 896 1784 urbem
935 1746 1178 1802 regnum
1220 1751 1342 1789 esse
1385 1735 1440 1789 in
1477 1753 1592 1808 quo
1624 1738 1834 1794 residet
1866 1740 2128 1812 omnipo-
2152 1712 2208 1783 B

502 1825 627 1874 tens
654 1822 840 1886 Pater,
873 1839 1046 1893 quem
1079 1826 1182 1880 soli
1212 1827 1403 1882 videre
1434 1835 1670 1900 possunt
1697 1831 1758 1885 hi
1788 1833 1885 1903 qui
1916 1833 2132 1888 mundo

501 1921 631 1970 sunt
655 1919 845 1973 corde.
879 1922 998 1974 Non
1028 1937 1165 1992 ergo
1195 1923 1361 1978 nobis
1395 1925 1638 1980 difﬁcilis
1677 1927 1938 1984 videatur
1960 1931 2132 2001 hujus

500 2008 719 2064 itineris
745 2012 924 2081 labor,
953 2014 1086 2085 quia
1113 2015 1171 2069 in
1202 2017 1313 2070 ﬁne
1351 2019 1472 2088 ejus
1498 2021 1723 2090 requies
1751 2022 1878 2076 erit.
1907 2023 2046 2078 Nam
2077 2030 2133 2078 et

500 2101 620 2172 ipse
658 2120 824 2158 verus
859 2107 1137 2177 Propheta
1175 2109 1246 2163 ab
1285 2110 1446 2165 initio
1484 2113 1682 2167 mundi
1719 2131 1825 2185 per
1861 2117 2130 2172 saeculum

501 2210 754 2278 currens,
787 2197 1016 2253 festinat
1042 2200 1115 2253 ad
1144 2203 1417 2271 requiem.
1443 2205 1616 2259 Adest
1642 2207 1795 2261 enim
1821 2209 1984 2262 nobis
2013 2226 2132 2263 om-

500 2285 667 2340 nibus
697 2288 916 2355 diebus,
951 2295 1008 2344 et
1045 2293 1090 2345 si
1135 2295 1363 2363 quando
1399 2312 1627 2351 necesse
1661 2303 1746 2352 est
1781 2305 2038 2369 apparet,
2075 2305 2131 2355 et

501 2379 737 2450 corrigit
773 2397 896 2449 nos,
936 2387 1001 2437 ut
1035 2384 1495 2457 obtemperantes
1536 2389 1642 2443 sibi
1683 2391 1753 2444 ad
1787 2392 1958 2446 vitam
1996 2411 2126 2463 per-

500 2470 668 2527 ducat
705 2477 1002 2531 aaternam.
1046 2478 1123 2532 De
1152 2478 1240 2532 1118
1279 2484 1472 2534 81118111
1515 2482 1613 2553 qui
1650 2483 1950 2555 negligunt
1981 2486 2127 2541 viam

499 2579 616 2618 suae
661 2566 887 2636 salutis,
932 2575 989 2624 et
1033 2571 1216 2626 adhuc
1256 2589 1372 2628 non
1414 2574 1560 2630 bene
1603 2575 1831 2646 ﬁdeles,
1878 2582 1937 2632 et
1982 2596 2125 2650 pra:-

498 2658 674 2728 ceptis
723 2660 848 2730 ejus
885 2679 1235 2736 suorumque
1277 2667 1608 2736 pontiﬁcum
1647 2668 1996 2740 jussionibus
2039 2672 2126 2726 in-

497 2749 824 2807 obedientes
869 2756 958 2810 vel
1009 2761 1370 2814 contumaces
1408 2761 1488 2814 eis
1532 2760 1813 2831 existunt,
1854 2764 2128 2820 Dominus

497 2847 690 2897 noster
747 2848 904 2901 Jesus
974 2849 1231 2904 Christus
1291 2853 1526 2907 mittens
1590 2854 1895 2926 discipulos
1959 2874 2123 2923 suos,

497 2937 766 3008 praecepit
814 2941 1004 3009 nobis,
1058 2943 1277 3013 dicens,
1332 2950 1391 3000 ut
1434 2946 1491 3000 in
1542 2963 1946 3020 quamcunque
1989 2950 2121 3004 civi-

498 3031 674 3084 tatem
719 3037 818 3087 aut
857 3033 1091 3090 domum
1132 3037 1547 3107 introierimus,
1589 3039 1844 3095 dicamus
1886 3058 1898 3096 :
1944 3062 1971 3093 «
2015 3045 2123 3098 Pax

493 3121 625 3176 huic
661 3125 874 3180 domui.
915 3130 982 3183 Et
1018 3129 1064 3183 si
1106 3130 1596 3203 quidem,.inquit,
1627 3134 1800 3189 fuerit
1833 3134 1938 3188 tibi
1976 3136 2123 3191 1111118

493 3214 663 3285 pacis,
705 3219 894 3275 veniet
933 3238 1103 3292 super
1146 3239 1280 3277 811111
1321 3241 1425 3294 pax
1469 3230 1677 3280 vestra.
1727 3227 1785 3281 Si
1829 3244 1963 3282 vero
2007 3244 2120 3282 non

490 3307 683 3374 fuerit,
717 3327 828 3381 pax
867 3318 1049 3369 vestra
1077 3314 1148 3370 ad
1189 3333 1287 3371 vos
1322 3322 1658 3374 revertetur.
1705 3322 1982 3375 Exeuntes
2018 3337 2120 3375 au-

493 3404 606 3455 tem
647 3403 716 3456 de
757 3405 926 3461 domo
956 3408 1040 3462 vel
1080 3409 1149 3463 de
1195 3409 1419 3464 civitate
1459 3410 1578 3477 illa,
1617 3413 1791 3467 etiam
1830 3412 2122 3483 pulverem

490 3509 620 3563 quae
652 3497 958 3554 adhaeserit
993 3501 1230 3571 pedibus
1264 3502 1461 3557 vestris
1490 3504 1782 3558 excutiatis
1807 3521 1978 3576 super
2006 3522 2118 3561 eos.

490 3587 859 3645 Tolerabilius
893 3593 1003 3648 erit
1029 3597 1197 3649 terra!
1225 3595 1604 3651 Sodomorum
1632 3600 1688 3652 et
1719 3598 2119 3654 Gomorrhaeo-

494 3696 622 3735 rum
666 3683 725 3736 in
770 3684 860 3740 die
896 3685 1130 3756 judicii,
1177 3705 1350 3759 quam
1398 3689 1478 3743 illi
1530 3689 1745 3745 civitati
1793 3691 1880 3745 vel
1926 3691 2121 3747 domui

491 3772 706 3836 (Matth.
736 3792 789 3845 x,
822 3780 884 3832 12
912 3783 963 3834 et
987 3780 1142 3850 seq.).
1166 3803 1193 3830 »
1217 3782 1381 3846 Quod
1409 3782 1604 3854 utique
1632 3783 1710 3838 ita
1735 3785 1968 3839 demum
1997 3786 2122 3840 fieri

491 3870 776 3939 praecepit,
799 3870 842 3924 si
864 3872 1020 3943 prius
1039 3873 1099 3928 in
1121 3874 1345 3930 civitate
1362 3876 1447 3930 vel
1472 3875 1644 3931 domo
1664 3877 1910 3932 veritatis
1930 3894 2120 3931 sermo

487 3961 844 4030 praedicetur,
887 3982 953 4018 ex
988 3983 1102 4036 quo
1143 3967 1479 4037 recipientes
1513 3969 1762 4022 veritatis
1800 3967 1974 4022 ﬁdem
2015 3968 2120 4023 11111

488 4053 642 4121 pacis
681 4059 738 4108 et
778 4055 881 4109 11111
921 4057 1144 4110 Domini
1186 4058 1348 4123 fiant,
1388 4060 1472 4112 vel
1506 4075 1620 4112 non
1656 4059 1990 4129 recipientes
2025 4077 2117 4114 ar-

489 4149 668 4211 guant
693 4146 853 4215 quasi
879 4147 1096 4200 inimici
1123 4149 1276 4218 pacis
1308 4152 1364 4201 et
1391 4149 1632 4205 Domini.
1663 4152 1745 4204 Ita
1771 4166 1908 4222 ergo
1936 4156 1992 4206 et
2018 4169 2120 4207 nos

491 4235 748 4304 magistri
784 4236 1039 4292 instituta
1068 4242 1344 4294 sectantes
1370 4257 1572 4312 pacem
1610 4259 1994 4314 proponamus
2017 4261 2117 4299 au-

490 4325 788 4395 ditoribus,
830 4333 895 4383 ut
938 4331 1151 4402 absque
1194 4334 1308 4387 ulla
1356 4334 1782 4405 perturbatione
1821 4336 1998 4406 possit
2030 4337 2120 4391 via

2229 439 2414 507 potest
2437 435 2680 490 dubitari
2700 437 2853 507 quod
2877 437 3028 492 bona
3058 437 3193 505 sint,
3217 440 3554 496 emendatus
3582 447 3668 496 est
3693 446 3752 497 et
3774 444 3864 498 in-

2230 528 2543 600 culpabilis,
2565 530 2673 584 hoc
2698 534 2783 584 est
2800 529 2846 584 si
2875 530 3115 598 sobrius,
3143 532 3190 586 si
3217 533 3560 601 misericors,
3587 535 3635 590 si
3656 535 3865 606 justus,

2231 621 2277 675 si
2318 622 2470 676 mitis
2505 628 2560 677 et
2593 623 2892 690 humanus,
2925 639 3052 694 quae
3092 625 3292 696 utique
3329 626 3477 681 bona
3514 643 3636 683 esse
3676 630 3868 684 nullus

2231 714 2490 784 ambigit,
2517 717 2654 770 tunc
2684 731 3040 787 consequens
3073 717 3356 774 videbitur
3393 723 3461 774 ut
3494 721 3546 775 ei
3579 721 3676 792 qui
3719 721 3864 776 obti-

2229 811 2327 863 net
2351 807 2505 862 bona
2538 807 2813 863 virtutum
2850 809 3024 864 etiam
3060 811 3209 881 quod
3245 811 3406 867 deest
3438 812 3568 868 ﬁdei
3597 817 3654 868 et
3679 814 3866 868 scien-

2231 899 2324 954 tiae
2363 901 2705 970 conferatur,
2742 905 2798 956 et
2835 901 2896 956 in
2929 903 3137 973 quibus
3171 904 3449 959 maculari
3481 906 3707 962 videtur
3746 907 3869 977 ejus

2227 993 2360 1060 vita,
2400 1009 2529 1064 quas
2562 997 2646 1048 est
2683 993 2742 1047 in
2781 993 3013 1066 reliquis
3053 995 3383 1066 probabilis,
3414 997 3770 1054 emendetur.
3810 999 3868 1054 Si

2228 1101 2363 1140 vero
2381 1086 2441 1140 in
2467 1085 2556 1140 his
2577 1103 2706 1157 qua;
2727 1072 2916 1157 palam
2937 1092 3070 1142 sunt
3085 1094 3312 1159 peccata
3333 1090 3619 1146 involutus
3639 1108 3866 1163 perma-

2229 1182 2326 1234 net
2351 1178 2701 1250 inquinatus,
2731 1195 2846 1233 non
2872 1195 2965 1235 me
2993 1183 3218 1250 oportet
3243 1181 3458 1252 aliquid
3489 1183 3558 1238 de
3597 1183 3868 1239 secretio-

2230 1270 2385 1325 ribus
2412 1275 2468 1326 et
2496 1271 2730 1326 remotis
2751 1270 2957 1326 divinae
2984 1272 3231 1328 scientia:
3251 1274 3536 1345 proloqui,
3559 1275 3656 1331 sed
3679 1276 3870 1348 magis

2229 1364 2524 1435 protestari
2561 1367 2618 1418 et
2651 1364 2951 1419 convenire
2982 1383 3139 1434 eum,
3184 1370 3247 1422 ut
3286 1383 3521 1438 peccare
3547 1368 3773 1424 desinat
3812 1374 3870 1424 et

2228 1459 2383 1511 actus
2421 1471 2550 1510 suos
2585 1473 2618 1510 a
2658 1456 2804 1510 vitiis
2845 1458 3130 1514 emendet.
3157 1459 3317 1523 Quod
3353 1459 3400 1513 si
3439 1459 3747 1531 ingesserit
3785 1478 3866 1531 se,

2230 1554 2288 1604 et
2334 1549 2722 1620 provocaverit
2763 1565 2868 1604 nos
2911 1550 3100 1605 dicere
3139 1567 3268 1622 qute
3311 1567 3443 1606 eum
3487 1553 3678 1608 minus
3718 1559 3871 1609 recte

2231 1646 2499 1712 agentem
2522 1658 2640 1696 non
2667 1646 2924 1713 oporteat
2945 1643 3163 1713 audire,
3195 1645 3508 1714 prudenter
3533 1663 3666 1701 eum
3697 1647 3869 1703 debe-

2231 1749 2357 1788 mus
2382 1734 2628 1790 eludere.
2657 1736 2796 1788 Nam
2821 1735 2960 1790 nihil
2992 1736 3232 1802 omnino
3261 1739 3624 1809 respondere,
3653 1740 3873 1795 audito-

2229 1843 2358 1880 rum
2374 1842 2560 1892 causa,
2585 1827 2718 1881 utile
2740 1843 2857 1882 non
2878 1828 3124 1896 videtur,
3147 1845 3219 1884 ne
3243 1832 3390 1885 forte
3413 1831 3744 1887 existiment
3762 1848 3870 1887 nos

2229 1919 2608 1989 responsionis
2644 1921 2882 1990 penuria
2927 1922 3216 1978 declinare
3260 1930 3586 1992 certamen,
3630 1929 3687 1980 et
3729 1925 3872 1981 ﬁdes

2231 2027 2431 2066 eorum
2471 2012 2728 2080 laadatur,
2770 2029 2886 2068 non
2921 2013 3298 2086 intelligentia
3336 2017 3615 2088 propositi
3658 2019 3866 2073 nostri.

2229 2106 2426 2176 Magna
2456 2105 2803 2161 contumelia
2832 2111 2890 2161 et
2923 2123 3091 2176 grave
3127 2107 3289 2162 nobis
3327 2109 3437 2164 erit
3469 2115 3788 2181 peccatum,
3821 2112 3867 2165 si

2229 2197 2307 2251 ita
2333 2198 2684 2269 desipiamus
2713 2203 2778 2254 ut
2801 2199 3092 2254 videamus
3121 2217 3252 2255 eum
3285 2201 3382 2272 qui
3411 2201 3558 2257 idola
3588 2203 3725 2258 colit
3749 2220 3872 2259 esse

2230 2290 2500 2357 sobrium,
2530 2308 2631 2345 nos
2657 2291 2756 2362 qui
2797 2293 2982 2346 Deum
3011 2293 3248 2348 colimus
3283 2294 3457 2349 sobrii
3484 2311 3606 2350 esse
3638 2312 3870 2352 recuse-

2231 2399 2378 2436 mus.
2398 2383 2517 2437 Non
2543 2383 2651 2437 1108
2680 2384 2754 2438 sit
2779 2384 2928 2438 inter
2964 2401 3090 2453 nos,
3121 2386 3218 2440 sed
3249 2403 3525 2458 magnum
3552 2388 3873 2444 habeamus

2229 2475 2503 2543 studium,
2523 2479 2587 2529 ut
2606 2475 2651 2528 si
2673 2475 2755 2529 illi
2771 2477 2871 2548 qui
2891 2483 3087 2532 errant
3099 2478 3470 2534 homicidium
3491 2497 3609 2535 non
3626 2481 3870 2550 faciunt,

2227 2585 2332 2622 nos
2359 2585 2430 2623 ne
2455 2568 2768 2624 irascamur
2793 2570 3050 2641 quidem.
3085 2573 3152 2627 Et
3188 2571 3232 2625 si
3262 2572 3344 2626 illi
3375 2573 3724 2628 adulterium
3754 2591 3871 2630 non

2227 2661 2611 2728 committunt,
2628 2678 2733 2716 nos
2753 2678 2854 2717 nec
2873 2664 3341 2734 concupiscamus
3363 2665 3599 2736 quidem
3614 2666 3866 2722 alienam

2227 2755 2547 2809 mulierem.
2580 2755 2638 2810 Si
2670 2755 2751 2809 illi
2785 2760 2980 2810 amant
3013 2757 3303 2827 proximos
3331 2775 3482 2825 suos,
3517 2775 3620 2813 nos
3654 2759 3867 2831 diliga-

2226 2863 2353 2900 mus
2389 2847 2558 2902 etiam
2603 2848 2859 2903 inimicos
2888 2853 3132 2904 nostros.
3171 2850 3227 2906 Si
3265 2851 3348 2906 illi
3381 2856 3583 2906 mutuo
3611 2853 3751 2907 dant
3778 2853 3870 2908 his

2225 2940 2324 3011 qui
2369 2940 2585 2994 habent
2625 2941 2779 2996 unde
2816 2941 3074 3008 reddant,
3109 2959 3212 2997 nos
3256 2943 3426 2998 etiam
3464 2945 3555 2999 his
3594 2945 3800 3000 demus
3837 2964 3871 3000 a

2226 3032 2429 3104 quibus
2470 3033 2724 3104 recipere
2763 3051 2877 3089 non
2923 3051 3238 3106 speramus.
3269 3039 3335 3092 Et
3375 3053 3480 3108 per
3521 3039 3719 3092 omnia
3763 3055 3872 3094 nos

2225 3125 2322 3197 qui
2350 3126 2544 3180 teterni
2583 3127 2776 3181 saeculi
2815 3128 3212 3184 hmreditatem
3244 3145 3555 3200 speramus,
3589 3131 3872 3187 debemus

2222 3217 2545 3289 przecedere
2563 3235 2658 3274 eos
2679 3220 2776 3290 qui
2797 3236 3047 3290 praesens
3063 3224 3254 3276 tamen
3274 3223 3541 3277 saeculum
3555 3229 3865 3291 noverunt,

2223 3311 2464 3366 scientes
2493 3312 2622 3382 quia
2647 3312 2692 3366 si
2729 3328 2903 3381 opera
2933 3313 3165 3368 illorum
3201 3314 3408 3368 nostris
3434 3315 3704 3386 operibus
3732 3319 3856 3370 col-

2223 3404 2355 3470 lata,
2377 3403 2436 3457 in
2463 3404 2552 3458 die
2571 3403 2770 3474 judicii
2800 3405 3006 3459 similia
3034 3405 3398 3461 inveniantur
3425 3424 3490 3461 ac
3517 3409 3696 3478 paria,
3725 3426 3864 3465 con-

2221 3496 2364 3550 fusio
2385 3495 2546 3550 nobis
2569 3497 2676 3551 erit
2699 3498 2852 3568 quod
2877 3498 3127 3568 aequales
3152 3499 3482 3554 invenimur
3503 3501 3561 3554 in
3586 3501 3862 3572 operibus

2222 3588 2328 3658 his,
2358 3605 2485 3659 qute
2505 3593 2738 3660 propter
2753 3589 3136 3660 ignorantiam
3157 3591 3632 3660 condemnantur,
3659 3599 3718 3647 et
3737 3596 3868 3648 nul-

2222 3683 2339 3736 lam
2358 3697 2520 3751 spem
2537 3683 2716 3737 futuri
2733 3682 2923 3736 saeculi
2944 3683 3292 3738 habuerunt.
3307 3685 3374 3738 Et
3389 3701 3520 3739 vere
3535 3685 3713 3756 digna
3729 3703 3865 3742 con-

2223 3774 2368 3829 fusio
2399 3779 2501 3841 est,
2540 3775 2638 3828 ubi
2662 3775 2807 3829 nihil
2841 3775 3084 3846 amplius
3121 3776 3401 3846 gessimus
3436 3777 3509 3832 ab
3534 3778 3624 3832 his
3653 3779 3865 3850 quibus

2221 3867 2467 3938 amplius
2503 3867 2905 3922 intelleximus.
2945 3869 3101 3931 Quod
3139 3869 3184 3923 si
3222 3869 3482 3924 confusio
3520 3871 3684 3925 nobis
3726 3872 3861 3937 erit,

2221 3962 2470 4032 aequales
2515 3963 2602 4017 his
2651 3963 2896 4019 inveniri
2935 3964 2997 4018 in
3039 3965 3308 4036 operibus
3340 3966 3528 4034 bonis,
3569 3967 3706 4038 quid
3750 3969 3866 4023 erit

2219 4054 2385 4108 nobis
2411 4055 2459 4108 si
2485 4053 2779 4111 inferiores
2809 4072 2914 4112 nos
2939 4073 3004 4111 ac
3037 4057 3347 4113 deteriores
3385 4059 3732 4114 examinatio
3767 4060 3860 4114 fu-

2218 4151 2343 4202 tura
2366 4147 2649 4218 reperiat?
2675 4148 2880 4205 Audite
2909 4165 3046 4220 ergo
3076 4151 3362 4221 quomodo
3395 4151 3464 4206 de
3493 4151 3581 4206 his
3606 4167 3711 4206 nos
3737 4151 3864 4223 ipse

2217 4256 2382 4295 verus
2408 4241 2690 4311 Propheta
2715 4241 2994 4297 docuerit.

2287 4333 2373 4388 Ad
2405 4350 2501 4389 eos
2530 4340 2722 4390 autem
2757 4335 2855 4406 qui
2888 4335 3188 4407 negligunt
3214 4336 3410 4391 audire
3435 4337 3604 4392 verba
3631 4338 3861 4408 sapien-

489 4420 685 4474 salutis
709 4423 959 4493 agnosci.
991 4424 1148 4489 Quod
1181 4425 1227 4479 si
1255 4427 1381 4497 quis
1408 4428 1566 4498 pacis
1594 4429 1763 4482 verba
1789 4445 1903 4483 non
1937 4429 2112 4484 susci-
2134 4420 2194 4493 D
2215 4425 2309 4480 tiae
2339 4427 2418 4482 ita
2437 4427 2517 4481 ait
2544 4445 2558 4482 :
2586 4446 2614 4478 «
2641 4427 2862 4498 Regina
2882 4428 3058 4482 austri
3080 4433 3279 4499 surget
3298 4428 3355 4482 in
3369 4429 3588 4499 judicio
3609 4446 3743 4484 cum
3765 4447 3866 4501 ge-

487 4513 588 4583 pit,
620 4532 808 4588 neque
843 4518 1147 4589 acquiescit
1171 4519 1414 4588 veritati,
1455 4521 1664 4575 scimus
1691 4522 1957 4577 adversus
1983 4539 2116 4577 eum

488 4625 740 4678 pugnam
767 4611 924 4665 verbi
952 4627 1202 4679 movere,
1233 4615 1289 4668 et
1308 4629 1546 4684 arguere
1567 4614 1752 4669 acrius
1773 4615 2118 4670 confutando

487 4701 891 4770 ignorantiam,
910 4709 965 4759 et
985 4705 1380 4776 redarguendo
1399 4710 1647 4778 peccata.
1675 4708 1994 4762 Necessario
2017 4708 2119 4780 igi-

488 4797 583 4848 tur
619 4812 818 4865 pacem
857 4799 1251 4868 proponimus,
1297 4802 1358 4853 ut
1393 4799 1439 4852 si
1474 4799 1600 4871 quis
1643 4805 1730 4854 est
1762 4799 1912 4854 ﬁlius
1945 4800 2115 4871 pacis,

489 4904 597 4959 pax
623 4893 809 4943 nostra
828 4891 1015 4945 veniat
1031 4907 1199 4962 super
1220 4909 1374 4960 eum,
1397 4893 1466 4946 ab
1488 4907 1553 4946 eo
1578 4896 1767 4948 autem
1790 4894 1890 4964 qui
1909 4911 1970 4948 se
1990 4894 2119 4948 alie-

491 4997 630 5034 num
647 4982 798 5052 pacis
811 4983 1403 5054 etfecerit,regredietu
1413 4983 1491 5056 11
1509 4983 1557 5056 1
1571 4984 1643 5038 ad
1659 5001 1760 5038 nos
1773 5002 1880 5056 pax
1899 4991 2114 5041 nostra.

490 5076 556 5129 Et
582 5074 788 5130 iterum
809 5076 867 5129 in
889 5077 1172 5132 mandatis
1192 5077 1486 5143 habemus,
1509 5081 1572 5132 ut
1591 5078 1882 5132 venientes
1899 5078 1968 5133 ad
1989 5079 2120 5132 civi-

488 5171 663 5223 tatem
691 5168 970 5224 discamus
999 5170 1124 5241 quis
1153 5169 1214 5224 in
1253 5186 1321 5223 ea
1350 5169 1558 5240 dignus
1588 5170 1677 5240 sit,
1717 5176 1778 5225 ut
1811 5171 1959 5241 apud
1986 5187 2119 5226 eum

489 5262 677 5317 cibum
708 5278 1018 5330 sumamus,
1048 5267 1109 5317 ut
1136 5267 1347 5334 quanto
1376 5261 1558 5333 magis
1590 5264 1855 5319 convenit
1886 5279 2117 5318 noscere

489 5356 618 5427 quis
641 5355 822 5426 qualis
841 5355 1066 5427 priusve
1087 5355 1160 5410 sit
1182 5356 1228 5409 is
1249 5355 1337 5410 cui
1360 5355 1800 5410 immortalitatis
1818 5355 1988 5410 verba
2005 5371 2121 5411 cre-

489 5450 680 5505 denda
717 5454 866 5504 sunt.
903 5447 1134 5504 Solliciti
1168 5448 1323 5502 enim
1354 5452 1412 5501 et
1435 5447 1594 5502 valde
1625 5447 1847 5503 solliciti
1875 5464 1995 5504 esse
2020 5448 2116 5503 de-

483 5542 705 5610 bemus,
737 5559 809 5598 ne
841 5562 868 5594 ‹‹
900 5541 1238 5615 margaritas
1263 5544 1486 5596 nostras
1513 5540 1810 5596 mittamus
1836 5545 1968 5596 ante
1990 5557 2120 5612 por-

490 5649 582 5688 cos
608 5635 822 5704 (Matth.
850 5653 945 5702 vn,
977 5637 1046 5706 6).
1079 5654 1108 5685 »

559 5727 666 5781 Sed
703 5734 758 5783 et
786 5729 921 5784 alias
947 5729 1017 5784 ob
1057 5744 1247 5784 causas
1284 5727 1420 5782 utile
1456 5731 1534 5782 est
1572 5725 1674 5781 viri
1709 5725 1878 5797 hujus
1905 5725 2117 5782 habere

2220 4519 2515 4574 neratione
2541 4520 2666 4588 hac,
2695 4525 2754 4574 et
2777 4519 3183 4576 condemnabit
3209 4537 3357 4590 eam,
3383 4521 3520 4593 quia
3543 4522 3699 4576 venit
3722 4539 3757 4576 a
3785 4523 3858 4578 11-

2218 4611 2386 4666 nibus
2420 4615 2585 4666 181118
2622 4611 2818 4667 audire
2857 4613 3191 4683 sapientiam
3230 4615 3570 4669 Salomonis.
3609 4616 3676 4668 Et
3724 4631 3856 4671 ecce

2217 4705 2522 4776 plusquam
2559 4704 2832 4760 Salomon
2871 4705 2963 4760 hic
2998 4710 3055 4760 et
3090 4721 3204 4761 non
3238 4706 3482 4761 audiunt
3506 4707 3721 4776 (Matth.
3753 4724 3854 4775 xn,

2217 4798 2326 4868 42).
2350 4817 2377 4849 υ
2401 4797 2483 4852 Ad
2506 4813 2604 4851 eos
2628 4813 2759 4852 vero
2786 4798 2887 4869 qui
2911 4799 2984 4853 de
3011 4799 3178 4853 malis
3198 4798 3418 4853 actibus
3439 4814 3636 4870 gerere
3666 4799 3855 4855 detra-

2217 4889 2447 4944 ctabant
2464 4890 2876 4961 paenitentiam,
2898 4891 2978 4946 ita
3001 4890 3116 4944 ait:
3143 4911 3171 4940 «
3199 4890 3314 4944 Viri
3334 4891 3591 4946 Ninivitaa
3615 4896 3861 4962 surgent

2218 4983 2278 5036 in
2309 4983 2523 5052 judicio
2562 4999 2693 5038 cum
2729 4983 3099 5054 generatione
3138 4984 3264 5053 hac,
3295 4987 3353 5038 et
3389 4983 3862 5039 condemnabunt

2218 5091 2366 5142 eam,
2394 5076 2528 5147 quia
2550 5075 2941 5146 paenitentiam
2967 5079 3213 5148 egerunt
3236 5075 3295 5130 in
3322 5075 3726 5147 praedicatione
3751 5078 3850 5131 Jo-

2218 5184 2328 5236 1181,
2361 5172 2416 5222 81
2447 5185 2574 5224 8888
2609 5170 2915 5240 plusquam
2940 5171 3112 5224 Jonas
3146 5169 3241 5224 hic
3274 5168 3423 5238 (Luc.
3451 5185 3530 5235 x1,
3559 5169 3666 5239 32).
3696 5189 3725 5217 »
3759 5170 3858 5224 Vi-

2219 5260 2362 5315 detis
2379 5276 2515 5332 ergo
2534 5262 2821 5332 quomodo
2843 5278 2942 5316 eos
2960 5261 3060 5333 qui
3079 5260 3487 5316 erudiebantur
3505 5277 3577 5315 ex
3595 5261 3741 5332 lege,
3759 5262 3859 5316 ad-

2219 5353 2402 5408 ductis
2441 5354 2513 5408 ad
2553 5355 2884 5426 exemplum
2921 5354 3030 5408 illis
3069 5353 3166 5424 qui
3193 5369 3263 5408 ex
3299 5353 3498 5424 gentili
3529 5353 3860 5424 ignorantia

2219 5445 2540 5514 veniebant,
2564 5449 2622 5501 et
2647 5447 2950 5502 ostendens
2969 5463 3067 5501 eos
3089 5463 3191 5501 nec
3214 5445 3466 5516 aequales
3483 5445 3590 5500 illis
3609 5461 3732 5501 esse
3753 5446 3857 5517 qui

2218 5539 2278 5592 in
2306 5555 2501 5595 errore
2527 5539 2693 5611 positi
2718 5540 3073 5607 videbantur,
3101 5555 3174 5594 ex
3199 5538 3322 5610 ipsa
3337 5542 3533 5593 tamen
3558 5553 3859 5610 compara-

2220 5631 2371 5688 tione
2392 5633 2817 5689 condemnatos.
2848 5635 2923 5688 Ex
2948 5632 3154 5705 quibus
3182 5631 3446 5688 omnibus
3463 5646 3652 5686 sermo
3677 5647 3852 5703 quem

2218 5727 2624 5796 proposuimus
2650 5726 3018 5799 approbatur,
3041 5730 3104 5781 ut
3129 5725 3454 5782 testimonia
3481 5741 3610 5797 qua:
3635 5723 3885 5795 aliqua-‘
