4046 6188
265 193 328 244 53
1474 195 1945 252 DECRETALIUM
1983 198 2369 254 COLLECTIO.
3561 205 3625 260 54

265 298 422 350 tenus
448 293 710 350 etiamab
728 295 819 352 bis
831 297 1202 368 quiinerrore
1223 302 1535 374 suntpositi
1559 305 1891 374 custoditur,
1915 315 1973 388 Α
1994 322 2091 360 mo
2119 305 2307 360 salvus
2337 322 2455 361 esse
2482 306 2711 379 poterit,
2740 307 2849 362 nisi
2878 306 2967 362 his
3005 307 3490 366 observationibus
3522 327 3626 382 pro
3654 361 3658 367 .

263 389 432 442 multo
464 388 666 458 purius
686 394 743 444 et
767 391 1038 445 attentius
1060 409 1168 463 per
1193 394 1444 465 singulas
1470 397 1728 468 quisque,
1751 398 1894 452 sicut
1991 399 2202 454 viribus
2238 415 2470 470 operam
2511 401 2750 456 dederit.
2784 402 2929 456 Deus
2953 417 3048 455 vos
3095 401 3153 456 in
3199 419 3296 457 sua
3335 405 3624 460 voluntate

263 497 426 551 supra
457 482 833 552 ostendimus,
865 484 1078 555 species
1101 503 1135 540 a
1165 487 1328 541 nobis
1356 488 1454 559 qui
1483 490 1777 545 veritatem
1803 507 1890 545 se-

261 573 490 645 quimur
517 578 799 642 teneatur,
821 592 887 630 eo
908 577 1095 649 magis
1121 579 1275 650 quod
1298 581 1450 651 apud
1470 598 1576 637 nos
1598 582 1896 638 observan-

267 667 352 721 tiae
380 667 508 737 ejus
534 669 774 740 praemia
800 673 1012 725 aeterna
1040 675 1174 726 sunt
1199 673 1403 744 posita.
1431 674 1610 731 Aliter
1633 675 1787 730 enim
1802 692 1896 730 ne-

1992 508 2460 563 unumquemque
2487 494 2545 547 in
2573 511 2672 548 suo
2697 494 2897 548 ordine
2927 509 3154 565 semper
3182 496 3480 566 custodiat,
3507 498 3624 554 fra-

1998 590 2129 652 tres,
2160 587 2217 640 et
2243 585 2348 640 sibi
2378 585 2596 657 placere
2627 586 2685 641 in
2709 588 2971 642 omnibus
2992 588 3282 644 concedat.
3311 593 3515 646 Amen.

625 953 1177 1047 EPISTULA
1245 959 1702 1066 QUARTA
1771 960 2172 1052 SANCTI
2240 961 2875 1054 CLEMENTIS
2942 963 3274 1055 PAPIE

335 1108 613 1189 Scripta
653 1109 985 1192 discipulis
1025 1113 1184 1190 suis,
1214 1117 1334 1195 qui
1373 1115 1703 1197 malorum
1747 1116 2113 1197 homimum
2150 1115 2685 1197 persuasionibus
2725 1116 3138 1197 aliquatenus
3175 1116 3543 1193 deviarant,

1345 1202 1408 1256 et
1429 1196 1726 1276 gentibus
1759 1196 1927 1258 inter
1960 1213 2128 1277 quas
2151 1194 2555 1258 habitabant.

321 1323 600 1393 CLI-:uuxs,
640 1327 913 1382 Romanae
979 1328 1135 1384 urbis
1184 1331 1503 1402 episcopus,
1551 1332 1892 1386 charissimis

254 1414 527 1470 fratribus
551 1420 712 1475 Juuo
751 1425 808 1475 et
839 1423 1070 1478 JL'LIANO
1110 1440 1174 1478 ac
1215 1424 1449 1496 reliquis
1497 1425 1893 1480 consodalibus

260 1509 485 1576 nostris,
518 1513 903 1584 gentibusque
943 1531 1069 1586 qua:
1113 1517 1262 1571 circa
1302 1533 1400 1571 vos
1443 1521 1592 1572 sunt.
1639 1519 1886 1588 Oportet,

257 1601 483 1669 fratres,
515 1621 715 1660 omnes
749 1607 1003 1663 doctores
1042 1611 1142 1680 qui
1185 1611 1257 1664 ad
1301 1611 1541 1666 salutem
1569 1612 1891 1666 animarum

1991 1330 2178 1386 ritatis
2208 1332 2399 1387 lumen
2429 1330 2658 1399 effulsit,
2688 1330 2837 1402 ignis
2856 1330 3187 1401 justissima:
3211 1329 3627 1402 indignationis

1991 1424 2335 1491 accenditur,
2364 1429 2421 1478 et
2463 1423 2772 1478 iracundiae
2799 1426 2911 1479 Deo
2937 1425 3157 1495 placitae
3185 1424 3334 1479 intra
3359 1441 3458 1480 vos
3489 1440 3625 1479 con—

1991 1518 2174 1589 surgit
2192 1517 2543 1585 incendium,
2562 1533 2677 1588 quo
2699 1522 3070 1572 consumatur
3090 1521 3148 1571 et
3165 1517 3435 1573 radicitus
3455 1519 3626 1572 inter-

1991 1615 2081 1665 eat
2124 1627 2293 1666 omne
2341 1626 2577 1682 germen
2613 1610 2768 1681 quod
2806 1611 2953 1665 forte
2990 1611 3050 1664 in
3087 1614 3239 1665 terra
3276 1611 3440 1665 mala:
3486 1626 3624 1666 cou-

260 1696 506 1750 instituti
533 1704 687 1764 sunt,
717 1705 773 1754 et
794 1701 867 1754 ad
894 1701 1189 1757 lucrandas
1225 1703 1444 1758 animas
1477 1704 1726 1775 episcopi
1761 1685 1967 1759 suntB
1992 1703 2351 1775 cupiscentiaa
2383 1702 2729 1775 pullulavit‘?
2757 1703 2915 1758 Unde
2943 1707 3001 1758 et
3025 1703 3144 1774 ipse
3188 1703 3286 1774 qui
3329 1702 3481 1758 misit
3525 1719 3626 1757 nos

261 1791 598 1858 consecrati,
631 1808 732 1862 pro
760 1793 977 1848 cunctis
1002 1795 1432 1851 sollicitudinem
1473 1813 1694 1867 gerere,
1719 1800 1775 1851 et
1801 1814 1892 1851 er-

261 1886 450 1937 rantes
478 1884 552 1937 ad
582 1885 731 1938 viam
751 1887 1003 1941 veritatis
1039 1893 1094 1943 et
1135 1889 1210 1943 ad
1248 1895 1478 1960 portum
1505 1890 1702 1945 salutis
1730 1891 1895 1945 redu-

261 1991 414 2030 cere.
442 1977 512 2031 Et
545 1976 677 2032 licet
716 1983 952 2050 prOpter
985 1985 1188 2051 gentes
1229 1998 1358 2053 quae
1383 1982 1528 2037 circa
1553 2000 1650 2038 vos
1678 1988 1812 2038 sunt
1834 1985 1894 2038 in

264 2068 494 2122 modico
504 2086 597 2123 vos
609 2086 825 2127 errasse
837 2073 1159 2144 contigerit,
1175 2075 1378 2129 melius
1399 2078 1483 2129 est
1498 2080 1692 2130 tamen
1709 2076 1896 2132 redire

264 2161 341 2213 ad
370 2163 618 2216 veritatis
644 2164 795 2218 viam
827 2182 998 2236 quam
1025 2166 1236 2222 diutius
1259 2169 1320 2222 in
1345 2169 1466 2239 ipso
1489 2184 1681 2224 errore
1708 2186 1896 2240 perse-

260 2256 876 2328 verare.Quoscunque
904 2260 1056 2314 enim
1079 2261 1150 2314 de
1171 2261 1260 2315 his
1279 2263 1377 2332 qui
1410 2279 1505 2316 vos
1531 2279 1725 2318 errare
1753 2264 1896 2319 fece-

256 2353 413 2414 runt,
436 2349 525 2402 vel
549 2349 620 2403 de
642 2351 730 2404 his
760 2352 856 2421 qui
881 2353 1065 2407 adhuc
1082 2355 1321 2409 verbum
1343 2355 1758 2426 praedicationis
1780 2372 1894 2411 non

258 2441 594 2510 audierunt,
627 2446 884 2514 potestis,
913 2446 1207 2501 vobiscum
1234 2450 1525 2516 assumitc,
1561 2455 1619 2504 et
1646 2450 1718 2504 ad
1746 2449 1896 2504 viam

257 2535 520 2589 veritatis
565 2536 842 2605 reducite,
888 2556 962 2594 ne
1013 2540 1345 2596 infructuosi
1371 2541 1609 2596 Domino
1646 2541 1896 2598 invenia-

257 2627 424 2681 mini.
460 2629 525 2682 Et
551 2631 824 2700 quoniam
862 2631 1095 2702 quidem
1129 2633 1276 2688 sicut
1308 2651 1341 2688 a
1377 2635 1593 2689 cultore
1623 2636 1886 2705 neglecta

254 2725 411 2774 terra
431 2722 624 2792 spinas
639 2728 698 2778 et
720 2725 961 2780 tribulos
977 2727 1296 2782 necessario
1311 2728 1594 2798 producit,
1610 2727 1684 2782 ita
1702 2743 1897 2782 sensus

255 2819 451 2868 vester
481 2815 644 2886 longi
671 2819 944 2889 temporis
967 2820 1186 2874 incuria
1212 2820 1421 2875 multas
1460 2824 1517 2876 et
1541 2821 1742 2876 noxias
1783 2822 1900 2893 opi-

257 2908 465 2962 niones
490 2925 685 2964 rerum
713 2914 772 2964 et
799 2911 1208 2984 intelligentias
1223 2913 1381 2967 falsae
1409 2913 1662 2969 scientiae
1691 2915 1898 2985 germi-

256 3002 442 3069 navit,
464 3017 607 3072 Opus
634 3006 720 3056 est
738 3020 890 3058 nunc
910 3005 1088 3060 multa
1113 3005 1406 3077 diligentia
1424 3007 1496 3060 ad
1523 3007 1897 3062 excolendum

254 3110 350 3147 rus
400 3095 616 3149 mentis
650 3102 872 3163 vestrae,
911 3102 975 3152 ut
1009 3098 1120 3153 hoc
1164 3114 1347 3154 sermo
1375 3100 1623 3154 veritatis
1660 3101 1776 3170 (qui
1816 3105 1900 3156 est

255 3203 429 3242 verus
457 3190 514 3242 et
541 3188 786 3259 diligens
811 3191 996 3246 cordis
1024 3191 1276 3261 colonus)
1311 3192 1548 3247 assiduis
1569 3193 1782 3249 excolat
1809 3193 1897 3248 di-

257 3281 533 3353 sciplinis.
567 3283 830 3337 Vestrum
865 3300 1003 3354 ergo
1034 3289 1120 3340 est
1144 3285 1400 3356 praebere
1427 3286 1812 3342 obedientiam
1843 3292 1900 3343 et

258 3375 689 3445 occupationes,
713 3393 780 3430 ac
801 3376 1209 3433 sollicitudines
1234 3379 1546 3450 superﬂuas
1573 3382 1896 3451 amputare,

257 3484 328 3522 ue
352 3468 582 3523 bonum
607 3469 766 3524 verbi
787 3486 981 3525 semen
1008 3477 1205 3528 enecet
1227 3473 1465 3528 noxium
1493 3489 1767 3544 germen:
1793 3489 1896 3544 po-

256 3565 365 3615 test
397 3563 564 3616 enim
593 3561 716 3616 ﬁeri
742 3566 806 3616 ut
831 3563 992 3618 multi
1016 3565 1292 3636 temporis
1321 3565 1754 3637 negligentiam,
1778 3566 1900 3621 bre-

258 3653 338 3706 vis
375 3657 442 3709 et
477 3655 706 3709 assidua
733 3661 960 3726 reparet
987 3657 1302 3730 diligentia.
1333 3661 1616 3713 Incertum
1646 3675 1899 3728 namque

258 3751 342 3799 est
369 3747 830 3820 uniuscujusque
856 3753 1083 3821 tempus
1100 3751 1251 3805 vitae.
1276 3753 1343 3806 Et
1368 3751 1496 3806 ideo
1515 3751 1900 3806 festinandum

255 3843 340 3893 est
363 3839 448 3893 ad
473 3841 737 3909 salutem,
764 3858 838 3896 ne
869 3842 1011 3897 forte
1043 3847 1400 3898 cunctantem
1421 3859 1576 3897 mors
1599 3844 1902 3915 repentina

257 3933 606 4002 praeveniat;
632 3937 690 3989 et
717 3934 790 3989 ob
817 3935 924 3990 hoc
947 3936 1132 3990 acrius
1159 3937 1518 3992 innitendum
1539 3940 1642 4004 est,
1665 3941 1730 3992 ut
1746 3936 1902 4006 (dum

257 4031 344 4079 est
391 4026 675 4096 temporis
722 4028 986 4100 spatium)
1012 4029 1246 4084 collecta
1283 4029 1446 4084 malae
1477 4029 1904 4084 consuetudinis

256 4119 395 4174 vitia
428 4122 780 4174 resecentur.
811 4120 974 4184 Quod
1018 4138 1135 4176 non
1178 4122 1345 4177 aliter
1391 4123 1575 4178 facere
1620 4123 1900 4194 poteritis,

260 4212 366 4267 nisi
387 4214 457 4266 ut
481 4212 811 4267 irascamini
835 4215 1258 4285 quodammodo
1279 4216 1587 4270 adversum
1607 4217 1904 4287 vosmetip-

258 4321 346 4358 sos
372 4322 484 4375 pro
512 4305 603 4359 his
635 4322 764 4376 quae
790 4306 1068 4362 inutiliter
1093 4307 1363 4379 gessistis,
1394 4326 1458 4363 ac
1489 4308 1748 4380 turpiter.
1775 4310 1904 4363 Hac

1919 3047 1972 3121 C

1995 1813 2126 1851 cum
2151 1796 2414 1866 venisset,
2442 1801 2500 1851 et
2528 1811 2756 1850 omnem
2783 1796 3064 1850 mundum
3094 1795 3320 1850 vidisset
3357 1796 3430 1850 ad
3457 1797 3623 1850 mali-

1994 1889 2134 1943 tiam
2156 1890 2480 1954 declinasse,
2507 1905 2621 1943 uon
2648 1888 2919 1943 continuo
2941 1888 2994 1942 ei
3017 1904 3241 1959 pacem,
3261 1888 3322 1943 in
3339 1888 3627 1943 erroribus

1993 1982 2203 2053 posito,
2227 1981 2402 2047 dedit,
2427 1997 2497 2034 ne
2522 1997 2656 2035 eum
2675 1981 3038 2035 conﬁrmaret
3061 1979 3122 2034 in
3146 1979 3328 2047 malis,
3353 1980 3450 2034 sed
3467 1979 3627 2050 igno-

1994 2074 2194 2129 rantiae
2240 2074 2364 2145 ejus
2391 2073 2575 2128 ruinis
2619 2072 2919 2129 scientiam
2946 2071 3196 2127 veritatis
3228 2072 3510 2143 opposuit,
3545 2075 3624 2136 ut,

1995 2167 2042 2221 si
2074 2167 2172 2238 qui
2199 2166 2346 2222 forte
2371 2165 2786 2237 resipiscerent,
2818 2171 2875 2220 et
2897 2166 3090 2220 lumen
3117 2164 3368 2219 veritatis
3409 2163 3624 2235 aspice-

1993 2263 2144 2328 rent,
2176 2260 2444 2331 deceptos
2471 2275 2552 2329 se,
2582 2264 2639 2314 et
2661 2259 2719 2312 in
2746 2257 3057 2330 pmcipitia
3084 2258 3291 2313 erroris
3318 2257 3627 2311 abstractos

1994 2353 2198 2408 merito
2236 2353 2514 2419 dolerent,
2543 2356 2600 2407 et
2637 2351 2944 2406 iracundiae
2987 2351 3248 2405 salutaris
3296 2350 3492 2422 ignem
3527 2350 3624 2404 ad-

1995 2462 2222 2501 versum
2251 2445 2625 2517 deceptricem
2655 2461 2817 2499 suam
2837 2444 3203 2522 conciperent
3224 2443 3623 2515 ignorantiam.

1997 2539 2080 2594 Ob
2105 2539 2214 2593 hoc
2242 2539 2434 2609 itaque
2462 2537 2721 2592 dicebat:
2751 2558 2777 2586 «
2804 2539 2998 2608 Ignem
3021 2537 3155 2591 veni
3179 2536 3406 2591 mittere
3433 2536 3491 2590 in
3513 2538 3626 2591 ter-

1995 2648 2139 2698 ram,
2171 2647 2343 2702 quem
2372 2632 2498 2686 volo
2525 2635 2587 2686 ut
2615 2630 2958 2684 accendatur
2987 2630 3135 2700 (Luc.
3167 2645 3265 2698 xu,
3292 2629 3400 2698 49).
3435 2649 3462 2677 »

2068 2726 2164 2780 Est
2189 2739 2325 2796 ergo
2349 2739 2540 2794 pugna
2571 2723 2832 2794 quaedam
2870 2739 2999 2793 quae
3040 2721 3292 2793 gerenda
3335 2721 3499 2775 nobis
3543 2724 3630 2774 est

1995 2817 2054 2871 in
2082 2817 2190 2871 hac
2218 2816 2350 2870 vita.
2375 2816 2574 2871 Sermo
2604 2816 2760 2869 enim
2788 2814 3034 2869 veritatis
3068 2818 3126 2869 et
3149 2813 3404 2868 scientias
3439 2829 3626 2868 neces-

1996 2909 2146 2964 sario
2170 2912 2393 2980 separat
2418 2909 2680 2963 homines
2705 2908 2775 2961 ab
2806 2923 2996 2962 errore
3037 2911 3094 2961 et
3127 2907 3464 2977 ignorantia,
3489 2905 3631 2960 sicut

1998 3019 2145 3074 saepe
2172 3002 2425 3056 videmus
2445 3001 2788 3072 putrefactas
2809 3005 2866 3055 et
2892 3004 3177 3055 emortuas
3205 3017 3404 3055 carnes
3431 3015 3629 3070 corpo-

1999 3095 2076 3149 ris
2117 3112 2150 3148 a
2188 3094 2537 3150 connexione
2583 3093 2899 3148 viventium
2940 3093 3332 3148 membrorum
3375 3092 3527 3146 ferro
3570 3107 3629 3146 se

1998 3189 2175 3243 cautis
2231 3188 2499 3258 separari.
2539 3187 2669 3242 Tale
2723 3203 2860 3257 ergo
2914 3186 3130 3258 aliquid
3181 3189 3266 3241 est
3315 3185 3466 3257 quod
3512 3184 3631 3256 agit

1999 3281 2248 3336 veritatis
2274 3280 2508 3352 agnitio.
2537 3281 2768 3335 Necesse
2809 3283 2896 3334 est
2931 3279 3106 3349 enim,
3134 3283 3199 3334 ut
3239 3277 3432 3334 salutis
3460 3293 3630 3332 causa

1999 3375 2148 3429 filius
2187 3374 2362 3444 (verbi
2403 3373 2604 3445 gratia)
2641 3374 2738 3444 qui
2784 3389 3111 3428 sermonem
3166 3371 3445 3442 receperit
3492 3370 3631 3424 veri-

1999 3467 2132 3523 tatis
2157 3484 2190 3522 a
2218 3467 2545 3538 parentibus
2575 3471 2868 3537 separetur
2894 3465 3219 3531 incredulis,
3247 3469 3345 3520 aut
3380 3479 3627 3533 rursum,

1998 3563 2161 3631 pater
2185 3565 2476 3631 separetur
2502 3576 2534 3612 a
2559 3559 2696 3626 ﬁlio,
2727 3563 2827 3615 aut
2851 3559 2968 3614 ﬁlia
2991 3576 3025 3613 a
3055 3563 3259 3614 matre.
3286 3559 3355 3614 Et
3381 3558 3490 3613 hoc
3514 3573 3634 3612 mo-

1999 3653 2073 3708 do
2098 3652 2249 3707 inter
2277 3652 2624 3724 propinquos
2643 3655 2812 3723 atque
2838 3653 3292 3724 consanguineos
3319 3651 3628 3717 credentes,

2002 3748 2174 3815 atque
2201 3734 2544 3811 incredulos,
2572 3743 2822 3798 scientias
2847 3748 3017 3814 atque
3054 3744 3390 3816 ignorantiae
3419 3743 3632 3797 verita-

2000 3838 2185 3910 tisque
2222 3841 2280 3892 et
2317 3837 2527 3892 erroris
2566 3853 2760 3908 pugna
2797 3836 3070 3891 consistit.
3099 3839 3166 3890 Et
3191 3836 3262 3889 ob
3288 3836 3394 3889 hoc
3422 3834 3632 3888 iterum

2002 3931 2229 3986 dicebat
2258 3930 2356 4001 qui
2379 3947 2482 3984 nos
2506 3929 2697 3984 misit:
2727 3930 2893 3984 «Non
2922 3928 3055 3984 veni
3083 3942 3279 4000 pacem
3309 3927 3538 3981 mittere
3571 3926 3634 3980 in

2003 4030 2234 4092 terram,
2266 4025 2366 4078 sed
2406 4023 2660 4095 gladium
2691 4023 2904 4093 (Matth.
2933 4039 2989 4090 x,
3023 4022 3129 4091 34).
3166 4042 3192 4069 ››
3228 4020 3393 4084 Quod
3432 4019 3476 4073 si
3503 4018 3638 4073 dicit

2003 4118 2208 4189 aliquis
2237 4134 2250 4172 :
2275 4119 2342 4172 Et
2365 4117 2650 4188 quomodo
2666 4117 2888 4187 justum
2911 4114 3138 4169 videtur
3161 4112 3411 4184 separari
3441 4112 3586 4166 ﬁlios
3603 4128 3636 4165 a

2002 4211 2332 4282 parentibus
2353 4210 2535 4281 (Ibid.,
2560 4209 2679 4279 35)?
2696 4209 2841 4264 Audi
2865 4207 3178 4280 quomodo:
3198 4206 3334 4277 quia
3354 4221 3482 4260 cum
3502 4204 3638 4275 ipsis

2003 4303 2048 4358 si
2088 4304 2149 4358 in
2187 4319 2378 4358 errore
2419 4307 2814 4373 permaneant,
2845 4317 3032 4372 neque
3069 4299 3178 4354 illis
3216 4299 3552 4370 poderunt,
3583 4300 3642 4352 et

261 4399 419 4452 enim
448 4401 541 4452 est
566 4399 722 4453 utilis
746 4399 960 4467 vita,-et
980 4401 1155 4472 justa,
1180 4406 1237 4456 et
1253 4402 1574 4457 necessaria
1593 4401 1905 4469 iracundia,
1927 4405 1986 4476 D
2010 4397 2118 4469 ipsi
2155 4412 2286 4451 cum
2320 4395 2431 4449 illis
2481 4395 2694 4466 pariter
2745 4394 3078 4462 interibunt,
3113 4393 3334 4463 justum
3371 4391 3547 4463 igitur
3583 4395 3641 4445 et

261 4496 322 4543 ut
341 4491 743 4563 unusquisque
763 4493 823 4547 in
843 4493 1047 4565 quibus
1073 4495 1279 4550 erravit
1303 4500 1360 4550 et
1385 4511 1690 4567 perperam
1716 4494 1906 4566 gessit,

264 4583 609 4655 indignetur
635 4589 691 4639 et
716 4587 1087 4658 semetipsum
1111 4592 1353 4643 accuset.
1389 4589 1468 4642 Ex
1503 4604 1616 4659 qua
1649 4587 1908 4659 indigna-

263 4676 420 4731 tione
451 4677 790 4732 accenditur
835 4679 894 4733 in
942 4680 1107 4735 nobis
1150 4681 1301 4751 ignis
1348 4681 1606 4752 quidam,
1633 4680 1731 4752 qui
1757 4682 1910 4736 velut

264 4785 405 4838 agro
436 4769 621 4824 sterili
642 4771 952 4839 immissus,
981 4773 1332 4845 consumptis
1358 4778 1414 4829 et
1435 4774 1678 4828 excoctis
1701 4773 1906 4828 radici-

260 4862 367 4917 bus
398 4863 671 4935 pessimaa
715 4866 1037 4933 voluntatis,
1067 4867 1218 4922 bono
1247 4867 1452 4922 semini
1478 4867 1651 4922 verbo
1691 4866 1790 4921 Dei
1826 4867 1906 4921 fe-

259 4957 603 5011 cundiorem
658 4958 846 5012 cordis
891 4964 1179 5031 praeparet
1235 4960 1480 5032 glebam.
1520 4962 1662 5016 Puto
1713 4962 1908 5014 autem

259 5051 424 5118 quod
475 5050 615 5104 satis
661 5051 863 5122 dignas
921 5052 1176 5107 habeatis
1229 5069 1424 5107 causas
1471 5053 1796 5122 iracundiae,
1838 5069 1910 5106 ex

261 5142 479 5211 quibus
497 5141 845 5212 justissimus
871 5144 1021 5215 ignis
1047 5146 1152 5199 iste
1179 5146 1479 5216 coalescat,
1507 5147 1552 5200 si
1585 5145 1908 5201 considere-

263 5235 334 5287 tis
364 5235 432 5288 in
466 5238 711 5306 quantos
736 5252 836 5290 vos
863 5253 1081 5293 errores
1107 5237 1404 5294 deduxerit
1430 5239 1774 5308 ignorantiae
1796 5253 1913 5292 ma-

263 5326 408 5392 lum,
442 5316 798 5399 quantosque
817 5329 1006 5400 lapsus
1033 5336 1089 5385 et
1113 5334 1325 5401 quanta
1351 5332 1665 5403 praecipitia
1689 5331 1761 5385 ad
1787 5346 1912 5402 pec-

263 5420 523 5474 candum
561 5421 741 5491 dedit,
768 5439 801 5477 a
830 5424 1056 5494 quantis
1095 5441 1193 5481 vos
1231 5424 1394 5479 bonis
1434 5424 1728 5492 abstraxit,
1758 5429 1816 5478 et
1850 5423 1910 5477 in

264 5527 398 5580 qua:
443 5514 814 5585 praecipitavit
855 5516 1028 5585 mala,
1071 5523 1147 5588 et,
1185 5518 1339 5590 quod
1382 5521 1467 5574 est
1509 5534 1682 5589 super
1721 5516 1914 5572 omnia

268 5605 522 5673 gravius,
549 5608 706 5679 quod
731 5625 826 5663 vos
863 5610 922 5664 in
964 5612 1155 5668 futuro
1199 5615 1406 5668 saeculo
1454 5611 1686 5667 aeternis
1729 5609 1912 5682 poenis

268 5696 551 5753 obnoxios
575 5701 727 5756 fecit.
759 5704 956 5759 Nonne
988 5722 1090 5776 pro
1115 5705 1203 5760 his
1227 5706 1490 5761 omnibus
1518 5704 1613 5759 ubi
1642 5703 1797 5760 vobis
1823 5720 1912 5759 ve-

2005 4489 2169 4544 valde
2196 4490 2415 4559 justum
2449 4492 2535 4541 est
2567 4487 2819 4558 separari
2840 4503 2973 4541 eum
2995 4485 3091 4558 qui
3117 4485 3313 4541 salvari
3333 4484 3453 4538 vult
3476 4484 3547 4538 ab
3570 4499 3638 4537 eo

2009 4583 2106 4653 qui
2147 4599 2263 4636 non
2291 4582 2427 4635 vult.
2457 4580 2566 4636 Sed
2597 4585 2654 4634 et
2681 4579 2820 4634 illud
2851 4579 3100 4646 adverte,
3127 4577 3261 4649 quia
3286 4593 3400 4632 non
3429 4593 3503 4631 ex
3529 4575 3640 4630 illis

2009 4676 2106 4747 qui
2131 4675 2337 4730 rectius
2369 4673 2714 4743 intelligunt,
2743 4672 2899 4726 venit
2922 4672 3028 4726 ista
3053 4670 3354 4743 separatio,
3373 4669 3456 4723 illi
3485 4668 3639 4723 enim

2007 4770 2204 4823 volunt
2229 4784 2346 4822 esse
2375 4767 2586 4838 pariter
2604 4769 2662 4819 et
2680 4765 2947 4837 prodesse
2965 4765 3052 4818 his
3080 4769 3137 4819 et
3157 4765 3359 4820 docere
3381 4763 3636 4818 meliora.

2009 4862 2121 4918 Sed
2140 4860 2435 4933 proprium
2452 4865 2534 4914 est
2554 4859 2893 4930 ignorantiae
2915 4858 3139 4927 vitium,
3161 4860 3228 4912 ut
3253 4857 3640 4911 confutantem

2008 4972 2088 5023 se,
2115 4954 2367 5008 veritatis
2393 4953 2578 5007 lucem
2606 4968 2721 5006 non
2750 4952 2897 5006 ferat
2917 4951 3130 5006 habere
3163 4951 3234 5005 de
3268 4950 3541 5021 proximo.
3576 4950 3643 5002 Et

2009 5048 2138 5102 ideo
2165 5064 2232 5102 ex
2260 5047 2367 5101 illis
2395 5046 2502 5100 ista
2536 5044 2789 5099 noscitur
2817 5044 3113 5115 separatio.
3144 5045 3284 5098 Nam
3321 5042 3418 5114 qui
3463 5041 3639 5095 scien-

2010 5142 2154 5196 tiam
2209 5139 2457 5194 veritatis
2515 5137 2820 5209 accipiunt,
2863 5137 2958 5208 qni
2998 5136 3268 5191 bonitatis
3322 5137 3490 5207 plena
3535 5137 3638 5198 est,

2008 5239 2281 5306 tanquam
2304 5250 2336 5286 a
2349 5232 2503 5286 bono
2519 5233 2632 5286 Deo
2645 5229 3099 5301 datam,cupiunt
3116 5246 3242 5284 eam
3255 5229 3299 5282 si
3315 5227 3436 5282 ﬁeri
3456 5229 3642 5296 potest

2010 5343 2142 5382 cum
2168 5324 2428 5380 omnibus
2446 5324 2655 5380 habere
2673 5339 3060 5379 communem.
3084 5323 3268 5378 Etiam
3290 5336 3417 5375 cum
3436 5317 3524 5372 his
3542 5316 3641 5387 qui

2013 5421 2259 5476 oderunt
2294 5434 2410 5485 eos,
2451 5422 2507 5472 et
2558 5420 2999 5489 persequuntur.
3059 5415 3256 5471 Sciunt
3300 5411 3453 5466 enim
3504 5409 3641 5480 quia

2009 5515 2304 5586 peccatum
2342 5511 2594 5582 ipsorum
2632 5527 2803 5566 causa
2839 5507 3180 5581 ignorantiae
3211 5508 3310 5559 est.
3338 5505 3641 5574 Propterea

2013 5606 2259 5679 denique
2297 5604 2418 5676 ipse
2454 5603 2721 5675 Magister
2756 5619 2888 5657 cum
2928 5601 2998 5655 ab
3036 5599 3126 5654 his
3165 5595 3260 5668 qui
3300 5595 3643 5667 ignorabant

2011 5716 2142 5758 eum
2183 5699 2488 5755 duceretur
2524 5697 2595 5751 ad
2635 5711 2883 5756 crucem,
2927 5691 3124 5746 orabat
3160 5692 3382 5745 Patrem
3418 5706 3523 5762 pro
3563 5689 3643 5744 in-
