4046 6188
474 259 538 312 55
1370 256 1649 309 APPEND.
1691 256 1778 309 Al)
1817 257 1976 310 SzEC.
2021 256 2105 310 1Χ.
2138 284 2204 294 —-
2246 254 2485 309 lSlDORI
2525 245 2947 308 MERCATORIS
3768 257 3836 307 56

465 361 866 419 terfectoribus
912 361 1045 431 suis,
1078 365 1136 415 et
1179 361 1403 416 dicebat
1431 378 1444 416 :
1479 383 1507 411 «
1534 364 1717 432 Pater,
1751 363 1971 419 dimitte
2017 363 2098 418 eis
2118 373 2179 446 Α
2199 361 2461 432 diximus,
2492 348 2820 432 pervenitur
2848 360 2919 414 ad
2948 361 3189 415 Patrem.
3221 360 3366 413 Dum
3399 362 3597 414 autem
3632 376 3836 430 perve-

468 458 788 528 peccatum,
828 455 960 526 quia
1007 454 1269 509 nesciunt
1311 455 1447 526 quid
1496 455 1710 510 faciunt
1754 455 1899 526 (Luc.
1943 473 2097 526 xxm,

473 552 579 620 34).
604 570 632 600 ››
668 549 963 603 Imitantes
992 563 1221 620 quoque
1248 548 1508 620 discipuli
1532 549 1892 619 magistrum,
1925 551 2098 605 etiam

471 641 580 714 ipsi
600 658 730 697 cum
741 644 1089 712 paterentur,
1109 640 1369 696 similiter
1384 657 1488 712 pro
1507 641 1967 697 interfectoribus
1988 643 2101 697 suis

468 736 725 791 orabant.
769 735 932 800 Quod
969 734 1013 788 si
1053 734 1349 806 disciplina
1385 735 1550 790 nobis
1589 738 1675 790 est
1715 751 1881 790 orare
1924 735 2099 792 etiam

468 846 574 900 pro
612 828 1064 884 interfectoribus
1101 833 1156 883 et
1192 828 1648 899 persecutoribus
1690 827 1915 898 nostris,
1958 845 2098 900 quo-

470 921 642 977 modo
674 938 792 976 non
819 921 988 976 etiam
1014 924 1318 992 parentum
1339 923 1395 975 et
1421 921 1878 992 pr0pinquorum
1911 939 2102 993 perse-

469 1015 726 1070 cutiones
764 1015 936 1082 ferre,
977 1016 1035 1068 et
1085 1031 1188 1086 pro
1252 1013 1625 1069 conversione
1673 1030 1898 1081 eorum,
1941 1031 2100 1070 orare

471 1106 758 1162 credimur
777 1107 805 1161 ‘?

539 1202 681 1255 Tum
711 1199 918 1254 deinde
943 1199 1118 1254 etiam
1143 1199 1474 1271 diligentius
1510 1198 1938 1255 consideremus
1973 1217 2101 1272 quae

470 1294 543 1349 sit
578 1293 741 1349 nobis
779 1309 949 1347 causa
988 1297 1250 1364 parentes
1289 1292 1584 1364 diligendi,
1624 1309 1729 1363 pro
1771 1310 1860 1362 eo,
1893 1294 2098 1365 inquit,

471 1387 606 1458 quia
620 1387 749 1442 vita:
771 1390 976 1441 nostrae
996 1386 1263 1441 videntur
1283 1391 1560 1440 auctores.
1583 1389 1854 1442 Auctores
1872 1387 2102 1459 quidem

469 1481 860 1550 vitae-nostrm,
891 1483 1156 1550 parentes
1196 1495 1315 1533 non
1361 1481 1512 1546 sunt,
1552 1480 1653 1534 sed
1679 1479 1946 1535 ministri.
1976 1482 2099 1535 Non

471 1573 628 1628 enim
647 1573 825 1627 vitam
852 1572 1129 1643 praebent,
1155 1573 1251 1627 sed
1278 1571 1639 1642 ingrediendi
1664 1572 1828 1627 nobis
1859 1572 1932 1628 ad
1954 1573 2102 1628 hanc

467 1666 645 1720 vitam
662 1665 936 1721 exhibent
953 1664 1356 1733 ministerium,
1379 1669 1574 1720 auctor
1591 1668 1784 1720 autem
1805 1665 1933 1720 vita:
1952 1683 2102 1721 unus

471 1741 529 1813 et
550 1760 698 1813 solus
725 1761 810 1814 est
828 1760 993 1813 Deus.
1015 1757 1069 1813 Si
1093 1762 1283 1812 autem
1306 1761 1598 1813 auctorem
1616 1758 1742 1814 vitae
1759 1759 1998 1830 diligere
2010 1776 2103 1815 vo-
2121 1737 2180 1810 B

468 1852 681 1921 lumus,
709 1851 870 1906 illum
904 1850 1063 1906 nobis
1083 1867 1203 1906 esse
1237 1851 1590 1922 diligendum
1623 1851 1888 1920 sciamus,
1918 1852 2016 1907 sed
2041 1853 2104 1906 il-

469 1946 611 2011 lum,
642 1944 849 2016 inquit,
880 1960 1219 2015 cognoscere
1261 1961 1373 2000 non
1411 1943 1715 2015 potuimus,
1743 1944 1879 2000 istos
1908 1948 2102 2000 autem

470 2039 528 2092 et
551 2037 828 2105 novimus,
852 2042 908 2092 et
935 2038 993 2091 in
1021 2037 1228 2092 afl‘ectu
1256 2037 1556 2092 habemus.
1590 2039 1742 2105 Esto,
1774 2055 1888 2093 non
1915 2039 2098 2109 potui-

469 2129 568 2184 stis
591 2147 932 2202 cognoscere
958 2131 1086 2200 quis
1107 2131 1355 2198 sitDeus,
1373 2131 1511 2202 quid
1527 2135 1718 2186 tamen
1736 2148 1850 2186 non
1868 2131 1940 2187 sit
1959 2133 2102 2186 Deus

471 2224 735 2295 perfacile
764 2223 906 2277 scire
931 2224 1212 2294 potuistis.
1231 2225 1374 2278 Nam
1394 2224 1682 2294 quomodo
1709 2225 1889 2278 latere
1918 2226 2104 2294 potuit

471 2317 789 2383 hominem,
806 2317 960 2387 quod
973 2316 1194 2387 lignum
1210 2320 1308 2370 aut
1322 2317 1462 2387 lapis
1476 2319 1576 2370 aut
1589 2333 1664 2370 aes
1675 2317 1762 2371 vel
1775 2316 2102 2387 hujusmodi

469 2410 707 2465 materia
722 2411 870 2464 Deus
885 2426 1000 2464 non
1023 2409 1129 2463 sit?
1149 2409 1309 2472 Quod
1332 2409 1375 2462 si
1393 2409 1453 2463 in
1474 2409 1561 2463 his
1577 2426 1705 2480 quae
1723 2409 1886 2464 facile
1906 2410 2104 2481 depre-

471 2503 722 2557 hendere
752 2502 1010 2573 potuistis
1037 2501 1294 2556 animum
1314 2502 1385 2556 ad
1409 2501 1825 2557 discutiendum
1850 2502 2103 2557 voluistis

470 2595 790 2663 intendere,
813 2599 1035 2650 certum
1065 2597 1150 2649 est
1187 2594 1322 2666 quia
1361 2601 1416 2650 et
1453 2595 1512 2648 in
1543 2594 1838 2666 agnitione
1867 2595 1968 2650 Dei
1992 2595 2098 2648 im-

470 2688 645 2758 pediti
672 2689 824 2757 estis,
857 2705 970 2743 non
1012 2688 1474 2759 impossibilitatis
1519 2689 1618 2743 sed
1661 2688 1906 2759 ignaviae
1946 2688 2100 2759 vitio,

474 2797 606 2835 nam
631 2782 676 2835 si
700 2782 1009 2836 voluissetis
1042 2798 1108 2836 ex
1147 2782 1234 2835 his
1275 2781 1410 2852 ipsis
1453 2781 1747 2836 inutilibus
1789 2782 2103 2838 simulacris

472 2874 724 2943 profecto
748 2874 1096 2944 accepissetis
1125 2873 1522 2944 intelligentiae
1547 2874 1716 2928 viam.
1746 2875 1975 2929 Certum
1996 2879 2099 2943 est,

471 2964 602 3036 quia
632 2982 735 3036 per
766 2967 982 3021 ferrum
1020 2967 1166 3021 facta
1199 2969 1330 3021 sunt
1373 2968 1691 3034 simulacra,
1725 2968 1943 3022 ferrum
1970 2985 2102 3023 vero

468 3074 570 3130 per
598 3058 792 3130 ignem
818 3059 1135 3114 confectum
1163 3063 1266 3114 est.
1297 3060 1402 3124 Qui
1431 3060 1579 3131 ignis
1617 3077 1763 3132 aqua
1791 3061 2100 3132 exstingui-

470 3156 582 3218 tur,
612 3169 758 3223 aqua
785 3156 977 3208 autem
1002 3169 1104 3224 per
1133 3153 1395 3224 spiritum
1424 3156 1704 3208 movetur.
1729 3153 1972 3224 Spiritus
1998 3171 2100 3208 au-

474 3248 587 3299 tem
607 3261 640 3298 a
667 3248 778 3300 Deo
798 3245 1028 3300 initium
1053 3246 1246 3301 habet.
1269 3247 1360 3302 Sic
1384 3246 1538 3301 enim
1565 3247 1708 3300 dixit
1735 3248 1948 3318 Moyses
1967 3264 2098 3318 pro-

468 3338 641 3408 pheta
672 3355 684 3392 :
719 3361 745 3387 ‹‹
773 3341 835 3394 In
862 3339 1142 3410 principio
1181 3339 1315 3394 fecit
1342 3341 1486 3394 Deus
1525 3341 1734 3393 coelum
1773 3345 1830 3394 et
1866 3344 2098 3395 terram.

470 3431 636 3485 Terra
662 3435 854 3486 autem
885 3436 1010 3486 erat
1037 3431 1330 3487 invisibilis
1356 3436 1410 3486 et
1439 3432 1834 3503 incomposita,
1861 3435 1919 3488 et
1942 3437 2100 3489 tene-

472 3524 590 3578 brae
627 3529 788 3579 erant
823 3541 993 3596 super
1027 3526 1234 3580 faciem
1272 3525 1478 3598 abyssi,
1505 3528 1562 3580 et
1590 3525 1832 3596 Spiritus
1860 3525 1958 3580 Dei
1984 3529 2104 3581 erat

473 3632 644 3687 super
681 3634 860 3689 aquas
903 3619 1050 3688 (Gen.
1091 3635 1129 3682 ι,
1172 3622 1218 3687 l,
1261 3620 1333 3689 2).
1375 3641 1402 3668 »
1446 3618 1554 3683 Qui
1597 3617 1840 3690 Spiritus
1878 3618 2102 3674 Domini

465 3710 629 3779 jussu
659 3711 820 3782 quasi
840 3711 963 3782 ipsa
990 3728 1192 3766 manus
1219 3711 1538 3767 Conditoris
1556 3713 1739 3767 lucem
1771 3711 2050 3784 separavit
2069 3729 2102 3767 a

471 3803 743 3872 tenebris,
772 3808 829 3859 et
856 3807 986 3876 post
1009 3804 1150 3859 illud
1169 3804 1448 3861 invisibile
1475 3806 1679 3860 coelum
1705 3805 1857 3861 istud
1885 3805 2103 3861 visibile

471 3897 758 3967 produxit,
790 3901 855 3952 ut
883 3899 1175 3969 superiora
1202 3899 1433 3969 quidem
1467 3899 1857 3953 habitaculum
1892 3900 2104 3954 faceret

472 3993 709 4062 angelis,
733 3991 1004 4046 inferiora
1029 4008 1163 4046 vero
1189 3992 1538 4046 hominibus.
1567 3994 1801 4061 Propter
1826 4008 1923 4046 vos
1939 3992 2102 4062 jussu

470 4084 569 4138 Dei
601 4100 749 4154 aqua
787 4100 914 4154 quae
953 4087 1073 4137 erat
1111 4099 1281 4154 super
1319 4082 1519 4136 faciem
1558 4087 1727 4137 terraa
1768 4084 2017 4150 secessit,
2037 4087 2104 4138 ut

471 4178 625 4229 terra
653 4176 811 4229 vobis
840 4174 1175 4244 produceret
1204 4175 1437 4229 fructus.
1469 4173 1569 4229 Cui
1592 4175 1766 4230 etiam
1797 4176 2102 4231 humorum

472 4282 643 4320 venas
684 4266 928 4322 latenter
964 4267 1202 4322 inseruit
1240 4271 1302 4322 ut
1337 4265 1494 4321 vobis
1532 4283 1597 4321 ex
1647 4285 1716 4323 ea
1752 4267 2106 4339 proﬂuerent

470 4359 655 4414 fontes
693 4362 747 4413 ct
783 4360 1041 4417 hmine.
1069 4362 1306 4432 PrOpter
1332 4378 1435 4416 nos
1476 4363 1795 4434 producere
1823 4362 1978 4433 jussa
2017 4367 2104 4417 est

2201 455 2418 523 neritis,
2445 454 2740 526 agnoscite
2775 454 2920 508 hanc
2951 469 3071 508 esse
3105 453 3449 508 voluntatem
3480 452 3620 523 ejus,
3642 458 3710 508 ut
3733 470 3840 524 per

2199 565 2393 620 aquas,
2421 565 2549 620 quae
2586 547 2787 618 primae
2808 549 3009 602 creatae
3042 551 3191 614 sunt,
3220 546 3406 600 denuo
3430 546 3838 602 renascamini.

2203 642 2313 706 Qui
2331 642 2485 696 enim
2505 646 2878 712 regeneratus
2903 639 3076 695 fuerit
3097 656 3201 711 per
3217 656 3452 710 aquam,
3468 639 3635 694 bonis
3657 640 3839 710 operi-

2200 735 2306 789 bus
2340 735 2611 806 repletus,
2652 735 2832 790 haeres
2871 733 3115 788 efficitur
3151 733 3275 803 ejus
3325 750 3358 786 a
3394 749 3504 805 quo
3543 732 3603 786 in
3641 733 3838 787 incor-

2199 828 2464 899 ruptione
2496 831 2865 898 regeneratus
2889 829 2990 881 est.
3015 828 3254 897 Propter
3279 826 3451 897 quod,
3474 827 3689 897 paratis
3719 826 3844 881 ani-

2203 921 2313 975 mis
2333 921 2601 988 accedite,
2623 920 2782 991 quasi
2804 919 2908 974 ﬁlii
2935 919 3004 974 ad
3034 921 3279 990 patrem,
3307 920 3371 972 ut
3399 924 3629 989 peccata
3648 925 3844 974 vestra

2202 1014 2494 1069 diluantur
2515 1016 2572 1069 et
2598 1029 2764 1067 causa
2785 1029 2987 1067 eorum
3019 1013 3136 1067 sola
3157 1011 3485 1082 ignorantia
3506 1013 3677 1066 fuisse
3701 1029 3839 1084 pro-

2200 1106 2371 1162 betur
2407 1107 2559 1178 apud
2600 1106 2923 1161 Dominum.
2953 1107 3096 1160 Nam
3125 1106 3170 1160 si
3203 1109 3327 1177 post
3357 1105 3714 1176 agnitionem
3740 1106 3843 1160 ho—

2201 1217 2326 1255 rum
2355 1199 2706 1273 permanetis
2727 1199 2784 1254 in
2803 1199 3222 1268 incredulitate,
3245 1198 3403 1253 vobis
3421 1199 3544 1269 jam
3572 1199 3844 1269 perditio-

2200 1294 2289 1349 nis
2304 1297 2502 1349 vestrze
2519 1311 2702 1361 causa,
2727 1297 2786 1348 et
2806 1310 2919 1349 non
2942 1291 3304 1364 ignorantiae,
3319 1292 3710 1363 reputabitur;
3733 1309 3845 1347 nec

2201 1387 2412 1458 putetis
2437 1388 2612 1442 etiam
2643 1387 2797 1458 quod
2825 1387 2869 1441 si
2905 1402 3139 1441 omnem
3178 1385 3448 1456 pietatem
3487 1385 3682 1440 colatis
3713 1402 3840 1440 om-

2203 1497 2452 1553 nemque
2489 1480 2797 1551 justitiam,
2831 1479 3186 1550 baptismum
3214 1495 3347 1533 vero
3379 1494 3493 1533 non
3532 1478 3841 1549 accipiatis,

2201 1590 2362 1645 spem
2399 1572 2623 1645 possitis
2660 1573 2869 1628 habere
2911 1572 3064 1643 apud
3102 1557 3429 1638 Dominum,
3457 1571 3574 1626 imo
3615 1572 3840 1642 majore

2201 1683 2371 1738 poena
2398 1666 2562 1738 digni
2599 1666 2756 1721 eritis
2785 1666 2884 1737 qui
2915 1666 3068 1720 bona
3099 1682 3272 1736 opera
3297 1681 3412 1719 non
3441 1665 3589 1719 bene
3619 1665 3843 1736 operati

2205 1760 2359 1816 estis.
2386 1759 2688 1816 Confertur
2714 1759 2870 1814 enim
2896 1759 3170 1813 meritum
3197 1757 3420 1813 homini
3446 1774 3514 1813 ex
3543 1757 3708 1812 bonis
3738 1775 3841 1829 ge-

2203 1854 2321 1921 stis,
2350 1853 2452 1908 sed
2481 1853 2527 1907 si
2558 1853 2638 1907 ita
2669 1856 2943 1924 gerantur
2970 1851 3116 1906 sicut
3148 1852 3292 1906 Deus
3311 1851 3478 1921 jubet
3508 1868 3521 1906 :
3552 1853 3701 1906 Deus
3733 1869 3838 1906 au-

2201 1951 2319 2001 tem
2342 1945 2511 2017 jussit
2535 1962 2768 2001 omnem
2791 1945 3075 2000 colentem
3101 1961 3160 1998 se
3187 1944 3469 2015 baptismo
3489 1944 3842 2016 consignari.

2202 2040 2360 2104 Quod
2407 2039 2455 2093 si
2492 2056 2589 2094 vos
2635 2036 2960 2106 renueritis,
2990 2043 3053 2092 ut
3088 2041 3291 2092 vestrae
3335 2037 3611 2094 voluntati
3656 2038 3846 2108 magis

2204 2149 2379 2203 quam
2406 2132 2502 2188 Dei
2534 2131 2966 2203 obtemperetis,
2998 2130 3271 2186 contrarii
3297 2130 3419 2184 sine
3446 2129 3621 2185 dubio
3643 2136 3701 2186 et
3725 2131 3841 2186 ini-

2202 2225 2340 2280 mici
2367 2226 2499 2280 estis
2527 2225 2805 2280 voluntati
2839 2225 2981 2295 ejus.
3018 2224 3126 2280 Sed
3154 2224 3352 2278 dicetis
3375 2224 3616 2278 fortasse
3641 2242 3654 2278 :

2203 2321 2207 2324 ’
2271 2318 2418 2383 Quid
2445 2319 2668 2373 confert
2693 2335 2858 2389 aquas
2879 2317 3198 2388 baptismus
3224 2317 3295 2371 ad
3318 2318 3416 2371 Dei
3436 2316 3692 2372 cultum?
3715 2318 3840 2372 Pri-

2202 2429 2296 2466 mo
2342 2411 2595 2482 quidem,
2629 2411 2763 2482 quia
2805 2411 2963 2482 quod
3011 2410 3255 2464 Domino
3293 2409 3505 2481 placuit
3541 2411 3838 2481 impletur.

2204 2505 2486 2570 Secundo,
2513 2503 2646 2575 quia
2694 2507 3032 2574 regenerato
3079 2520 3149 2557 ex
3187 2503 3346 2573 aquis
3384 2506 3442 2556 et
3477 2504 3589 2558 Deo
3637 2507 3840 2558 renato

2201 2597 2480 2668 fragilitas
2504 2596 2706 2668 prioris
2738 2596 3042 2650 nativitatis
3068 2612 3199 2667 quae
3225 2595 3383 2650 vobis
3408 2613 3514 2667 per
3538 2596 3841 2651 hominem

2203 2691 2353 2745 facta
2376 2693 2462 2743 est
2480 2691 2828 2760 amputatur,
2853 2693 2911 2744 et
2929 2688 3010 2743 ita
3030 2688 3268 2743 demum
3295 2689 3595 2760 pervenire
3622 2689 3840 2760 poteri-

2201 2783 2273 2838 tis
2301 2783 2374 2837 ad
2406 2782 2675 2836 salutem.
2704 2782 2884 2835 Aliter
2906 2781 3258 2852 impossibile
3291 2784 3394 2836 est.
3425 2781 3514 2837 Sic
3551 2782 3708 2837 enim
3739 2799 3839 2837 no-

2201 2875 2289 2930 bis
2310 2892 2443 2949 cum
2463 2879 2822 2930 sacramento
2849 2891 3015 2929 verus
3041 2876 3327 2946 Propheta
3352 2877 3592 2930 testatus
3619 2877 3724 2942 est,
3755 2875 3838 2930 di-

2203 2986 2336 3024 cens
2369 2986 2382 3023 :
2429 2989 2456 3017 ‹‹
2499 2970 2701 3036 Amen,
2736 2984 2910 3022 amen
2942 2967 3070 3022 dico
3099 2968 3287 3034 vobis,
3332 2967 3440 3022 nisi
3483 2968 3611 3039 quis
3647 2968 3842 3024 denuo

2202 3066 2436 3117 renatus
2464 3061 2637 3116 fuerit
2664 3078 2734 3115 ex
2755 3077 2905 3131 aqua
2924 3061 3064 3129 viva,
3089 3077 3208 3115 non
3227 3060 3482 3116 introibit
3506 3061 3566 3116 in
3593 3078 3846 3132 regnum

2203 3155 2477 3210 caelorum
2509 3154 2686 3224 (Joan.
2721 3170 2800 3220 1n,
2830 3155 2937 3224 3).»
2957 3155 3026 3208 Et
3053 3154 3184 3208 ideo
3206 3155 3535 3209 accelerate.
3561 3156 3659 3208 Est
3682 3155 3842 3210 enim

2202 3249 2260 3302 in
2291 3247 2451 3319 aquis
2476 3246 2596 3301 istis
2621 3246 3018 3301 misericordia
3049 3247 3172 3318 ejus
3198 3247 3461 3318 quaedam
3489 3264 3617 3318 quae
3639 3265 3710 3302 ex
3729 3248 3842 3303 ini-

2203 3340 2281 3396 tio
2329 3340 2616 3395 ferebatur
2656 3357 2828 3410 super
2859 3355 2972 3408 eas,
3003 3343 3061 3393 et
3099 3339 3358 3411 agnoscit
3389 3357 3484 3395 eos
3514 3341 3611 3412 qui
3650 3341 3843 3412 bapti-

2202 3436 2404 3488 zantur
2430 3433 2532 3487 sub
2552 3431 2929 3504 appellatione
2953 3431 3187 3503 triplicis
3212 3433 3572 3503 sacramenti,
3593 3438 3650 3487 et
3670 3434 3847 3506 eripit

2203 3543 2300 3582 eos
2320 3525 2390 3579 de
2412 3525 2721 3596 suppliciis,
2750 3524 2978 3592 futuris,
3000 3525 3159 3596 quasi
3194 3524 3411 3580 donum
3437 3526 3725 3596 quoddam
3749 3527 3841 3581 of-

2202 3620 2392 3674 ferens
2420 3619 2534 3673 Deo
2551 3619 2768 3672 animas
2790 3635 2893 3689 per
2908 3617 3254 3688 baptismum
3283 3621 3659 3673 consecratas.
3684 3621 3839 3674 Con-

2203 3713 2384 3785 fugite
2402 3729 2539 3784 ergo
2568 3712 2638 3766 ad
2668 3728 2842 3782 aquas
2870 3711 3022 3774 istas,
3054 3711 3187 3766 solae
3213 3714 3346 3764 sunt
3373 3712 3528 3766 enim
3556 3728 3683 3782 quae
3709 3729 3842 3783 pos-

2201 3809 2334 3860 sunt
2361 3805 2475 3858 vim
2504 3804 2683 3860 futuri
2715 3802 2866 3874 ignis
2901 3803 3276 3875 exstinguere.
3308 3805 3389 3859 Ad
3416 3821 3554 3876 quas
3581 3804 3679 3875 qui
3706 3821 3838 3859 mo-

2202 3903 2362 3953 ratur
2388 3897 2681 3965 accedere,
2709 3900 2934 3952 constat
2960 3897 3020 3951 in
3042 3913 3110 3950 eo
3142 3897 3325 3952 adhuc
3351 3896 3699 3952 inﬁdelitatis
3721 3897 3846 3953 ido-

2201 3991 2323 4046 lum
2373 4006 2732 4061 permanere,
2775 3992 2834 4044 et
2887 3989 2959 4045 ab
3013 3989 3136 4061 ipso
3194 3990 3480 4060 prohiberi
3537 3990 3609 4044 ad
3665 4007 3844 4062 aquas

2201 4099 2510 4155 properare
2536 4099 2664 4154 quae
2691 4082 2935 4137 salutem
2956 4082 3272 4138 conferunt.
3303 4082 3431 4138 Sive
3460 4083 3610 4137 enim
3626 4083 3842 4154 justus,

2201 4177 2316 4233 sive
2333 4177 2403 4232 sit
2416 4175 2682 4247 injustus,
2698 4175 3011 4247 baptismus
3027 4192 3133 4247 per
3149 4175 3340 4230 omnia
3358 4174 3710 4231 necessarius
3732 4181 3842 4247 est,

2195 4270 2350 4342 justo
2388 4269 2624 4341 quidem
2650 4274 2711 4324 ut
2737 4269 3120 4340 adimpleatur
3149 4267 3209 4322 in
3249 4285 3315 4323 eo
3352 4268 3628 4340 perfectio
3657 4272 3715 4323 et
3743 4286 3842 4323 re-

2200 4367 2509 4435 generetur
2535 4364 2671 4429 Deo,
2693 4362 2905 4433 injusto
2928 4377 3059 4416 vero
3091 4364 3154 4416 ut
3175 4365 3543 4432 peccatorum
3566 4378 3692 4432 quae
3717 4378 3847 4433 ges-

471 4451 784 4508 animantia
809 4459 865 4510 et
906 4454 1099 4509 omnia
1143 4472 1272 4526 quae
1312 4459 1505 4510 nostro
1547 4456 1676 4510 usui
1719 4455 2101 4528 voluntatique
2119 4454 2179 4527 D
2203 4457 2274 4512 sit
2295 4456 2555 4511 remissio
2583 4456 2948 4510 concedatur.
2979 4454 3255 4510 Omnibus
3281 4470 3420 4526 ergo
3446 4454 3844 4510 festinandum

472 4547 768 4603 servirent.
796 4550 880 4603 An
912 4565 1026 4603 non
1051 4552 1287 4620 propter
1311 4566 1406 4603 vos
1432 4548 1586 4604 venti
1628 4549 1890 4621 spirant?
1936 4553 1997 4603 ut
2034 4566 2101 4604 ex

471 4639 610 4711 ipsis
636 4641 961 4713 concipiens
989 4643 1201 4698 fructus
1230 4642 1388 4698 vobis
1418 4646 1573 4697 terra
1598 4642 1922 4714 parturiat?
1951 4645 2099 4698 Non-

473 4748 544 4787 ne
569 4738 802 4806 propter
824 4753 921 4790 vos
951 4736 1161 4792 imbres
1199 4735 1490 4808 proﬂuunt
1514 4739 1572 4789 et
1598 4739 1860 4808 tempora
1889 4735 2099 4790 vicissi-

470 4827 696 4882 tudines
721 4830 988 4884 mutant?
1020 4831 1164 4884 Num
1193 4833 1427 4902 propter
1454 4846 1551 4884 vos
1577 4829 1656 4884 sol
1689 4830 1888 4897 oritur,
1922 4833 1979 4883 et
2005 4847 2100 4885 oc-

469 4919 622 4987 cidit,
665 4924 723 4976 et
759 4923 1102 4978 mutationes
1152 4923 1290 4978 luna
1336 4922 1697 4995 perpetitur?
1734 4927 1968 4995 propter
2004 4940 2103 4978 vos

473 5029 633 5068 mare
685 5015 909 5071 exhibet
952 5017 1286 5072 famulatum
1339 5033 1525 5085 suum,
1571 5021 1637 5071 ut
1673 5016 1830 5072 vobis
1867 5015 2102 5088 ingratis

471 5111 674 5161 cuncta
691 5097 1055 5179 subjaceant?
1077 5111 1274 5165 Nonne
1300 5127 1405 5181 pro
1426 5110 1516 5165 his
1537 5110 1802 5165 omnibus
1820 5110 1975 5180 justa
1996 5110 2106 5164 erit

468 5199 702 5254 ultionis
714 5217 905 5272 pcena,
919 5203 1051 5274 quia
1070 5203 1274 5258 horum
1291 5204 1553 5258 omnium
1572 5203 1908 5274 largitorem
1921 5219 2103 5275 quem

471 5297 602 5349 ante
631 5294 824 5349 omnia
845 5299 898 5350 et
922 5310 1230 5367 agnoscere
1253 5300 1310 5352 et
1326 5297 1590 5352 venerari
1613 5295 1903 5365 debuistis,
1920 5297 2104 5351 solum

471 5386 600 5461 12
632 5404 750 5460 prae
775 5389 989 5444 caeteris
1016 5389 1334 5461 ignoratis?
1361 5391 1471 5446 Sed
1518 5393 1576 5446 et
1611 5407 1766 5446 nunc
1809 5406 1915 5461 per
1948 5389 2102 5445 idem

467 5497 568 5536 vos
586 5482 772 5537 adhuc
794 5482 853 5537 in
871 5481 1306 5554 intelligentiam
1331 5485 1454 5556 ejus
1475 5484 1642 5539 duco.
1657 5483 1867 5538 Videtis
1889 5483 2104 5539 etenim

471 5575 628 5645 quod
647 5577 838 5632 omnia
859 5577 1176 5649 gignuntur
1200 5593 1265 5633 ex
1299 5577 1480 5650 aquis,
1506 5593 1653 5649 aqua
1677 5593 1810 5632 vero
1839 5593 1942 5648 per
1966 5575 2101 5632 Uni-

471 5668 736 5738 genitum
753 5689 818 5726 ex
849 5671 1012 5727 initio
1043 5671 1192 5727 facta
1222 5674 1326 5738 est,
1357 5670 1644 5744 Unigeniti
1670 5688 1804 5726 vero
1839 5669 2103 5742 omnipo-

473 5764 599 5816 tens
630 5763 774 5819 Deus
799 5769 966 5836 caput
997 5770 1099 5836 est,
1131 5781 1236 5838 per
1263 5781 1435 5838 quem
1468 5765 1566 5821 tali
1599 5764 1820 5836 ordine,
1841 5769 1905 5820 ut
1938 5781 2106 5837 supra

2204 4552 2290 4605 est
2320 4550 2442 4604 sine
2469 4565 2630 4604 mora
2664 4548 2887 4603 renasci
2915 4549 3052 4615 Deo,
3074 4552 3131 4604 et
3155 4547 3388 4603 demum
3420 4547 3746 4618 consignari
3766 4548 3846 4602 ab

2203 4644 2489 4715 episcopo,
2513 4641 2570 4697 id
2590 4646 2693 4710 est,
2715 4641 3106 4713 septiformem
3136 4641 3379 4713 gratiam
3399 4641 3640 4712 Spiritus
3658 4641 3844 4694 sancti

2201 4737 2513 4810 percipere,
2554 4735 2685 4807 quia
2732 4734 2980 4790 incertus
3031 4738 3115 4790 est
3158 4735 3601 4806 uniuscujusque
3653 4733 3842 4788 exitus

2202 4830 2348 4885 vitae.
2380 4830 2519 4884 Cum
2560 4831 2752 4883 autem
2793 4829 3164 4898 regeneratus
3191 4827 3363 4883 fuerit
3388 4843 3492 4897 per
3518 4841 3750 4898 aquam,
3782 4831 3844 4881 et

2201 4923 2569 4996 postmodum
2597 4921 2942 4993 septiformis
2968 4920 3209 4991 Spiritus
3237 4920 3423 4991 gratia
3443 4920 3512 4974 ab
3541 4920 3837 4992 episcopo,

2203 5019 2665 5072 utmemoratum
2689 5018 2793 5082 est,
2814 5014 3204 5081 confirmatus,
3218 5013 3350 5085 quia
3371 5013 3535 5068 aliter
3549 5011 3842 5084 perfectus

2205 5127 2325 5166 esse
2377 5109 2724 5165 Christianus
2779 5122 3152 5178 nequaquam
3207 5106 3440 5179 poterit,
3484 5121 3585 5161 nec
3635 5104 3841 5159 sedem

2203 5203 2414 5258 habere
2453 5203 2603 5258 inter
2639 5201 2918 5273 perfectos
2971 5199 3016 5254 si
3053 5216 3171 5254 non
3209 5198 3564 5267 necessitate,
3606 5197 3704 5251 sed
3747 5197 3842 5252 in-

2203 5296 2360 5352 curia
2397 5299 2493 5350 aut
2529 5294 2816 5350 voluntate
2857 5292 3212 5360 remanserit,
3255 5297 3316 5346 ut
3368 5309 3401 5346 a
3453 5290 3620 5346 beato
3675 5291 3849 5344 Petro

2207 5391 2463 5462 apostolo
2492 5387 2818 5460 accepimus
2847 5391 2904 5442 et
2932 5386 3124 5442 caeteri
3153 5385 3329 5440 sancti
3359 5383 3597 5457 apostoli
3634 5383 3846 5454 praeci-

2206 5484 2400 5556 piente
2429 5482 2671 5538 Domino
2695 5481 3030 5550 docuerunt,
3047 5482 3104 5535 et
3121 5479 3356 5534 demum
3373 5494 3438 5532 ex
3456 5476 3722 5550 operibus
3740 5475 3845 5530 bo-

2207 5578 2296 5633 nis
2311 5576 2575 5633 ostendat
2589 5575 2646 5630 in
2666 5591 2724 5631 se
2744 5573 3178 5630 similitudinem
3194 5571 3335 5644 ejus,
3349 5570 3448 5644 qui
3463 5586 3596 5626 eum
3618 5569 3847 5641 genuit,

2203 5671 2400 5726 Patris.
2430 5673 2564 5726 Post
2587 5670 2711 5726 haec
2737 5684 2869 5724 vero
2901 5671 3174 5739 agnoscat
3202 5665 3512 5722 Dominum
3542 5663 3844 5730 honorare,

2206 5765 2394 5832 honor
2430 5767 2625 5819 autem
2667 5763 2789 5833 ejus
2829 5763 2932 5831 est,
2975 5762 3037 5814 ut
3073 5759 3149 5815 ita
3188 5758 3337 5815 vivat
3373 5757 3517 5814 sicut
3543 5756 3662 5830 ipse
3692 5755 3841 5823 vult;
