4046 6188
256 229 316 280 5‘:
1360 267 1364 270 .
1517 219 1989 277 DECRETALIUM
2026 221 2411 276 COLLECTIO.
3555 234 3618 286 58

254 333 366 386 vult
391 331 548 386 enim
569 345 1041 402 unumquemque
1065 328 1147 384 ita
1164 329 1373 395 vivere,
1400 332 1466 382 ut
1495 328 1885 395 homicidium,
1909 340 1969 413 Α
1988 328 2098 399 26).
2120 327 2204 382 Ad
2229 327 2509 399 quosdam
2535 345 2674 400 ergo
2701 345 2771 384 ex
2789 321 2944 401 ipsis,
2974 345 3087 386 non
3114 332 3186 386 ad
3211 348 3430 403 omnes,
3461 334 3614 392 dice-

251 431 303 479 et
343 424 696 479 adulterium
735 424 972 492 nesciat,
1014 422 1211 477 odium
1250 427 1308 478 et
1347 421 1643 477 avaritiam
1686 421 1886 493 fugiat,

249 520 416 584 iram,
457 518 808 588 superbiam,
836 517 1172 587 jactantiam
1202 521 1435 589 respuat
1463 520 1518 570 et
1545 518 1889 571 exsecretur.

248 611 524 666 Invidiam
561 627 787 682 quoque
825 613 882 664 et
919 614 1121 665 caetera
1147 610 1236 664 his
1274 609 1483 664 similia
1506 610 1742 681 penitus
1769 625 1802 662 a
1831 624 1890 662 se

250 706 418 759 ducat
441 704 654 758 aliena.
687 706 781 759 Est
811 720 943 758 sana
971 703 1202 776 propria
1231 703 1495 775 quaedam
1521 707 1728 758 nostrae
1754 701 1890 756 reli-

254 798 435 870 gionis
467 797 845 863 observantia,
874 813 1004 868 qua:
1031 813 1149 850 non
1175 800 1290 850 tam
1317 795 1634 867 imponitur
1652 793 1894 849 homini-

251 891 352 946 bus
381 907 566 963 quam
590 890 819 962 proprie
858 890 928 944 ab
958 904 1304 961 unoquoque
1341 888 1647 943 Dominum
1675 888 1891 942 colente

255 1000 417 1039 causa
441 984 710 1056 puritatis
738 983 1036 1054 expetitur,
1069 982 1138 1036 de
1165 981 1510 1037 castimoniae
1530 981 1656 1051 dico
1679 981 1894 1035 cautela

256 1079 411 1149 cujus
457 1078 676 1150 species
717 1076 914 1132 multae
956 1080 1106 1131 sunt.
1156 1075 1262 1131 Sed
1302 1079 1368 1130 ut
1406 1075 1592 1147 primo
1637 1074 1894 1128 observet

256 1171 667 1242 unusquisque,
692 1187 763 1225 ne
789 1173 1158 1224 menstruatae
1188 1167 1414 1223 mulieri
1439 1168 1762 1236 misceatur,
1787 1167 1890 1221 hoc

259 1264 403 1318 enim
432 1263 780 1318 exsecrabile
796 1262 951 1317 ducit
969 1262 1062 1316 lex
1083 1261 1326 1316 Domini.
1349 1260 1507 1324 Quod
1529 1259 1572 1313 si
1598 1260 1690 1314 lex
1711 1259 1781 1314 de
1801 1259 1891 1314 his

261 1373 363 1412 non
388 1357 761 1425 admonisset,
784 1372 889 1410 nos
910 1360 971 1409 ut
995 1354 1168 1410 catuli
1188 1353 1431 1408 libenter
1450 1354 1812 1408 volveremur
1830 1353 1891 1406 in

259 1455 522 1504 stercore.
557 1449 839 1504 Debemus
875 1447 1089 1518 aliquid
1124 1446 1365 1518 amplius
1396 1446 1603 1500 habere
1632 1444 1888 1499 animali-

259 1544 375 1610 bus,
403 1547 606 1614 utpote
637 1541 995 1597 rationabiles
1024 1540 1286 1594 homines
1327 1543 1385 1594 et
1422 1538 1734 1593 cmlestium
1762 1553 1887 1592 sen-

263 1652 420 1690 suum
465 1651 722 1706 capaces,
763 1634 970 1706 quibus
1002 1633 1211 1688 summi
1253 1631 1426 1686 studii
1471 1647 1589 1686 esse
1621 1631 1788 1685 debet
1821 1630 1890 1684 ab

1988 421 2088 475 bat
2119 437 2132 475 :
2163 421 2256 474 Va:
2285 420 2462 488 vobis,
2495 421 2706 476 Scriba;
2745 428 2801 478 et
2829 423 3092 480 Pharisaei
3122 425 3452 497 hypocriten,
3482 428 3619 499 quia

1989 513 2280 569 mundatis
2299 514 2485 569 calicis
2510 518 2567 570 et
2589 515 2904 586 paropsidis
2924 517 3074 588 quod
3103 517 3316 573 deforis
3337 523 3442 588 est,
3463 521 3617 576 intus

1991 609 2182 662 autem
2219 608 2390 678 plena
2427 613 2559 663 sunt
2597 608 2878 663 sordibus.
2909 610 3187 665 Pharisaee
3212 627 3377 679 caece,
3405 615 3618 670 munda

1989 701 2148 772 prius
2175 701 2329 772 quod
2357 700 2511 756 intus
2542 705 2644 768 est,
2678 705 2737 756 et
2765 701 2915 772 quod
2952 702 3159 756 deforis
3189 709 3274 758 est
3302 705 3411 759 erit
3443 722 3612 761 mun-

1993 791 2154 847 dum.
2186 793 2326 846 Vere
2365 792 2520 847 enim
2559 792 2605 845 si
2641 807 2803 846 mens
2831 792 3145 848 mundetur
3179 793 3304 848 luce
3345 795 3611 864 scientiae,

1991 899 2120 938 cum
2138 884 2259 956 ipsa
2279 885 2450 939 fuerit
2474 884 2688 940 munda
2712 901 2776 939 ac
2798 884 3114 955 splendida,
3137 890 3272 941 tunc
3298 887 3467 942 etiam
3494 890 3615 960 ejus

1992 978 2089 1049 qui
2107 977 2312 1032 deforis
2329 981 2414 1032 est
2426 977 2677 1032 hominis
2696 977 2816 1048 ipsa
2831 979 3150 1033 necessario
3167 995 3358 1033 curam
3376 981 3543 1052 gerit,
3556 982 3615 1036 id
3696 1046 3700 1051 η

1991 1075 2078 1125 est
2095 1071 2276 1125 carnis
2296 1087 2430 1140 suae,
2447 1075 2508 1125 ut
2528 1071 2646 1142 ipsa
2667 1071 3018 1142 puriﬁcetur;
3039 1072 3136 1126 ubi
3152 1075 3346 1126 autem
3365 1073 3470 1128 ista
3487 1090 3616 1145 qua:

1992 1162 2201 1217 deforis
2237 1167 2323 1218 est
2356 1163 2675 1234 puriﬁcatio
2706 1164 2889 1218 carnis
2920 1164 3249 1235 negligitur,
3283 1168 3502 1219 certum
3535 1171 3620 1221 est

1992 1272 2176 1328 neque
2203 1257 2272 1311 de
2302 1256 2550 1327 puritate
2576 1258 2785 1312 mentis
2811 1274 2875 1312 ac
2903 1257 3181 1312 munditia
3206 1258 3391 1312 cordis
3419 1274 3618 1313 curam

1993 1349 2132 1420 geri.
2166 1351 2248 1402 lta
2277 1366 2414 1421 ergo
2459 1349 2522 1404 fit
2564 1355 2624 1405 ut
2658 1351 2706 1404 is
2741 1350 2840 1422 qui
2878 1350 3217 1405 intrinsecus
3245 1351 3497 1406 mundus
3534 1355 3620 1406 est

1990 1442 2302 1496 mundetur
2343 1442 2462 1497 sine
2501 1443 2674 1498 dubio
2717 1447 2774 1497 et
2816 1441 3198 1511 extrinsecus;
3235 1460 3353 1498 non
3394 1460 3618 1514 semper

1991 1540 2182 1590 autem
2200 1535 2245 1589 is
2261 1536 2358 1606 qui
2379 1536 2688 1591 mundatur
2707 1535 3072 1607 extrinsecus,
3093 1537 3264 1592 etiam
3279 1537 3618 1593 intrinsecus

1993 1628 2243 1683 mundus
2281 1633 2384 1696 est,
2424 1629 2683 1684 videlicet
2718 1646 2847 1684 cum
2891 1630 3010 1701 agit
3039 1631 3161 1685 haec
3198 1633 3264 1685 ut
3297 1630 3620 1686 hominibus

263 1729 411 1782 omni
455 1728 892 1798 inquinamento
935 1726 1117 1780 cordis
1157 1723 1554 1780 conscientiam
1585 1722 1887 1778 custodire.
1909 1707 1967 1778 B
1989 1722 2224 1793 placeat,
2266 1722 2368 1776 sed
2412 1728 2469 1776 et
2505 1723 2602 1778 illa
2640 1724 2854 1793 species
2889 1724 3239 1778 castimoniae
3274 1724 3620 1779 observanda

264 1823 482 1875 Bonum
507 1825 592 1875 est
617 1826 810 1875 autem
838 1824 897 1874 et
923 1819 1157 1890 puritati
1188 1817 1536 1872 conveniens
1563 1817 1738 1871 etiam
1765 1831 1888 1870 cor-

262 1931 360 1985 pus
385 1930 537 1985 aqua
567 1914 800 1968 diluere.
831 1914 1053 1967 Bonum
1082 1928 1217 1966 vero
1245 1911 1370 1966 dico
1398 1927 1514 1965 non
1544 1909 1704 1981 quasi
1733 1909 1889 1980 prin-

266 2007 446 2078 cipale
473 2007 605 2061 illud
626 2008 684 2061 in
714 2023 826 2078 quo
847 2023 1011 2060 mens
1031 2004 1382 2076 puriﬁcatur,
1403 2004 1502 2058 sed
1524 1999 1678 2074 quod
1699 2019 1893 2074 seque-

267 2101 324 2154 la
348 2101 424 2154 sit
453 2100 596 2154 illius
619 2101 756 2155 boni
773 2100 900 2170 hoc,
922 2101 982 2153 in
1002 2115 1116 2170 quo
1139 2115 1267 2152 caro
1297 2097 1553 2163 diluitur,
1573 2095 1719 2149 sicut
1739 2095 1892 2149 enim

266 2198 319 2246 et
340 2193 605 2263 Magister
632 2199 822 2248 noster
850 2191 1128 2264 quosdam
1153 2191 1566 2245 Pharisaeorum
1598 2194 1654 2243 et
1683 2188 1894 2244 Scriba-

265 2303 409 2352 rum,
439 2288 538 2358 qui
555 2286 892 2341 videbantur
917 2302 1038 2340 esse
1061 2284 1278 2339 caeteris
1302 2283 1564 2337 meliores
1590 2286 1648 2336 et
1673 2300 1705 2336 a
1724 2281 1894 2352 vulgo

267 2381 524 2453 separati,
559 2379 909 2451 increpabat,
942 2378 1133 2433 dicens
1163 2393 1258 2432 eos
1288 2376 1628 2448 hypocritas,
1661 2374 1799 2446 quia
1830 2390 1895 2429 eo

267 2473 618 2528 solummodo
665 2489 794 2545 quae
837 2472 1162 2526 hominibus
1209 2470 1579 2536 videbantur,
1628 2468 1893 2540 purifica-

267 2567 419 2637 bant,
461 2567 638 2622 corda
673 2583 830 2636 vero,
872 2581 1000 2638 qua:
1043 2564 1193 2618 solus
1238 2564 1384 2617 Deus
1427 2561 1658 2634 aspicit,
1701 2561 1894 2633 inqui-

268 2666 394 2715 nata
451 2659 848 2732 relinquebant
897 2662 954 2714 et
1013 2657 1241 2712 sordida
1297 2656 1513 2728 (Matth.
1567 2671 1731 2723 χχιιι,
1788 2658 1855 2709 25
1879 2696 1893 2722 ,

1991 1819 2094 1882 est,
2124 1816 2210 1870 uti
2239 1832 2311 1869 ne
2347 1816 2557 1886 passim
2594 1820 2651 1870 et
2684 1815 2938 1870 libidinis
2969 1816 3143 1871 solius
3183 1833 3352 1872 causa
3389 1817 3616 1872 feminis

1990 1913 2151 1963 coeat
2188 1909 2337 1979 quis,
2370 1909 2468 1962 sed
2501 1908 2846 1979 posteritatis
2881 1909 3213 1980 reparandae
3247 1909 3446 1980 gratia,
3489 1926 3618 1980 quae

1992 2000 2350 2055 observantia
2360 2017 2488 2054 cum
2504 1999 2748 2055 etiamin
2758 2001 3042 2054 nonnullis
3052 2001 3620 2072 pecudibusinvenia—

1991 2099 2103 2163 tur,
2129 2093 2361 2166 pudoris
2383 2099 2467 2148 est
2492 2093 2536 2146 si
2565 2110 2681 2148 non
2713 2093 2782 2148 ab
2809 2093 3073 2147 omnibus
3102 2094 3534 2149 rationabilibus
3563 2099 3621 2148 et

1994 2187 2173 2241 Deum
2206 2187 2520 2241 colentibus
2550 2187 2900 2241 observetur.
2939 2189 3084 2257 Ergo
3121 2203 3318 2242 omnes
3349 2203 3616 2258 peccave-

1992 2284 2147 2349 runt,
2177 2284 2235 2335 et
2254 2283 2429 2351 egent
2449 2280 2658 2335 auxilio
2684 2280 2802 2335 Dei.
2832 2281 3069 2352 PrOpter
3087 2281 3261 2352 quod,
3284 2280 3618 2349 charissimi,

1995 2373 2287 2429 sectamini
2309 2389 2534 2446 semper
2563 2373 2897 2428 charitatem
2927 2376 2983 2427 et
3009 2373 3360 2428 aemulamini
3385 2373 3623 2427 meliora

1995 2470 2053 2522 et
2082 2466 2418 2538 spiritualia,
2462 2470 2520 2521 et
2557 2467 2816 2537 adjuvate
2856 2483 2953 2521 vos
2990 2465 3251 2533 invicem,
3279 2471 3345 2522 ut
3376 2465 3619 2521 Domino

1997 2575 2222 2632 semper
2248 2560 2306 2614 in
2335 2559 2599 2615 omnibus
2628 2559 2848 2630 placere
2877 2559 3122 2615 valeatis.
3153 2561 3355 2615 Amen.

639 2959 1196 3053 EPISTOLA
1262 2901 1682 3067 QUINTA
1749 2956 2149 3049 SANCTI
2219 2945 2851 3050 CLEMENTIS
2919 2955 3249 3048 PAPIE

505 3146 602 3210 De
660 3144 996 3207 communi
1043 3145 1218 3221 vita,
1276 3142 1546 3224 reliquis
1585 3142 1722 3204 suis
1776 3141 2112 3222 discipulis
2161 3142 2404 3223 scripta
2462 3139 3058 3221 Hierosolymisque
3113 3138 3378 3202 directa.

341 3319 720 3375 Dilectissimis
747 3319 1032 3389 fratribus,
1066 3323 1123 3375 et
1155 3318 1553 3390 condiscipulis
1579 3317 1897 3389 Hierosoly-
1919 3327 1975 3402 ρ
2000 3317 2195 3373 domos
2214 3318 2297 3372 vel
2327 3332 2492 3388 agros
2510 3314 2872 3388 possidebant
2894 3312 3216 3368 vendebant
3233 3328 3346 3381 eos,
3367 3316 3423 3368 et
3440 3313 3626 3383 pretia

279 3412 376 3467 mis
399 3429 529 3468 cum
560 3412 892 3468 charissima
921 3413 1100 3468 fratre
1136 3412 1340 3469 Jacobo
1370 3411 1704 3484 coepiscopo
1730 3411 1892 3466 habi-

282 3507 538 3575 tantibus,
570 3507 816 3563 Cumas
843 3506 1159 3578 episcopus.

339 3599 671 3655 Communis
694 3599 828 3669 vita,
851 3599 1070 3667 fratres,
1095 3597 1357 3655 omnibus
1377 3596 1697 3652 necessaria
1717 3599 1822 3666 est,
1843 3600 1900 3651 et

275 3693 514 3748 maxime
540 3693 630 3747 his
655 3692 756 3764 qui
786 3693 900 3747 Deo
927 3691 1504 3764 irreprehensibiliter
1527 3690 1770 3745 militare
1797 3707 1896 3744 cu-

273 3788 453 3856 piunt,
475 3790 534 3841 et
553 3786 731 3841 vitam
750 3786 1139 3858 apostolorum
1160 3800 1467 3856 eorumque
1488 3783 1899 3856 discipulorum

509 3880 727 3935 volunt.
764 3879 1094 3935 Communis
1124 3879 1278 3934 enim
1311 3893 1443 3933 usus
1473 3876 1732 3932 omnium
1769 3892 1899 3948 quae

275 3977 400 4027 sunt
425 3973 483 4027 in
509 3973 623 4027 hoc
649 3973 868 4028 mundo
900 3972 1161 4027 omnibus
1187 3987 1306 4027 esse
1331 3971 1656 4026 hominibus
1683 3969 1897 4037 debuit,

277 4066 369 4119 sed
402 4082 508 4138 per
549 4066 906 4137 iniquitatem
943 4065 1086 4120 alius
1117 4080 1286 4120 suum
1321 4079 1440 4119 esse
1475 4063 1636 4131 dixit,
1671 4067 1727 4118 et
1758 4062 1902 4117 alius

277 4158 443 4227 istud,
464 4164 519 4216 et
547 4159 624 4213 sic
655 4159 802 4214 inter
830 4159 1096 4214 mortales
1122 4159 1270 4214 facta
1295 4157 1493 4212 divisio
1520 4161 1620 4212 est.
1647 4155 1898 4227 Denique

275 4252 598 4308 Grecorum
647 4252 880 4324 quidem
919 4251 1392 4324 sapientissimus,
1438 4251 1559 4305 haec
1604 4249 1684 4303 ita
1723 4249 1903 4305 sciens

277 4361 413 4413 esse,
452 4346 534 4400 ait
564 4346 890 4402 communia
922 4346 1126 4402 debere
1172 4361 1292 4400 esse
1336 4343 1653 4399 amicorum
1689 4342 1900 4398 omnia.

282 4439 336 4492 In
376 4439 643 4494 omnibus
684 4444 876 4495 autem
915 4444 1045 4495 sunt
1073 4439 1194 4494 sine
1225 4438 1395 4494 dubio
1425 4441 1482 4493 et
1516 4437 1804 4508 conjuges.
1836 4437 1906 4491 Et

280 4531 414 4587 sicut
442 4550 559 4588 non
588 4537 798 4605 potest,
836 4534 1040 4605 inquit,
1086 4532 1260 4588 dividi
1289 4549 1387 4587 aer
1413 4547 1602 4603 neque
1641 4530 1905 4602 splendor

280 4625 420 4691 solis,
446 4627 529 4681 ita
553 4643 660 4681 nec
688 4626 908 4698 reliqua
932 4643 1060 4699 quae
1079 4625 1456 4682 communiter
1480 4625 1539 4679 in
1557 4625 1665 4679 hoc
1691 4623 1904 4678 mundo

1997 3427 2194 3468 eorum
2221 3412 2278 3465 et
2305 3409 2556 3481 reliquas
2584 3425 2674 3463 res
2700 3424 2842 3479 quas
2866 3406 3168 3475 habebant,
3189 3405 3502 3460 efferebant
3520 3423 3624 3477 po-

1997 3508 2197 3560 nentes
2216 3508 2346 3558 ante
2365 3503 2538 3575 pedes
2555 3501 2941 3573 apostolorum
2966 3499 3106 3570 (Act.
3135 3515 3208 3568 1v,
3231 3501 3319 3569 32,
3341 3499 3428 3567 34,
3451 3501 3560 3570 35),
3593 3521 3621 3549 )›

1997 3599 2140 3653 sicut
2163 3596 2462 3652 nobiscum
2497 3595 2732 3666 quidam
2757 3597 3009 3648 vestrum
3034 3596 3423 3664 cognoverunt
3458 3595 3516 3647 et
3540 3593 3624 3646 vi—

1999 3691 2237 3757 derunt;
2254 3693 2310 3743 et
2326 3687 2654 3743 dividebant
2671 3686 3108 3757 singulis,prout
3122 3686 3329 3756 cuique
3345 3701 3486 3756 Opus
3505 3691 3629 3740 erat

1999 3783 2156 3854 (Ibid.
2189 3783 2299 3853 35).
2334 3802 2361 3830 ››
2389 3779 2636 3834 Ananias
2669 3781 2863 3832 autem
2888 3778 2976 3832 vir
3000 3783 3278 3845 austerus,
3306 3781 3363 3831 et
3386 3777 3628 3848 Zaphira

1999 3893 2138 3931 uxor
2162 3875 2303 3946 ejus,
2334 3874 2432 3946 qui
2457 3871 2687 3928 mentiti
2711 3876 2841 3926 sunt
2867 3871 3129 3942 apostolis
3151 3869 3221 3925 de
3248 3870 3428 3941 pretio
3453 3885 3625 3940 agro-

1999 3985 2129 4024 rum
2149 3984 2383 4024 suorum
2405 3983 2545 4038 quos
2563 3963 2962 4034 vendiderant,
2981 3963 3144 4018 nobis
3169 3963 3541 4034 praesentibus
3565 3963 3628 4017 in

2001 4067 2304 4134 conspectu
2328 4059 2586 4116 omnium
2611 4057 2936 4125 astantium,
2961 4073 2994 4111 a
3021 4059 3324 4128 conspectu
3353 4043 3629 4128 apostolo-

1999 4173 2132 4212 rum
2165 4160 2396 4227 propter
2422 4158 2718 4226 peccatum
2748 4168 2967 4220 eorum,
2997 4156 3054 4205 et
3082 4150 3447 4205 mendacium
3476 4150 3628 4221 quod

2001 4249 2276 4318 fecerunt,
2290 4246 2502 4302 mortui
2518 4246 2687 4301 delati
2701 4249 2836 4300 sunt
2848 4245 3012 4299 ambo
3026 4244 3169 4314 (Act.
3184 4260 3235 4310 v,
3258 4247 3279 4297 1
3298 4244 3630 4315 etseq.).Cze-

2003 4346 2124 4398 tera
2139 4359 2268 4414 qum
2284 4342 2354 4396 de
2370 4340 2577 4395 talibus
2596 4338 2970 4411 cognovimus
2987 4340 3043 4392 et
3053 4337 3315 4408 vidimus,
3331 4354 3434 4391 nec
3450 4353 3632 4392 recor-

2003 4435 2246 4505 datione,
2272 4450 2374 4490 nec
2394 4433 2874 4489 demonstratione
2901 4431 3075 4502 digna
3102 4433 3255 4486 sunt.
3276 4431 3633 4502 Quapropter

2003 4529 2126 4584 haec
2151 4527 2310 4584 vobis
2335 4527 2583 4582 cavenda
2609 4525 2971 4592 mandamus,
3002 4527 3060 4578 et
3077 4523 3344 4578 doctrinis
3365 4528 3420 4578 et
3444 4539 3633 4578 exemo

2003 4623 2111 4694 plis
2151 4621 2539 4694 apostolorum
2583 4617 2812 4673 obedire
2853 4616 3233 4688 praecipimus,
3265 4616 3397 4687 quia
3434 4617 3492 4671 hi
3533 4617 3633 4689 qui

280 4719 539 4774 omnibus
565 4720 699 4774 data
730 4725 861 4775 sunt
887 4721 957 4775 ad
989 4720 1319 4776 habendum
1347 4718 1519 4774 dividi
1547 4717 1773 4787 debere,
1805 4706 1983 4779 sedD
2006 4716 2276 4771 mandata
2325 4731 2526 4770 eorum
2568 4715 2942 4784 postponunt,
2995 4727 3109 4764 non
3158 4709 3342 4764 solum
3384 4709 3487 4777 rei,
3533 4710 3634 4764 sed

281 4811 544 4866 habenda
565 4829 689 4868 esse
715 4814 1060 4869 communia.
1082 4813 1242 4869 Unde
1269 4818 1324 4868 et
1347 4812 1625 4868 Dominus
1649 4827 1754 4882 per
1777 4827 1907 4882 pro-
2007 4813 2260 4864 extorres
2289 4807 2448 4862 ﬁunt.
2491 4807 2626 4870 Quae
2665 4821 2782 4860 non
2823 4805 3008 4859 solum
3043 4803 3206 4858 nobis
3243 4803 3503 4871 cavenda,
3536 4803 3632 4858 sed

280 4905 508 4975 phetam
521 4907 797 4978 loquitur,
811 4907 1003 4963 dicens
1018 4925 1068 4963 :u
1083 4909 1223 4962 Ecce
1236 4907 1653 4979 quambonum,
1669 4908 1726 4959 et
1737 4901 1908 4976 quam
2009 4902 2272 4958 omnibus
2295 4900 2658 4974 prmdicanda
2685 4902 2835 4954 sunt.

275 4999 615 5068 jucundum,
629 5001 890 5056 habitare
903 5001 1108 5057 fratres
1122 5001 1182 5056 in
1197 5017 1380 5056 unum
1392 5000 1555 5071 (Psal.
1571 5013 1768 5066 cxxxn,
1791 4999 1860 5068 1),
1877 5019 1904 5048 ››
2079 4997 2339 5052 Relatum
2361 4998 2446 5050 est
2464 4994 2636 5049 etiam
2659 4992 2812 5064 quod
2833 4991 3064 5064 quidam
3084 4991 3142 5045 in
3162 4991 3360 5046 vestris
3378 4989 3633 5063 partibus

281 5097 336 5147 et
358 5095 600 5169 reliqua.
639 5095 804 5150 Istius
833 5095 988 5150 enim
1018 5094 1446 5150 consuetudinis
1476 5109 1636 5148 more
1667 5095 1905 5161 retento,
2009 5092 2455 5159 commorantes,
2487 5087 2853 5142 adversantur
2882 5085 3031 5140 sanis
3065 5085 3352 5156 doctrinis,
3381 5089 3437 5140 et
3465 5089 3636 5156 prout

284 5187 447 5243 etiam
464 5189 710 5261 apostoli
732 5205 1046 5260 eorumque
1068 5188 1327 5260 discipuli
1349 5188 1430 5258 (ut
1446 5186 1785 5260 praedictum
1807 5187 1908 5258 est)
2009 5184 2089 5239 eis
2116 5183 2360 5253 videtur,
2387 5198 2504 5236 non
2529 5181 2840 5236 secundum
2864 5179 3233 5234 traditionem
3259 5181 3509 5247 Patrum,
3537 5177 3634 5230 sed

287 5282 706 5337 unanobiscum
723 5281 1083 5338 etvobiscum
1098 5297 1464 5336 communem
1479 5279 1653 5336 vitam
1673 5279 1908 5345 duxere,
2004 5277 2170 5348 juxta
2200 5292 2433 5332 sensum
2478 5291 2646 5330 suum
2686 5274 2888 5329 docere
2922 5273 3202 5328 videntur.
3238 5272 3432 5327 Multas
3475 5269 3634 5322 enim

283 5375 430 5431 unde
458 5376 540 5445 (ut
563 5375 714 5430 bene
745 5375 938 5447 nostis)
968 5397 996 5425 «
1029 5379 1154 5430 erat
1178 5373 1560 5430 multitudinis
1591 5388 1788 5429 eorum
1815 5387 1912 5427 cor
2011 5369 2266 5442 quidam,
2286 5374 2347 5425 ut
2367 5367 2702 5438 audivimus,
2720 5371 3038 5424 vestrarum
3057 5365 3301 5438 partium
3323 5360 3634 5417 secundum

287 5484 456 5523 unum
493 5475 550 5524 et
577 5469 769 5523 anima
804 5485 936 5537 una,
968 5485 1069 5525 nec
1106 5468 1404 5542 quisquam
1440 5483 1642 5523 eorum
1679 5471 1778 5522 aut
1804 5483 1910 5522 no-
2011 5463 2309 5536 ingenium
2335 5461 2636 5518 hominum
2657 5477 2727 5516 ex
2747 5460 2835 5516 his
2862 5477 2990 5532 quae
3011 5460 3226 5530 legunt,
3249 5452 3633 5510 verisimilitu-

279 5565 458 5616 strum
483 5562 554 5618 de
583 5562 671 5616 his
697 5579 825 5635 qua:
853 5561 1180 5634 possidebat
1199 5561 1412 5633 aliquid
1433 5577 1602 5616 suum
1627 5577 1746 5616 esse
1766 5560 1912 5616 dice-
2015 5557 2178 5613 dines
2204 5555 2450 5629 capiunt,
2487 5561 2542 5611 et
2569 5556 2698 5612 ideo
2735 5555 3045 5625 diligenter
3082 5547 3497 5605 observandum
3527 5553 3633 5617 est,

285 5653 396 5723 bat,
435 5656 535 5711 sed
571 5655 766 5710 omnia
801 5655 913 5711 illis
947 5658 1006 5711 et
1032 5655 1196 5711 nobis
1231 5657 1395 5709 erant
1433 5653 1776 5722 communia,
1807 5670 1913 5709 nec
2015 5657 2077 5707 ut
2105 5656 2162 5708 et
2185 5651 2276 5707 lex
2304 5650 2405 5706 Dei
2433 5666 2563 5705 cum
2593 5648 2748 5724 legit,
2771 5663 2888 5702 non
2914 5643 3221 5700 secundum
3248 5641 3538 5714 propriam
3558 5643 3640 5697 in-

285 5748 587 5822 quisquam
626 5766 804 5821 egens
842 5753 966 5804 erat
1002 5749 1152 5808 inter
1186 5765 1309 5803 nos.
1341 5749 1546 5804 Omnes
1588 5753 1779 5805 autem
1816 5746 1913 5818 qui
2017 5745 2170 5818 genii
2197 5743 2634 5817 intelligentiam
2659 5743 2880 5812 legatur
2906 5738 2992 5792 vel
3013 5738 3297 5793 doceatur.
3315 5737 3457 5794 Sunt
3483 5737 3637 5794 enim
