4046 6188
406 265 472 316 59
1293 258 1575 314 ΑΡΡΕΝΙ).
1616 257 1702 313 ΑΙ)
1739 258 1900 314 SIEC.
1943 259 2028 312 IX.
2058 287 2125 296 —
2165 255 2412 313 lSlDORI
2451 252 2874 312 MERCATORIS
3692 263 3759 316 60

399 370 579 424 multa
607 369 782 424 verba
809 369 870 423 in
897 366 1201 438 Scripturis
1228 367 1432 422 divinis
1454 383 1583 440 qua
1612 372 1848 439 possunt
1877 367 2029 422 trahi
2050 381 2108 454 Α
2128 383 2253 438 pus,
2277 367 2504 422 senibus
2529 369 2722 421 autem
2741 367 2862 438 jam
2891 381 2998 420 nec
3026 365 3308 420 incertum
3329 368 3432 434 est,
3460 381 3576 420 non
3602 367 3761 421 enim

403 465 472 518 ad
498 479 632 518 eum
663 477 890 517 sensum
916 477 1086 532 quem
1116 460 1221 515 sibi
1249 461 1637 533 unusquisque
1665 464 1863 532 sponte
1889 478 2030 532 pra-

400 556 660 627 sumpsit,
701 554 798 609 sed
837 555 961 610 ﬁeri
1001 571 1116 609 non
1151 559 1371 626 oportet
1408 572 1422 609 :
1453 571 1568 609 non
1610 553 1765 608 enim
1806 569 2035 609 sensum

400 667 570 722 quem
621 648 962 704 extrinsecus
1012 647 1375 714 adulteratis,
1425 648 1680 702 alienum
1733 651 1790 702 et
1847 651 2032 702 extra-

400 759 576 798 neum
603 741 817 796 debetis
844 756 1124 813 quarere,
1155 746 1256 795 aut
1281 741 1564 812 quomodo
1592 740 1779 812 ipsum
1809 756 1875 795 ex
1898 740 2036 796 Scri-

400 835 698 908 ptu'rarum
725 834 1056 889 auctoritate
1083 833 1461 902 conﬁrmetis,
1493 834 1592 887 sed
1624 850 1689 888 ex
1723 833 1858 904 ipsis
1884 834 2030 889 Scri-

400 930 586 1001 pturis
604 943 834 984 sensum
861 943 1062 998 capere
1087 927 1356 981 veritatis.
1381 929 1449 982 Et
1470 927 1599 981 ideo
1627 931 1849 998 oportet
1873 927 1943 981 ab
1964 943 2032 981 eo

400 1020 848 1092 intelligentiam
874 1019 1088 1074 discere
1115 1020 1535 1090 Scripturarum
1565 1020 1664 1090 qui
1693 1036 1821 1074 eam
1851 1036 1883 1073 a
1908 1036 2031 1074 ma-

395 1114 615 1186 joribus
663 1113 977 1168 secundum
1025 1112 1321 1167 veritatem
1371 1112 1475 1166 sibi
1518 1113 1788 1167 traditam
1832 1117 2032 1182 servat,

403 1213 467 1261 ut
496 1211 552 1261 et
586 1207 706 1276 ipse
734 1205 908 1277 possit
934 1222 999 1260 ea
1030 1221 1160 1276 qua
1184 1210 1333 1260 recte
1371 1205 1620 1276 suscepit
1645 1207 2036 1276 competenter

403 1315 673 1354 asserere.
727 1301 872 1359 Cum
923 1298 1076 1352 enim
1132 1315 1202 1352 ex
1260 1298 1465 1352 divinis
1523 1297 1824 1368 Scripturis
1886 1297 2032 1352 inte-

407 1408 568 1463 gram
601 1391 728 1462 quis
768 1396 822 1446 et
865 1391 1092 1446 ﬁrmam
1128 1391 1393 1461 regulam
1425 1390 1673 1446 veritatis
1705 1390 2034 1462 susceperit,

2132 459 2420 515 dubitatur
2441 461 2580 531 quin
2606 464 3108 532 quantumcunque
3135 462 3219 513 est
3247 459 3398 530 quod
3423 463 3657 529 putatur
3675 476 3764 514 su-

2129 569 2358 624 peresse
2386 553 2555 608 breve
2587 552 2676 607 sit.
2703 555 2771 608 Et
2809 553 2938 608 ideo
2970 557 3088 607 tam
3119 551 3358 622 juvenes
3387 567 3563 623 quam
3602 568 3762 607 senes

2132 649 2356 718 oportet
2403 646 2474 701 de
2522 646 2888 701 conversione
2937 651 2993 699 et
3047 643 3378 715 poenitentia
3429 645 3588 699 valde
3641 661 3762 700 esse

2131 739 2418 809 sollicitos,
2443 743 2501 794 et
2526 739 2660 794 satis
2681 755 2851 811 agere
2870 743 2936 793 ut
2955 739 3025 793 de
3049 737 3266 809 reliquo
3288 743 3495 792 ornent
3511 738 3763 793 animam

2132 849 2296 888 suam
2324 832 2673 888 ornamentis
2698 831 3065 904 dignissimis,
3085 831 3143 885 id
3170 835 3254 886 est
3277 831 3642 902 dogmatibus
3669 848 3761 885 ve-

2134 926 2331 993 ritatis,
2356 927 2560 981 decore
2581 925 2893 998 pudicitia,
2924 925 3223 996 splendore
3240 924 3494 996 justitia,
3520 925 3764 979 candore

2131 1019 2380 1090 pietatis,
2419 1020 2658 1090 aliisque
2701 1019 2984 1089 omnibus,
3031 1018 3236 1090 quibus
3278 1021 3561 1088 comptam
3604 1019 3769 1073 decet

2133 1123 2254 1168 esse
2271 1111 2667 1168 rationabilem
2698 1117 2973 1167 mentem.
3005 1112 3184 1181 Unde,
3217 1111 3515 1165 consilium
3541 1111 3764 1181 dantes,

2132 1209 2375 1260 vestram
2405 1206 2674 1277 pudicam
2700 1205 3060 1276 prudentiam
3086 1205 3403 1273 hortamur,
3438 1209 3501 1259 ut
3527 1205 3598 1258 ab
3627 1221 3765 1275 apo-

2133 1298 2340 1353 stolicis
2370 1299 2587 1371 regulis
2610 1315 2726 1354 non
2759 1298 3053 1364 recedatis,
3082 1298 3177 1353 sed
3205 1313 3570 1352 communem
3593 1297 3768 1351 vitam

2134 1392 2402 1446 ducentes
2450 1395 2508 1446 et
2545 1392 2862 1463 Scripturas
2903 1394 3126 1445 sanctas
3171 1391 3553 1462 intelligentes
3575 1433 3589 1460 ,
3635 1407 3768 1462 qua

406 1485 716 1539 absurdum
745 1501 862 1538 non
898 1483 1025 1550 erit,
1066 1483 1113 1537 si
1153 1483 1364 1554 aliquid
1401 1483 1573 1537 etiam
1615 1499 1684 1537 ex
1719 1483 2036 1538 eruditione
2137 1483 2374 1538 Domino
2411 1484 2658 1552 vovistis,
2697 1485 3010 1555 adimplere
3049 1484 3338 1554 satagatis.
3380 1485 3445 1538 Et
3470 1499 3598 1556 cum
3639 1500 3768 1537 ora-

401 1577 690 1632 communi
713 1593 776 1631 ac
800 1576 1128 1631 liberalibus
1153 1576 1354 1630 studiis
1378 1592 1504 1646 qua
1531 1575 1675 1631 forte
1702 1575 1763 1630 in
1791 1576 2039 1647 pueritia
2136 1577 2288 1631 tione
2325 1577 2549 1633 assidua
2581 1577 2837 1633 obtinere
2871 1577 3211 1645 merueritis,
3247 1581 3403 1645 tunc,
3438 1577 3558 1631 sine
3591 1576 3773 1648 suspi-

405 1671 614 1741 attigit,
656 1671 726 1725 ad
768 1670 1138 1725 assertionem
1175 1670 1296 1723 veri
1337 1669 1618 1741 dogmatis
1649 1669 1927 1740 conferat,
1960 1669 2040 1724 ita
2139 1669 2299 1725 cione
2337 1670 2474 1726 mali
2508 1670 2793 1738 interitus,
2829 1673 2957 1725 vota
2993 1669 3209 1741 possint
3237 1669 3508 1726 celebrari
3546 1669 3766 1724 festiva.

407 1768 598 1819 tamen
642 1768 706 1819 ut
739 1763 839 1818 ubi
878 1779 1013 1818 vera
1049 1763 1266 1832 didicit,
1299 1763 1438 1818 falsa
1472 1766 1529 1817 et
1563 1761 1825 1817 simulata
1863 1762 2035 1818 decli-
2057 1743 2114 1815 Β
2138 1763 2284 1819 Deus
2314 1767 2505 1820 autem
2535 1763 2690 1835 pacis
2719 1764 2791 1819 sit
2817 1780 2948 1819 cum
2977 1757 3240 1820 omnibus
3268 1763 3441 1819 vobis.
3469 1765 3670 1819 Amen.

411 1859 528 1911 net.
560 1858 844 1912 Incertum
883 1861 970 1912 est
1006 1856 1160 1911 enim
1194 1856 1365 1911 etiam
1393 1855 1697 1927 juvenibus
1722 1855 1851 1911 vita
1889 1859 2037 1911 tem-

890 2183 1520 2280 INCIPIUNT
1597 2185 2160 2283 DECRETA
2233 2185 2839 2283 ANACLETI
2927 2187 3330 2287 PAPE.

412 2354 506 2418 De
552 2351 961 2435 oppressione
1002 2355 1474 2442 episcoporum,
1507 2363 1567 2442 et
1605 2357 1684 2420 de
1723 2360 2132 2442 accusatione
2173 2360 2644 2442 episcoporum,
2677 2367 2738 2422 et
2779 2360 2858 2423 de
2897 2360 3304 2442 ordinatione
3339 2359 3769 2442 archiepisco-

954 2435 1224 2516 porum;
1255 2443 1316 2498 et
1343 2435 1422 2498 de
1452 2437 1850 2518 primatibus
1879 2447 1940 2501 et
1970 2439 2050 2502 de
2070 2435 2470 2520 patrz'archis
2507 2435 2859 2521 eorumque
2889 2441 3225 2503 ministris.

1275 2570 1391 2633 (Hic
1421 2571 1519 2624 fuit
1542 2586 1680 2624 anno
1707 2573 1894 2624 Christi
1921 2577 2032 2638 tot,
2057 2578 2295 2639 tempore
2319 2574 2520 2639 Trajani
2549 2574 2912 2639 imperatoris.)

483 2876 817 2941 ANACLETUS,
857 2890 1050 2930 servus
1079 2875 1286 2932 Christi
1318 2877 1471 2946 Jesu,
1509 2877 1570 2932 in
1608 2878 1741 2934 sede
1779 2879 2038 2949 apostoli-
2141 2879 2372 2948 vidistis,
2413 2878 2685 2951 quoniam
2718 2877 3036 2932 misericors
3075 2881 3132 2931 et
3170 2876 3469 2930 miserator
3498 2874 3774 2930 Dominus

413 2982 479 3020 ca
522 2966 763 3021 Domino
799 2968 1065 3037 serviens,
1098 2970 1374 3042 episcopis
1408 2970 1696 3037 omnibus,
1731 2975 1788 3025 et
1826 2971 2043 3026 cateris
2143 2975 2228 3026 est
2253 2969 2435 3042 (Ibid.,
2470 2972 2668 3042 10-12).
2691 2992 2719 3021 ››
2747 2970 3157 3025 Tribulationes
3194 2975 3402 3025 vestras
3427 2968 3772 3034 audivimus,

413 3059 627 3113 cunctis
667 3058 926 3115 fidelibus
973 3062 1072 3132 qui
1119 3064 1470 3135 coaqualem
1519 3063 1818 3118 nobiscum
1866 3063 2046 3118 sortiti
2142 3064 2362 3132 fratres,
2385 3068 2500 3118 tam
2523 3081 2624 3135 per
2645 3066 2867 3118 nostros
2893 3079 3063 3134 quam
3087 3066 3142 3117 et
3169 3079 3273 3132 per
3292 3061 3533 3116 aliorum
3560 3061 3776 3132 apocri-

415 3157 547 3206 sunt
589 3151 780 3221 ﬁdem,
827 3153 1008 3224 gratia
1048 3155 1200 3210 vobis
1244 3160 1302 3212 et
1341 3173 1470 3226 pax,
1518 3161 1690 3228 atque
1735 3156 2044 3211 consolatio
2074 3215 2116 3228 Α
2145 3156 2340 3225 sarios,
2370 3172 2540 3228 super
2563 3156 2771 3228 quibus
2797 3155 2959 3209 valde
2997 3155 3276 3222 dolemus,
3305 3154 3571 3225 vobisque
3611 3171 3773 3208 com-

415 3215 887 3314 multipliceturva
914 3247 1152 3302 Domino
1181 3248 1242 3302 in
1269 3215 1497 3304 saecula.
1594 3215 1613 3228 ⁸
2065 3215 2120 3289 C
2145 3215 2410 3320 patimur,
2438 3215 2496 3304 et
2513 3215 2790 3304 auxilium
2815 3248 2981 3317 ferre,
3011 3253 3182 3319 prout
3200 3215 3320 3318 ipse
3346 3215 3583 3317 largitus
3604 3247 3780 3302 fuerit

487 3338 820 3394 Benedictus
845 3339 988 3394 Deus
1015 3345 1069 3396 et
1095 3342 1260 3396 Pater
1280 3341 1501 3396 Domini
1526 3341 1705 3396 nostri
1729 3341 1861 3396 Jesu
1881 3341 2044 3396 Chri-

416 3429 507 3499 sti,
535 3430 634 3502 qui
661 3432 973 3488 secundum
1003 3449 1276 3504 magnam
1302 3432 1755 3489 misericordiam
1777 3449 1941 3488 suam
1965 3449 2050 3489 re-

417 3524 716 3594 generavit
750 3541 856 3579 nos
895 3525 956 3579 in
994 3542 1155 3596 spem
1184 3526 1390 3593 vivam,
1432 3543 1534 3597 per
1570 3527 2050 3582 resurrectionem

415 3617 544 3670 Jesu
579 3615 784 3671 Christi
811 3633 878 3671 ex
912 3618 1152 3673 mortuis
1186 3619 1246 3672 in
1278 3619 1672 3675 hareditatem
1702 3619 2045 3691 incorrupti-

414 3707 608 3777 bilem,
645 3713 701 3764 et
727 3709 1232 3766 incontaminatam
1257 3716 1313 3767 et
1347 3712 1894 3783 immarcessibilem,
1921 3730 2051 3769 con-

416 3806 695 3856 servatam
721 3801 780 3856 in
811 3803 983 3872 caelis,
1009 3804 1071 3859 in
1107 3805 1264 3860 vobis
1291 3805 1388 3877 qui
1412 3806 1474 3860 in
1499 3805 1706 3862 virtute
1734 3807 1834 3861 Dei
1860 3811 2046 3863 custo-

415 3895 616 3950 dimini
657 3911 760 3966 per
799 3895 971 3952 ﬁdem
1018 3897 1078 3952 in
1127 3898 1372 3953 salutem
1413 3902 1668 3969 paratam
1714 3899 1952 3953 revelari
1990 3899 2048 3952 in

415 3995 670 4058 tempore
714 3989 1040 4057 novissimo,
1082 3990 1142 4044 in
1178 4007 1292 4061 quo
1341 3991 1723 4056 exsultabitis,
1756 3989 2050 4044 modicum

414 4095 567 4133 nunc
596 4080 640 4133 si
672 4085 893 4150 oportet
919 4080 1241 4135 contristari
1271 4081 1332 4135 in
1367 4081 1536 4136 variis
1570 4080 2046 4149 tribulationibus,

418 4175 479 4225 ut
515 4170 775 4241 probatio
813 4174 1014 4226 vestra
1053 4171 1188 4226 ﬁdei
1224 4173 1405 4228 multo
1439 4173 1745 4244 pretiosior
1781 4173 1853 4229 sit
1886 4189 2048 4244 auro,

416 4263 646 4334 quando
684 4279 788 4334 per
821 4263 1018 4334 ignem
1059 4264 1336 4336 probatur
1361 4265 1411 4336 (Ι
1427 4269 1576 4322 Petr.
1615 4283 1652 4333 I,
1681 4269 1711 4320 3
1739 4270 1789 4321 et
1823 4266 1978 4337 seq.),
2003 4266 2051 4321 si

415 4358 643 4410 tantum
663 4356 1120 4413 tribulationibus
1159 4359 1378 4430 experti
1399 4358 1624 4431 probati
1653 4359 2044 4415 inveniamiui.

418 4446 544 4522 13
575 4471 603 4499 ‹‹
630 4449 915 4506 Patientes
939 4454 1119 4507 estote
1143 4453 1341 4522 (Jac.v,
1366 4454 1440 4524 7),
1472 4474 1500 4503 »
1531 4451 1896 4523 dilectissimi,
1917 4454 2051 4526 quia

2145 3342 2244 3412 qui
2271 3359 2373 3413 pro
2399 3341 2561 3398 nobis
2589 3357 2706 3397 non
2735 3341 2917 3396 solum
2946 3341 3269 3406 tribulatus,
3303 3339 3401 3394 sed
3438 3340 3610 3394 etiam
3641 3355 3772 3410 pas-

2148 3451 2242 3489 sus
2280 3439 2385 3504 est,
2421 3435 2608 3506 parati
2646 3451 2863 3489 sumus.
2907 3453 2934 3486 «
2967 3433 3151 3488 Nolite
3189 3432 3403 3502 mirari,
3439 3432 3774 3499 charissimi,

2149 3527 2247 3599 qui
2272 3527 2695 3599 persecutiones
2719 3526 3000 3599 patimini,
3030 3526 3192 3598 quasi
3219 3526 3352 3581 novi
3381 3524 3540 3580 vobis
3561 3525 3776 3597 aliquid

2147 3621 2472 3692 contingat;
2518 3621 2617 3676 sed
2654 3620 3136 3675 communicantes
3175 3619 3380 3675 Christi
3419 3617 3777 3690 passionibus

2149 3714 2413 3785 gaudete,
2435 3717 2500 3769 ut
2525 3713 2586 3768 in
2611 3713 2949 3768 revelatione
2977 3712 3175 3785 gloria
3201 3712 3323 3783 ejus
3348 3712 3646 3783 gaudeatis
3672 3727 3773 3766 ex-

2149 3807 2438 3862 sultantes.
2469 3806 2525 3861 Si
2558 3805 2982 3876 exprobramini
3009 3805 3070 3860 in
3104 3805 3339 3861 nomine
3366 3804 3596 3876 Christi,
3623 3805 3778 3860 beati

2149 3898 2320 3968 eritis,
2351 3899 2619 3970 quoniam
2645 3899 2794 3971 quod
2827 3903 2911 3955 est
2938 3899 3190 3968 honoris,
3224 3898 3441 3970 gloria,
3473 3901 3532 3953 et
3553 3897 3780 3952 virtutis

2149 3991 2391 4057 Domini,
2414 3994 2472 4046 et
2490 3991 2588 4064 qui
2606 3995 2692 4046 est
2719 3993 2841 4064 ejus
2866 3992 3117 4064 spiritus,
3145 4009 3314 4065 super
3331 4009 3429 4048 vos
3452 3990 3774 4063 requiescit.

2148 4085 2324 4138 Nemo
2353 4089 2544 4140 autem
2573 4089 2824 4140 vestrum
2857 4085 3107 4157 patiatur
3133 4085 3294 4157 quasi
3329 4083 3649 4152 homicida,
3679 4089 3783 4139 aut

2148 4177 2258 4246 fur,
2287 4182 2388 4234 aut
2421 4178 2730 4247 maleﬁcus,
2769 4184 2867 4234 aut
2900 4177 3215 4234 alienorum
3255 4178 3553 4250 appetitor.
3581 4176 3636 4233 Si
3669 4193 3776 4231 au-

2151 4273 2266 4326 tem
2289 4276 2355 4326 ut
2383 4272 2747 4342 Christianus,
2779 4288 2894 4327 non
2929 4271 3246 4339 erubeecat,
3277 4271 3555 4343 gloriﬁcet
3583 4274 3780 4326 autem

2152 4359 2456 4416 Dominum
2487 4360 2547 4414 in
2584 4361 2692 4415 isto
2726 4360 2978 4429 nomine,
3009 4360 3282 4432 quoniam
3320 4363 3553 4432 tempus
3590 4365 3676 4414 est
3709 4365 3783 4415 ut

2149 4453 2381 4526 incipiat
2398 4453 2682 4525 judicium
2705 4453 2775 4509 de
2799 4455 2970 4509 domo
2994 4453 3240 4508 Domini.
3259 4453 3317 4509 Si
3337 4459 3532 4509 autem
3555 4470 3588 4508 a
3611 4452 3782 4508 nobis

417 4564 444 4592 ‹‹
486 4542 763 4614 patientia
813 4544 1212 4615 probationem
1261 4550 1530 4616 Operatur
1547 4587 1562 4614 ,
1612 4546 1871 4618 probatio
1913 4563 2048 4603 vero
2066 4575 2126 4649 D
2149 4547 2418 4618 primum,
2442 4546 2568 4618 quis
2594 4547 2722 4602 ﬁnis
2741 4563 2937 4602 eorum
2961 4548 3058 4618 qui
3078 4564 3191 4602 non
3213 4547 3454 4603 credunt
3476 4548 3576 4601 Dei
3600 4547 3782 4601 Evan-

415 4651 608 4707 spem,
660 4652 786 4707 spes
835 4645 1026 4694 autem
1073 4655 1191 4694 non
1238 4639 1537 4693 confundit
1587 4640 1752 4710 (Rom.
1814 4656 1880 4710 v;
1928 4644 2046 4698 Jac.

419 4732 470 4799 1,
500 4732 573 4797 3).
605 4747 631 4780 »
659 4749 687 4780 «
713 4731 852 4784 Ecce
883 4731 1132 4802 agricola
1157 4734 1438 4803 exspectat
1465 4731 1782 4804 pretiosum
1799 4733 2047 4789 fructum

414 4827 604 4889 terra,
627 4823 913 4894 patienter
930 4825 1139 4895 ferens,
1159 4825 1338 4881 donec
1358 4825 1592 4897 accipiat
1611 4829 2048 4896 temporaneum

415 4920 472 4970 et
505 4915 820 4971 serotinum
854 4917 984 4986 (Jac.
1016 4935 1072 4986 v,
1103 4919 1177 4990 7).
1213 4940 1241 4969 ››
1273 4918 1330 4975 Si
1367 4918 1634 4991 agricola
1669 4919 1792 4974 hac
1826 4921 2046 4992 patien-

415 5012 503 5064 ter
525 5008 721 5064 ferunt
746 5026 850 5081 pro
874 5012 1280 5083 temporalibus
1302 5012 1599 5082 fructibus,
1623 5016 1840 5084 quanto
1864 5014 2050 5086 magis

417 5115 512 5157 vos
546 5118 651 5173 pro
689 5103 916 5158 aternis
947 5106 1223 5175 patientes
1250 5121 1374 5160 esse
1405 5104 1624 5160 debetis
1643 5105 1670 5160 ‘I
1696 5107 1886 5162 Estote
1913 5123 2051 5178 ergo

415 5196 714 5268 patientes,
743 5200 802 5251 et
825 5198 1160 5253 conﬁrmate
1185 5199 1357 5254 corda
1387 5203 1592 5268 vestra,
1623 5204 1688 5255 ut
1715 5199 2051 5256 adveniente

408 5289 602 5361 judice
631 5289 874 5361 Christo,
900 5289 1018 5346 lati
1045 5293 1104 5345 et
1127 5291 1347 5362 probati
1374 5308 1495 5348 esse
1521 5292 1774 5348 valeatis.
1810 5311 1838 5345 «
1867 5292 2052 5348 Nolite

414 5383 791 5455 ingemiscere
821 5383 880 5438 in
909 5384 1269 5454 alterutrum,
1299 5389 1362 5440 ut
1387 5401 1505 5440 non
1525 5383 1888 5456 judicemini.
1912 5386 2050 5440 Ecce

410 5476 590 5545 judex
613 5480 747 5532 ante
771 5476 1011 5548 januam
1035 5478 1262 5534 assistit.
1291 5477 1631 5548 Exemplum
1649 5478 1904 5550 accipite,
1924 5479 2053 5534 cha-

419 5568 645 5639 rissimi,
673 5570 882 5626 laboris
909 5575 966 5626 et
992 5571 1284 5643 patientiae
1313 5571 1638 5642 prophetas,
1666 5570 1766 5643 qui
1792 5572 1964 5628 locuti
1991 5572 2051 5628 in

419 5661 657 5716 nomine
690 5665 911 5720 Domini
939 5669 1091 5722 sunt.
1112 5666 1195 5721 En
1219 5663 1606 5720 beatiﬁcamus
1637 5681 1732 5721 eos
1756 5666 1856 5739 qui
1879 5666 2050 5722 susti-

419 5759 688 5816 nuerunt.
719 5756 1115 5818 Sutierentiam
1140 5759 1240 5818 Job
1261 5757 1516 5832 audistis,
1544 5765 1601 5818 et
1616 5758 1794 5819 ﬁnem
1825 5761 2051 5819 Domini

2150 4640 2342 4711 gelio?
2371 4642 2438 4695 Et
2468 4640 2517 4694 si
2542 4640 2633 4695 vix
2652 4640 2838 4710 justus
2878 4639 3212 4708 salvabitur,
3241 4640 3452 4712 impius
3487 4643 3544 4696 et
3574 4654 3776 4710 pecca-

2147 4737 2239 4788 tor
2263 4733 2363 4788 ubi
2392 4733 2718 4804 parebunt?
2748 4733 2796 4803 (Ι
2819 4736 2961 4788 Petr.
2994 4749 3065 4800 IV,
3098 4735 3308 4804 12-18).
3345 4754 3372 4782 ››
3407 4735 3600 4804 Itaque
3628 4737 3687 4786 et
3716 4731 3780 4787 hi

2150 4826 2248 4897 qui
2286 4826 2598 4898 patiuntur,
2639 4825 2793 4882 ﬁdeli
2826 4827 3075 4882 Creatori
3115 4827 3527 4882 commendent
3560 4824 3783 4880 animas

2149 4935 2280 4974 suas
2326 4919 2639 4976 secundum
2680 4920 3030 4975 voluntatem
3081 4919 3304 4975 Domini
3343 4919 3402 4974 in
3447 4917 3776 4975 benefactis.

2147 5013 2290 5067 Nam
2335 5012 2418 5082 (ut
2456 5015 2536 5068 ait
2570 5013 2772 5069 beatus
2809 5013 3070 5068 Clemens
3104 5013 3427 5084 pradictus,
3456 5017 3797 5067 antecessor'

2147 5108 2362 5178 noster)
2383 5107 2581 5162 similis
2601 5111 2686 5162 est
2709 5107 2894 5162 omnis
2914 5107 3164 5162 ecclesia
3182 5111 3358 5162 status
3377 5106 3506 5162 navi
3526 5121 3779 5176 magna,

2149 5216 2276 5270 qua
2303 5215 2405 5271 per
2430 5199 2714 5255 undosum
2734 5200 2973 5272 pelagus
2995 5201 3229 5256 diversis
3251 5217 3280 5255 e
3306 5199 3441 5255 locis
3461 5205 3518 5254 et
3535 5198 3787 5270 regioni-

2149 5291 2254 5346 bus
2272 5292 2416 5347 viros
2441 5295 2647 5365 portat,
2672 5293 2745 5348 ad
2765 5309 2936 5348 unam
2962 5293 3208 5364 potentis
3232 5292 3399 5365 regni
3424 5291 3630 5347 urbem
3651 5306 3786 5362 pro-

2148 5401 2350 5456 perare
2375 5386 2682 5458 cupientes.
2712 5386 2794 5442 Sit
2817 5402 2953 5458 ergo
2983 5386 3140 5440 navis
3159 5389 3360 5441 auctor
3383 5385 3555 5456 huius
3583 5383 3780 5438 omni-

2150 5483 2350 5550 potens
2379 5479 2499 5551 ipse
2523 5480 2690 5549 Deus,
2722 5480 3069 5551 gubernator
3088 5496 3223 5534 vero
3250 5479 3322 5534 sit
3347 5477 3620 5543 Christus,
3653 5481 3785 5531 tum

2152 5571 2357 5627 deinde
2377 5575 2620 5644 proreta
2634 5572 2885 5628 ofﬁcium
2901 5573 3197 5645 episcopus
3214 5572 3468 5644 impleat,
3483 5569 3786 5643 presbyter

2151 5668 2477 5735 nautarum,
2506 5665 2730 5723 diaconi
2750 5667 3202 5740 dispensatorum
3228 5667 3420 5723 locum
3443 5667 3693 5734 teneant,
3718 5662 3784 5718 hi

2151 5759 2250 5836 qui
2310 5759 2652 5818 catechizant
2712 5760 3032 5837 nautologis
3086 5760 3470 5820 conferantur.
3529 5755 3783 5836 Epibatis
