4046 6188
195 275 245 324 61
1445 263 1919 324 DECRETALIUM
1959 268 2344 324 COLLECTIO.
3486 276 3555 330 62

192 383 374 433 autem
391 377 570 432 totius
580 377 956 432 fraternitatis
976 375 1282 432 multitudo
1301 377 1374 433 sit
1390 377 1614 432 similis.
1632 379 1822 448 Ipsum
1844 389 1904 463 Α
1925 383 2117 433 autem
2143 377 2530 434 misericordia
2548 379 2830 450 judicium
2851 380 2984 449 (Jac.
3012 397 3071 448 ιι,
3100 381 3204 452 10),
3237 401 3264 429 »
3293 383 3351 436 et
3366 380 3559 435 Domi-

193 487 415 542 quoque
447 487 612 524 mare
640 470 735 525 hic
756 470 1005 526 mundus
1021 471 1320 526 habeatur.
1349 472 1665 526 Ventorum
1685 487 1820 525 vero

189 565 492 618 varietates
521 567 579 618 et
604 563 904 619 turbinum
931 564 1166 619 diversis
1195 563 1605 619 tentationibus
1639 564 1825 619 confe-

187 662 417 722 rantur;
463 657 911 728 persecutiones,
961 656 1362 712 tribulationes
1405 657 1522 712 sive
1569 655 1825 728 pericula

187 749 452 804 ﬂuctibus
493 753 896 820 exsequentur.
934 750 1172 804 Terreni
1194 765 1332 804 vero
1360 749 1591 820 spiritus
1610 750 1707 821 qui
1737 749 1826 803 vel

189 842 252 897 de
277 843 662 910 torrentibus,
689 845 776 897 vel
809 843 879 898 de
920 842 1270 897 convallibus
1309 842 1546 913 spirant,
1578 841 1823 913 pseudo-

189 936 601 1006 pmphetarum
651 938 710 989 et
768 936 1129 990 seductorum
1171 952 1273 989 seu
1317 951 1508 1006 prava:
1551 934 1825 990 doctrina;

188 1029 356 1082 verba
377 1029 694 1092 docentur;
717 1029 1110 1100 promontoria
1125 1045 1254 1084 vero
1275 1032 1334 1082 et
1349 1029 1476 1083 loca
1491 1029 1828 1099 confragosa

186 1121 242 1175 hi
269 1121 367 1191 qui
417 1123 481 1175 in
510 1121 880 1192 potestatibus
917 1122 1113 1176 saeculi
1151 1125 1284 1175 sunt
1319 1121 1560 1191 judices,
1591 1126 1647 1176 et
1669 1120 1824 1191 peri-

188 1215 309 1266 cula
339 1214 644 1268 minantur
669 1230 733 1268 ac
763 1217 1011 1282 mortes;
1047 1213 1356 1268 dithalassa
1387 1230 1522 1267 vero
1553 1213 1675 1268 loca
1699 1229 1827 1283 qua;

188 1305 511 1376 duplicibus
539 1306 710 1361 undae
739 1306 954 1361 fallacis
979 1307 1210 1362 testibus
1240 1307 1618 1361 verberantur
1641 1305 1827 1361 dubiis

190 1403 380 1452 mente
439 1403 500 1453 et
546 1399 617 1454 de
665 1399 1177 1471 repromissionum
1215 1399 1451 1455 veritate
1497 1398 1828 1454 nutantibus

189 1491 582 1558 conferantur,
621 1497 792 1562 atque
832 1492 922 1546 his
959 1492 1057 1563 qui
1095 1491 1473 1547 irrationabili
1501 1491 1678 1546 ﬁdem
1718 1508 1826 1546 no-

189 1588 362 1638 stram
406 1584 634 1639 ratione
674 1584 1001 1638 discutiunt.
1045 1585 1362 1655 Hypocritae
1399 1601 1533 1639 vero
1567 1589 1624 1639 et
1648 1583 1826 1638 dolosi

189 1677 385 1747 piratis
429 1677 642 1731 similes
680 1677 1017 1733 habeantur.
1052 1678 1176 1731 lam
1211 1693 1346 1731 vero
1373 1677 1608 1748 rapidus
1632 1680 1828 1731 vertex

1912 488 2030 538 Vnus
2055 471 2133 533 ait
2173 488 2186 525 :
2235 493 2262 521 ‹‹
2305 472 2440 526 Nolo
2476 477 2718 527 mortem
2762 473 3090 544 peccatoris,
3140 474 3240 528 sed
3271 477 3332 528 ut
3372 473 3556 544 magis

1923 567 2306 631 convertatur,
2347 567 2406 618 et
2433 565 2585 619 vivat
2619 567 2822 635 (Ezech.
2854 583 3043 634 χχχιιι,
3079 567 3186 637 11).
3221 586 3248 618 ι)
3282 569 3348 621 Et
3377 567 3555 622 multa

1925 659 2060 713 talia
2092 658 2298 712 horum
2341 657 2566 712 similia.
2611 677 2638 708 «
2669 659 2846 713 Nemo
2873 660 3028 714 enim
3073 659 3275 732 (inquit
3312 661 3553 731 Aposto-

1922 751 2048 820 lus),
2079 753 2328 805 vestrum
2359 749 2463 804 sibi
2501 750 2653 819 vivit,
2699 756 2754 805 et
2791 767 2959 807 nemo
2986 752 3093 806 sibi
3118 753 3392 822 moritur;
3441 753 3556 808 sive

1925 859 2064 914 ergo
2092 842 2348 910 vivimus,
2379 843 2494 897 sive
2524 843 2827 913 morimur,
2860 845 3086 898 Domini
3107 862 3322 900 sumus.
3354 848 3416 899 In
3443 846 3554 901 hoc

1925 935 2078 991 enim
2104 936 2355 991 Christus
2382 939 2640 991 mortuus
2663 939 2747 991 est
2774 939 2830 991 et
2858 937 3080 1005 revixit,
3111 941 3177 992 ut
3209 942 3267 992 et
3294 939 3552 993 vivorum

1927 1034 1985 1084 et
2011 1035 2368 1085 mortuorum
2417 1029 2766 1084 dominetur.
2809 1031 2892 1084 Tu
2941 1034 3134 1084 autem
3173 1031 3312 1100 quid
3331 1031 3554 1101 judicas

1925 1122 2158 1177 fratrem
2187 1128 2372 1192 tuum,
2417 1127 2516 1191 aut
2543 1127 2602 1177 tu
2629 1139 2804 1194 quare
2835 1123 3055 1194 spernis
3088 1123 3324 1176 fratrem
3351 1125 3556 1178 tuum?

1927 1215 2138 1270 Omnes
2177 1216 2333 1270 enim
2376 1216 2604 1270 stabunt
2641 1220 2774 1269 ante
2821 1215 3071 1269 tribunal
3115 1214 3382 1284 Domini;
3420 1216 3554 1270 scri-

1925 1311 2089 1378 ptum
2115 1312 2200 1363 est
2217 1309 2374 1362 enim
2401 1325 2414 1363 :
2443 1328 2469 1360 «
2501 1308 2632 1363 Vivo
2654 1325 2784 1379 ego,
2810 1309 2946 1362 dicit
2966 1308 3263 1378 Dominus,
3284 1308 3556 1378 quoniam

1926 1402 2183 1455 ﬂectetur
2202 1401 2347 1454 mihi
2369 1417 2538 1455 omne
2562 1417 2733 1471 genu,
2765 1405 2822 1455 et
2847 1402 3032 1456 omnis
3049 1401 3248 1472 lingua
3263 1401 3557 1455 conﬁtebi-

1928 1497 2021 1547 tur
2059 1493 2320 1548 Domino.
2367 1495 2561 1565 Itaque
2617 1495 3001 1566 unusquisque
3046 1496 3298 1548 vestrum
3347 1509 3450 1564 per
3497 1509 3556 1547 se

1927 1585 2204 1640 rationem
2233 1586 2432 1641 reddet
2456 1587 2718 1640 Domino.
2750 1608 2778 1637 ‹‹
2807 1588 2927 1640 Non
2962 1603 3100 1658 ergo
3134 1586 3382 1657 amplius
3410 1585 3555 1640 invi-

1928 1694 2050 1732 cem
2071 1678 2410 1749 judicemus,
2441 1679 2540 1733 sed
2566 1680 2676 1734 hoc
2695 1679 2946 1749 judicate
2973 1680 3176 1749 magis,
3204 1695 3311 1733 nec
3337 1679 3559 1750 ponatis

189 1776 244 1824 et
276 1775 536 1823 tartarea
588 1769 883 1840 charybdis
927 1774 985 1825 et
1027 1769 1179 1825 saxis
1228 1769 1370 1824 illisa
1411 1769 1710 1840 naufragia
1763 1750 1904 1824 acB
1929 1771 2336 1826 offendiculum
2355 1771 2513 1826 fratri
2527 1772 2612 1827 vel
2628 1772 2958 1825 scandalum
2981 1773 3150 1842 (Rom.
3174 1788 3282 1841 xxv,
3311 1775 3555 1843 11-13).»

191 1862 507 1916 mortifera:
523 1862 962 1929 submersiones,
989 1862 1131 1934 quid
1156 1862 1312 1917 aliud
1333 1863 1669 1917 aestimanda
1697 1865 1828 1916 sunt

189 1971 362 2027 quam
417 1959 652 2026 peccata
672 1957 700 2009 ‘f
744 1957 942 2010 Restat
986 1955 1164 2026 igitur
1197 1960 1263 2010 ut
1291 1956 1414 2010 lucc
1456 1955 1617 2010 navis
1659 1971 1829 2010 cursu

189 2063 466 2120 prospero
479 2051 606 2102 tuta
617 2048 797 2119 possit
816 2053 1048 2119 portum
1071 2047 1401 2103 desiderata:
1414 2047 1572 2102 urbis
1591 2047 1826 2115 intrare,

189 2145 247 2196 et
261 2143 341 2196 ita
361 2142 609 2196 Domino
625 2157 826 2212 pacem
843 2141 1104 2210 fundere,
1124 2146 1184 2195 ut
1198 2141 1537 2212 navigantes
1557 2157 1824 2196 merean-

189 2241 285 2288 tur
325 2234 536 2288 audiri.
574 2233 871 2300 Audimus,
912 2235 1139 2300 fratres,
1177 2234 1324 2305 quod
1361 2233 1595 2304 quidam
1638 2234 1825 2288 detra-

1925 1864 2142 1920 Scimus
2191 1865 2348 1920 enim
2399 1865 2534 1935 quia
2593 1865 2838 1918 multum
2898 1865 3194 1935 derogatio
3248 1865 3554 1935 praevalet,

1925 1957 2156 2027 quando
2178 1957 2485 2029 derogator
2499 1957 2747 2012 creditur
2763 1957 2874 2010 ﬁde
2895 1956 3105 2028 dignus
3121 1974 3138 2026 ;
3162 1957 3311 2024 ideo,
3333 1956 3555 2024 fratres,

1925 2049 2090 2103 variis
2117 2049 2558 2104 detractionibus
2594 2053 2650 2103 et
2687 2049 3140 2104 accusationibus
3182 2065 3295 2104 non
3337 2054 3560 2120 oportet

1925 2141 2246 2196 labefactari
2269 2143 2490 2213 judices
2531 2145 2587 2197 et
2612 2142 2886 2214 primates
2925 2142 3203 2209 Ecclesiae,
3233 2142 3335 2196 sed
3371 2142 3558 2212 magis

1928 2237 2314 2306 apostolorum
2345 2241 2402 2290 et
2430 2235 2723 2290 doctorum
2750 2235 2961 2306 regulis
2986 2235 3286 2289 informari
3314 2238 3373 2289 et
3397 2235 3560 2289 robo-

151 2365 154 2406 :
191 2328 338 2380 hunt
371 2331 430 2382 et
469 2331 736 2382 accusant
771 2327 1091 2381 sacerdotes
1135 2325 1375 2393 Domini,
1413 2326 1705 2398 cupientes
1735 2342 1828 2381 eos
1925 2328 2059 2396 rari,
2100 2327 2252 2384 unde
2293 2329 2513 2398 justum
2542 2333 2626 2384 est
2653 2344 2850 2383 omnes
2881 2327 2939 2382 in
2976 2328 3237 2383 universo
3272 2329 3558 2383 Romano-

151 2415 156 2474 ἕ
191 2419 481 2487 damnari,
509 2436 628 2474 non
646 2419 1033 2490 intelligentes
1062 2419 1297 2474 forsitan
1328 2419 1482 2490 quod
1506 2418 1718 2490 injuria
1738 2435 1828 2472 sa-

189 2512 490 2567 cerdotum
522 2513 594 2567 ad
627 2512 918 2567 Christum
943 2511 1214 2583 pertinet,
1243 2512 1403 2583 cujus
1427 2511 1547 2567 vice
1571 2511 1828 2583 fungun-

1928 2438 2057 2476 rum
2083 2421 2221 2476 orbe
2251 2422 2512 2477 doctores
2540 2421 2702 2492 legis,
2733 2438 2798 2477 ea
2825 2437 2954 2492 quae
2973 2421 3118 2493 legis
3143 2425 3276 2475 sunt
3305 2426 3458 2476 recta
3477 2439 3560 2476 sa-

1928 2530 2062 2586 pere
2087 2517 2146 2570 et
2182 2515 2426 2586 operari,
2472 2519 2528 2569 et
2553 2531 2669 2569 non
2717 2515 2946 2585 regulas
2983 2514 3266 2569 nascentis
3310 2513 3560 2569 ecclesiae

189 2612 302 2660 tur.
332 2606 448 2658 Nec
474 2606 585 2659 hoc
616 2604 900 2675 aspiciunt
922 2604 1077 2676 quod
1105 2605 1306 2660 beatus
1335 2606 1534 2660 Petrus
1560 2605 1828 2675 princeps
1929 2607 2220 2675 confundi,
2250 2611 2351 2662 aut
2378 2607 2552 2663 fidem
2581 2613 2680 2663 aut
2715 2607 3032 2662 doctrinam
3065 2607 3451 2678 apostolorum
3471 2623 3561 2661 va-

189 2698 602 2769 apostolorum,
647 2698 953 2752 instructor
993 2703 1206 2765 noster,
1248 2697 1367 2752 ait:
1409 2719 1437 2747 «
1476 2700 1831 2769 Deponentes
1930 2700 2028 2755 riis
2047 2701 2332 2756 maculare
2358 2701 2648 2770 doctrinis,
2681 2716 2789 2755 nec
2813 2701 3016 2755 fratres
3041 2700 3328 2755 infestare.
3365 2700 3422 2754 Si
3454 2715 3557 2754 au-

188 2791 370 2861 igitur
391 2806 632 2845 omnem
655 2790 1038 2859 malitiam,et
1053 2805 1286 2846 omnem
1315 2790 1513 2845 dolum
1529 2795 1586 2845 et
1605 2790 1834 2845 simula-
1931 2797 2048 2849 tem
2087 2793 2282 2848 omnia
2311 2793 2372 2848 in
2415 2794 2521 2848 hoc
2568 2793 2773 2848 saeculo
2798 2792 3083 2847 vindicata
3125 2795 3329 2862 essent,
3373 2792 3563 2847 locum

188 2885 378 2939 tiones
407 2887 468 2939 et
494 2883 739 2937 invidias
769 2886 828 2936 et
851 2899 1054 2937 omnes
1072 2883 1471 2952 detractiones,
1495 2883 1639 2938 sicut
1657 2883 1830 2938 modo
1931 2884 2122 2940 divina
2155 2885 2375 2955 judicia
2417 2901 2532 2940 non
2559 2885 2857 2954 haberent,
2905 2884 3268 2956 supervacuis
3305 2885 3459 2940 enim
3490 2884 3561 2940 ad

191 2975 376 3048 geniti
396 2977 669 3044 infantes,
683 2976 1038 3042 rationabile,
1054 2976 1174 3039 sine
1190 2977 1316 3031 dolo
1331 2977 1418 3031 lac
1430 2977 1830 3047 concupiscite,
1931 2977 2209 3033 beneficia
2235 2978 2458 3033 laborat
2485 2979 2810 3050 impendiis,
2833 2979 2931 3050 qui
2952 2979 3128 3033 solem
3155 2980 3336 3033 certat
3349 2977 3564 3032 facibus

190 3075 254 3124 ut
282 3071 343 3124 in
371 3087 444 3124 eo
467 3070 739 3125 crescatis
763 3069 825 3124 in
857 3069 1098 3124 salutem
1125 3069 1170 3138 (1
1196 3071 1342 3124 Petr.
1371 3086 1432 3138 ιι,
1464 3069 1536 3140 1),
1569 3089 1598 3121 »
1629 3073 1687 3123 et
1717 3070 1828 3123 Do-
1852 3113 1902 3142 η
1932 3071 2234 3141 adjuvare;
2276 3071 2403 3126 ideo
2433 3071 2476 3125 si
2519 3070 2723 3142 aliquis
2758 3074 2921 3142 putat
2944 3070 3188 3126 Domino
3224 3072 3280 3125 in
3310 3070 3414 3124 hoc
3439 3071 3561 3142 pla-

194 3113 254 3124 *⁵*
283 3113 343 3124 ⁵⁵⁸
372 3113 441 3124 νν
468 3113 739 3125 ν⁵ννν“⁹““¹’
764 3113 825 3124 ⁸⁸⁸
858 3113 1098 3124 ¹”’“¹“·“⁵’ν⁶“⁸
1126 3113 1168 3138 \‘
1196 3113 1222 3124 ⁸
1243 3113 1307 3124 ""'
1329 3113 1342 3124 '
1372 3113 1432 3138 "7
1468 3113 1536 3140 ⁵Ιῖ
1571 3113 1594 3121 ”
1630 3113 1687 3123 ν’
1718 3113 1796 3123 "'"'
1932 3113 2200 3141 ““.Ι“⁴“¹“⁴“¹⁵ν
2221 3113 2234 3138 ἳ
2276 3113 2402 3126 “‘V"
2433 3113 2476 3125 ‘"
2519 3113 2723 3142 “⁵¹¹“1“’⁸“⁹
2759 3113 2921 3142 1"“WV
2944 3113 3187 3126 νυ¹¹¹⁵⁸⁴¹³ν
3224 3113 3280 3125 ⁵⁸⁸
3310 3113 3414 3124 “vv
3439 3113 3534 3142 ru“

191 3163 382 3217 minus
402 3180 509 3234 per
535 3163 878 3234 prophetam
904 3162 1090 3233 inquit
1118 3179 1132 3216 :
1166 3182 1196 3215 ιι
1221 3162 1326 3226 Qui
1356 3163 1476 3217 vult
1500 3162 1679 3217 vitam
1711 3162 1832 3216 dili-
1851 3113 1906 3189 Ο
1929 3181 2057 3219 cere
2083 3164 2237 3236 quod
2265 3180 2452 3220 servos
2490 3181 2618 3219 suos
2657 3170 2900 3231 accusat,
2935 3169 2993 3219 et
3025 3168 3092 3219 ut
3115 3165 3378 3219 meliores
3400 3165 3561 3231 fiant,

193 3272 328 3326 gere
350 3261 410 3309 et
439 3256 636 3310 videre
663 3255 786 3310 dies
806 3256 1008 3322 bonos,
1032 3261 1290 3310 coerceat
1317 3255 1575 3326 linguam
1607 3271 1768 3310 suam
1798 3271 1832 3309 a
1931 3257 2065 3312 dicit
2094 3274 2154 3312 se
2180 3258 2286 3312 hoc
2313 3273 2507 3329 agere,
2535 3258 2594 3311 in
2622 3274 2830 3312 vanum
2863 3257 3079 3312 laborat
3102 3261 3159 3312 et
3184 3258 3310 3328 plus
3338 3257 3566 3312 invidia:

193 3350 365 3418 malo,
401 3353 463 3404 et
490 3349 648 3404 labia
678 3349 799 3419 ejus
829 3365 902 3403 ne
931 3348 1240 3420 loquantur
1277 3348 1475 3403 dolum
1505 3349 1556 3420 (Ι
1583 3351 1719 3403 Petr.
1746 3364 1830 3416 ιιι,
1930 3350 2172 3404 stimulis
2199 3351 2448 3421 agitatur
2481 3367 2658 3420 quam
2696 3350 3007 3417 charitatis,
3050 3350 3324 3422 quoniam
3371 3349 3567 3420 gratis:

196 3444 304 3510 10),
331 3464 359 3490 υ
392 3447 504 3496 etc.
541 3442 646 3505 Qui
675 3444 868 3496 autem
893 3442 1000 3496 ista
1025 3441 1552 3512 transgrediuntur,
1576 3442 1831 3512 profecto
1931 3443 2229 3513 plenitudo
2265 3443 2584 3513 adiectione
2622 3459 2735 3498 non
2774 3443 3015 3514 indiget,
3055 3458 3158 3496 nec
3186 3443 3300 3496 ulla
3324 3441 3568 3512 requirit

195 3539 658 3607 transgressores
681 3534 825 3605 legis
863 3533 1092 3588 Domini
1117 3537 1175 3588 et
1206 3537 1635 3605 contemptores
1662 3537 1834 3604 atque
1933 3535 2446 3590 commendationis
2476 3540 2807 3607 augmenta.
2858 3535 3101 3604 Erigunt
3133 3551 3272 3606 ergo
3311 3535 3568 3590 doctores

195 3627 596 3683 inobedientes
620 3627 743 3697 ejus
769 3626 1067 3698 praeceptis
1091 3626 1357 3681 existunt.
1379 3627 1537 3681 Unde
1563 3631 1619 3682 et
1636 3626 1834 3681 beatus
1935 3627 2302 3682 conscientias
2344 3645 2490 3697 suas,
2521 3633 2578 3683 et
2606 3629 2651 3682 si
2704 3627 2934 3698 quando
2979 3628 3209 3682 incertis
3243 3632 3567 3698 temporum

195 3721 432 3774 Iacobus
460 3721 759 3791 apostolus
792 3720 872 3774 ait
901 3738 915 3774 :
953 3741 980 3769 ι(
1020 3719 1078 3774 Si
1108 3719 1345 3790 diligitis
1373 3719 1657 3789 proximos
1694 3719 1837 3774 sicut
1934 3719 2158 3774 ﬂatibus
2176 3725 2564 3791 opponuntur,
2587 3719 2867 3774 sustinent
2891 3721 3043 3774 mala
3063 3735 3192 3790 quae
3210 3719 3428 3774 saeculis
3444 3737 3566 3775 ma-

199 3814 466 3884 vosipsos,
498 3813 652 3868 bene
688 3813 892 3868 facitis.
937 3811 996 3867 Si
1033 3817 1226 3867 autem
1261 3827 1532 3882 personas
1562 3812 1832 3882 accipitis,
1937 3813 2022 3884 gis
2049 3817 2182 3868 sunt
2206 3812 2544 3867 ascribenda
2577 3829 2747 3884 quam
2782 3812 3020 3867 meritis.
3065 3813 3261 3866 Datam
3290 3812 3446 3866 enim
3470 3813 3570 3866 sci-

199 3911 497 3976 peccatum
529 3905 878 3977 operamini,
909 3905 1198 3976 redarguti
1227 3920 1262 3958 a
1292 3905 1420 3976 lege
1458 3904 1620 3976 quasi
1645 3907 1833 3958 trans-
1935 3921 2062 3960 mus
2087 3905 2315 3960 Satanae
2335 3909 2696 3976 potestatem,
2730 3910 2794 3960 ut
2824 3920 3014 3959 servos
3036 3903 3242 3960 Christi
3270 3903 3565 3972 cribraret,

200 4015 486 4069 gressores
537 3999 668 4068 (Jac.
715 4015 774 4068 ιι,
826 3998 903 4069 9),
951 4020 980 4048 ››
1028 4002 1136 4053 etc.
1170 3999 1239 4052 Et
1279 3997 1474 4053 beatus
1518 3998 1835 4068 praedeces-
1933 4001 2000 4053 ut
2034 3998 2187 4069 quod
2211 3999 2281 4054 de
2313 3998 2500 4053 tritico
2522 3997 2764 4054 inveniri
2788 4002 3000 4069 posset,
3033 3997 3255 4052 horreis
3285 3995 3570 4068 ingerere-

200 4108 289 4146 sor
319 4098 529 4147 noster
571 4092 855 4161 Clemens,
895 4091 981 4145 vir
1021 4090 1360 4162 apostolicus
1398 4095 1456 4145 et
1486 4090 1686 4161 spiritu
1724 4091 1834 4144 Do-
1934 4095 2058 4160 tur;
2093 4093 2150 4146 et
2177 4091 2328 4162 quod
2348 4091 2417 4146 de
2433 4090 2629 4162 paleis,
2655 4107 2720 4145 ac
2745 4090 2968 4163 ignium
2997 4091 3270 4145 alimenta
3284 4089 3568 4146 transiret.

199 4185 340 4239 mini
369 4185 606 4257 plenus,
651 4201 762 4240 una
785 4201 918 4239 cum
945 4183 1180 4256 reliquis
1216 4183 1426 4238 sanctis
1463 4183 1694 4254 collegis
1721 4182 1839 4236 suis
1935 4184 2019 4238 Ad
2043 4200 2140 4238 vos
2163 4184 2481 4255 specialiter
2499 4183 2714 4239 dictum
2736 4187 2821 4239 est
2851 4200 2865 4238 :
2898 4205 2926 4234 «
2958 4184 3140 4239 Nolite
3165 4183 3373 4239 timere
3400 4183 3572 4254 pusil-

198 4278 416 4347 statuit,
448 4278 692 4332 dicens:
732 4276 1049 4332 Accusandi
1093 4277 1182 4332 vel
1226 4276 1571 4331 testiﬁcandi
1609 4275 1839 4330 licentia
1938 4277 2024 4331 lus
2061 4293 2232 4348 grex,
2274 4277 2487 4348 placuit
2527 4277 2678 4332 Patri
2715 4282 2902 4332 vestro
2949 4277 3086 4332 dare
3127 4276 3286 4330 vobis
3326 4292 3573 4347 regnum

183 4371 528 4454 ‘denegetur
547 4370 815 4426 omnibus
839 4371 939 4442 qui
972 4370 1307 4426 Christianae
1332 4368 1623 4441 religionis
1649 4371 1708 4424 et
1731 4385 1836 4423 no-

1938 4370 2081 4440 (Luc.
2116 4387 2210 4437 xu,
2243 4370 2351 4442 32),
2398 4389 2426 4421 ››
2455 4370 2611 4424 venit
2635 4370 2788 4425 inter
2812 4386 2911 4424 vos
2941 4370 3168 4440 gladius
3196 4370 3570 4441 perﬁdorum,

408 4463 776 4534 dignitatem,
803 4469 861 4519 et
885 4480 1002 4518 suae
1027 4463 1173 4534 legis
1186 4464 1276 4519 vel
1297 4463 1385 4518 sui
1404 4462 1676 4534 propositi
1697 4479 1834 4518 nor-
1856 4475 1916 4548 D
1941 4467 2002 4517 ut
2028 4463 2277 4518 marcida
2317 4462 2578 4518 Ecclesia:
2606 4463 2862 4518 membra
2887 4468 3185 4532 resecaret,
3215 4467 3270 4516 et
3305 4463 3379 4517 ad
3408 4464 3568 4518 coele-

202 4572 358 4611 mam
384 4559 490 4612 aut
523 4557 867 4628 regulariter
897 4557 1184 4628 prohibita
1215 4557 1611 4628 neglexerunt.
1641 4557 1844 4611 Trans-

203 4664 494 4718 gressores
520 4649 673 4704 enim
704 4653 905 4721 sponte
930 4651 1075 4720 legis
1107 4667 1244 4720 suas,
1282 4650 1520 4721 ejusque
1549 4650 1843 4706 violatores

204 4745 262 4795 et
300 4742 665 4809 recedentes,
712 4746 984 4814 apostatae
1025 4743 1416 4798 nominentur.
1460 4742 1655 4798 Omnis
1682 4743 1841 4798 enim

199 4837 466 4905 apostata
494 4835 827 4891 refutandus
843 4842 927 4891 est
953 4841 1086 4891 ante
1110 4835 1497 4891 reversionem
1523 4851 1704 4904 suam,
1729 4852 1844 4890 non

203 4926 262 4980 in
288 4926 659 4982 accusatione
689 4932 842 4984 recte
873 4929 1192 5001 agentium,
1215 4933 1314 4984 aut
1333 4929 1658 4984 testimonio
1675 4929 1847 4984 susci.

204 5019 476 5089 piendus,
502 5021 637 5091 quia
652 5021 737 5075 vir
752 5021 958 5093 duplex
971 5022 1162 5077 animo
1183 5021 1511 5078 inconstans
1532 5023 1694 5078 estin
1716 5039 1842 5078 om-

202 5112 380 5166 nibus
401 5113 503 5167 viis
524 5113 658 5168 suis.
690 5135 719 5164 «
744 5116 1078 5187 Quicunque
1109 5121 1302 5172 autem
1331 5116 1415 5186 (ut
1449 5116 1529 5170 ait
1554 5115 1845 5187 apostolus

201 5206 468 5277 Iacobus)
500 5209 678 5262 totam
710 5209 898 5280 legem
925 5209 1254 5279 servaverit,
1286 5209 1534 5264 offendat
1560 5214 1755 5264 autem
1785 5208 1845 5263 in

201 5314 348 5366 uno,
385 5299 562 5355 factus
596 5304 681 5355 est
706 5317 838 5356 reus
859 5303 1137 5357 omnium.
1168 5303 1274 5367 Qui
1301 5308 1490 5357 autem
1531 5303 1693 5370 dixit,
1720 5305 1844 5359 Non

202 5391 612 5460 mcechaberis,
635 5393 774 5448 dixit
794 5396 870 5463 et,
892 5395 1017 5450 Non
1037 5395 1275 5450 occides.
1299 5395 1459 5458 Quod
1491 5395 1538 5449 si
1563 5411 1681 5450 non
1702 5411 1843 5450 mee-

203 5484 492 5554 chaberis,
515 5485 735 5542 occidas
754 5491 969 5557 autem,
991 5488 1170 5544 factus
1189 5505 1249 5544 es
1268 5492 1656 5559 transgressor
1681 5488 1844 5559 legis.

207 5577 295 5632 Sic
323 5579 631 5649 loquimini
657 5582 717 5634 et
743 5579 822 5635 sic
846 5581 1037 5652 facite,
1060 5583 1139 5637 sic
1160 5585 1225 5638 ut
1241 5599 1346 5654 per
1364 5583 1553 5654 legem
1572 5581 1848 5636 libertatis

209 5671 549 5742 incipientes
576 5673 847 5742 judicari.
875 5675 1157 5731 iudicium
1193 5677 1348 5732 enim
1374 5676 1495 5731 sine
1524 5674 1846 5730 misericor-

1941 4561 2084 4611 stem
2114 4555 2353 4628 gloriam
2379 4555 2736 4626 perduceret.
2761 4557 2908 4620 Quos
2939 4556 3146 4610 habeat
3179 4555 3433 4610 Christus
3458 4556 3569 4611 mi-

1941 4649 2085 4718 lites,
2115 4653 2404 4705 certamen
2435 4650 2700 4716 ostendit,
2733 4649 2831 4720 qui
2863 4648 3220 4719 triumphum
3249 4653 3576 4704 mereantur

1942 4759 2045 4813 per
2068 4741 2218 4798 bella
2245 4747 2684 4814 cognoscuntur.
2713 4741 2929 4796 Scimus
2959 4746 3153 4796 autem
3179 4742 3389 4797 multos
3419 4742 3490 4797 ob
3515 4742 3573 4798 id

1943 4833 2209 4890 infestare
2238 4835 2517 4903 doctores,
2546 4837 2612 4888 ut
2639 4849 2735 4888 eos
2763 4834 3002 4904 perdant
3021 4838 3078 4889 et
3102 4834 3352 4906 propriae
3383 4835 3576 4890 volun-

1942 4928 2073 4983 tatis
2089 4927 2294 5000 placita
2309 4926 2678 4998 adimpleant.
2699 4926 2823 4981 Non
2846 4932 3149 4998 propterea
3172 4932 3366 4982 tamen
3387 4928 3576 4984 docto-

1944 5037 2035 5076 res
2058 5020 2400 5092 inquantum
2427 5018 2580 5075 'vires
2611 5021 2926 5090 suppetunt
2950 5036 2984 5074 a
3009 5023 3165 5075 recta
3188 5021 3573 5093 aemulatione,

1945 5118 2004 5168 et
2031 5113 2183 5168 bona
2222 5111 2545 5168 intentione
2583 5113 2851 5168 recedere
2895 5112 3121 5183 debent,
3166 5115 3402 5171 scientes
3441 5117 3577 5187 quia

1948 5225 1976 5260 (ι
1992 5206 2142 5262 beati
2161 5205 2259 5278 qui
2270 5206 2730 5279 persecutionem
2739 5205 3040 5277 patiuntur
3057 5213 3291 5279 propter
3295 5209 3575 5278 justitiam

1949 5301 2162 5364 (Matth.
2195 5317 2248 5367 ν,
2287 5301 2392 5370 10).
2424 5318 2451 5351 ››
2485 5299 2633 5354 Nihil
2669 5304 2864 5354 autem
2894 5299 2994 5354 illo
3034 5305 3118 5355 est
3151 5307 3374 5372 pastore
3401 5301 3573 5354 mise-

1947 5393 2064 5450 rius
2092 5392 2190 5464 qui
2215 5394 2484 5464 luporum
2511 5392 2777 5448 laudibus
2815 5393 3107 5463 gloriatur.
3140 5394 3352 5456 Quibus
3384 5393 3429 5446 si
3453 5393 3572 5462 pla-

1947 5504 2074 5544 cere
2113 5487 2358 5542 voluerit
2399 5490 2569 5558 atque
2621 5486 2693 5541 ab
2744 5485 2834 5541 his
2891 5486 3068 5541 amari
3110 5485 3420 5556 delegerit,
3468 5484 3578 5540 erit

1946 5581 2081 5636 hinc
2106 5580 2304 5635 ovibus
2330 5595 2541 5650 magna
2569 5579 2872 5650 pernicies.
2901 5578 3099 5632 Nullus
3118 5592 3254 5647 ergo
3283 5581 3574 5647 pastorum

1946 5675 2172 5748 placere
2197 5672 2347 5746 lupis
2373 5677 2429 5728 et
2456 5672 2724 5744 gregibus
2752 5671 2940 5727 ovium
2967 5673 3167 5741 potest,
3204 5669 3392 5739 perdit
3421 5673 3575 5729 enim

215 5764 310 5822 dia
331 5767 425 5823 tiet
445 5765 526 5821 illi
550 5765 651 5842 qui
673 5782 791 5824 non
809 5766 941 5825 fecit
956 5767 1422 5842 misericordiam,
1453 5768 1852 5844 superexcellit
1949 5768 2156 5826 laboris
2171 5766 2509 5826 memoriam
2531 5782 2693 5824 mens
2705 5764 2948 5824 terrenis
2970 5761 3219 5836 obligata
3236 5766 3573 5833 carceribus.
