4046 6188
502 275 567 326 63
1400 265 1681 320 ΑΡΡΕΝΙ).
1722 263 1808 318 AD
1847 265 2005 319 SAEC.
2051 263 2128 318 lX.

2229 293 2234 302 ι
2275 265 2514 320 lSlDORl
2552 265 2973 322 MERCATORIS
3775 263 3835 318 64

505 378 659 433 Sicut
687 374 898 430 artium
935 374 994 428 in
1025 388 1126 426 suo
1165 387 1390 443 quoque
1430 387 1601 441 opere
1643 370 1928 426 invenitur
1952 374 2135 425 mater
2155 382 2215 456 Α
2233 372 2384 427 oculi
2409 373 2695 441 dicuntur,
2724 378 2780 428 et
2809 372 3198 441 subdiaconos,
3221 375 3389 442 atque
3409 369 3652 441 reliquos
3681 370 3836 423 mini-

506 469 806 535 instantia,
852 467 928 520 ita
966 481 1209 520 noverca
1249 463 1583 520 eruditionis
1629 466 1714 517 est
1756 463 2129 534 negligentia.

504 562 699 617 Nullus
735 575 872 630 ergo
899 558 1296 631 praejudicium
1330 557 1493 613 alteri
1529 557 1722 624 faciat,
1749 573 1938 628 neque
1981 556 2134 627 quod

503 655 605 709 sibi
643 653 764 708 ﬁeri
791 669 906 707 non
933 653 1055 706 vult
1083 655 1358 707 exerceat.
1392 651 1568 705 Nemo
1611 650 1822 705 dictum
1847 651 1916 704 de
1943 649 2133 720 aliquo

502 747 771 816 inveniat,
819 746 975 816 quod
1018 745 1077 799 in
1117 745 1238 816 ejus
1279 743 1494 798 actibus
1540 759 1654 798 non
1696 747 1981 814 agnoscat.
2015 744 2132 813 Ego

501 844 691 894 autem
706 839 1119 907 labefactatam,
1138 853 1252 891 non
1274 836 1457 891 solum
1472 836 1723 908 quietem
1742 852 1948 905 meam,
1965 835 2063 890 sed
2078 840 2134 889 et

503 933 746 988 salutem
763 930 1127 986 inimicorum
1146 929 1467 984 valetudine
1486 934 1542 984 et
1557 945 1853 984 rumorum
1874 928 2132 999 procellis

505 1041 772 1098 agnosco.
817 1026 1019 1080 Potens
1050 1029 1135 1078 est
1162 1023 1422 1078 divinitas
1469 1021 1754 1077 immensa
1780 1021 2129 1092 tempestatis

505 1119 720 1174 incerta
747 1118 900 1172 bono
930 1116 1252 1172 serenitatis
1283 1132 1568 1170 amovere.
1615 1116 1681 1169 Et
1721 1114 1857 1185 quid
1896 1113 2050 1168 aliud
2085 1113 2131 1167 si

508 1232 537 1264 (ι
583 1211 838 1266 Christus
883 1226 1078 1280 passus
1111 1213 1194 1264 est
1231 1225 1334 1279 pro
1365 1209 1550 1276 nobis,
1590 1207 1754 1262 nobis
1800 1206 2131 1278 relinquens

503 1304 850 1374 exemplum,
896 1305 959 1356 ut
989 1317 1297 1373 sequamur
1340 1301 1572 1372 vestigia
1616 1301 1738 1371 ejus
1784 1301 1831 1369 (Ι
1869 1302 2014 1355 Petr.
2066 1316 2127 1370 ιι,

502 1398 613 1468 21),
647 1418 674 1445 ››
702 1400 759 1450 et
781 1395 1020 1466 apostoli
1057 1395 1208 1466 passi
1252 1398 1400 1462 sunt,
1443 1398 1744 1464 sequentes
1778 1392 1900 1464 ejus
1933 1408 2127 1448 exem-

502 1491 682 1561 plum,
717 1492 775 1543 et
814 1487 1016 1559 reliqui
1060 1491 1268 1558 patres,
1316 1486 1423 1540 nisi
1453 1489 1518 1540 ut
1553 1501 1859 1557 sequamur
1895 1485 2132 1556 vestigia

504 1582 645 1652 ejus,
673 1587 791 1636 tam
817 1581 1134 1636 doctrinam
1161 1595 1361 1634 eorum
1394 1595 1565 1649 quam
1592 1579 1940 1650 exemplum,
1966 1582 2023 1633 et
2037 1595 2131 1648 pa-

503 1675 719 1729 tiamur
747 1674 979 1728 adversa
1016 1689 1116 1743 pro
1160 1672 1400 1741 Christo,
1431 1675 1487 1725 et
1511 1688 1641 1726 cum
1676 1671 1934 1742 patribus
1959 1673 2129 1742 atque

2234 469 2379 520 stros
2405 482 2598 521 secum
2630 465 2858 535 habeat,
2890 465 2986 537 qui
3007 465 3177 520 sacris
3203 464 3386 518 induti
3412 463 3756 518 vestimentis
3783 465 3838 518 in

2231 559 2417 614 fronte
2447 562 2504 613 et
2531 575 2564 612 a
2589 562 2769 630 tergo,
2799 562 2854 613 et
2879 558 3195 630 presbyteri
3223 574 3253 612 e
3283 558 3516 627 regione
3545 557 3738 612 dextra
3764 558 3837 611 le-

2231 669 2436 723 vaque,
2470 651 2713 707 contrito
2741 651 2912 706 corde
2935 656 2994 706 et
3016 652 3317 706 humiliato
3345 651 3566 721 spiritu,
3589 666 3654 704 ac
3674 667 3837 720 prono

2233 748 2386 800 stent
2404 745 2582 814 vultu,
2603 744 2986 800 custodientes
3001 761 3132 799 eum
3155 761 3189 798 a
3210 743 3486 798 malivolis
3509 744 3838 809 hominibus,

2233 844 2288 894 et
2321 855 2662 892 consensum
2694 838 2816 908 ejus
2844 839 3140 908 praebeant
3165 835 3459 904 sacriﬁcio,
3493 839 3721 907 peracta
3743 853 3838 891 au-

2230 937 2348 987 tem
2375 931 2822 1001 consecratione,
2857 947 3061 986 omnes
3085 930 3508 984 communicent
3538 929 3633 1000 qui
3661 930 3842 984 nolue-

2231 1025 2346 1078 rint
2386 1023 2772 1078 ecclesiasticis
2820 1040 3014 1078 carere
3067 1021 3384 1076 liminibus.
3457 1022 3545 1076 Sic
3602 1022 3752 1076 enim
3791 1028 3843 1076 et

2231 1116 2468 1188 apostoli
2497 1120 2838 1184 statuerunt,
2874 1120 2931 1170 et
2969 1120 3162 1170 sancta
3187 1117 3445 1170 Romana
3473 1117 3633 1168 tenet
3663 1115 3841 1169 Eccle-

2231 1209 2332 1265 sia.
2353 1232 2380 1259 ‹‹
2393 1210 2630 1280 Servite,
2654 1230 2682 1261 »
2706 1209 2894 1281 inquit
2906 1209 3178 1264 Dominus
3189 1225 3294 1279 per
3307 1207 3646 1279 prophetam
3658 1207 3819 1261 David
3829 1250 3842 1276 ,

2234 1325 2261 1353 «
2282 1304 2341 1358 in
2360 1303 2584 1371 timore,
2600 1303 2937 1358 etexsultate
2953 1303 3009 1373 pi
3029 1318 3156 1356 cum
3176 1306 3424 1357 tremore
3445 1302 3606 1371 (Psal.
3629 1318 3685 1366 ιι,
3711 1303 3844 1369 11),››

2233 1397 2458 1451 adorate
2475 1411 2636 1466 pure,
2659 1413 2730 1450 ne
2752 1397 2982 1467 quando
3004 1396 3294 1462 irascatur,
3311 1398 3367 1450 et
3385 1394 3633 1466 pereatis
3655 1394 3723 1447 de
3741 1394 3843 1448 via.

2228 1490 2323 1545 Ille
2367 1490 2522 1544 enim
2566 1506 2684 1544 non
2716 1489 2865 1560 perit
2906 1490 2975 1544 de
3027 1490 3116 1543 via
3147 1489 3246 1559 qui
3288 1493 3441 1542 recte
3488 1487 3760 1558 graditur,
3791 1492 3846 1540 et

2229 1586 2510 1654 praecepta
2521 1581 2768 1636 custodit
2783 1581 3090 1650 majorum.
3109 1580 3303 1635 Doceri
3321 1595 3457 1650 ergo
3471 1595 3672 1633 omnes
3693 1595 3847 1650 opor-

2230 1678 2313 1728 tet
2358 1675 2457 1746 qui
2499 1674 2723 1728 Domini
2769 1673 3079 1728 sacerdotio
3124 1674 3476 1743 funguntur,
3520 1677 3581 1726 ut
3621 1677 3847 1727 caeteros

505 1783 636 1821 cum
667 1767 908 1821 fratibus
947 1781 1171 1820 crucem
1211 1769 1524 1836 portemus,
1567 1779 1876 1834 eorumque
1906 1751 2206 1823 tribula-B
2229 1767 2512 1823 instruant
2547 1773 2604 1822 et
2650 1767 2751 1821 sibi
2796 1767 3114 1838 proﬁciant,
3159 1765 3431 1836 scriptum
3480 1771 3565 1819 est
3611 1769 3840 1821 autem:

501 1860 750 1915 tionibus
776 1859 1208 1929 compatiamur,
1230 1861 1291 1912 ut
1309 1857 1513 1914 Christi
1541 1857 1656 1912 veri
1688 1856 1951 1927 discipuli
1977 1856 2129 1912 inve-

500 1954 746 2020 niamur,
771 1952 867 2024 qui
889 1952 1026 2006 dixit
1055 1971 1068 2006 :
1099 1952 1204 2016 Qui
1234 1951 1353 2005 vult
1380 1954 1512 2022 post
1530 1966 1621 2006 me
1647 1950 1862 2020 venire,
1883 1950 2131 2021 abneget

501 2046 888 2116 semetipsum,
941 2050 996 2100 et
1042 2045 1206 2098 tollat
1251 2059 1477 2098 crucem
1526 2059 1692 2098 suam
1752 2046 1808 2096 et
1856 2046 2132 2114 sequatur

503 2155 595 2194 me
625 2138 770 2208 (Luc.
819 2153 894 2203 IX,
931 2141 1042 2205 23),
1086 2156 1112 2187 »
1160 2141 1216 2190 et
1249 2137 1508 2207 reliqua?
1543 2136 1920 2206 Prtesumptio
1963 2140 2048 2190 est
2083 2135 2129 2188 si

501 2231 860 2285 dominorum
889 2228 1162 2282 beneﬁcia
1183 2228 1384 2282 famuli
1409 2244 1524 2282 non
1550 2231 1879 2298 sequantur.

570 2321 920 2392 Obsequium
933 2336 1070 2390 ergo
1084 2320 1488 2374 aestimandum
1503 2325 1665 2392 puto,
1680 2320 1830 2391 quod
1844 2319 2131 2390 pariturus

500 2415 787 2486 impendo.
831 2413 973 2477 Quid
1016 2418 1100 2468 est
1145 2412 1321 2482 enim,
1369 2413 1520 2483 quod
1559 2414 1686 2483 plus
1733 2412 1984 2466 creditur
2030 2411 2132 2466 ﬁlii
2178 2486 2182 2490 _

401 2547 404 2550 «
498 2507 834 2563 vocabulum
859 2508 1042 2562 valere
1061 2522 1235 2578 quam
1255 2505 1609 2577 obsequium,
1642 2509 1699 2560 et
1719 2521 1836 2560 non
1857 2504 2132 2576 quaeritur

496 2601 636 2674 quid
665 2601 725 2655 in
747 2601 958 2655 amoris
989 2601 1153 2654 lance
1182 2615 1537 2671 promoveas,
1560 2599 1661 2653 sed
1694 2598 1864 2669 quale
1887 2599 1957 2653 ad
1979 2614 2127 2669 prae-

493 2693 770 2764 judicium
832 2693 1134 2748 aestimanti
1200 2708 1412 2747 nomen
1466 2707 1734 2762 apponas,
1793 2707 1924 2745 cum
1978 2690 2132 2762 apud

497 2787 808 2859 prudentes
851 2786 1058 2842 frustra
1102 2785 1357 2840 sobolem
1397 2783 1661 2854 diximus,
1706 2784 1817 2838 nisi
1866 2783 2133 2838 exhibeat

501 2881 655 2952 quod
690 2880 930 2935 videtur.
976 2882 1093 2951 Ego
1132 2894 1264 2934 vero
1313 2879 1442 2932 nolo
1505 2893 1696 2933 errore
1740 2893 1870 2931 meo
1917 2877 2130 2932 alienas

497 2974 690 3044 culpas
727 2989 998 3039 asserere,
1063 2976 1127 3026 ut
1169 2971 1382 3026 factum
1427 2971 1579 3042 quod
1621 2969 1790 3025 doleo
1837 2969 2130 3024 admisisse

498 3066 814 3120 convincar.
845 3087 872 3115 «
899 3064 1094 3134 Odisti,
1125 3065 1311 3136 inquit
1329 3063 1604 3119 Dominus
1631 3078 1732 3134 per
1762 3063 2124 3133 prophetam,

2232 1883 2258 1910 «
2289 1860 2392 1925 Qui
2424 1860 2574 1914 docti
2604 1859 2834 1926 fuerint,
2865 1860 3167 1931 fulgebunt
3184 1859 3352 1929 quasi
3375 1858 3648 1928 splendor
3667 1858 3847 1912 ﬁrma-

2228 1953 2598 2024 menti,etqui
2616 1953 2685 2007 ad
2691 1952 2974 2023 justitiam
2986 1951 3257 2008 erudiunt
3271 1951 3666 2022 multos,quasi
3681 1952 3848 2006 stella:

2229 2047 2290 2100 in
2309 2051 2616 2117 perpetuas
2637 2046 2983 2100 aeternitates
3004 2047 3162 2116 (Dan.
3186 2061 3281 2114 xu,
3306 2046 3414 2114 3).»
3434 2045 3502 2097 Et
3519 2044 3682 2098 alibi:
3705 2065 3732 2095 (ί
3747 2047 3846 2099 Ρο-

2229 2140 2396 2211 pulus
2409 2146 2597 2193 autem
2608 2139 2793 2194 sciens
2804 2139 3110 2194 Dominum
3125 2155 3292 2193 suum
3308 2137 3590 2191 obtinebit
3599 2142 3656 2192 et
3665 2138 3846 2204 faciet,

2232 2238 2289 2287 et
2317 2233 2466 2286 docti
2496 2232 2554 2286 in
2574 2232 2786 2304 populo
2812 2232 3092 2287 docebunt
3116 2231 3391 2302 plurimos
3411 2232 3570 2300 (Dan.
3597 2246 3668 2297 x1,
3691 2232 3798 2299 32).
3821 2255 3846 2280 η

2232 2327 2358 2395 Ipsa
2378 2324 2531 2378 enim
2553 2326 2758 2380 veritas
2781 2324 2829 2396 1
2846 2325 2906 2395 4
2935 2341 3042 2396 per
3061 2340 3118 2379 se
3142 2325 3317 2378 infert
3335 2328 3391 2379 ct
3411 2324 3547 2378 dicit
3567 2341 3580 2378 :
3606 2343 3634 2376 «
3658 2325 3852 2378 Beatus

2231 2417 2326 2487 qui
2359 2434 2472 2471 non
2513 2417 2684 2472 fuerit
2709 2417 3117 2472 scandalizatus
3147 2417 3204 2471 in
3239 2434 3330 2471 me
3363 2418 3507 2487 (Luc.
3542 2433 3640 2485 vn,
3670 2417 3786 2488 23);
3823 2437 3849 2468 ν

2231 2509 2324 2564 ille
2348 2511 2545 2581 procul
2565 2510 2736 2564 dubio
2756 2510 3162 2565 scandalizatus
3191 2515 3275 2564 est
3295 2510 3355 2563 in
3382 2510 3560 2565 Deum
3585 2510 3685 2581 qui
3703 2516 3852 2566 recte

2229 2617 2344 2656 non
2362 2601 2542 2669 docet,
2563 2607 2619 2656 et
2633 2603 2730 2673 qui
2743 2603 2794 2672 ej
2803 2619 2866 2656 us
2879 2603 3218 2657 scandalizat
3233 2602 3563 2673 episcopum
3574 2602 3662 2656 vel
3675 2618 3854 2657 sacer-

2231 2695 2442 2750 dotem.
2469 2695 2644 2765 lmpie
2672 2711 2923 2766 namque
2943 2700 3181 2767 agentes
3200 2700 3332 2749 sunt
3351 2695 3537 2765 impii,
3557 2711 3743 2766 neque
3762 2696 3851 2749 in-

2229 2788 2495 2859 telligunt
2511 2803 2708 2842 omnes
2728 2788 2910 2859 impii,
2932 2805 3106 2859 porro
3127 2787 3279 2842 docti
3296 2787 3638 2858 intelligent,
3654 2804 3856 2842 omnes

2231 2881 2384 2934 enim
2405 2881 2648 2936 invicem
2666 2881 3055 2936 humilitatem
3076 2881 3383 2948 insinuata,
3411 2902 3438 2930 ‹‹
3460 2881 3592 2951 quia
3609 2882 3754 2936 Deus
3769 2898 3857 2935 su-

2229 2969 2420 3038 perbis
2441 2969 2672 3036 resistit,
2706 2969 3015 3024 humilibus
3036 2972 3231 3024 autem
3257 2969 3355 3024 dat
3374 2970 3614 3040 gratiam
3641 2973 3686 3041 (1
3707 2972 3852 3025 Petr.

2231 3078 2284 3130 v,
2315 3062 2386 3131 ὅ).
2423 3081 2450 3114 ››
2487 3085 2513 3111 ‹‹
2546 3063 2751 3131 Nolite,
2777 3063 2960 3134 inquit
2977 3064 3222 3118 Joannes
3249 3063 3556 3134 apostolus,
3575 3063 3729 3118 omni
3751 3063 3858 3134 spi-

499 3110 785 3120 ""’“"“"""
802 3110 814 3120 '
849 3110 872 3115 ”“
903 3110 1094 3134 ν“⁶“”’ἳ
1125 3110 1311 3136 ···“ι“··’
1329 3110 1601 3119 ⁵’“”””““’”
1631 3110 1723 3134 Γ““
1762 3110 2124 3133 Γ“*Γ“’⁷“”’““)
2246 3110 2284 3130 ⁷⁷
2318 3110 2386 3131 'I'
2423 3110 2444 3114 ”
2509 3110 2512 3111 ⁷
2546 3110 2751 3131 """"
2777 3110 2960 3134 ···“.ι“·”
2977 3110 3220 3118 ""__"
3251 3110 3556 3134 ‘r"'"""1
3579 3110 3729 3118 '——'
3752 3110 3835 3134 'r'

499 3175 697 3214 omnes
724 3163 1018 3230 operantes
1042 3157 1424 3228 iniquitatem,
1445 3157 1645 3228 perdes
1660 3156 1958 3227 loquentes
1972 3171 2128 3210 men—
2147 3110 2202 3185 C
2226 3153 2360 3208 ritui
2395 3155 2648 3223 credere,
2690 3156 2788 3210 sed
2827 3155 3064 3226 probate
3103 3156 3332 3226 spiritus
3379 3156 3428 3210 si
3462 3173 3529 3210 ex
3558 3157 3675 3210 Deo
3702 3160 3856 3212 sunt.

501 3252 747 3307 dacium.
780 3251 972 3306 Virum
1007 3249 1351 3322 sanguinum
1381 3254 1438 3304 et
1469 3250 1733 3305 dolosum
1768 3248 2124 3304 abominabi-

495 3350 593 3400 tur
607 3344 878 3399 Dominus
891 3361 908 3414 ;
931 3360 1040 3415 ego
1055 3348 1250 3398 autem
1268 3343 1328 3397 in
1342 3341 1709 3397 multitudine
1724 3340 2136 3396 misericordiae‘

496 3443 612 3492 tum
632 3437 878 3492 introibo
902 3436 960 3491 in
991 3437 1226 3491 domum
1246 3440 1422 3502 tuam,
1451 3434 1812 3506 adoraboque
1833 3433 1892 3488 in
1913 3434 2125 3504 templo

497 3535 688 3585 sancto
731 3535 852 3600 tuo,
900 3529 960 3584 in
989 3529 1196 3584 timore
1243 3532 1343 3583 tuo
1387 3528 1550 3598 (Psal.
1583 3544 1638 3595 v,
1669 3528 1741 3598 7).
1791 3547 1819 3579 ››
1867 3527 2124 3596 Domine,

497 3623 678 3678 deduc
705 3638 798 3677 me
831 3623 891 3676 in
911 3622 1133 3693 justitia
1162 3626 1261 3676 tua
1285 3625 1518 3693 propter
1547 3621 1923 3676 incantatores
1947 3636 2124 3687 meos,

497 3714 679 3786 dirige
703 3719 834 3770 ante
861 3714 1065 3770 faciem
1103 3720 1264 3770 tuam
1294 3713 1445 3768 viam
1471 3730 1688 3781 meam,
1710 3731 1842 3769 noni
1858 3718 1944 3768 est
1973 3712 2127 3766 enim

493 3809 556 3864 in
582 3824 679 3863 ore
707 3825 909 3864 eorum
937 3813 1178 3875 rectum,
1217 3807 1493 3862 interiora
1523 3824 1721 3863 eorum
1754 3806 1994 3861 insidiae.
2026 3806 2125 3861 Se-

494 3902 760 3974 pulcrum
787 3907 988 3973 patens
1016 3907 1100 3957 est
1121 3905 1320 3973 guttur
1338 3916 1558 3969 eorum,
1588 3901 1847 3971 linguam
1873 3914 2034 3952 suam
2053 3899 2128 3952 le-

493 3997 747 4050 niticant.
788 3995 1119 4049 Condemna
1157 4010 1274 4063 eos,
1320 3993 1484 4060 Deus,
1527 3992 1797 4046 decidant
1820 4007 1854 4044 a
1883 3989 2127 4044 consiliis

493 4089 636 4156 suis;
647 4088 813 4157 juxta
824 4087 1248 4142 multitudinem
1265 4071 1542 4140 scelerum
1559 4099 1762 4138 eorum
1778 4083 1992 4153 expelle
2007 4099 2123 4152 eos,

495 4179 771 4251 quoniam
808 4182 1250 4250 provocaverunt
1292 4181 1366 4232 te.
1408 4178 1476 4231 Et
1511 4175 1774 4232 laetentur
1807 4191 2004 4230 omnes
2030 4174 2128 4246 qui

493 4275 724 4345 sperant
752 4272 811 4327 in
845 4275 920 4341 te,
952 4271 1011 4326 in
1053 4275 1334 4326 aeternum
1361 4269 1674 4324 laudabunt
1701 4286 1910 4325 nomen
1941 4274 2123 4324 tuum.

493 4365 562 4422 Et
581 4371 846 4438 proteges
871 4382 984 4435 eos,
1016 4368 1072 4421 et
1100 4364 1446 4420 laetabuntur
1465 4363 1525 4418 in
1550 4366 1605 4418 te
1635 4363 1731 4434 qui
1760 4362 2003 4434 diligunt
2029 4379 2128 4417 no-

492 4476 626 4517 men
664 4463 852 4531 tuum,
896 4458 1172 4532 quoniam
1219 4464 1282 4513 tu
1319 4457 1617 4514 benedices
1642 4457 1821 4528 justo.
1871 4456 2122 4526 Domine,

493 4558 560 4610 ut
577 4556 736 4611 hasta
747 4552 1136 4626 placabilitatis
1156 4551 1456 4607 coronabis
1471 4567 1603 4606 eum
1621 4551 1797 4622 (Ib-id.)
1810 4592 1823 4607 .
1843 4551 1956 4606 Deo
1972 4551 2128 4608 enim

496 4649 876 4702 sacrificantes
892 4646 1158 4718 perfecte,
1181 4661 1296 4700 non
1315 4645 1522 4700 debent
1543 4644 1752 4714 vexari,
1772 4644 1869 4699 sed
1889 4645 2122 4716 portari,

495 4741 800 4810 consolari,
831 4745 1002 4811 atque
1025 4739 1097 4793 ab
1127 4738 1454 4794 hominibus
1479 4737 1762 4793 venerari.
1787 4737 1898 4809 Ipsi
1934 4743 2125 4794 autem

493 4834 724 4907 quando
763 4833 1006 4888 Domino
1034 4831 1351 4887 sacriﬁcant
1391 4848 1506 4886 non
1544 4831 1647 4887 soli
1687 4831 1798 4886 hoc
1821 4847 1996 4903 agere
2033 4831 2126 4888 de-

492 4929 650 4997 bent,
676 4927 772 4982 sed
801 4930 969 4982 testes
1005 4943 1194 4980 secum
1233 4925 1558 4992 adhibeant,
1586 4929 1651 4980 ut
1685 4925 1922 4980 Domino
1947 4925 2126 4997 perfe-

2229 3247 2514 3312 Quoniam
2564 3249 3086 3320 pseudoprophetis
3143 3239 3521 3304 exierunt'in
3574 3249 3858 3303 mundum

2228 3340 2277 3410 (Ι
2302 3344 2458 3396 Joan.
2490 3357 2563 3409 1v,
2603 3343 2659 3412 ι).
2695 3363 2722 3390 ››
2758 3343 2826 3396 Et
2852 3341 3006 3398 idem
3036 3343 3160 3413 ipse
3186 3342 3318 3396 alibi
3347 3343 3427 3397 ait
3459 3358 3473 3396 :
3505 3364 3533 3391 ‹‹
3562 3343 3671 3396 Vos
3701 3343 3859 3412 quod

2229 3433 2462 3487 audistis
2500 3434 2571 3488 ab
2615 3433 2798 3503 initio,
2845 3434 2904 3489 in
2943 3435 3101 3490 vobis
3125 3440 3491 3507 permaneat;
3537 3435 3583 3489 si
3614 3435 3673 3490 in
3701 3434 3860 3488 vobis

2227 3527 2610 3597 permanserit
2638 3527 2790 3599 quod
2822 3527 2893 3583 ab
2926 3528 3087 3584 initio
3120 3529 3372 3598 audistis,
3413 3533 3469 3583 et
3498 3545 3596 3583 vos
3627 3528 3686 3582 in
3716 3528 3860 3583 Filio

2227 3621 2284 3674 et
2328 3621 2493 3674 Patre
2536 3621 2856 3676 manebitis.
2892 3623 2958 3676 Et
2996 3622 3119 3676 hinc
3147 3627 3231 3677 est
3272 3621 3640 3693 repromissio
3678 3637 3862 3692 quam

2227 3711 2346 3784 ipse
2367 3712 2650 3784 pollicitus
2677 3716 2763 3768 est
2790 3713 2951 3768 vobis
2978 3714 3151 3769 vitam
3179 3719 3473 3770 aeternam.
3501 3716 3630 3768 Haec
3655 3714 3860 3785 scripsi

2226 3805 2384 3859 vobis
2419 3806 2488 3860 de
2519 3807 2611 3860 his
2642 3806 2741 3877 qui
2771 3807 3050 3862 seducunt
3083 3824 3199 3862 vos.
3232 3810 3300 3863 Et
3335 3823 3431 3861 vos
3457 3806 3646 3862 unctio
3675 3823 3862 3878 quam

2225 3897 2513 3968 accepistis
2549 3899 2620 3953 ab
2651 3915 2740 3967 eo,
2785 3905 3017 3955 maneat
3055 3901 3115 3954 in
3155 3900 3330 3955 vobis.
3370 3902 3438 3955 Et
3477 3917 3592 3955 non
3622 3915 3864 3956 necesse

2227 3989 2451 4045 habetis
2487 3996 2551 4046 ut
2587 3992 2792 4064 aliquis
2821 3993 3018 4049 doceat
3045 4010 3164 4062 vos,
3201 3994 3299 4048 sed
3330 3994 3472 4049 sicut
3501 3993 3693 4048 unctio
3732 3995 3867 4064 ejus

2226 4082 2393 4137 docet
2406 4101 2501 4138 vos
2532 4084 2603 4140 de
2631 4086 2894 4141 omnibus
2911 4092 2967 4142 et
2986 4103 3185 4141 verum
3215 4090 3319 4151 est,
3351 4093 3408 4142 et
3431 4103 3549 4142 non
3573 4092 3658 4141 est
3675 4103 3870 4142 mem-

2227 4175 2474 4246 dacium,
2505 4183 2561 4232 et
2583 4178 2724 4234 sicut
2751 4180 2940 4234 docuit
2969 4196 3088 4249 vos,
3117 4183 3348 4236 manete
3373 4180 3432 4234 in
3466 4197 3553 4235 eo.
3583 4181 3654 4235 Et
3676 4197 3867 4250 nunc,

2227 4268 2408 4338 ﬁlioli,
2441 4276 2672 4326 manete
2709 4272 2768 4326 in
2799 4289 2888 4341 eo,
2923 4277 2986 4328 ut
3014 4289 3143 4327 cum
3183 4273 3510 4345 apparuerit
3539 4274 3872 4330 habeamus

2227 4361 2514 4432 ﬁduciam,
2533 4369 2589 4420 et
2610 4382 2724 4420 non
2742 4365 3164 4421 confundamur
3179 4366 3251 4420 ab
3273 4383 3341 4422 eo
3359 4366 3420 4421 in
3441 4365 3690 4423 adventu
3707 4368 3869 4438 ejus.

2227 4455 2283 4510 Si
2309 4457 2459 4511 scitis
2486 4459 2757 4529 quoniam
2782 4459 2969 4529 justus
2995 4464 3098 4529 est,
3123 4460 3318 4516 scitote
3340 4461 3614 4532 quoniam
3635 4465 3693 4516 et
3726 4478 3867 4517 om-

2228 4549 2316 4603 nis
2338 4549 2435 4620 qui
2453 4551 2590 4605 facit
2606 4551 2914 4622 justitiam,
2940 4570 3005 4608 ex
3023 4553 3146 4624 ipso
3179 4557 3344 4608 natus
3372 4557 3475 4608 est.
3500 4554 3693 4609 Videte
3718 4571 3873 4626 qua-

2224 4642 2340 4696 lem
2372 4644 2708 4700 charitatem
2737 4645 2896 4701 dedit
2921 4646 3086 4702 nobis
3115 4649 3299 4716 Pater,
3335 4651 3394 4700 ut
3416 4647 3515 4700 ﬁlii
3545 4647 3643 4702 Dei
3669 4649 3875 4702 nomi-

2224 4752 2437 4791 nemur
2456 4742 2514 4792 et
2533 4737 2728 4806 simus,
2752 4743 2985 4810 propter
3009 4740 3118 4795 hoc
3139 4740 3388 4795 mundus
3408 4756 3526 4794 non
3541 4739 3704 4794 novit
3728 4758 3872 4810 nos,

2226 4829 2361 4901 quia
2377 4847 2490 4886 non
2507 4831 2664 4886 novit
2683 4847 2834 4887 eum.
2865 4832 3208 4902 Charissimi,
3234 4850 3384 4888 nunc
3408 4833 3509 4888 ﬁlii
3533 4833 3634 4888 Dei
3655 4851 3880 4890 sumus

2224 4927 2281 4978 et
2311 4924 2563 4979 nondum
2595 4925 2860 4997 apparuit
2890 4926 3045 4997 quod
3067 4926 3296 4982 erimus.
3330 4927 3548 4982 Scimus
3579 4929 3879 5000 quoniam

493 5024 581 5076 cte
620 5021 680 5075 in
710 5021 940 5075 sacratis
987 5021 1100 5073 Deo
1139 5019 1452 5074 sacriﬁcare
1482 5019 1616 5073 locis
1663 5019 1998 5090 probentur.
2037 5019 2126 5073 Ait
2224 5033 2354 5071 cum
2381 5019 2728 5089 apparuerit,
2753 5017 2967 5072 similes
2995 5020 3045 5073 ei
3076 5020 3308 5088 erimus,
3341 5023 3614 5092 quoniam
3646 5021 3885 5077 videbi-

491 5130 742 5186 namque
768 5113 1072 5169 auctoritas
1095 5113 1241 5184 legis
1266 5111 1473 5168 divinae
1497 5131 1510 5167 :
1545 5112 1682 5167 Vide
1709 5128 1783 5166 ne
1805 5112 2005 5168 offeras
2023 5112 2124 5166 ho-
2224 5126 2351 5164 mus
2377 5126 2511 5165 eum
2540 5111 2704 5166 sicuti
2734 5116 2838 5166 est.
2871 5113 2939 5166 Et
2970 5113 3158 5167 omnis
3183 5114 3282 5185 qui
3319 5114 3493 5169 habet
3520 5130 3682 5184 spem
3712 5115 3885 5168 hanc

490 5208 739 5264 locausta
767 5211 862 5261 tua
888 5207 950 5261 in
979 5205 1134 5260 omni
1162 5207 1286 5261 loco
1316 5222 1488 5278 quem
1515 5205 1744 5275 videris,
1774 5207 1871 5261 sed
1908 5206 1965 5259 in
1997 5206 2120 5260 loco
2221 5202 2280 5256 in
2309 5219 2399 5272 eo,
2427 5204 2733 5259 sanctiﬁcat
2751 5221 2832 5275 se,
2864 5205 3009 5260 sicut
3038 5210 3096 5260 et
3125 5207 3221 5261 ille
3257 5211 3480 5261 sanctus
3516 5209 3618 5262 est.
3657 5206 3888 5262 Omnis

489 5318 664 5374 quem
689 5300 862 5372 elegit
881 5300 1154 5355 Dominus
1182 5301 1328 5354 Deus
1357 5303 1506 5354 tuus.
1546 5297 1857 5369 Episcopus
1886 5297 2121 5352 Domino
2221 5296 2319 5368 qui
2346 5297 2482 5351 facit
2504 5301 2822 5369 peccatum,
2847 5299 3280 5372 etiniquitatem
3298 5299 3453 5369 facit,
3483 5303 3540 5355 et
3559 5307 3887 5372 peccatum

488 5395 830 5464 sacriﬁcans,
873 5398 1045 5448 testes
1082 5394 1164 5462 (ut
1201 5392 1496 5464 praefixum
1528 5393 1626 5461 est)
1658 5406 1849 5446 secum
1890 5390 2118 5460 habeat,
2221 5394 2305 5445 est
2332 5391 2620 5462 iniquitas.
2653 5393 2720 5446 Et
2754 5392 2904 5447 scitis
2931 5393 3064 5464 quia
3100 5393 3194 5448 ille
3233 5394 3500 5465 apparuit
3525 5399 3586 5448 ut
3620 5397 3892 5465 peccata

489 5493 548 5545 et
570 5489 761 5560 plures
790 5503 962 5560 quam
999 5486 1141 5541 alius
1177 5485 1460 5540 sacerdos.
1507 5484 1661 5540 Sicut
1705 5483 1862 5538 enim
1888 5483 2120 5554 majoris
2219 5483 2464 5552 tolleret,
2493 5489 2550 5540 et
2574 5490 2872 5556 peccatum
2904 5485 2962 5540 in
2995 5502 3062 5541 eo
3091 5503 3207 5542 non
3239 5492 3344 5542 est.
3369 5487 3568 5543 Omnis
3587 5488 3687 5560 qui
3709 5488 3782 5542 in
3806 5504 3888 5543 eo

487 5571 719 5636 honoris
755 5581 934 5652 gradu
961 5579 1188 5649 fruitur,
1219 5579 1296 5633 sic
1322 5577 1554 5648 majoris
1591 5575 1899 5632 testimonii
1930 5577 2116 5633 incre-
2217 5582 2432 5646 manet,
2466 5594 2579 5633 non
2620 5583 2836 5651 peccat,
2872 5583 2929 5635 et
2966 5579 3154 5634 omnis
3184 5581 3284 5652 qui
3312 5588 3528 5652 peccat,
3564 5597 3679 5636 non
3713 5581 3889 5637 vidit

486 5675 834 5730 mentatione
865 5673 1100 5746 indiget.
1131 5675 1192 5727 In
1219 5669 1652 5727 solemnioribus
1677 5670 1888 5742 quippe
1919 5669 2117 5726 diebus
2219 5687 2374 5742 eum,
2407 5688 2510 5728 nec
2543 5673 2809 5744 cognovit
2832 5691 2984 5730 eum.
3028 5674 3227 5742 Filioli,
3259 5691 3433 5732 nemo
3465 5691 3563 5731 vos
3594 5675 3886 5731 seducat.

487 5771 584 5830 aut
607 5770 845 5839 septem,
881 5771 980 5825 aut
1009 5767 1281 5840 quinque,
1306 5769 1404 5821 aut
1428 5769 1544 5822 tres
1561 5764 1848 5836 diaconos,
1871 5764 1970 5837 qui
1996 5765 2117 5837 ejus
2219 5763 2324 5830 Qui
2354 5766 2486 5820 facit
2509 5767 2788 5838 justitiam
2811 5768 2999 5840 justus
3030 5773 3133 5840 est,
3163 5771 3390 5826 sicut-et
3415 5769 3508 5830 ille
3531 5770 3726 5848 justus
3759 5774 3887 5833 est.
