4046 6188
178 266 240 316 65
1409 259 1876 317 DECRETALIUM
1915 259 2299 315 COLLECTIO.
3477 261 3541 317 66

171 369 274 433 Qui
293 367 431 422 facit
459 371 759 438 peccatum
783 382 849 420 ex
872 365 1098 420 diabolo
1120 367 1226 433 est,
1245 366 1516 437 quoniam
1544 367 1614 420 ab
1641 367 1804 420 initio
1827 394 1885 466 Α
1907 367 1992 420 sui
2013 365 2330 420 Conditoris
2350 365 2577 430 amissa,
2599 365 2670 420 ad
2689 365 2999 420 informem
3017 369 3074 419 et
3092 365 3543 421 irrationabilem

169 461 423 516 diabolus
450 464 672 531 peccat.
710 461 771 514 In
811 460 920 514 hoc
954 459 1220 530 apparuit
1250 459 1421 513 Filius
1447 459 1567 526 Dei,
1596 464 1660 514 ut
1689 459 1802 513 dis-

165 555 335 608 solvat
365 569 547 623 opera
575 552 809 607 diaboli.
845 552 1040 606 Omnis
1069 552 1166 623 qui
1203 555 1373 606 natus
1420 555 1506 606 est
1549 569 1612 606 ex
1663 553 1802 619 Deo,

165 650 459 718 peccatum
502 661 619 699 non
662 645 816 713 facit,
850 644 1120 715 quoniam
1170 660 1369 698 semen
1415 645 1590 716 ipsius
1639 645 1696 698 in
1738 661 1805 698 eo

165 744 376 804 manet,
403 741 462 792 et
484 754 598 791 non
621 741 809 808 potest
835 753 1090 808 peccare,
1115 737 1392 808 quoniam
1413 753 1478 791 ex
1497 738 1614 792 Deo
1643 742 1806 791 natus

165 837 262 886 est.
307 832 366 883 In
412 831 528 884 hoc
566 830 856 884 manifesti
901 834 1033 883 sunt
1078 829 1182 883 filii
1227 829 1323 882 Dei
1354 834 1410 883 et
1437 830 1536 883 ﬁlii
1575 829 1801 883 diaboli.

165 925 359 979 Omnis
405 924 506 995 qui
551 940 665 977 non
710 927 793 977 est
832 923 1040 993 justus,
1068 939 1186 977 non
1213 927 1300 976 est
1341 939 1411 977 ex
1460 923 1595 988 Deo,
1627 926 1685 975 et
1711 922 1807 991 qui

164 1035 272 1071 non
301 1018 499 1088 diligit
527 1019 767 1071 fratrem
794 1032 982 1082 suum,
1012 1015 1289 1087 quoniam
1318 1016 1440 1070 haec
1471 1019 1556 1069 est
1579 1030 1804 1069 annun-

166 1111 342 1177 tiatio,
379 1126 560 1180 quam
592 1109 827 1163 audistis
863 1109 933 1162 ab
972 1108 1154 1176 initio,
1197 1113 1259 1163 ut
1295 1107 1596 1179 diligamus
1634 1107 1805 1162 alter-

164 1208 378 1269 utrum,
406 1219 524 1256 non
549 1203 692 1256 sicut
717 1202 850 1256 Cain
873 1201 972 1272 qui
998 1218 1062 1255 ex
1084 1201 1336 1272 maligno
1363 1204 1504 1270 erat,
1524 1204 1579 1255 et
1606 1200 1810 1255 occidit

166 1297 402 1350 fratrem
439 1312 632 1363 suum,
656 1299 712 1349 et
737 1299 974 1366 propter
994 1294 1100 1349 hoc
1122 1294 1327 1349 occidit
1350 1310 1503 1363 eum,
1529 1294 1807 1365 quoniam

166 1405 334 1460 opera
354 1390 407 1460 ej
419 1406 484 1442 us
512 1388 773 1458 maligna
799 1392 978 1453 erant,
1003 1387 1195 1442 fratris
1216 1392 1408 1442 autem
1426 1387 1596 1458 justa.
1627 1387 1809 1441 Nolite

164 1482 378 1547 mirari,
399 1483 626 1548 fratres,
650 1480 695 1534 si
725 1480 848 1535 odit
871 1496 969 1534 vos
999 1480 1265 1534 mundus.
1299 1482 1408 1534 Nos
1447 1481 1657 1534 scimus
1677 1495 1810 1551 quo-

166 1577 314 1630 niam
346 1576 606 1630 translati
639 1589 834 1628 sumus
865 1573 936 1628 de
965 1577 1149 1628 morte
1187 1573 1260 1627 ad
1291 1574 1486 1642 vitam,
1521 1573 1654 1644 quia
1682 1573 1808 1626 dili-

165 1669 352 1738 gimus
380 1668 609 1722 fratres.
637 1668 741 1731 Qui
771 1683 888 1722 non
921 1667 1106 1737 diligit
1130 1670 1322 1721 manet
1346 1668 1406 1721 iu
1435 1671 1650 1735 morte;
1683 1683 1806 1720 om-

1904 459 2227 527 brutorum,
2237 458 2751 530 jumentorumque
2770 457 3202 514 similitudinem
3220 459 3546 515 delabatur?

1908 552 2262 622 Quapropter
2283 551 2524 622 quisque
2541 552 2872 622 diligentius
2892 552 3154 607 attendat
3178 552 3380 624 primae
3401 569 3540 608 con-

1908 645 2142 700 ditionis
2179 661 2296 700 suae
2337 645 2756 711 excellentiam,
2797 649 2853 700 et
2889 645 3281 700 venerandam
3333 650 3546 700 sanctae

1906 737 2189 792 Trinitatis
2213 738 2270 792 in
2293 738 2476 809 seipso
2503 737 2818 808 imaginem
2838 742 3127 809 agnoscat,
3145 739 3544 810 honoremque

1907 831 2293 885 similitudinis
2315 831 2521 886 divinas
2551 831 2620 885 ad
2640 847 2809 902 quam
2831 835 3049 885 creatus
3075 833 3160 886 cst
3179 830 3540 886 nobilitatem

1906 941 2153 991 morum,
2183 924 2605 980 exsecutionem
2629 924 2926 992 virtutum,
2950 923 3290 995 dignitatem
3318 925 3545 979 merito-

1907 1033 2036 1071 rum
2066 1017 2277 1072 habere
2305 1017 2634 1084 contendat,
2662 1022 2723 1072 ut
2749 1017 2974 1089 quando
3001 1017 3332 1087 apparuerit
3365 1017 3546 1088 qualis

1909 1110 1998 1175 sit,
2031 1113 2165 1164 tunc
2192 1109 2393 1165 similis
2420 1111 2471 1165 ei
2500 1113 2773 1182 appareat
2802 1110 2902 1182 qui
2930 1126 2988 1163 se
3016 1108 3353 1164 mirabiliter
3376 1109 3448 1162 ad
3471 1110 3544 1163 si-

1907 1202 2290 1258 militudinem
2319 1220 2482 1257 suam
2508 1203 2566 1258 in
2593 1203 2784 1274 primo
2813 1203 2994 1258 Adam
3020 1201 3293 1268 condidit,
3318 1201 3547 1256 mirabi-

1908 1296 2128 1367 liusque
2150 1297 2207 1351 in
2229 1297 2478 1351 secundo
2503 1296 2848 1351 reformavit.
2881 1295 3077 1350 Omnis
3102 1311 3240 1366 ergo
3261 1295 3436 1349 homo
3453 1296 3548 1366 qui

1909 1389 1981 1442 ad
2018 1389 2332 1460 imaginem
2379 1389 2477 1444 Dei
2523 1389 2706 1443 factus
2752 1393 2852 1455 est,
2890 1389 3051 1443 illum
3100 1388 3271 1442 debet
3317 1387 3548 1457 imitari,

1909 1484 2067 1554 cujus
2107 1486 2178 1538 ad
2221 1484 2532 1556 imaginem
2585 1483 2840 1538 conditus
2875 1487 2979 1548 est,
3008 1483 3158 1538 illius
3185 1483 3354 1538 debet
3385 1484 3542 1554 sequi

1908 1577 2168 1646 vestigia,
2197 1579 2296 1648 qui
2325 1594 2457 1634 eum
2491 1577 2562 1632 ad
2590 1577 2900 1648 imaginem
2928 1578 3015 1630 sui
3046 1575 3317 1631 condidit.
3350 1577 3542 1631 Consi-

1909 1669 2132 1724 liarium
2150 1686 2284 1724 vero
2311 1687 2374 1724 ac
2400 1674 2788 1742 protectorem
2818 1670 3120 1725 meliorem
3153 1668 3400 1740 reperire
3425 1685 3543 1724 non

167 1763 249 1815 nis
297 1763 398 1832 qui
447 1761 572 1815 odit
616 1760 852 1815 fratrem
893 1776 1080 1829 suum,
1109 1759 1398 1815 homicida
1432 1763 1535 1815 est.
1567 1761 1631 1814 Et
1656 1759 1808 1813 scitis
1828 1757 1884 1830 B
1909 1763 2136 1833 poterit,
2166 1779 2341 1834 quam
2372 1764 2533 1818 illum
2560 1763 2657 1834 qui
2685 1779 2816 1817 eum
2849 1762 2922 1817 ad
2951 1762 3262 1833 imaginem
3299 1762 3383 1816 sui
3415 1778 3547 1816 con-

166 1855 442 1926 quoniam
463 1852 652 1908 omnis
673 1852 962 1907 homicida
990 1867 1104 1906 non
1123 1852 1301 1906 habet
1325 1852 1502 1906 vitam
1531 1856 1804 1906 aaternam

167 1949 222 2001 in
251 1947 569 2018 semetipso
599 1949 952 2000 manentem.
980 1947 1042 2000 In
1076 1945 1180 2000 hoc
1212 1944 1585 2016 cognovimus
1619 1945 1803 1998 chari-

167 2045 339 2095 tatem
369 2041 492 2105 Dei,
525 2040 795 2110 quoniam
840 2038 935 2093 ille
979 2055 1081 2109 pro
1135 2038 1297 2093 nobis
1343 2037 1595 2093 animam
1641 2054 1804 2092 suam

165 2134 390 2204 posuit,
407 2138 463 2187 et
479 2149 582 2186 nos
607 2132 886 2186 debemus
916 2149 1018 2203 pro
1045 2132 1314 2186 fratribus
1333 2132 1551 2187 animas
1568 2147 1804 2202 ponere.

165 2227 278 2290 Qui
321 2225 582 2280 habuerit
626 2224 999 2279 substantiam
1044 2225 1214 2293 hujus
1261 2224 1489 2291 mundi,
1519 2229 1574 2279 et
1602 2223 1808 2279 viderit

167 2321 404 2373 fratrem
454 2334 623 2372 suum
667 2317 1061 2374 necessitatem
1098 2318 1328 2386 habere,
1359 2320 1417 2372 et
1445 2317 1710 2372 clauserit
1734 2317 1809 2370 vi-

171 2429 324 2466 scera
343 2428 454 2466 sua
486 2412 558 2465 ab
578 2427 662 2480 eo,
685 2411 980 2482 quomodo
1007 2410 1254 2465 charitas
1282 2411 1377 2466 Dei
1411 2415 1612 2465 manet
1631 2411 1689 2465 in
1703 2410 1808 2466 eo?

176 2506 373 2573 Filioli,
400 2522 520 2560 non
538 2505 840 2575 diligamus
861 2504 1052 2570 verbo,
1080 2519 1265 2575 neque
1286 2505 1500 2575 lingua,
1522 2504 1623 2559 sed
1641 2519 1809 2575 opere

173 2603 224 2652 et
253 2583 515 2653 veritate.
546 2599 607 2650 In
637 2597 746 2651 hoc
770 2596 1138 2668 cognovimus
1174 2597 1444 2668 quoniam
1476 2613 1544 2652 ex
1573 2597 1808 2651 veritate

173 2708 388 2759 sumus,
419 2695 475 2746 et
506 2691 564 2744 in
592 2694 892 2761 conspectu
932 2690 1055 2760 ejus
1096 2690 1457 2746 suadebimus
1499 2690 1659 2745 cordi
1700 2705 1806 2744 no-

173 2789 304 2853 stro,
335 2784 617 2855 quoniam
668 2784 715 2838 si
763 2783 1204 2854 reprehenderit
1249 2799 1353 2837 nos
1393 2800 1491 2838 cor
1527 2788 1806 2851 nostrum,

173 2879 358 2948 major
397 2882 486 2931 est
515 2877 664 2930 Deus
691 2877 860 2931 corde
887 2881 1102 2942 nostro,
1131 2880 1188 2930 et
1228 2876 1383 2930 novit
1425 2876 1635 2930 omnia.
1663 2876 1808 2931 Cha-

169 2970 400 3036 rissimi,
449 2970 497 3023 si
534 2986 631 3023 cor
654 2975 914 3024 nostrum
952 2985 1070 3023 non
1107 2968 1479 3039 reprehendit
1514 2985 1638 3035 nos,
1672 2969 1811 3022 ﬁdu—

168 3066 310 3117 ciam
345 3061 629 3117 habemus
658 3063 730 3117 ad
763 3064 963 3129 Deum,
987 3067 1044 3116 et
1070 3061 1348 3133 quidquid
1368 3062 1701 3132 petierimus
1716 3078 1809 3116 ac-

168 3157 450 3228 cipiemus
475 3155 552 3209 ab
579 3172 670 3224 eo,
700 3155 746 3210 si
769 3155 1043 3210 mandata
1069 3155 1192 3226 ejus
1226 3155 1592 3224 custodimus,
1625 3161 1682 3210 et
1721 3171 1808 3220 ea,
1832 3121 1886 3194 Ο

170 3267 297 3321 quae
317 3255 456 3305 sunt
480 3249 686 3320 placita
712 3265 904 3304 coram
947 3265 1033 3317 eo,
1058 3248 1316 3303 facimus.
1341 3249 1407 3302 Et
1424 3248 1529 3302 hoc
1549 3252 1635 3304 est
1653 3264 1815 3303 man-

173 3343 371 3398 datum
411 3343 560 3414 ejus,
585 3347 649 3396 ut
689 3341 994 3396 credamus
1029 3341 1088 3395 in
1121 3341 1357 3396 nomine
1389 3341 1490 3396 filii
1519 3342 1641 3412 ejus
1679 3343 1814 3397 Jesu

173 3436 375 3490 Christi
403 3440 462 3490 et
493 3435 804 3506 diligamus
830 3435 1192 3502 alterutrum,
1220 3434 1367 3490 sicut
1393 3435 1546 3490 dedit
1573 3436 1810 3490 manda-

172 3536 294 3584 tum
324 3528 512 3584 nobis.
543 3529 611 3582 Et
650 3528 749 3599 qui
777 3531 962 3581 servat
992 3527 1269 3582 mandata
1295 3527 1436 3597 ejus,
1469 3527 1529 3582 in
1561 3527 1659 3583 illo
1691 3544 1812 3582 ma-

174 3629 292 3689 net,
318 3626 380 3677 et
405 3622 530 3692 ipse
557 3621 617 3674 in
645 3637 732 3686 eo,
762 3625 818 3675 et
851 3621 910 3674 in
954 3621 1058 3674 hoc
1083 3621 1292 3674 scimus
1321 3621 1589 3690 quoniam
1618 3625 1817 3675 manet

173 3716 232 3768 in
246 3715 414 3769 nobis
431 3715 503 3769 de
526 3714 745 3785 Spiritu
767 3729 942 3784 quem
963 3713 1119 3768 dedit
1146 3713 1310 3768 nobis
1338 3713 1381 3783 (1
1405 3716 1562 3768 Joan.
1583 3730 1643 3784 II,
1667 3714 1810 3785 24).»

177 3809 242 3860 Et
265 3808 410 3862 sicut
430 3808 578 3862 Deus
597 3807 837 3861 Creator
861 3807 960 3878 qui
976 3807 1275 3861 hominem
1296 3807 1365 3862 ad
1387 3807 1812 3862 similitudinem

181 3917 336 3954 suam
368 3900 609 3969 creavit,
633 3903 718 3953 est
735 3899 1002 3966 charitas,
1023 3905 1108 3955 est
1123 3899 1330 3967 bonus,
1352 3900 1558 3970 justus,
1576 3901 1812 3971 patiens,

180 3999 344 4064 atque
383 3993 548 4047 mitis
576 3995 635 4046 et
669 3992 1005 4062 misericors,
1040 3996 1099 4047 et
1124 3996 1330 4047 caetera
1367 3997 1687 4048 sanctarum
1712 3993 1816 4046 vir-

178 4092 357 4140 tutem
387 4085 660 4156 insignia,
682 4101 812 4156 quae
839 4085 910 4140 de
937 4102 1004 4140 eo
1035 4086 1325 4156 leguntur,
1357 4086 1434 4140 ita
1468 4087 1638 4141 homo
1667 4102 1818 4142 crea-

179 4183 266 4232 tus
299 4185 408 4245 est,
457 4183 522 4232 ut
567 4178 905 4232 charitatem
949 4177 1202 4248 haberet,
1245 4183 1310 4234 ut
1345 4179 1528 4234 bonus
1567 4183 1719 4234 esset
1763 4183 1819 4236 et

174 4271 379 4341 justus,
397 4275 466 4326 ut
493 4271 718 4342 patiens
744 4277 916 4342 atque
938 4271 1109 4339 mitis,
1131 4273 1400 4342 mundus,
1422 4276 1478 4327 et
1499 4273 1818 4328 misericors

180 4366 348 4418 foret.
384 4365 541 4428 Quas
579 4364 818 4419 virtutes
850 4370 1065 4435 quanto
1103 4365 1228 4436 plus
1259 4365 1500 4437 quisque
1531 4365 1589 4420 in
1632 4367 1818 4437 seipso

187 4455 375 4522 habet,
409 4460 571 4510 tanto
621 4457 858 4527 propior
901 4460 987 4510 est
1031 4457 1144 4512 Deo
1192 4460 1248 4512 et
1290 4458 1473 4527 major
1510 4461 1614 4528 est,
1638 4475 1701 4512 ac
1732 4458 1895 4557 suiD

185 4549 512 4604 Conditoris
538 4551 686 4620 gerit
715 4549 1168 4605 similitudinem.
1201 4551 1257 4605 Si
1289 4567 1420 4605 vero
1450 4551 1620 4621 (quod
1651 4551 1816 4622 absit)

184 4642 392 4713 aliquis
416 4659 528 4713 per
553 4642 714 4697 devia
739 4642 1007 4697 vitiorum
1046 4647 1102 4698 et
1135 4643 1378 4698 divortia
1415 4644 1721 4699 criminum
1748 4645 1818 4700 ab

183 4734 292 4789 hac
321 4735 678 4790 nobilissima
707 4735 793 4790 sui
818 4735 1130 4790 Conditoris
1158 4735 1524 4792 similitudine
1573 4738 1821 4810 degener

183 4827 431 4895 aberrat,
459 4833 598 4882 tunc
629 4828 727 4882 fiet
752 4828 824 4882 de
847 4845 912 4882 eo
939 4829 1094 4898 quod
1125 4829 1399 4900 scriptum
1433 4835 1518 4884 est
1544 4847 1556 4884 ε
1591 4833 1820 4886 «Homo

185 4938 314 4975 cum
355 4923 418 4975 in
447 4921 663 4975 honore
698 4927 841 4976 esset
874 4937 988 4976 non
1022 4921 1320 4991 intellexit,
1349 4928 1709 4994 comparatus
1740 4928 1822 4979 est

179 5015 462 5083 iumentis
485 5013 906 5085 insipientibus,
927 5020 983 5069 et
1003 5015 1201 5069 similis
1219 5017 1402 5070 factus
1421 5022 1505 5071 est
1524 5016 1633 5070 illis
1654 5018 1818 5088 (Psal.

184 5123 374 5175 nvm,
408 5107 519 5179 21).
552 5129 580 5155 n
613 5106 749 5171 Quis
780 5107 964 5178 major
1001 5108 1184 5162 honor
1223 5109 1412 5180 potuit
1444 5108 1662 5164 homini
1703 5128 1822 5166 esse

186 5217 362 5272 quam
391 5204 458 5254 ut
491 5200 564 5254 ad
595 5199 970 5254 similitudem
1008 5201 1094 5255 sui
1135 5202 1364 5256 factoris
1399 5204 1740 5259 conderetur
1767 5207 1824 5258 et

185 5294 404 5348 eisdem
443 5295 721 5348 virtutum
761 5293 1112 5348 vestimentis
1153 5300 1474 5364 ornaretur,
1515 5297 1723 5368 quibus
1766 5303 1825 5351 et

183 5387 501 5441 Conditor?
532 5386 602 5441 de
629 5403 743 5458 quo
769 5385 981 5458 legitur
1007 5404 1020 5441 :
1059 5409 1085 5436 ‹‹
1123 5389 1400 5443 Dominus
1427 5391 1708 5461 regnavit,
1733 5391 1825 5445 de-

187 5497 384 5536 corem
427 5479 664 5534 indutus
707 5486 794 5534 est
831 5480 996 5550 (Psal.
1026 5497 1155 5547 xcu,
1190 5482 1256 5552 1),
1289 5505 1316 5531 ››
1349 5481 1405 5537 id
1431 5487 1530 5554 est,
1563 5485 1823 5539 omnium

187 5574 468 5628 virtutan
502 5573 803 5644 splendore
826 5577 884 5628 et
922 5573 1094 5628 totius
1127 5574 1401 5630 bonitatis
1426 5578 1628 5633 decore
1652 5594 1820 5633 orna-

187 5671 299 5731 tus,
325 5668 436 5733 vel,
457 5665 610 5737 quod
637 5666 827 5736 majus
852 5666 1068 5721 homini
1098 5670 1286 5738 potest
1314 5684 1435 5724 esse
1467 5669 1708 5725 dedecus
1727 5675 1825 5726 aut

191 5760 474 5816 infelicior
499 5759 755 5827 miseria,
789 5775 964 5830 quam
994 5762 1058 5814 ut
1095 5760 1202 5815 hac
1236 5761 1616 5818 similitudinis
1641 5765 1826 5835 gloria

597 5857 875 5924 PATROL.
923 5857 1150 5925 CXXX.

1907 1855 2068 1921 didit,
2102 1856 2198 1927 qui
2247 1873 2378 1910 eum
2426 1856 2677 1926 pretioso
2728 1855 3006 1926 sanguine
3052 1872 3153 1909 suo
3201 1855 3466 1923 redemit,
3495 1861 3552 1910 et

1905 1950 2140 2018 propter
2163 1965 2292 2004 eum
2325 1950 2499 2003 homo
2526 1948 2649 2002 ﬁeri
2699 1965 2810 2002 non
2849 1953 2933 2002 est
2958 1947 3336 2018 dedignatus:
3369 1964 3540 2019 quem

1906 2041 2099 2112 procul
2151 2041 2324 2095 dubio
2368 2041 2614 2096 inveniet
2647 2041 2691 2095 si
2724 2041 2781 2094 in
2811 2057 2938 2095 eum
2971 2043 3146 2094 totam
3179 2055 3337 2110 spem
3380 2040 3542 2109 juxta

1907 2133 2219 2187 Psalmistm
2261 2150 2456 2188 vocem
2507 2134 2838 2204 projecerit;
2893 2133 2972 2188 ait
3015 2148 3285 2204 namque,
3329 2133 3543 2203 projice

1912 2249 1939 2275 ‹‹
1966 2243 2136 2297 super
2163 2227 2465 2281 Dominum
2493 2240 2686 2281 curam
2715 2231 2896 2295 tuam,
2933 2230 2986 2279 et
3012 2226 3130 2297 ipse
3176 2230 3230 2280 te
3273 2226 3541 2290 enutriet,

1906 2336 2012 2374 nec
2043 2319 2201 2374 dabit
2227 2319 2285 2374 in
2310 2323 2587 2376 aeternum
2620 2319 3044 2374 ﬂuctuationem
3065 2319 3222 2389 justo
3245 2317 3410 2388 (Psal.
3435 2335 3540 2385 Liv,

1908 2415 2014 2483 23).
2041 2435 2067 2462 »
2094 2413 2292 2467 Omnis
2327 2413 2481 2467 enim
2512 2413 2682 2467 homo
2704 2413 2763 2466 in
2791 2429 2889 2466 sua
2915 2428 3086 2470 causa
3114 2411 3471 2478 deﬁciens,et
3488 2412 3546 2465 in

1910 2506 2024 2560 suis
2043 2506 2310 2560 haesitans
2331 2505 2580 2560 consiliis
2596 2506 2803 2576 quaerit
2819 2505 2924 2559 sibi
2948 2505 3196 2558 amicum
3219 2504 3469 2572 ﬁdelem,
3485 2505 3546 2558 in

1909 2600 2067 2670 cujus
2097 2599 2342 2653 consiliis
2368 2598 2636 2665 confidat,
2670 2598 2767 2670 qui
2797 2598 2857 2652 in
2887 2597 3002 2652 suis
3032 2596 3342 2663 difﬁdebat,
3378 2599 3434 2649 et
3469 2602 3545 2650 ta-

1908 2693 2019 2745 lem
2047 2691 2313 2745 ﬁduciam
2343 2691 2512 2746 habet
2555 2692 2610 2745 in
2658 2690 2772 2758 illo,
2807 2693 2869 2745 ut
2911 2706 3079 2745 omne
3129 2692 3411 2743 secretum
3457 2689 3541 2743 sui

1909 2785 2151 2856 pectoris
2179 2785 2232 2839 ei
2255 2784 2471 2855 pandat
2497 2788 2552 2839 et
2583 2784 2819 2855 aperiat.

1979 2877 2126 2942 Quid
2155 2876 2374 2931 dulcius
2405 2880 2489 2931 est
2517 2893 2690 2947 quam
2724 2880 2784 2930 ut
2813 2875 3021 2930 habeas
3057 2876 3221 2930 illum
3255 2892 3387 2930 cum
3434 2891 3546 2948 quo

1912 2971 2103 3025 omnia
2125 2970 2303 3041 possis
2327 2970 2480 3041 loqui
2509 2973 2575 3024 ut
2598 2974 2787 3024 tecum
2807 2969 2835 3022 ?
2858 2969 2911 3024 Si
2935 2969 3042 3024 ista
3064 2985 3192 3023 cum
3213 2969 3548 3024 hominibus

1910 3064 2075 3132 ﬁunt,
2103 3067 2318 3134 quanto
2349 3063 2534 3134 magis
2558 3079 2687 3117 cum
2713 3063 2827 3117 Deo
2850 3061 2955 3116 hoc
2993 3065 3076 3116 est
3108 3062 3415 3134 agendum,
3447 3063 3545 3134 qui

1914 3173 2114 3212 omnes
2141 3157 2259 3212 vult
2283 3157 2467 3211 salvos
2491 3156 2614 3211 fieri
2641 3161 2696 3211 et
2720 3155 3016 3210 nemiuem
3042 3155 3231 3227 perire
3247 3155 3274 3210 ?
3307 3156 3469 3223 Nam,
3502 3156 3549 3210 si

1913 3249 2188 3305 veraciter
2213 3251 2395 3304 Deum
2425 3249 2731 3318 credimus,
2764 3265 3011 3321 eumque
3044 3248 3337 3319 diligimus
3365 3254 3431 3304 ut
3457 3250 3548 3305 de-

1912 3343 2136 3413 bemus,
2161 3348 2218 3399 et
2244 3342 2532 3415 proximos
2560 3343 2705 3397 sicut
2731 3342 3124 3414 nosmetipsos,
3159 3342 3219 3396 in
3251 3358 3381 3396 eum
3411 3359 3545 3413 quo-

1913 3453 2024 3508 que
2051 3439 2230 3491 totam
2255 3453 2414 3508 spem
2441 3436 2849 3508 projecerimus
2875 3440 3144 3502 nostram,
3168 3434 3288 3506 ipse
3316 3452 3417 3490 nos
3444 3437 3549 3490 eri-

1913 3530 2035 3601 piet
2062 3535 2119 3584 et
2161 3530 2564 3585 consolabitur.
2601 3531 2686 3596 Et,
2719 3530 2862 3584 sicut
2904 3545 3010 3601 per
3055 3528 3327 3600 angelum
3376 3543 3546 3583 suum

1916 3623 2171 3677 Habacuc
2194 3623 2533 3694 prophetam
2569 3639 2699 3677 cum
2744 3622 2984 3694 prandio
3018 3622 3075 3676 in
3104 3622 3284 3677 lacum
3317 3622 3548 3677 leonum

1913 3715 1986 3770 ad
2014 3715 2304 3770 Danielem
2329 3718 2516 3768 vatem
2559 3715 2733 3780 misit,
2763 3719 2820 3769 et
2864 3714 3215 3785 Philippum,
3258 3731 3438 3770 unum
3475 3715 3547 3769 de

1915 3812 2134 3880 septem
2178 3807 2526 3875 diaconibus,
2555 3807 2626 3860 ad
2667 3807 3026 3873 Eunuchum,
3057 3806 3136 3860 ita
3182 3807 3338 3860 dabit
3383 3807 3550 3862 nobis

1916 3900 2368 3956 consolationem
2395 3905 2452 3954 et
2475 3899 2891 3954 liberationem.
2923 3900 3050 3952 Hmc
3080 3898 3395 3968 sectamini,
3421 3899 3551 3954 cha-

1916 3993 2144 4061 rissimi,
2176 3996 2234 4047 et
2266 3992 2408 4047 nulli
2439 4009 2693 4064 unquam
2721 3995 2940 4046 nocete.
2977 3992 3200 4046 Fratres
3223 3990 3376 4060 estis,
3404 3990 3546 4045 invi-

1918 4104 2042 4143 cem
2069 4103 2168 4141 vos
2195 4085 2415 4158 diligite
2453 4089 2519 4140 ut
2548 4085 2666 4140 veri
2712 4085 2815 4140 Dei
2856 4083 3108 4156 discipuli
3155 4084 3300 4139 efﬁci
3341 4100 3551 4140 merea-

1919 4181 2080 4235 mini.
2109 4181 2252 4234 Nam
2278 4179 2377 4251 qui
2407 4179 2643 4235 rancida
2671 4178 2845 4233 corda
2873 4177 3123 4232 virorum
3163 4177 3360 4247 inficit,
3395 4177 3553 4232 mali-

1917 4273 2058 4328 tiam
2093 4273 2248 4327 inter
2277 4273 2540 4326 homines
2562 4272 2798 4344 spargit,
2829 4277 2884 4326 et
2914 4271 3010 4344 qui
3043 4271 3292 4326 detrahit
3316 4271 3553 4326 fratrem

1919 4382 2110 4433 suum,
2142 4365 2234 4420 hic
2276 4365 2561 4421 homicida
2600 4370 2702 4419 est.
2734 4367 2801 4419 Et
2849 4365 2947 4436 qui
2989 4364 3286 4419 abstulerit
3330 4365 3551 4436 aliquid

1918 4459 2062 4531 patri
2103 4460 2187 4513 vel
2225 4450 2426 4528 matri,
2464 4459 2708 4531 dicitque
2754 4459 2860 4513 hoc
2899 4462 3197 4528 peccatum
3245 4475 3362 4512 non
3408 4473 3548 4524 esse,

1918 4553 2215 4608 homicidae
2233 4552 2520 4624 particeps
2541 4555 2643 4607 est.
2662 4553 2831 4606 Pater
2848 4555 3041 4606 noster
3057 4551 3175 4604 sine
3205 4550 3375 4604 dubio
3408 4551 3552 4604 Deus

1919 4651 2022 4716 est,
2065 4646 2161 4717 qui
2211 4661 2317 4700 nos
2364 4645 2603 4708 creavit;
2653 4648 2837 4698 mater
2877 4648 3066 4698 nostra
3108 4659 3240 4696 vero
3285 4643 3551 4712 Ecclesia,

1918 4756 2047 4811 quae
2076 4756 2177 4794 nos
2202 4739 2260 4792 in
2291 4737 2573 4809 baptismo
2604 4736 2974 4810 spiritualiter
3000 4736 3378 4807 regeneravit.
3402 4738 3551 4809 Ergo
3581 4749 3585 4752 ·

1920 4833 2017 4904 qui
2061 4832 2267 4888 Christi
2310 4831 2582 4903 pecunias
2624 4835 2680 4885 et
2719 4829 2979 4885 Ecclesiae
3025 4829 3192 4900 rapit,
3230 4830 3436 4895 aufert,
3465 4830 3552 4883 vcl

1919 4927 2168 4994 fraudat,
2187 4924 2470 4979 homicida
2501 4930 2602 4992 est,
2622 4928 2793 4996 atque
2824 4923 3108 4978 homicida
3145 4926 3274 4978 ante
3317 4939 3550 4995 conspe-

1922 5024 2078 5075 ctum
2105 5019 2242 5090 justi
2274 5017 2481 5075 Judicis
2512 5033 2633 5073 esse
2663 5017 3056 5088 deputabitur;
3090 5015 3188 5088 qui
3214 5016 3365 5087 rapit
3391 5033 3554 5088 pecu-

1923 5114 2074 5168 niam
2107 5111 2349 5184 proximi
2379 5111 2484 5179 sui,
2517 5109 2878 5182 iniquitatem
2905 5112 3194 5181 operatur,
3225 5110 3325 5181 qui
3363 5114 3554 5166 autem

1922 5205 2220 5278 pecuniam
2268 5205 2353 5259 vel
2397 5220 2485 5259 res
2530 5203 2790 5258 Ecclesia:
2835 5202 3148 5270 abstulerit,
3194 5193 3596 5274 sacrilegiuml
3631 5231 3638 5238 ο

1922 5300 2074 5355 facit.
2121 5297 2419 5369 Privilegia
2461 5297 2614 5352 enim
2661 5295 3041 5350 Ecclesiarum
3097 5300 3153 5351 et
3207 5296 3555 5352 sacerdotum

1923 5393 2104 5448 sancti
2131 5391 2372 5463 apostoli
2393 5391 2555 5462 jussu
2588 5389 2887 5445 Salvatoris
2917 5390 3254 5445 intemerata
3288 5392 3348 5442 et
3372 5388 3551 5442 invio-

1924 5488 2039 5542 lata
2057 5485 2320 5541 omnibus
2344 5484 2724 5539 decreverunt
2743 5498 2976 5538 manere
2992 5481 3361 5554 temporibus.
3377 5481 3555 5551 Leges

1925 5579 2186 5635 Ecclesiae
2230 5578 2534 5650 apostolica
2577 5577 2877 5632 ﬁrmamus
2915 5575 3242 5630 auctoritate
3286 5578 3342 5628 et
3389 5588 3554 5644 pere-

1928 5674 2092 5745 grina
2127 5672 2342 5745 judicia
2371 5671 2797 5741 submovemus,
2827 5670 2978 5724 unde
3009 5671 3065 5723 et
3103 5666 3375 5721 Dominus
3403 5683 3559 5723 men-

1927 5768 2140 5823 tionem
2169 5767 2387 5822 facieus
2417 5766 2558 5821 Loth
2596 5781 2704 5838 per
2732 5765 2952 5837 Moysen
3001 5760 3270 5833 loquitur,
3316 5761 3508 5819 dicens
3540 5777 3556 5827 ς

3125 5863 3160 5930 3
