4046 6188
526 250 590 301 67
1415 244 1696 298 APPEND.
1737 245 1825 298 AD
1862 244 2024 298 S/EC.
2068 243 2154 298 1Χ.
2178 271 2246 283 -—
2284 245 2531 300 ISIDORI
2572 244 2994 300 MERCATORIS
3813 246 3874 298 68

531 355 876 426 «Ingressus
927 369 986 406 es
1017 351 1264 422 (quidam
1309 351 1597 424 inquiunt)
1634 356 1696 407 ut
1738 352 1975 422 advena,
2010 368 2154 406 nun—
2175 365 2235 438 Α
2255 369 2424 408 carne
2443 352 2824 421 ambulantes,
2844 369 2960 407 non
2981 352 3294 407 secundum
3311 355 3541 407 carnem
3555 351 3876 407 militamus.

525 447 660 520 quid
707 450 772 501 ut
806 444 1071 518 judices?
1118 443 1269 516 (Gen.
1307 461 1415 513 XIX,
1447 447 1518 516 9.)
1550 467 1578 495 ››
1611 447 1976 517 Unaquaeque
2016 462 2151 517 pro-

523 539 704 594 vincia
733 543 852 593 tam
887 539 1053 609 juxta
1093 537 1496 593 ecclesiasticas
1537 555 1714 611 quam
1753 539 1921 609 juxta
1971 539 2155 594 saeculi

524 634 681 704 leges
705 647 835 686 suos
849 631 1021 685 debet
1037 631 1224 702 justos
1245 636 1301 687 et
1317 648 1432 686 non
1445 631 1671 704 iniquos
1685 631 1898 686 habere
1912 631 2154 702 judices,

526 730 581 780 et
610 741 725 779 non
755 727 1038 792 externos,
1074 725 1182 778 nisi
1212 725 1532 797 apostolicae
1561 725 1720 781 Sedis
1763 725 1933 795 hujus
1969 725 2157 780 decre-

523 816 668 872 verit
692 817 1017 888 auctoritas,
1041 823 1323 889 quatenus
1342 819 1670 890 quicunque
1697 834 1925 872 causam
1943 818 2153 873 habue-

523 910 598 965 rit
644 910 798 980 apud
841 927 974 964 suos
1011 911 1238 982 judices
1274 911 1583 983 judicetur,
1617 914 1675 966 et
1701 927 1814 965 non
1838 911 1909 965 ad
1939 911 2157 965 alienos

525 1020 692 1058 causa
715 1004 963 1074 vagandi
989 1004 1314 1060 stimulante
1339 1008 1572 1076 propter
1591 1020 1758 1059 suam
1785 1004 1960 1059 vitam
1977 1004 2158 1076 despi-

523 1097 677 1153 ciens
719 1097 968 1168 patriam
999 1100 1269 1152 transeat.
1313 1097 1424 1153 Sed
1454 1097 1526 1152 ad
1555 1097 1858 1152 duodecim
1901 1097 2157 1168 ejusdem

522 1189 831 1262 provinciae
844 1190 1086 1261 judices,
1104 1190 1178 1245 ad
1199 1207 1445 1262 quorum
1455 1190 1737 1262 judicium
1756 1206 1956 1245 omnes
1973 1206 2157 1245 causae

523 1283 817 1338 civitatum
841 1284 1190 1352 referuntur,
1219 1283 1507 1340 deferatur
1532 1283 1848 1355 negotium.
1879 1283 1936 1338 Si
1967 1289 2159 1339 autem

521 1376 695 1432 fuerit
737 1369 1148 1432 ecclesiasticus
1202 1377 1355 1448 apud
1403 1376 1718 1448 episcopos,
1748 1376 2157 1432 interveniente

522 1469 790 1541 primate,
815 1469 1094 1542 siquidem
1119 1469 1307 1540 major
1325 1487 1491 1525 causa
1514 1469 1715 1538 fuerit;
1736 1469 1781 1524 si
1806 1486 1940 1525 vero
1967 1469 2160 1524 minor

470 1547 476 1558 ’
522 1562 991 1633 metropolitano;
1017 1563 1062 1616 si
1076 1578 1207 1618 vero
1229 1563 1403 1617 fuerit
1421 1563 1713 1632 saeculare,
1727 1562 1881 1633 apud
1903 1562 2158 1633 ejusdem

525 1655 742 1710 ordinis
769 1656 914 1709 viros
938 1655 1151 1726 judicio
1179 1661 1300 1710 tam
1327 1656 1744 1727 episcoporum,
1769 1672 1899 1710 cum
1922 1655 2159 1727 Aposto-

2253 449 2425 501 Arma
2455 446 2608 501 enim
2639 446 2862 501 militiae
2887 450 3115 514 nostrae,
3133 462 3250 500 non
3270 445 3536 513 carnalia,
3561 445 3658 500 sed
3683 448 3879 517 poten-

2255 540 2335 595 tia
2361 541 2471 595 Deo
2502 542 2571 595 ad
2600 539 3046 594 destructionem
3086 539 3474 593 munitionum
3516 538 3752 594 consilia
3790 539 3881 594 de-

2256 637 2539 689 struentes
2564 638 2620 688 et
2643 649 2875 688 omnem
2903 632 3298 688 exaltationem
3326 632 3686 688 extollentem
3709 648 3766 686 se
3793 632 3880 686 ad-

2257 742 2450 780 versus
2487 725 2781 781 scientiam
2809 726 2930 795 Dei,
2964 731 3020 781 et
3044 726 3102 780 in
3137 725 3517 796 captivitatem
3561 725 3880 797 redigentes

2257 836 2487 875 omnem
2514 819 2942 890 cogitationem,
2970 819 3026 873 in
3060 819 3395 890 obsequium
3423 819 3647 875 Christo
3675 819 3877 890 perdu-

2258 918 2447 968 centes
2473 913 2548 985 (II
2572 915 2690 971 Cor.
2721 929 2775 980 x,
2810 912 2884 983 3).
2917 934 2943 961 »
2973 934 2999 960 ‹‹
3031 913 3109 966 De
3140 916 3364 980 caetero,
3405 912 3628 980 fratres,
3666 912 3884 966 confor-

2256 1006 2464 1062 tamini
2503 1006 2564 1060 in
2601 1005 2843 1060 Domino
2886 1009 2940 1060 et
2979 1005 3038 1059 in
3075 1005 3333 1076 potentia
3376 1004 3723 1060 fortitudinis
3767 1005 3883 1074 ejus

2258 1101 2470 1170 (Ephes.
2519 1116 2595 1167 v1,
2647 1099 2754 1170 10),
2800 1119 2826 1149 ››
2875 1104 2936 1153 ut
2977 1115 3087 1170 pax
3128 1097 3284 1153 vobis
3322 1099 3502 1152 multa
3545 1103 3602 1153 et
3640 1097 3819 1170 gratia
3853 1114 3884 1151 a

2257 1194 2374 1248 Deo
2423 1195 2480 1246 et
2523 1192 2760 1246 Domino
2806 1194 2999 1246 nostro
3044 1192 3175 1246 Jesu
3231 1191 3453 1248 Christo
3511 1190 3882 1245 ministretur.

2257 1285 2668 1358 Amplectimur
2678 1289 2733 1339 et
2750 1284 3078 1339 osculamur
3094 1301 3157 1339 ac
3170 1283 3218 1338 si
3232 1291 3544 1356 praesentes
3559 1282 3885 1338 charitatem

2257 1384 2502 1435 vestram
2550 1378 2611 1433 in
2663 1378 2878 1433 unitate
2937 1377 3186 1448 spiritus,
3234 1377 3292 1431 in
3339 1378 3563 1432 vinculo
3618 1376 3787 1448 pacis,
3833 1381 3884 1430 et

2257 1471 2546 1528 charitatis
2589 1471 2814 1528 Christi.
2863 1493 2890 1519 «
2929 1472 3164 1540 Propter
3205 1471 3380 1542 quod,
3419 1470 3753 1537 charissimi,
3797 1487 3887 1524 ex-

2259 1567 2596 1636 spectantes,
2621 1564 2861 1635 satagite
2889 1563 3248 1618 immaculati
3275 1567 3333 1617 et
3365 1562 3614 1617 inviolati
3653 1562 3888 1618 inveniri

2259 1657 2318 1711 in
2347 1673 2504 1728 pace,
2539 1660 2597 1710 et
2627 1655 2854 1711 Domini
2898 1656 3077 1710 nostri
3119 1655 3612 1727 longanimitatem
3655 1656 3888 1710 salutem

521 1748 612 1802 lus
634 1748 986 1819 privatorum
1006 1748 1456 1804 Christianorum
1477 1765 1670 1803 causas
1695 1748 1882 1820 magis
1901 1748 2159 1802 Ecclesiis
2179 1734 2236 1806 Β
2261 1749 2639 1806 arbitramini.
2669 1749 2826 1822 Sicut
2862 1753 2919 1802 et
2947 1749 3310 1804 charissimus
3352 1754 3550 1803 noster
3585 1749 3786 1802 Paulus
3812 1764 3890 1802 se.

523 1841 758 1912 deferri,
791 1844 846 1896 et
872 1841 1086 1896 ibidem
1111 1841 1450 1896 sacerdotali
1482 1841 1700 1911 judicio
1735 1840 2033 1896 terminari
2060 1857 2157 1896 vo-

520 1934 644 1989 luit.
680 1934 879 1989 Omnis
921 1935 1076 1989 enim
1131 1951 1429 2005 oppressus
1476 1935 1655 1990 libere
1699 1934 2076 2002 sacerdotum,
2114 1934 2161 1988 si

520 2028 779 2097 voluerit,
813 2027 1064 2099 appellet
1101 2027 1388 2098 judicium
1431 2031 1488 2081 et
1515 2045 1549 2082 a
1576 2028 1733 2082 nullo
1768 2027 2157 2099 prohibeatur,

521 2122 622 2176 sed
651 2121 723 2175 ab
754 2120 842 2175 his
870 2121 1137 2175 fulciatur
1166 2124 1221 2175 et
1263 2121 1557 2176 liberetur.
1587 2121 1646 2176 Si
1677 2124 1869 2176 autem
1902 2121 2160 2175 difficiles

522 2230 704 2268 causae
733 2218 831 2268 aut
860 2214 1078 2284 majora
1112 2213 1346 2284 negotia
1371 2219 1495 2269 orta
1522 2214 1755 2276 fuerint,
1784 2214 1854 2268 ad
1881 2214 2159 2284 majorem

522 2306 722 2360 sedem
752 2305 1093 2374 referantur,
1126 2309 1181 2359 et
1208 2306 1252 2359 si
1282 2305 1393 2360 illic
1431 2307 1597 2361 facile
1637 2306 1882 2361 discerni
1921 2323 2035 2361 non
2065 2323 2162 2378 po-

523 2398 741 2453 tuerint
769 2401 867 2452 aut
895 2399 1049 2470 juste
1090 2398 1407 2469 terminari,
1438 2399 1537 2453 ubi
1577 2399 1753 2455 fuerit
1800 2415 2157 2454 summorum

524 2494 874 2564 congregata
900 2491 1292 2564 congregatio,
1315 2509 1444 2564 quae
1464 2509 1567 2564 per
1597 2493 1852 2564 singulos
1879 2509 2059 2548 annos
2074 2493 2160 2548 bis

523 2585 646 2640 ﬁeri
669 2586 815 2640 solet
839 2587 896 2640 et
925 2585 1115 2654 debet,
1136 2586 1288 2657 juste
1326 2589 1384 2640 et
1423 2586 1540 2640 Deo
1578 2586 1781 2657 placite
1822 2603 2017 2642 coram
2055 2603 2154 2658 pa-

522 2679 772 2734 triarcha
791 2682 890 2733 aut
920 2679 1164 2750 primate
1195 2679 1575 2734 ecclesiastico
1599 2682 1657 2734 et
1685 2696 1878 2734 coram
1916 2679 2156 2751 patricio

485 2799 491 2834 ;
523 2771 776 2826 saeculari
812 2771 1140 2842 judicentur
1177 2771 1411 2843 negotia
1459 2772 1517 2826 in
1555 2788 1886 2829 commune.
1918 2772 2082 2837 Quod
2113 2773 2159 2827 si

485 2859 490 2913 ἶ
523 2863 871 2919 difﬁciliores
891 2869 1028 2919 ortae
1049 2865 1262 2919 fuerint
1278 2865 1620 2936 quaestiones
1643 2870 1740 2920 aut
1755 2866 2158 2937 episcoporum

522 2958 608 3012 vel
638 2957 923 3029 majorum
952 2957 1169 3029 judicia
1194 2963 1294 3013 aut
1322 2959 1570 3030 majores
1598 2975 1782 3014 causa;
1809 2959 2046 3028 fuerint,
2084 2959 2157 3013 ad

524 3050 736 3106 Sedem
761 3051 1211 3124 apostolicam,si
1232 3053 1579 3123 appellatum
1598 3052 1792 3122 fuerit,
1817 3053 2156 3121 referantur,

524 3145 793 3216 quoniam
819 3143 1058 3216 apostoli
1085 3145 1194 3200 hoc
1220 3145 1813 3216 statueruntjussione
1834 3145 2156 3212 Salvatoris,

499 3243 585 3298 ,ut
611 3239 861 3310 majores
887 3241 942 3293 et
965 3237 1222 3293 difficiles
1242 3239 1588 3310 quaestiones
1614 3255 1845 3310 semper
1863 3241 1932 3295 ad
1955 3240 2159 3294 Sedem

475 3377 482 3401 ,ί
525 3331 860 3387 deferantur
885 3331 1276 3403 apostolicam,
1309 3347 1480 3402 super
1522 3348 1694 3403 quam
1736 3331 1991 3388 Christus
2031 3332 2158 3387 uni-

475 3421 482 3460 ί
522 3441 746 3480 versam
779 3424 1088 3480 construxit
1115 3424 1682 3493 Ecclesiam,dicente
1703 3425 1827 3497 ipso
1848 3425 1918 3480 ad
1929 3425 2161 3480 beatum

495 3519 838 3591 “principem
885 3518 1278 3591 apostolorum
1320 3519 1598 3572 Petrum:
1641 3539 1669 3567 «
1711 3520 1792 3573 Tu
1832 3534 1890 3572 es
1935 3517 2156 3590 (inquit)

517 3605 741 3683 Petrus,
773 3615 832 3666 et
873 3628 1044 3684 super
1072 3611 1220 3666 hanc
1263 3615 1487 3683 petram
1529 3611 1820 3667 aedificabo
1863 3612 2160 3668 ecclesiam

523 3721 715 3760 meam
741 3705 954 3776 (Matth.
982 3721 1091 3772 xvr,
1128 3705 1235 3776 18),
1257 3724 1284 3754 ››
1301 3707 1357 3760 et
1380 3703 1618 3776 reliqua.
1651 3705 1736 3760 Sit
1754 3721 1909 3776 ergo,
1933 3707 2157 3772 fratres,

522 3798 843 3855 constantia
869 3803 1060 3854 nostra
1087 3797 1355 3852 adversus
1396 3798 1794 3854 contentiones
1835 3816 2037 3855 eorum
2063 3798 2161 3871 qui

522 3892 757 3948 adversa
785 3892 1017 3964 sapiunt
1041 3895 1099 3946 et
1123 3907 1238 3946 non
1271 3907 1398 3963 quae
1427 3891 1528 3947 Dei
1554 3897 1686 3947 sunt
1715 3893 1965 3962 sapiunt,
1981 3897 2039 3948 et.
2053 3893 2162 3946 erit

523 3986 722 4040 fortior
751 3989 914 4056 petra
950 3984 1268 4040 constantia
1307 3987 1518 4051 nostra,
1552 3984 1696 4038 sicut
1737 3984 2012 4054 scriptum
2055 3987 2158 4051 est,

524 4095 597 4132 ne
623 4077 929 4133 timueritis
954 4077 1025 4131 ab
1046 4077 1148 4143 eis,
1172 4092 1358 4146 neque
1386 4075 1716 4130 terreamini
1744 4076 1933 4130 afacie
1959 4092 2162 4132 eorum

525 4169 624 4240 qui
659 4185 865 4239 corpus
911 4168 1196 4234 occidunt,
1231 4167 1484 4222 animam
1527 4171 1719 4222 autem
1763 4184 1881 4223 non
1923 4173 2162 4240 possunt

527 4261 800 4316 occidere.
837 4261 1000 4325 Quod
1029 4264 1220 4316 autem
1249 4261 1310 4315 in
1336 4276 1474 4316 aure
1515 4259 1740 4329 auditis,
1773 4261 2074 4332 praedicate
2098 4263 2159 4317 in

525 4352 762 4423 lumine,
785 4353 950 4409 illum
967 4353 1235 4409 timentes
1264 4353 1361 4426 qui
1380 4355 1566 4425 potest
1583 4353 1840 4409 animam
1867 4357 1927 4409 et
1954 4371 2159 4427 corpus

524 4446 799 4516 occidere,
827 4452 885 4506 et
909 4447 1140 4504 mittere
1168 4447 1225 4503 in
1254 4447 1598 4520 gehennam.
1635 4447 1855 4505 Fratres
1878 4448 2014 4520 mei,
2041 4469 2068 4498 ‹‹
2095 4449 2156 4504 in

2179 3097 2234 3171 C

2261 1843 2511 1900 cundum
2550 1843 2747 1897 datam
2785 1841 2890 1896 sibi
2939 1842 3278 1913 sapientiam
3307 1842 3530 1913 scripsit
3553 1841 3706 1896 vobis
3749 1842 3890 1897 sicut

2260 1941 2315 1992 et
2341 1937 2401 1991 in
2431 1936 2694 1991 omnibus
2718 1935 2972 2006 epistolis
2998 1936 3242 2006 loquens
3267 1935 3324 1989 in
3353 1935 3432 1990 eis
3459 1935 3530 1990 de
3555 1935 3662 2001 his,
3685 1935 3744 1988 in
3773 1935 3889 2005 qui-

2258 2029 2364 2085 bus
2395 2033 2527 2083 sunt
2549 2028 2810 2100 quaedam
2837 2027 3092 2082 difﬁcilia
3119 2028 3428 2097 intellectu,
3458 2044 3587 2098 quae
3607 2027 3818 2082 indocti
3836 2031 3891 2082 et

2258 2122 2548 2178 instabiles
2578 2122 2902 2194 depravant,
2931 2120 3075 2175 sicut
3101 2126 3156 2176 et
3195 2123 3430 2176 caeteras
3467 2121 3795 2192 scripturas,
3823 2120 3889 2175 ad

2261 2233 2424 2270 suam
2463 2215 2866 2287 perditionem.
2908 2215 3018 2268 Vos
3065 2229 3226 2285 ergo,
3276 2215 3499 2284 fratres,
3532 2215 3892 2286 praescientes

2260 2307 2537 2363 custodite
2559 2325 2630 2364 ne
2655 2308 3051 2379 insipientium
3084 2324 3274 2364 errore
3306 2307 3547 2363 traducti
3579 2307 3894 2363 excidatisa

2258 2400 2490 2472 propria
2537 2400 2826 2454 ﬁrmitate.
2875 2400 3121 2455 Crescite
3168 2416 3301 2455 vero
3361 2400 3420 2454 in
3473 2400 3657 2472 gratia
3701 2404 3760 2454 et
3807 2417 3895 2455 co-

2259 2493 2515 2565 gnitione
2561 2492 2789 2548 Domini
2832 2494 3011 2548 nostri
3053 2495 3183 2549 Jesu
3237 2492 3443 2548 Christi
3490 2496 3548 2547 et
3591 2493 3895 2548 Salvatoris

2261 2589 2333 2655 (ΙΙ
2355 2589 2503 2642 Petr.
2532 2603 2614 2656 In,
2647 2588 2795 2658 14).»
2821 2608 2849 2638 ‹‹
2867 2588 2977 2640 Vos
3007 2592 3217 2655 autem,
3245 2586 3582 2655 charissimi,
3609 2601 3896 2641 memores

2260 2684 2436 2735 estote
2470 2680 2798 2747 verborum,
2829 2696 2959 2751 quae
3007 2679 3284 2750 praedicta
3330 2684 3462 2734 sunt
3505 2679 3575 2733 ab
3625 2679 3896 2751 apostolis

2259 2773 2491 2829 Domini
2526 2773 2702 2828 nostri
2735 2775 2869 2829 Jesu
2895 2773 3122 2840 Christi,
3155 2773 3252 2845 qui
3281 2773 3540 2828 dicebant
3566 2772 3728 2827 vobis
3758 2789 3897 2844 quo-

2260 2867 2416 2922 niam
2447 2867 2507 2922 in
2531 2866 2837 2922 novissimo
2863 2869 3125 2938 tempore
3150 2867 3381 2922 venient
3405 2866 3664 2921 illusores
3700 2882 3900 2921 secun-

2260 2959 2398 3015 dum
2426 2959 2705 3016 desideria
2729 2977 2833 3014 sua
2862 2959 3223 3015 ambulantes
3247 2959 3308 3013 in
3339 2960 3653 3032 impietate.
3675 2959 3744 3014 Hi
3764 2963 3900 3014 sunt

2261 3053 2358 3125 qui
2381 3058 2685 3125 segregant
2700 3052 3051 3125 semetipsos,
3073 3052 3370 3121 animales,
3385 3052 3647 3124 spiritum
3667 3069 3781 3107 non
3805 3053 3902 3106 ha-

2259 3147 2478 3216 bentes,
2504 3164 2604 3202 vos
2628 3150 2841 3214 autem,
2868 3146 3206 3213 charissimi,
3237 3145 3750 3218 superaediﬁcantes
3776 3163 3904 3201 vos-

2259 3240 2533 3312 metipsos
2557 3241 2936 3308 sanctissimae
2963 3243 3164 3295 vestrae
3195 3239 3328 3296 ﬁdei
3367 3240 3425 3294 in
3453 3239 3663 3312 Spiritu
3702 3245 3903 3295 sancto

2261 3338 2509 3390 orantes.
2547 3336 2699 3406 Ipsos
2723 3351 2820 3389 vos
2857 3335 2915 3389 in
2955 3335 3256 3390 dilectione
3281 3333 3506 3389 Domini
3538 3339 3776 3401 servate,
3811 3351 3903 3388 ex-

2261 3429 2581 3499 spectantes
2605 3427 3059 3483 misericordiam
3087 3427 3310 3483 Domini
3336 3427 3516 3482 nostri
3539 3427 3668 3483 Jesu
3689 3426 3901 3481 Christi

2260 3520 2320 3574 in
2346 3519 2520 3575 vitam
2549 3523 2845 3576 aeternam.
2875 3522 2940 3575 Et
2967 3521 3070 3576 hos
3091 3520 3322 3592 quidem
3347 3519 3569 3592 arguite
3590 3519 3902 3592 judicatos,

2260 3613 2382 3668 illos
2411 3612 2459 3685 1
2477 3613 2534 3686 5
2557 3629 2688 3670 vero
2718 3615 2927 3670 salvate
2955 3615 3024 3669 de
3055 3614 3189 3685 igne
3219 3613 3528 3686 rapientes,
3559 3613 3680 3668 aliis
3705 3620 3905 3669 autem

2262 3707 2612 3762 miseremini
2631 3707 2691 3762 in
2706 3707 2939 3778 timore,
2959 3707 3212 3764 odientes
3235 3723 3363 3762 eam
3391 3723 3520 3778 quae
3551 3706 3800 3762 carnalis
3818 3711 3910 3761 est

2260 3801 2601 3855 maculatam
2630 3801 2902 3856 tunicam.
2932 3801 2994 3858 Ei
3041 3803 3234 3855 autem
3279 3800 3378 3872 qui
3424 3805 3628 3873 potens
3673 3805 3758 3856 est
3801 3817 3909 3855 vos

2261 3909 2594 3948 conservare
2625 3892 2745 3948 sine
2770 3899 3022 3965 peccato,
3053 3897 3110 3949 et
3135 3893 3477 3948 constituere
3501 3897 3632 3948 ante
3657 3909 3906 3964 conspe-

2261 3990 2418 4040 ctum
2445 3986 2641 4055 gloriae
2673 4003 2788 4041 suae
2820 3986 3218 4042 immaculatos
3261 3986 3321 4040 in
3368 3987 3765 4054 exsultatione,
3795 3987 3912 4042 soli

2261 4078 2374 4132 Deo
2405 4078 2674 4133 Salvatori
2701 4085 2894 4135 nostro
2925 4097 3027 4152 per
3048 4082 3240 4136 Iesum
3265 4080 3553 4138 Christum
3589 4080 3915 4135 Dominum

2260 4176 2523 4226 nostrum
2550 4172 2751 4243 gloria,
2786 4174 3234 4245 magniﬁcentia,
3269 4178 3327 4229 et
3352 4173 3679 4244 imperium,
3707 4177 3768 4228 et
3807 4189 3917 4244 po-

2260 4269 2434 4319 testas
2452 4268 2584 4320 ante
2614 4267 2810 4321 omnia
2831 4267 3056 4338 smcula,
3087 4284 3240 4323 nunc
3266 4270 3322 4323 et
3349 4283 3453 4338 per
3480 4266 3668 4322 omnia
3697 4267 3920 4321 secula

2259 4359 2619 4414 saeculorum.
2651 4363 2853 4417 Amen.
2883 4361 3026 4432 (Iud.
3060 4378 3097 4432 1,
3133 4362 3237 4432 17).
3273 4382 3298 4409 ››

1381 4785 1610 4863 ΙΤΕΜ
1675 4787 2132 4865 EPISTOLA
2184 4791 2667 4865 ANACLETI
2731 4791 3037 4862 PAP2E.

605 4937 698 5006 De
733 4937 1143 5004 ordinatione
1171 4940 1805 5025 archiepiscoporum
1830 4952 1891 5008 et
1917 4945 2321 5026 reliquorum
2351 4945 2823 5027 episcoporum,
2867 4950 3062 5024 atque
3089 4939 3520 5004 sacerdotum.
3553 4938 3648 5004 De
3667 4936 3826 5017 ﬁde,

1886 5045 2258 5125 caterisque
2302 5044 2540 5106 causis.

595 5206 916 5260 ANACLETUS
967 5204 1266 5278 episcopus
1310 5207 1584 5264 universis
1611 5209 1887 5281 episcopis
1918 5207 1977 5264 in
2009 5208 2165 5265 [talia
2181 5221 2242 5296 D
2265 5209 2485 5266 honore
2513 5211 2572 5266 et
2598 5207 2890 5264 sanctitate
2922 5205 3172 5262 minores
3197 5221 3341 5274 esse,
3369 5207 3426 5260 et
3456 5206 3764 5275 propterea
3788 5217 3934 5256 om-

523 5297 861 5356 constitutis.

591 5392 870 5458 Quoniam
926 5392 1247 5464 apostolicae
1310 5393 1440 5449 Sedi
1493 5393 1739 5451 debitam
1783 5396 2161 5452 reverentiam

521 5504 656 5561 erga
682 5503 774 5542 me
803 5485 1049 5540 Charitas
1074 5491 1264 5541 vestra
1303 5486 1613 5558 distribuit,
1649 5487 1784 5560 quia
1823 5487 2158 5562 plurimum,

522 5579 836 5635 charissimi
878 5578 1001 5646 ﬁlii,
1057 5577 1396 5650 prtebuistis.
1437 5581 1576 5634 Nam
1616 5580 1749 5636 licet
1803 5583 2060 5640 Ecclesiae
2103 5584 2162 5639 in

524 5689 634 5742 qua
660 5677 888 5727 sanctus
917 5671 1204 5754 apostolus
1231 5671 1483 5727 residens
1519 5674 1711 5730 docuit
1735 5674 2160 5750 quodammodo

527 5781 625 5817 nos
671 5764 1053 5828 gubernacula
1102 5767 1420 5832 teneamus,
1451 5770 1636 5822 tamen
1682 5771 2020 5843 profitemur
2056 5790 2162 5827 nos

2262 5303 2402 5358 nino
2451 5301 2806 5370 festinamus,
2848 5303 2911 5356 ut
2954 5301 3027 5357 ad
3074 5300 3314 5373 gloriam
3360 5297 3481 5368 ejus
3533 5293 3936 5351 beatitudinis

2262 5397 2559 5470 pervenire
2609 5396 2910 5468 possimus.
2941 5395 3120 5467 Igitur
3161 5389 3669 5448 consultationibus
3704 5386 3938 5444 vestris

2265 5487 2487 5563 plenius
2513 5489 2992 5562 respondissemus
3030 5483 3076 5542 si
3113 5486 3380 5553 licuisset,
3415 5485 3513 5540 sed
3551 5480 3938 5538 inﬁrmitatis

2263 5601 2325 5640 ac
2356 5584 2706 5656 reliquarum
2736 5582 3174 5656 oppressionum
3200 5595 3373 5637 onere
3405 5577 3600 5650 pressi,
3630 5573 3934 5643 breviter,

2261 5680 2434 5750 prout
2465 5677 2737 5733 Dominus
2761 5675 2978 5744 tribuit,
3014 5679 3070 5732 et
3100 5679 3166 5731 ut
3190 5689 3223 5730 a
3249 5675 3418 5730 beato
3442 5674 3606 5749 Petro
3644 5668 3938 5740 principe

2262 5773 2650 5842 apostolorum
2699 5787 2893 5826 sumus
2937 5770 3214 5839 instructi,
3259 5787 3290 5823 a
3340 5783 3454 5840 quo
3503 5770 3559 5820 et
3605 5763 3942 5836 presbyter
