4046 6188
196 248 253 300 69
1425 251 1894 308 DECRETALIUM
1933 254 2316 312 COLLECTIO.
3492 267 3556 318 7O

192 367 312 446 sum
361 351 684 446 ordinatus,
723 351 972 446 scribere
1017 355 1196 426 vobis,
1227 357 1371 412 sicut
1413 358 1655 430 petistis,
1705 377 1824 415 non
1845 361 2170 446 Ajudicate
2210 363 2396 436 magis
2435 381 2507 419 ne
2552 366 2776 436 ponatis
2819 365 3228 423 oﬂ'endiculum
3275 368 3437 424 fratri
3466 373 3552 426 vel

192 443 617 515 denegavimus.
639 443 1039 502 Ordinationes
1067 448 1470 521 episcoporum
1492 452 1828 512 auctoritate

191 537 503 607 apostolica
531 537 604 592 ab
643 538 908 594 omnibus
937 541 1036 612 qui
1075 541 1135 596 in
1183 543 1389 598 eadem
1433 545 1648 601 fuerint
1693 565 1828 619 pro-

190 630 371 684 vincia
400 631 702 702 episc0pis,
738 637 869 687 sunt
899 634 1274 691 celebrandae.
1301 637 1406 701 Qui
1434 638 1602 693 simul
1631 656 1828 697 conve-

190 723 412 778 nientes
431 724 770 780 scrutinium
791 725 1091 797 diligenter
1107 733 1278 800 agant
1283 729 1684 804 jejuniumque
1701 750 1831 790 cum

188 815 453 870 omnibus
500 817 789 874 celebrent
812 820 1096 890 precibus,
1127 826 1183 877 et
1212 839 1420 878 manus
1447 841 1578 880 cum
1623 827 1831 882 sanctis

191 909 534 979 Evangeliis,
564 927 694 981 quae
720 913 1078 982 praedicaturi
1107 919 1262 986 sunt,
1295 916 1680 988 imponentes,
1713 921 1826 976 Do-

188 1001 392 1055 minica
424 1002 522 1057 die
563 1003 706 1058 hora
733 1005 903 1061 tertia
933 1011 1184 1076 orantes,
1217 1026 1490 1083 sacraque
1539 1013 1825 1084 unctione,

189 1094 452 1164 exemplo
476 1096 888 1166 prophetarum
906 1102 962 1154 et
981 1116 1186 1171 regum
1211 1103 1397 1173 capita
1424 1121 1648 1174 eorum,
1667 1123 1828 1162 more

188 1178 603 1259 apostolorum,
623 1195 680 1245 et
697 1191 904 1262 Moysis
929 1200 1231 1266 tingentes,
1254 1197 1389 1268 quia
1415 1198 1600 1252 omnis
1627 1200 1830 1255 sancti-

187 1279 370 1334 ﬁcatio
421 1285 647 1336 constat
688 1284 749 1338 in
793 1285 1002 1356 Spiritu
1043 1292 1259 1360 sancto,
1288 1290 1446 1361 cujus
1471 1292 1648 1346 virtus
1682 1293 1823 1348 invi-

187 1372 361 1426 sibilis
405 1378 605 1430 sancto
653 1377 947 1434 chrismati
994 1384 1082 1435 est
1126 1383 1428 1454 permista,
1460 1388 1518 1440 et
1562 1386 1669 1441 hoc
1714 1387 1826 1442 ritu

188 1466 506 1522 solemnem
548 1470 838 1526 celebrent
880 1472 1326 1531 ordinationem.
1359 1478 1520 1542 Quod
1564 1479 1608 1533 si
1658 1479 1825 1534 simul

186 1575 384 1615 omnes
401 1563 713 1618 convenire
728 1564 969 1620 minime
989 1569 1303 1638 potuerint,
1319 1587 1611 1627 assensum
1630 1578 1826 1628 tamen

185 1653 299 1706 suis
361 1654 633 1724 precibus
684 1658 998 1728 praebeant,
1055 1666 1118 1716 ut
1165 1663 1236 1716 ab
1287 1663 1407 1734 ipsa
1464 1665 1824 1722 ordinatione

1931 457 2258 512 scandalum
2333 457 2501 526 (Rom.
2578 476 2689 526 xxv,
2745 459 2921 531 13).»
2973 461 3040 515 Et
3111 461 3383 516 Dominus
3456 479 3559 535 per

1932 550 2274 619 prophetam
2331 550 2517 622 inquit
2565 568 2578 606 :
2631 574 2656 600 ‹‹
2695 552 2800 616 Qui
2832 569 2926 606 vos
2962 553 3168 625 tangit,
3215 555 3402 626 tangit
3449 572 3556 627 pu-

1932 642 2131 712 pillam
2159 642 2305 697 oculi
2335 642 2451 697 mei
2479 643 2658 714 (Zach.
2688 660 2746 714 ιι,
2776 645 2851 715 8).
2882 668 2908 695 ››
2943 645 3085 700 Nam
3111 646 3156 700 si
3184 646 3384 718 aliquis
3410 665 3559 704 nunc

1930 734 1989 788 in
2016 736 2232 790 malum
2271 736 2462 791 oculos
2489 736 2728 808 alicujus
2753 737 3025 809 principis
3055 737 3251 810 incipit
3294 742 3556 808 tractare,

1929 828 2230 883 manifeste
2260 845 2391 883 reus
2414 829 2728 900 majestatis
2748 829 3058 900 judicatur,
3088 834 3143 886 et
3173 831 3400 887 infamis
3434 833 3558 888 efﬁ-

1930 920 2095 991 citur,
2125 926 2224 977 aut
2264 922 2453 992 potius
2500 923 2732 994 capitali
2780 923 3074 979 sententia:
3106 924 3374 995 subjacet.
3407 926 3564 995 Haec,

1929 1015 2152 1082 fratres,
2176 1015 2337 1070 valde
2359 1016 2609 1070 cavenda
2635 1021 2784 1084 sunt,
2811 1021 2868 1072 et
2893 1017 3049 1089 quod
3075 1017 3337 1073 homines
3361 1020 3561 1076 nolunt

1929 1107 2035 1162 sibi
2063 1108 2186 1163 ﬁeri
2215 1109 2329 1163 Deo
2358 1109 2598 1164 deorum
2642 1127 2760 1166 non
2804 1109 3012 1166 debent
3047 1110 3278 1181 inferre,
3311 1127 3384 1166 ne
3413 1111 3559 1167 forte

1927 1201 2205 1258 irascatur
2230 1202 2522 1271 Dominus,
2548 1207 2605 1258 et
2622 1203 2789 1259 faciat
2809 1203 3115 1259 vindictam
3147 1219 3369 1272 eorum,
3389 1204 3562 1260 etiam

1929 1296 1986 1350 in
2017 1311 2114 1351 eos
2154 1296 2251 1367 qui
2290 1313 2408 1352 non
2449 1301 2848 1368 peccaverunt,
2881 1297 3015 1369 quia
3053 1297 3206 1369 perit
3252 1297 3561 1369 saepissime

1919 1389 2107 1459 justus
2125 1406 2228 1461 pro
2257 1390 2453 1462 impio.
2479 1391 2797 1446 Imitandus
2823 1395 2906 1446 est
2939 1390 3114 1445 etiam
3141 1391 3436 1462 propheta,
3460 1408 3563 1463 per

1927 1498 2100 1552 quem
2145 1483 2413 1538 Dominus
2456 1483 2534 1539 ait
2575 1501 2587 1538 :
2631 1483 3042 1538 Perambulabo
3088 1483 3147 1538 in
3197 1482 3560 1554 simplicitate

1926 1575 2113 1630 cordis
2140 1576 2276 1645 mei,
2302 1577 2359 1630 in
2386 1576 2582 1631 medio
2609 1576 2812 1632 domus
2840 1593 3007 1646 mete,
3031 1593 3145 1630 non
3169 1577 3560 1648 preponebam

1926 1685 2120 1723 coram
2135 1669 2312 1723 oculis
2324 1670 2468 1723 meis
2484 1669 2719 1724 verbum
2740 1669 2929 1737 Belial,
2946 1670 3340 1725 detrahentem
3359 1670 3420 1724 in
3439 1669 3564 1725 abs-

183 1746 374 1802 animo
392 1765 510 1802 non
528 1748 737 1805 desint.
762 1752 933 1807 Porro
953 1758 1010 1808 et
1027 1754 1586 1827 Hierosolymitarum
1606 1761 1825 1830 primus
1845 1746 1901 1818 Β
1925 1760 2154 1816 condito
2193 1761 2442 1817 sodalem
2482 1779 2670 1829 suum,
2714 1763 2865 1816 hunc
2919 1761 3346 1830 interﬁciebam,
3391 1768 3454 1822 et
3498 1763 3561 1818 hi

185 1840 646 1912 archiepiscopus
669 1843 871 1900 beatus
893 1846 1133 1902 Jacobus
1171 1849 1268 1920 qui
1291 1850 1481 1922 justus
1510 1852 1822 1925 dicebatur,

185 1937 238 1988 et
259 1934 582 1989 secundum
604 1953 856 2005 carnem,
885 1940 1110 1995 Domini
1139 1949 1494 2016 nuncupatus
1521 1949 1606 2000 est
1629 1946 1822 2016 frater,

180 2042 214 2078 a
253 2027 448 2093 Petro,
477 2028 682 2083 Jacobo
718 2035 775 2086 et
801 2033 1016 2087 Joanne
1061 2037 1331 2106 apostolis
1373 2042 1458 2093 est
1506 2039 1822 2107 ordinatus,

179 2119 607 2175 successoribus
650 2122 914 2179 videlicet
956 2126 1152 2183 dantes
1199 2129 1447 2185 formam
1491 2148 1714 2200 eorum,
1761 2135 1827 2188 ut

183 2227 298 2264 non
363 2212 560 2267 minus
609 2232 786 2286 quam
831 2235 865 2271 a
911 2219 1091 2274 tribus
1136 2221 1434 2294 episcopis,
1477 2224 1823 2298 reliquisque

183 2303 458 2359 omnibus
484 2321 780 2363 assensum
806 2311 1192 2381 praebentibus
1221 2316 1502 2373 ullatenus
1529 2318 1824 2390 episcopus

181 2397 501 2468 ordinetur,
536 2406 593 2455 et
641 2405 932 2459 communi
975 2409 1104 2461 voto
1153 2409 1436 2466 ordinatio
1483 2413 1820 2468 celebretur.

183 2490 408 2561 Reliqui
446 2509 585 2548 vero
631 2497 950 2553 sacerdotes
981 2516 1014 2554 a
1041 2502 1273 2573 proprio
1324 2504 1659 2560 ordinentur
1699 2507 1822 2577 epi-

180 2601 380 2655 scopo,
413 2587 498 2641 ita
529 2591 592 2642 ut
617 2588 763 2645 cives
792 2596 849 2646 et
875 2593 970 2647 alii
996 2595 1316 2652 sacerdotes
1353 2613 1644 2653 assensum
1672 2615 1822 2670 prae-

177 2677 373 2748 beant,
388 2683 451 2733 et
459 2680 541 2750 jej
550 2687 789 2739 unantes
803 2685 1226 2743 ordinationem
1247 2690 1826 2762 celebrent,similiter

180 2771 478 2826 etdiaconi
501 2775 1216 2837 ordinentur.Ca3terorum
1237 2788 1430 2839 autem
1451 2786 1732 2856 graduum
1745 2786 1825 2840 di-

179 2863 518 2920 stributioni
535 2867 708 2924 trium
717 2872 1006 2927 veracium
1023 2875 1415 2932 testimonium
1432 2894 1562 2933 cum
1574 2879 1825 2951 episcopi

179 2958 392 3013 scilicet
413 2960 753 3030 probatione
774 2965 1029 3023 sufﬁcere
1057 2972 1263 3039 potest.
1279 2972 1575 3027 Accusatio
1595 2989 1823 3045 quoque

180 3066 378 3106 eorum
421 3069 598 3124 super
629 3072 742 3127 qua
777 3074 894 3113 non
936 3061 1229 3118 consulere
1256 3064 1528 3137 voluistis,
1559 3082 1675 3121 non
1715 3066 1823 3121 nisi

177 3143 242 3197 ab
284 3145 515 3200 idoneis
565 3153 621 3202 et
645 3114 1076 3220 ‘probatsisimis
1119 3155 1274 3224 viris,
1304 3159 1403 3229 qui
1449 3114 1820 3231 et’suspicio-
1845 3114 1899 3189 Ο

180 3236 341 3292 nibus
357 3244 418 3294 et
440 3240 753 3298 sceleribus
769 3251 1021 3315 careant,
1041 3247 1165 3304 ﬁeri
1184 3249 1371 3319 debet,
1394 3251 1530 3324 quia
1546 3253 1822 3309 Dominus

181 3333 325 3387 sacri
350 3333 445 3388 sui
477 3334 734 3405 corporis
764 3339 1102 3396 tractatores
1128 3359 1162 3396 a
1179 3342 1382 3398 vilibus
1408 3347 1465 3400 et
1490 3346 1746 3418 reprobis
1767 3351 1824 3402 et

181 3440 293 3478 non
319 3426 551 3482 idoneis
569 3430 830 3499 personis
848 3430 1117 3490 infamari
1143 3435 1323 3491 noluit
1352 3453 1454 3493 nec
1480 3439 1823 3496 calumniari

183 3520 459 3589 permisit,
487 3521 589 3576 sed
616 3522 737 3593 ipse
762 3525 996 3598 proprio
1025 3528 1252 3601 ﬂagello
1297 3535 1595 3602 peccantes
1636 3549 1817 3588 sacer-

181 3611 332 3666 dotes
357 3629 393 3666 ει
425 3614 653 3686 templo
680 3616 864 3689 ejecit,
893 3621 1047 3677 unde
1076 3623 1255 3695 liquet
1282 3625 1436 3698 quod
1475 3627 1687 3681 summi
1730 3643 1816 3680 sa-

184 3704 465 3775 derdotes,
497 3707 561 3761 id
593 3713 698 3779 est,
727 3711 993 3784 episcopi,
1017 3716 1182 3772 aDeo
1213 3723 1346 3772 sunt
1361 3718 1673 3789 judicandi,
1701 3736 1819 3776 non

182 3799 248 3852 ab
275 3801 555 3858 humanis
602 3809 702 3860 aut
742 3823 934 3877 pravae
977 3808 1104 3864 vitae
1145 3810 1474 3867 hominibus
1513 3813 1816 3881 lacerandi,

185 3894 274 3947 sed
314 3897 517 3966 potius
566 3897 639 3951 ab
687 3898 1014 3956 hominibus
1059 3902 1322 3959 ﬁdelibus
1367 3906 1656 3976 portandi,
1695 3907 1819 3979 ipso

181 3985 420 4044 Domino
468 3992 802 4063 exemplum
849 3994 1040 4064 dante,
1069 3998 1300 4068 quando
1340 4015 1444 4069 per
1472 3999 1720 4070 seipsum
1765 4005 1820 4056 et

182 4096 288 4134 non
318 4099 429 4154 per
458 4084 643 4138 alium
670 4086 981 4143 vendentes
1005 4094 1063 4144 et
1097 4095 1351 4146 ementes
1378 4092 1547 4163 ejecit
1575 4093 1644 4148 de
1672 4098 1814 4149 tem-

179 4173 289 4243 plo,
308 4180 369 4229 et
387 4192 624 4232 mensas
639 4181 1159 4237 nummulariorum
1179 4186 1236 4239 et
1255 4185 1554 4240 cathedras
1574 4188 1818 4243 venden-

179 4267 317 4321 tium
346 4270 593 4341 proprio
623 4274 826 4328 evertit
850 4273 1076 4345 ﬂagello
1105 4281 1163 4331 et
1189 4277 1354 4348 ejecit
1385 4278 1457 4333 de
1485 4281 1719 4351 templo.
1750 4281 1819 4334 Et

181 4359 317 4415 sicut
342 4362 489 4417 alibi
513 4363 592 4418 ait
622 4381 636 4419 :
671 4387 700 4414 «ι
729 4367 875 4421 Deus
913 4369 1067 4424 stetit
1114 4369 1173 4425 in
1216 4387 1510 4444 synagoga
1553 4372 1814 4441 deorum,

1927 1854 2158 1908 cavendi
2177 1859 2327 1924 sunt,
2358 1854 2428 1908 de
2455 1854 2661 1926 quibus
2686 1855 2954 1910 Salomon
2978 1855 3057 1908 ait
3084 1871 3097 1909 :
3132 1877 3159 1904 ‹‹
3182 1855 3338 1910 Sicut
3357 1855 3560 1910 noxius

1926 1950 2010 2000 est
2050 1947 2146 2018 qui
2192 1947 2368 2002 mittit
2392 1948 2615 2002 lanceas
2645 1952 2702 2002 et
2730 1947 2957 2017 sagittas
2984 1947 3045 2001 in
3076 1952 3340 2016 mortem,
3373 1947 3451 2002 sic
3477 1949 3560 2002 vir

1926 2039 2022 2111 qui
2062 2040 2454 2095 fraudulenter
2497 2045 2664 2095 nocet
2710 2041 2895 2095 amico
2944 2056 3064 2107 suo,
3108 2043 3166 2096 et
3209 2057 3338 2095 cum
3386 2041 3560 2095 fuerit

1925 2133 2334 2204 deprehensus,
2365 2133 2500 2188 dicit
2528 2151 2541 2188 :
2581 2133 2810 2189 Ludens
2838 2133 2961 2188 feci.
2994 2133 3147 2189 Sicut
3195 2134 3461 2190 carbones
3490 2134 3562 2190 ad

1925 2243 2157 2296 prunas,
2188 2230 2246 2281 et
2268 2226 2429 2297 ligna
2455 2226 2527 2282 ad
2558 2227 2774 2297 ignem,
2804 2225 2882 2280 sic
2912 2226 3088 2281 homo
3129 2226 3432 2282 iracundus
3463 2243 3556 2282 su-

1927 2320 2088 2373 scitat
2108 2319 2281 2386 rixas,
2306 2320 2481 2374 verba
2512 2318 2835 2374 susurronis
2862 2319 3023 2391 quasi
3050 2318 3345 2390 simplicia,
3367 2324 3424 2375 et
3441 2319 3565 2392 ipsa

1925 2412 2268 2484 perveniunt
2312 2413 2385 2467 ad
2431 2411 2633 2467 intima
2656 2413 2873 2467 ventris
2900 2413 3076 2483 (Prov.
3109 2429 3257 2482 xxvi,
3290 2412 3396 2483 l8).
3426 2435 3455 2463 »
3496 2416 3564 2470 Et

1925 2505 1969 2558 si
2006 2506 2350 2561 detractores
2394 2521 2756 2578 quorumque
2794 2506 3040 2577 graviter
3061 2506 3392 2577 judicantur
3415 2511 3472 2562 et
3501 2506 3562 2562 in

1923 2598 2259 2670 perditionis
2289 2600 2563 2670 laqueum
2594 2598 2825 2665 cadunt,
2857 2597 3038 2653 multo
3071 2598 3258 2670 magis
3291 2598 3563 2654 lacerato-

1925 2707 2014 2746 res
2041 2695 2098 2746 et
2129 2691 2472 2747 detracturos
2511 2697 2684 2763 atque
2727 2694 3082 2746 accusatores
3109 2696 3560 2747 memoratorum

1926 2785 2046 2856 ejus
2075 2785 2488 2840 famulorumat
2511 2801 2621 2857 que
2652 2788 3082 2856 persecutorum
3104 2786 3477 2858 damnantur,
3501 2789 3562 2840 et

1926 2878 1983 2932 in
2023 2879 2330 2950 baratrum,
2374 2879 2481 2933 nisi
2517 2895 2576 2933 se
2626 2879 2984 2934 correxerint
3010 2883 3066 2934 et
3106 2895 3210 2950 per
3245 2895 3448 2934 eorum
3478 2896 3561 2934 sa-

1924 2972 2304 3027 tisfactionem
2350 2972 2698 3045 condignam
2745 2973 2968 3045 egerint
3011 2972 3428 3044 pmnitentiam,
3467 2973 3559 3028 in-

1925 3065 2253 3121 dubitanter
2276 3065 2493 3121 vadunt
2520 3069 2577 3121 et
2601 3065 2915 3121 vindicibus
2941 3065 3192 3122 ﬂammis
3220 3071 3555 3122 exuruntur.

1925 3159 2282 3231 Quapropter
2323 3162 2548 3230 oportet
2599 3175 2801 3215 omnes
2847 3158 2918 3215 ab
2959 3159 3051 3214 his
3094 3176 3314 3230 cavere,
3346 3164 3404 3214 et
3442 3175 3559 3216 non

1924 3253 2106 3308 solum
2137 3269 2252 3307 non
2292 3252 2499 3322 facere,
2528 3253 2628 3309 sed
2679 3269 2783 3308 nec
2829 3253 3170 3310 facientibus
3215 3254 3558 3326 consentire,

1924 3347 2055 3418 quia
2101 3362 2218 3401 non
2267 3346 2456 3402 solum
2501 3347 2601 3419 qui
2649 3347 2870 3402 faciunt
2910 3348 3273 3416 damnantur,
3320 3348 3419 3402 sed
3461 3347 3559 3420 qui

1923 3439 2286 3495 consentiunt
2313 3439 2691 3510 facientibus;
2725 3440 2795 3494 de
2820 3439 3026 3496 talibus
3059 3444 3117 3496 et
3145 3440 3234 3495 his
3277 3439 3560 3495 similibus

1922 3531 2044 3602 ipsa
2066 3532 2284 3588 Veritas
2311 3533 2426 3588 ait:
2461 3533 2716 3605 «Vulpes
2743 3533 2934 3590 foveas
2962 3533 3195 3604 habent,
3219 3536 3276 3588 et
3302 3533 3560 3590 volucres

1921 3625 2044 3680 coeli
2091 3625 2276 3696 nidos,
2323 3626 2495 3682 Filius
2541 3630 2736 3682 autem
2779 3627 3032 3682 hominis
3079 3644 3197 3683 non
3242 3627 3414 3683 habet
3462 3627 3560 3683 ubi

1921 3722 2088 3790 caput
2115 3735 2282 3774 suum
2311 3719 2548 3774 reclinet
2574 3719 2790 3790 (Matth.
2823 3737 2940 3787 vui,
2973 3723 3074 3789 20;
3100 3723 3230 3775 Luc.
3280 3737 3354 3789 ix,
3383 3722 3491 3792 58),
3527 3742 3554 3770 ››

1921 3810 1979 3865 id
2023 3815 2125 3880 est,
2170 3812 2230 3867 in
2271 3811 2478 3867 talibus
2522 3828 2640 3866 non
2687 3811 2910 3866 habitat
2953 3812 3247 3879 Dominus,
3301 3828 3404 3867 nec
3451 3812 3558 3882 ipsi

1921 3908 2162 3960 manent
2208 3905 2265 3959 in
2313 3921 2379 3961 eo
2390 3923 2408 3976 ς
2437 3908 2495 3960 et
2531 3905 2802 3961 Salomon
2835 3905 3088 3977 loquitur
3113 3904 3306 3959 dicens
3340 3922 3352 3958 :
3389 3923 3418 3956 (ί
3447 3904 3556 3969 Qui

1920 3997 2063 4052 fodit
2086 3999 2333 4066 foveam,
2364 3998 2580 4053 incidet
2606 3998 2665 4052 in
2696 4014 2841 4068 eam,
2875 4001 2932 4053 et
2961 3998 3059 4069 qui
3088 3997 3261 4053 volvit
3304 3996 3555 4069 lapidem

1918 4095 2238 4146 revertetur
2263 4092 2336 4147 ad
2369 4107 2522 4147 eum.
2551 4090 2772 4163 Lingua
2811 4091 2978 4146 fallax
3019 4107 3134 4146 non
3171 4095 3326 4146 amat
3349 4091 3552 4147 verita-

1918 4189 2053 4254 tem,
2094 4189 2151 4240 et
2193 4202 2254 4239 os
2297 4184 2580 4239 lubricum
2625 4187 2898 4256 operatur
2938 4183 3130 4239 ruinas
3175 4184 3352 4253 (Prov.
3403 4201 3551 4254 ιιι-ι,

1918 4277 2028 4348 57).
2064 4299 2090 4326 ››
2121 4278 2298 4334 Grave
2343 4282 2428 4333 est
2474 4294 2676 4333 saxum
2716 4281 2774 4333 et
2818 4294 3064 4333 onerosa
3113 4293 3306 4348 arena,
3337 4279 3434 4334 sed
3471 4279 3556 4334 ira

1918 4371 2074 4426 stulti
2110 4375 2356 4444 utroque
2401 4371 2649 4442 gravior,
2682 4371 2981 4426 hominem
3026 4371 3125 4443 qui
3172 4371 3553 4428 calumniatur

180 4452 238 4553 in
265 4453 460 4510 medio
503 4463 696 4512 autem
732 4459 868 4515 deos
895 4460 1061 4531 (Psal.
1093 4479 1272 4532 LXXXI,
1304 4465 1348 4534 l)
1384 4487 1411 4514 »
1449 4465 1714 4521 decernit.
1749 4468 1894 4553 EtD
1915 4465 2123 4520 anima:
2151 4465 2509 4536 sanguinem,
2534 4464 2580 4518 si
2609 4481 2787 4536 usque
2813 4465 2884 4519 ad
2909 4464 3094 4519 lacum
3123 4464 3354 4535 fugerit,
3379 4481 3554 4520 nemo

182 4545 361 4601 alibi:
401 4568 430 4600 ι
475 4549 595 4620 Ego
639 4551 775 4622 dixi,
819 4553 898 4608 dii
940 4556 1072 4610 estis
1115 4560 1172 4612 et
1215 4557 1318 4611 ﬁlii
1362 4558 1568 4614 excelsi
1619 4576 1817 4617 omnes

183 4641 348 4706 (Psal.
379 4658 564 4713 Lxxxi,
596 4644 671 4716 6);
714 4669 742 4696 n
779 4647 968 4703 nullus
1010 4650 1168 4705 enim
1211 4651 1292 4721 (ut
1331 4652 1482 4722 reor)
1530 4653 1819 4709 invenitur

182 4731 333 4788 inter
359 4752 464 4790 nos
490 4738 590 4808 qui
621 4739 755 4794 velit
779 4757 946 4796 suum
972 4758 1202 4800 servum
1229 4746 1300 4800 ab
1339 4746 1448 4801 alio
1489 4763 1664 4818 quam
1697 4765 1730 4802 a
1759 4762 1818 4803 se

175 4824 441 4893 judicari.
472 4829 638 4893 Quod
657 4833 704 4886 si
731 4841 1145 4908 praesumptum
1163 4838 1357 4908 fuerit,
1375 4845 1474 4895 aut
1495 4841 1678 4895 multa
1695 4841 1817 4911 ipse

182 4920 576 4993 indignatione
617 4925 894 4996 irascitur,
926 4933 1024 4984 aut
1065 4932 1253 5002 potius
1293 4932 1573 4988 ultionem
1616 4933 1820 5005 quaerit

182 5028 354 5084 super
383 5031 472 5070 eo.
521 5017 576 5072 Si
613 5034 744 5074 vero
788 5020 896 5076 hoc
934 5023 1085 5078 inter
1123 5025 1383 5082 homines
1426 5027 1637 5098 agitur,
1677 5026 1818 5098 quid

182 5107 394 5173 putatis
421 5108 590 5164 faciet
629 5111 772 5168 Deus
809 5113 1066 5185 deorum,
1095 5119 1154 5173 et
1197 5118 1474 5174 Dominus
1516 5119 1814 5175 dominan-

182 5197 341 5269 tium,
359 5202 460 5272 qui
477 5202 749 5260 ultionem
769 5223 1002 5265 suorum
1022 5210 1288 5282 promisit
1306 5229 1425 5268 non
1453 5212 1682 5268 differre
1705 5229 1818 5269 ser-

181 5295 430 5349 Vorum?
460 5297 616 5353 Unde
659 5302 716 5354 et
739 5299 862 5372 ipse
906 5319 1010 5373 per
1047 5305 1394 5376 Prophetam
1433 5306 1704 5380 loquitur,
1738 5306 1819 5362 di-

185 5399 360 5440 cens:
413 5410 442 5439 ιι
487 5390 632 5446 Deus
679 5393 960 5450 ultionum
1001 5396 1296 5468 Dominus,
1342 5399 1490 5454 Deus
1537 5401 1819 5455 ultionum

187 5477 360 5534 libere
387 5481 509 5553 egit
534 5485 697 5553 (Psal.
728 5503 877 5555 xcui,
914 5491 983 5560 l),
1014 5511 1040 5539 »
1076 5494 1133 5546 et
1175 5491 1417 5564 reliqua.
1468 5493 1535 5548 Et
1581 5495 1816 5565 Aposto-

183 5570 283 5641 lus,
313 5572 544 5646 inquit:
585 5599 612 5628 ιι
637 5580 718 5634 Tu
759 5580 887 5652 quis
917 5598 976 5638 es
1015 5584 1113 5656 qui
1153 5584 1379 5657 judicas
1425 5603 1650 5642 servum
1679 5585 1817 5642 alie-

187 5666 361 5720 num?
406 5685 509 5725 suo
545 5671 702 5728 enim
746 5675 990 5732 Domino
1037 5681 1148 5734 stat
1188 5683 1285 5734 aut
1324 5679 1474 5735 cadit
1501 5679 1668 5750 (Rom.
1703 5696 1815 5747 xxv,

189 5757 254 5826 ἐς,
293 5785 320 5807 ιι
366 5769 420 5817 et
459 5765 578 5836 ipse
611 5783 621 5820 :
655 5790 680 5816 ‹‹
728 5769 910 5824 Nolite
955 5771 1209 5840 judicare
1258 5772 1520 5842 invicem,
1562 5774 1656 5829 sed
1711 5774 1817 5830 hoc

1918 4558 2183 4629 sustinet;
2217 4557 2314 4630 qui
2347 4574 2404 4612 se
2425 4558 2603 4628 jactat
2633 4561 2690 4612 et
2715 4557 2930 4626 dilatat,
2951 4557 3144 4628 jurgia
3163 4557 3554 4631 concitat;qui

1917 4654 2105 4723 sperat
2130 4651 2188 4705 in
2219 4649 2483 4718 Domino,
2513 4648 2834 4720 sanabitur;
2875 4649 2973 4721 qui
3002 4649 3237 4704 conﬁdit
3275 4650 3334 4705 in
3377 4651 3550 4708 corde

1919 4761 2020 4800 suo
2047 4745 2249 4799 stultus
2278 4747 2382 4812 est,
2418 4743 2519 4815 qui
2557 4746 2750 4798 autem
2797 4741 3058 4814 graditur
3092 4744 3398 4815 sapienter,
3429 4745 3550 4816 ipse

1919 4837 2225 4893 salvabitur
2239 4855 2256 4908 ;
2287 4836 2385 4910 qui
2415 4835 2637 4892 fortiter
2665 4835 2876 4908 premit
2908 4835 3082 4891 ubera
3107 4837 3180 4892 ad
3205 4837 3550 4894 eliciendum

1917 4932 2023 5001 lac,
2058 4929 2328 5002 exprimit
2373 4930 2675 5002 butyrum;
2716 4929 2814 5001 qui
2850 4929 3220 4986 vehementer
3267 4932 3548 5005 emungit,

1918 5024 2071 5080 elicit
2123 5023 2479 5096 sanguinem,
2530 5027 2588 5078 et
2634 5021 2731 5094 qui
2787 5025 3051 5094 provocat
3111 5022 3244 5093 iras,
3289 5025 3552 5098 producit

1918 5116 2246 5174 discordias.

2450 5185 2592 5242 Ordo
2639 5189 3017 5243 accusationis.

1990 5305 2116 5359 Haec
2141 5307 2199 5358 et
2224 5301 2332 5357 alia
2361 5300 2676 5372 periculosa
2699 5301 3119 5359 considerantes
3150 5303 3406 5375 apostoli,
3435 5309 3543 5359 sta-

1916 5400 2169 5465 tuerunt,
2201 5411 2275 5450 ne
2301 5394 2466 5451 facile
2489 5401 2986 5453 commoverentur
3021 5400 3118 5451 aut
3163 5397 3547 5453 lacerarentur

1919 5492 2004 5546 vel
2037 5491 2434 5546 accusarentur
2460 5489 2741 5544 columnae
2771 5493 2980 5544 sach
3002 5489 3099 5544 Dei
3120 5487 3394 5559 Ecclesiae,
3415 5505 3544 5561 quae

1919 5583 2157 5658 apostoli
2185 5588 2241 5639 et
2265 5599 2610 5639 successores
2642 5598 2843 5637 eorum
2873 5599 2989 5637 non
3021 5580 3309 5637 immerito
3353 5582 3548 5640 dicun-

1917 5684 2028 5737 tur.
2059 5679 2167 5736 Sed
2200 5678 2247 5734 si
2274 5675 2400 5749 quis
2432 5675 2701 5732 adversus
2750 5691 2848 5731 eos
2891 5675 2978 5729 vel
3020 5673 3296 5730 Ecclesias
3342 5693 3546 5738 eorum

1919 5777 2236 5829 commotus
2283 5771 2470 5837 fuerit,
2503 5774 2598 5823 aut
2627 5785 2824 5823 causas
2854 5767 3136 5836 habuerit,
3165 5769 3321 5842 prius
3350 5773 3421 5829 ad
3454 5790 3548 5834 eos
