4046 6188
533 315 591 366 ’71
1425 311 1707 366 ΑΡΡΕΝΙ).
1749 312 1836 365 ΑΙ)
1872 311 2032 366 ΒιΕΟ.
2075 311 2156 365 ΙΧ.

2293 310 2533 366 lSlDORl
2572 310 3000 366 MEBCATORIS
3803 313 3862 366 7'2

529 422 782 473 recurrat
802 416 1087 472 charitatis
1108 416 1397 485 studio,ut
1419 418 1686 474 familiari
1712 419 1992 491 colloquio
2012 435 2161 474 com-
2180 419 2483 504 AMoysen
2517 436 2530 474 :
2564 441 2592 468 «
2627 419 2832 490 Accipe
2872 417 3088 489 (inquit)
3127 419 3319 472 Aaron
3363 421 3422 472 et
3463 416 3613 471 ﬁlios
3658 417 3783 488 ejus,
3817 423 3866 472 et

531 511 736 566 moniti
767 527 834 565 ea
863 515 1066 565 sanent
1092 527 1218 582 quae
1249 511 1501 565 sananda
1545 516 1692 582 sunt,
1733 517 1789 566 et
1830 512 2158 567 charitative

532 605 838 659 emendent
851 620 976 675 quas
984 604 1006 674 j
1016 606 1137 659 uste
1150 604 1510 659 emendanda
1525 605 1880 675 agnoverint.
1897 606 1955 660 Si
1968 610 2160 660 autem

532 698 707 769 aliqui
743 714 858 764 eos,
895 697 1231 769 priusquam
1277 698 1504 768 egerint
1547 698 1685 766 haec,
1711 699 1975 767 lacerare,
2004 715 2159 752 accu-

491 827 502 868 ε
529 807 674 860 sare,
692 794 790 845 aut
804 790 1071 845 infestare
1091 791 1578 861 praesumpserint,
1596 791 2161 846 excommunicentur

488 872 501 937 ,ί
529 887 588 938 et
610 883 848 938 minime
865 884 1230 939 absolvantur
1248 888 1554 955 antequam
1572 900 1674 956 per
1692 884 2156 953 satisfactionem,

527 980 594 1032 ut
615 977 740 1048 jam
760 977 976 1031 dictum
995 979 1100 1046 est,
1119 977 1470 1048 condignam
1499 978 1722 1049 egerint
1741 977 2155 1048 paenitentiam,

531 1069 808 1141 quoniam
833 1069 1040 1139 injuria
1069 1086 1270 1125 eorum
1300 1070 1373 1124 ad
1402 1071 1686 1128 Christum
1706 1071 1974 1142 pertinet,
2000 1069 2160 1140 cujus

528 1162 816 1234 legatione
842 1163 1181 1234 funguntur,
1205 1179 1308 1219 nec
1323 1164 1432 1220 hoc
1456 1163 1688 1232 mirum,
1707 1164 1840 1236 quia
1857 1163 1902 1218 si
1921 1162 2160 1234 quisque

529 1238 790 1311 nostrum
817 1255 1042 1310 cuidam
1075 1272 1367 1311 servorum
1412 1257 1763 1329 legationem
1805 1257 2156 1328 injungeret,

530 1352 589 1402 et
613 1366 647 1402 a
671 1364 962 1420 quoquam
988 1348 1363 1420 impediretur
1386 1352 1486 1404 aut
1523 1350 1882 1405 subditorum
1925 1365 2158 1403 suorum

530 1441 935 1513 despiceretur,
968 1457 1100 1496 mox
1128 1442 1460 1513 indignatus
1488 1443 1849 1509 irasceretur,
1873 1446 1975 1496 aut
2001 1442 2157 1508 talia,

530 1538 700 1606 prout
727 1538 933 1604 posset,
967 1534 1302 1604 vindicaret,
1336 1540 1391 1592 et
1430 1536 1503 1589 ad
1542 1535 1809 1606 injuriam
1855 1535 1927 1589 ad
1969 1539 2160 1589 contu-

526 1627 761 1682 meliam
789 1644 947 1682 suam
973 1628 1082 1682 hoc
1111 1628 1324 1682 factum
1351 1631 1662 1698 reputaret,
1695 1632 1752 1681 et
1784 1627 2077 1694 talionem,
2114 1627 2157 1680 si

528 1721 588 1774 in
610 1721 880 1792 praesenti
895 1736 1013 1776 non
1037 1723 1246 1790 posset,
1265 1721 1470 1774 futuris
1497 1720 1849 1791 temporibus
1869 1720 2154 1774 redderet.

527 1815 690 1882 Nam,
726 1813 772 1868 si
810 1813 871 1868 in
914 1813 1165 1869 hominis
1207 1829 1373 1870 causa
1421 1814 1541 1867 haec
1584 1814 1748 1880 fiunt,
1776 1813 1912 1884 quid
1947 1792 2235 1883 putatisB

527 1909 671 1962 Deus
695 1906 868 1962 faciet
896 1906 968 1960 de
998 1906 1113 1961 suis
1141 1905 1236 1977 qui
1270 1922 1374 1961 nec
1415 1905 1683 1978 capillum
1730 1905 1930 1977 capitis
1958 1921 2157 1961 eorum

528 2000 712 2071 perire
757 1998 1003 2054 dixerit?
1050 1998 1202 2054 unde
1244 2002 1303 2053 et
1339 1999 1616 2054 Dominus
1647 2015 1752 2070 per
1773 2000 2000 2053 Nahum
2030 2015 2160 2069 pro-

529 2093 762 2164 phetam
798 2091 1052 2162 loquitur
1089 2091 1283 2146 dicens
1315 2108 1328 2146 :
1367 2113 1394 2141 «
1424 2093 1571 2146 Deus
1606 2093 1907 2147 aemulator
1930 2094 1988 2146 et
2016 2091 2156 2146 ulci-

529 2201 693 2240 scens
714 2185 1007 2251 Dominus,
1035 2188 1092 2239 et
1115 2185 1336 2240 habens
1355 2185 1644 2253 furorem;
1676 2185 1952 2238 ulciscens
1976 2184 2160 2239 Domi-

2259 512 2571 584 applicabis
2593 512 2666 566 ad
2690 513 2897 566 ostium
2914 511 3262 566 tabernaculi
3281 510 3615 565 testimonii.
3639 512 3863 582 Cumque

2257 605 2462 660 laveris
2487 609 2710 676 patrem
2740 621 2870 659 cum
2903 604 3032 658 ﬁliis
3075 620 3245 675 aqua,
3273 603 3478 658 indues
3502 607 3688 659 Aaron
3723 605 3863 658 vesti-

2259 697 2467 753 mentis
2494 698 2629 765 suis,
2649 698 2706 752 id
2731 703 2832 766 est,
2853 698 3066 751 lineam
3087 695 3336 751 tunicam
3355 699 3412 751 et
3427 696 3867 767 superhumerale

2260 794 2318 846 et
2338 791 2616 847 rationale
2637 790 2790 862 quod
2809 790 3160 861 constringes
3178 789 3390 856 balteo,
3408 793 3466 846 et
3489 805 3668 860 pones
3689 789 3868 844 tiaram

2257 884 2317 938 in
2347 885 2532 954 capite
2562 884 2704 954 ejus,
2725 888 2783 939 et
2806 883 3086 939 laminam
3114 887 3371 938 sanctam
3397 898 3568 954 super
3591 881 3870 949 tiaram,et

2260 978 2450 1033 oleum
2477 975 2764 1032 unctionis
2791 976 2996 1030 fundes
3025 991 3196 1048 super
3220 979 3393 1046 caput
3423 975 3565 1045 ejus,
3593 978 3753 1046 atque
3775 975 3870 1028 hoc

2259 1071 2371 1126 ritu
2397 1069 2820 1126 consecrabitur
2852 1068 3115 1123 Domino.
3151 1068 3321 1125 Filios
3351 1084 3581 1140 quoque
3611 1067 3752 1124 illius
3779 1085 3868 1139 ap-

2258 1163 2496 1235 plicabis
2533 1167 2590 1217 et
2633 1163 2838 1217 indues
2884 1161 3092 1217 tunicis
3137 1161 3304 1216 lineis
3351 1161 3659 1233 cingesque
3701 1161 3871 1215 balteo

2258 1260 2443 1311 Aaron
2473 1259 2529 1309 et
2559 1255 2766 1311 liberos
2792 1255 2913 1324 ejus
2944 1260 3000 1311 et
3033 1256 3297 1325 impones
3326 1253 3529 1309 mitras
3560 1254 3661 1323 eis,
3692 1240 3874 1308 erunt-

2261 1367 2372 1421 que
2399 1349 2724 1406 sacerdotes
2749 1348 2893 1404 mihi
2918 1348 3194 1418 religione
3223 1352 3500 1420 perpetua
3521 1347 3711 1416 (Emod.
3740 1363 3872 1412 XXIX,

2259 1443 2332 1514 4).
2367 1465 2394 1492 ››
2431 1442 2554 1506 Quo
2582 1443 2706 1498 loco
2731 1441 3108 1512 contemplari
3138 1445 3360 1512 Oportet
3388 1445 3573 1497 Aaron
3599 1456 3875 1495 summum

2259 1535 2636 1605 sacerdotem,
2677 1535 2736 1588 id
2780 1539 2864 1590 est
2912 1534 3241 1605 episcopum
3283 1533 3478 1603 fuisse,
3525 1551 3697 1606 porro
3739 1533 3876 1588 ﬁlios

2260 1629 2385 1698 ejus
2400 1629 2865 1700 presbyterorum
2884 1627 3305 1682 demonstrasse
3323 1628 3591 1698 ﬁguram.
3607 1628 3718 1681 Hoc
3735 1627 3876 1681 enim

2258 1721 2367 1776 fuit
2393 1721 2542 1780 inter
2569 1723 2762 1776 Aaron
2791 1736 3082 1776 summum
3121 1721 3476 1775 sacerdotem
3506 1723 3564 1774 et
3600 1719 3737 1774 ﬁlios
3762 1719 3879 1790 ejus

2259 1814 2354 1886 qui
2399 1815 2714 1871 sacerdotes
2763 1817 2946 1881 erant,
2992 1814 3144 1885 quod
3193 1816 3383 1869 Aaron
3424 1829 3598 1884 super
3638 1813 3875 1868 tunicam

2259 1907 2571 1979 accipiebat
2619 1906 2915 1978 poderem,
2963 1908 3169 1962 stolam
3214 1913 3484 1975 sanctam,
3525 1911 3581 1961 et
3622 1922 3879 1961 coronam

2258 2017 2516 2069 auream,
2545 2000 2778 2055 mitram
2805 2005 2862 2055 et
2897 2017 3104 2055 zonam
3143 2017 3401 2066 auream,
3430 2002 3488 2055 et
3513 1999 3877 2070 superhume-

2257 2095 2397 2161 rale,
2427 2096 2484 2147 et
2511 2093 2727 2163 reliqua
2751 2108 2880 2164 quae
2905 2092 3140 2164 prteﬁxa
3157 2097 3321 2147 sunt:
3346 2092 3450 2147 ﬁlii
3477 2096 3670 2148 autem
3701 2094 3879 2146 Aaron

2257 2203 2429 2257 super
2470 2186 2691 2240 tunicas
2735 2185 2916 2240 lineas
2964 2185 3132 2241 cincti
3186 2185 3585 2240 tantummodo
3614 2188 3670 2241 et
3704 2184 3884 2239 tiarati

530 2295 636 2332 nus
662 2277 721 2332 in
752 2277 942 2331 hostes
979 2292 1130 2344 suos,
1164 2282 1222 2330 et
1265 2276 1518 2331 irascens
1558 2277 1678 2348 ipse
1717 2276 1963 2331 inimicis
2004 2276 2153 2346 suis;
2219 2275 2597 2372 ,S-assistebant
2628 2278 2900 2334 sacriﬁcio
2931 2278 3187 2347 Domini;
3215 2279 3276 2333 in
3304 2280 3457 2333 Novo
3493 2281 3685 2333 autem
3710 2277 3886 2332 Testa-

530 2374 663 2424 ante
693 2368 901 2423 faciem
927 2368 1342 2438 indignationis
1383 2369 1504 2439 ejus
1548 2369 1673 2439 quis
1712 2369 1896 2435 stabit,
1931 2372 1989 2422 et
2032 2368 2158 2439 quis
2220 2368 2452 2442 §mento
2494 2377 2623 2442 post
2666 2372 2956 2427 Christum
2997 2372 3308 2426 Dominum
3349 2374 3612 2427 nostrum
3655 2387 3689 2425 a
3726 2372 3886 2426 Petro

530 2374 663 2424 ante
693 2369 901 2423 faciem
927 2369 1342 2438 indignationis
1383 2369 1504 2439 ejus
1548 2369 1673 2439 quis
1712 2369 1896 2435 stabit,
1931 2372 1989 2422 et
2032 2369 2158 2439 quis
2222 2369 2452 2428 'mento
2494 2377 2623 2442 post
2666 2372 2956 2427 Christum
2997 2372 3308 2426 Dominum
3349 2374 3612 2427 nostrum
3655 2387 3689 2425 a
3726 2372 3886 2426 Petro

529 2461 756 2517 resistet
779 2461 838 2514 in
860 2459 946 2515 ira
967 2461 1175 2516 furoris
1201 2461 1364 2532 ejus?
1389 2461 1710 2532 Indignatio
1739 2462 1861 2532 ejus
1882 2461 2058 2516 effusa
2075 2467 2159 2516 est
2222 2369 2618 2588 \sacerdotalis
2647 2465 2812 2536 erepit
2841 2465 3005 2532 ordo,
3030 2465 3166 2536 quia
3191 2465 3298 2537 ipsi
3317 2464 3502 2536 primo
3530 2463 3887 2535 pontiﬁcatus

529 2555 667 2588 αξη-ιι
698 2553 846 2588 ionici
874 2556 927 2588 οι
957 2557 1134 2588 nat-am
1161 2553 1447 2588 Αςοαηιηιω
1478 2558 1605 2588 ann}
1636 2555 1704 2588 oh
1732 2571 1800 2588 nn
1856 2556 2040 2588 Ωηηιιει
2073 2557 2155 2588 ρει
2257 2558 2312 2588 ἶν-
2362 2558 2602 2588 Uni-dada
2653 2557 2858 2588 ριςνιξοιῖ
2905 2558 3068 2588 Ant-.5
3118 2561 3198 2588 ηοι
3263 2558 3484 2588 Ᾱζηηηιη
3536 2557 3768 2588 Πηννιζηη
3819 2556 3882 2588 συὶ

528 2555 672 2609 sicut
698 2553 848 2626 ignis
874 2556 932 2606 et
957 2557 1135 2625 petrae
1160 2553 1449 2610 dissolutas
1478 2558 1610 2608 sunt
1635 2555 1704 2609 ab
1732 2571 1820 2609 eo.
1856 2556 2043 2609 Bonus
2073 2557 2159 2608 est
2235 2553 2315 2612 ‘in
2362 2558 2607 2613 Ecclesia
2653 2557 2861 2614 Christi
2905 2558 3070 2613 datus
3117 2561 3220 2625 est,
3263 2558 3484 2612 dicente
3533 2557 3769 2612 Domino
3815 2556 3886 2610 ad

525 2647 804 2703 Dominus
835 2650 892 2701 et
921 2647 1252 2703 confortans
1276 2647 1334 2702 in
1365 2647 1456 2703 die
1485 2647 1866 2702 tribulationis
1893 2653 1950 2702 et
1974 2647 2158 2702 sciens
2258 2667 2392 2706 eum
2421 2669 2436 2704 :
2468 2670 2495 2703 «
2525 2653 2605 2705 Tu
2639 2668 2698 2705 es
2724 2650 2948 2723 (inquit)
2978 2653 3177 2706 Petrus
3207 2656 3263 2706 et
3295 2667 3466 2722 super
3489 2651 3638 2704 hanc
3667 2653 3888 2722 petram

529 2746 828 2813 sperantes
859 2740 919 2795 in
949 2756 1007 2794 se
1031 2741 1288 2812 (Nahum.
1321 2758 1360 2809 ι,
1394 2742 1466 2811 2),
1495 2762 1522 2789 »
1543 2745 1600 2796 et
1616 2741 1852 2811 reliqua.
1878 2740 2156 2804 Quaedam
2258 2744 2548 2799 mdiﬁcabo
2599 2744 2907 2799 Ecclesiam
2952 2761 3162 2813 meam,
3210 2749 3268 2799 et
3313 2748 3495 2815 portae
3547 2743 3718 2798 inferi
3775 2759 3891 2797 non

525 2839 722 2889 autem
768 2850 832 2886 ex
874 2833 961 2887 his
1001 2833 1126 2904 jam
1167 2833 1293 2888 aliis
1342 2833 1612 2888 fratribus
1656 2833 2001 2904 scripsimus,
2032 2849 2158 2904 quae
2254 2837 2645 2909 praevalebunt
2667 2837 2940 2894 adversus
2965 2854 3114 2904 eam,
3143 2842 3202 2893 et
3227 2837 3332 2893 tibi
3363 2836 3510 2892 dabo
3548 2838 3732 2892 claves
3763 2835 3890 2908 16

525 2927 698 2982 toties
724 2929 860 2981 sunt
883 2925 1216 2998 replicanda
1258 2926 1524 2998 quotiens
1565 2926 1778 2982 fuerint
1814 2926 2153 2982 necessaria.

495 3019 874 3100 ijectionem
900 3035 1132 3092 quoque
1162 3018 1246 3090 (ut
1275 3036 1448 3091 supra
1467 3023 1854 3074 memoratum
1884 3020 1985 3091 est)
2011 3035 2159 3074 sum-

2256 2931 2424 3002 regni
2465 2932 2735 2986 caelorum
2764 2932 2978 3002 (Matth.
3018 2948 3130 2999 xw,
3166 2933 3270 3003 18).
3301 2953 3328 2980 ››
3360 2931 3458 2985 Hic
3496 2946 3636 3002 ergo
3671 2930 3891 3000 ligandi

2258 3029 2428 3096 atque
2449 3025 2708 3080 solvendi
2733 3028 3081 3096 potestatem
3104 3024 3325 3095 primus
3343 3023 3562 3095 accepit
3576 3040 3610 3078 a
3629 3023 3890 3087 Domino,

492 3108 756 3202 gmorum
797 3113 1155 3168 sacerdotum
1205 3112 1311 3167 sibi
1350 3113 1625 3168 Dominus
1668 3113 1995 3180 reservavit,
2027 3113 2159 3168 licet
2176 3155 2232 3230 Ο
2255 3118 2588 3189 primusque
2611 3119 2682 3173 ad
2702 3118 2877 3172 ﬁdem
2896 3119 3174 3189 populum
3203 3117 3384 3188 gratia
3406 3116 3522 3184 Dei,
3543 3117 3752 3172 virtute
3773 3132 3894 3170 sua:

531 3207 865 3230 AIAA1:-_-...
893 3205 1270 3230 -,...--...,.ι.,...;,.
1294 3206 1679 3230 ---λ-Δηιίι.--
1706 3211 1755 3230 ,ιι
1774 3206 2154 3230 -..ε..;ι--..ι;ι..--
2257 3211 2666 3230 μηφληκκιοκῌξκ
2740 3211 2962 3230 ,ᾅληηει
3033 3211 3225 3230 n__1-,_2
3281 3227 3407 3230 “-m-
3476 3210 3703 3230 -_--A-12
3768 3226 3887 3230 _.4_._

526 3207 871 3262 electionem
889 3222 1090 3260 eorum
1106 3205 1273 3260 bonis
1293 3206 1682 3262 sacerdotibus
1703 3211 1758 3261 et
1773 3206 2157 3277 spiritualibus
2177 3205 2232 3230 υ
2252 3211 2674 3283 praedicationis
2733 3211 2986 3266 adduxit.
3031 3211 3231 3266 Ceteri
3280 3227 3414 3265 vero
3469 3210 3708 3282 apostoli
3760 3226 3898 3263 cum

525 3298 750 3372 populis
765 3298 1155 3355 concessisset.
1175 3299 1526 3354 Electionem
1548 3299 1704 3354 enim
1720 3299 1952 3354 illorum
1969 3299 2157 3354 taliter

525 3392 819 3465 apostolus
834 3392 958 3448 ﬁeri
969 3391 1137 3463 jubet
1159 3409 1172 3448 :
1197 3413 1225 3442 ‹‹
1248 3392 1306 3448 Si
1321 3392 1448 3464 quis
1469 3393 1594 3448 sine
1612 3392 1851 3447 crimine
1869 3395 1972 3460 est,
1986 3392 2156 3448 unius

525 3486 714 3542 uxoris
740 3486 927 3542 virum
948 3485 1094 3541 ﬁlios
1118 3485 1430 3540 habentem
1449 3484 1666 3552 ﬁdeles,
1697 3501 1814 3540 non
1846 3484 1906 3540 in
1934 3500 2158 3540 accusa-

526 3580 685 3635 tione
713 3578 966 3646 luxuriae,
995 3583 1094 3633 aut
1115 3595 1236 3633 non
1261 3578 1514 3634 subditos
1543 3578 1672 3649 (Tit.
1703 3595 1740 3645 ι,
1769 3578 1844 3648 6),
1880 3598 1907 3630 ››
1942 3582 1999 3633 et
2021 3577 2152 3633 reli-

526 3688 659 3745 qua.
683 3671 742 3728 Si
762 3672 920 3727 enim
942 3671 1064 3726 sine
1094 3671 1335 3726 crimine
1366 3671 1633 3726 sacerdos
1651 3671 1785 3742 eligi
1804 3670 2152 3742 praecipitur,

525 3765 855 3821 nullatenus
882 3764 953 3820 ab
979 3765 1314 3821 hominibus
1341 3764 1676 3820 criminibus
1702 3763 1954 3819 irretitus
1987 3781 2153 3820 accu-

523 3859 635 3916 sari
659 3862 761 3914 aut
788 3859 1125 3915 calumniari
1168 3858 1540 3930 permittitur,
1571 3875 1678 3913 nec
1719 3858 1790 3912 ab
1829 3858 1952 3912 aliis
1981 3873 2155 3929 quam

525 3953 598 4009 ab
635 3953 725 4008 his
773 3953 872 4024 qui
913 3953 1035 4008 sine
1076 3952 1317 4007 crimine
1365 3957 1517 4020 sunt,
1562 3955 1621 4005 et
1655 3951 1814 4022 justa
1855 3950 2154 4017 electione,

526 4048 572 4102 si
613 4047 914 4102 necessitas
957 4045 1148 4112 fuerit,
1181 4047 1283 4098 aut
1321 4044 1426 4114 ipsi
1469 4043 1712 4097 volendo
1760 4042 2005 4098 Domino
2043 4058 2157 4097 ser-

524 4139 643 4194 vire
679 4138 978 4208 elegerint,
1007 4137 1441 4206 sacerdotesque
1483 4136 1602 4190 sine
1639 4135 1877 4190 crimine
1921 4133 2049 4188 ﬁeri
2099 4138 2157 4189 et

527 4229 783 4286 ordinari
820 4229 1058 4300 possint,
1103 4232 1162 4282 et
1197 4229 1334 4283 tales
1365 4245 1467 4299 per
1494 4228 1685 4283 omnia
1711 4227 1926 4283 fuerint
1960 4229 2156 4299 quales

527 4323 663 4394 eligi
690 4322 1012 4378 sacerdotes
1031 4321 1327 4394 jubentur.
1354 4323 1528 4377 Porro
1551 4325 1609 4377 et
1630 4321 1802 4392 Moysi
1831 4321 2158 4392 praecipitur

528 4422 590 4473 ut
619 4417 796 4489 eligat
819 4415 1200 4488 presbyteros,
1230 4415 1384 4471 unde
1413 4419 1472 4470 et
1498 4416 1557 4470 in
1584 4414 1899 4471 Proverbiis
1926 4415 2154 4484 dicitur,

2255 3305 2456 3359 eodem
2483 3305 2608 3375 pari
2635 3303 2924 3360 consortio
2951 3304 3234 3358 honorem
3275 3308 3333 3359 et
3361 3306 3703 3374 potestatem
3733 3318 3894 3358 acce-

2253 3402 2481 3470 perunt,
2515 3397 2820 3470 ipsumque
2847 3397 3166 3468 principem
3195 3413 3398 3452 eorum
3422 3412 3542 3453 esse
3571 3397 3894 3451 voluerunt.

2257 3490 2365 3554 Qui
2404 3490 2595 3560 etiam,
2627 3491 2866 3562 jubente
2916 3490 3176 3556 Domino,
3217 3490 3278 3544 in
3318 3494 3437 3545 toto
3475 3489 3610 3545 orbe
3651 3488 3896 3561 dispersi

2255 3584 2624 3655 Evangelium
2667 3583 3138 3655 praedicaverunt,
3164 3582 3300 3654 ipsis
3328 3599 3558 3655 quoque
3604 3582 3901 3637 deceden-

2254 3676 2406 3732 tibus
2433 3678 2491 3732 in
2531 3679 2718 3732 locum
2772 3693 2972 3732 eorum
3023 3679 3412 3732 successerunt
3455 3675 3726 3747 episcopi,
3759 3691 3905 3746 quo-

2254 3787 2384 3826 rum
2408 3770 2691 3825 ordinatio
2712 3772 3022 3841 preataxato
3044 3769 3166 3824 ﬁeri
3183 3769 3354 3824 debet
3375 3767 3578 3823 ordine
3600 3771 3658 3821 et
3677 3767 3897 3835 modo;

2257 3879 2398 3934 quos
2424 3863 2520 3934 qui
2554 3863 2756 3934 recipit
2784 3867 2840 3918 et
2869 3863 3039 3917 verba
3069 3878 3288 3932 eorum,
3323 3861 3634 3916 Dominum
3662 3860 3905 3932 recipit.

2254 3957 2361 4023 Qui
2403 3960 2592 4010 autem
2635 3971 2729 4010 eos
2776 3955 3014 4027 spernit,
3051 3971 3185 4012 eum
3229 3973 3262 4010 a
3292 3971 3405 4026 quo
3450 3954 3608 4009 missi
3649 3958 3809 4020 sunt,
3848 3958 3915 4008 et

2255 4049 2416 4120 cujus
2465 4048 2786 4120 funguntur
2821 4049 3110 4120 legatione
3155 4049 3373 4121 spernit
3413 4054 3471 4102 et
3508 4048 3629 4120 ipse
3670 4047 3914 4102 indubi-

2257 4144 2448 4196 tanter
2474 4145 2778 4212 spernetur
2805 4157 2839 4196 a
2879 4141 3139 4197 Domino.

2324 4234 2592 4289 Videntes
2618 4238 2812 4289 autem
2836 4234 2946 4305 ipsi
2965 4233 3208 4305 apostoli
3230 4250 3477 4289 messem
3499 4251 3622 4288 esse
3645 4233 3915 4289 multam

2257 4333 2316 4382 et
2350 4327 2634 4399 operarios
2672 4344 2900 4400 paucos,
2944 4333 3292 4398 rogaverunt
3332 4327 3641 4382 Dominum
3687 4328 3921 4381 messis

2255 4426 2320 4476 ut
2344 4422 2597 4478 mitteret
2624 4419 2909 4492 operarios
2946 4419 3004 4474 in
3045 4437 3291 4476 messem
3319 4437 3504 4476 suam.
3537 4420 3695 4475 Unde
3728 4419 3920 4474 electi

527 4511 709 4584 gloria
729 4525 934 4566 senum
959 4509 1216 4564 canities.
1240 4510 1370 4564 Haec
1395 4525 1530 4564 vero
1557 4509 1794 4565 canities
1819 4508 2156 4580 sapientiam
2173 4519 2233 4592 D
2254 4519 2389 4571 sunt
2430 4515 2501 4569 ab
2550 4515 2632 4569 eis
2669 4515 3030 4587 septuaginta
3077 4514 3359 4586 discipuli,
3399 4529 3641 4585 quorum
3683 4515 3922 4584 typum

529 4605 811 4676 designat,
857 4603 927 4658 de
975 4618 1086 4674 qua
1125 4602 1400 4674 scriptum
1439 4605 1545 4656 est.
1577 4602 1823 4658 Canities
1853 4602 2156 4660 hominum

524 4697 834 4770 prudentia
863 4700 970 4765 est,
991 4712 1234 4768 cumque
1260 4698 1588 4767 nongentos
1618 4700 1677 4751 et
1706 4697 1948 4768 amplius
1976 4715 2158 4754 annos

527 4793 599 4847 ab
625 4792 811 4846 Adam
840 4807 1015 4862 usque
1043 4789 1116 4844 ad
1140 4790 1429 4844 Abraham
1462 4789 1660 4845 vixisse
1699 4791 1966 4846 homines
1999 4792 2156 4863 lege-

527 4884 730 4955 rimus,
758 4884 947 4939 nullus
976 4883 1118 4938 alius
1148 4883 1366 4954 primus
1392 4885 1710 4955 appellatus
1733 4888 1818 4939 est
1835 4884 2152 4956 presbyter,

528 4978 589 5033 id
616 4982 703 5033 est
722 4977 932 5047 senior,
959 4976 1066 5032 nisi
1093 4976 1384 5032 Abraham
1427 4977 1525 5047 qui
1567 4978 1746 5032 multo
1793 4977 2156 5048 paucioribus

527 5072 728 5127 vixisse
754 5071 920 5127 annis
949 5071 1307 5126 convincitur
1333 5087 1345 5126 :
1371 5087 1489 5124 non
1520 5087 1657 5142 ergo
1693 5075 1930 5142 propter
1957 5072 2150 5126 decre-

527 5166 707 5238 pitam
727 5169 1094 5232 senectutem,
1111 5164 1209 5219 sed
1229 5169 1462 5235 prOpter
1482 5163 1820 5235 sapientiam
1841 5165 2156 5236 presbyteri

527 5260 922 5316 nominantur.
973 5257 1204 5313 Initium
1249 5257 1405 5312 enim
1450 5257 1752 5312 sacerdotii
1793 5262 1978 5312 Aaron
2024 5258 2151 5325 fuit,

527 5354 662 5409 licet
707 5351 1116 5408 Melchisedech
1164 5350 1323 5423 prior
1370 5349 1641 5405 obtulerit
1691 5350 2048 5420 sacrificium,
2099 5355 2188 5405 et

527 5452 654 5520 post
679 5447 832 5502 hunc
859 5446 1167 5512 Abraham,
1198 5446 1348 5498 Isaac
1375 5446 1433 5498 et
1460 5443 1650 5498 Jacob.
1685 5443 1798 5498 Sed
1833 5443 1892 5497 hi
1926 5446 2153 5515 sponta-

528 5559 638 5599 nea
663 5541 958 5598 voluntate
987 5555 1105 5594 non
1133 5536 1464 5592 sacerdotali
1486 5537 1842 5604 auctoritate,
1873 5537 1978 5592 ista
2001 5537 2153 5592 fece-

528 5641 683 5691 runt.
724 5637 998 5691 Caeterum
1044 5635 1227 5687 Aaron
1270 5629 1486 5701 primus
1532 5629 1592 5684 in
1630 5630 1760 5701 lege
1806 5631 2156 5687 sacerdotale

531 5745 746 5783 nomen
776 5726 995 5798 accepit
1018 5725 1348 5797 primusque
1379 5722 1689 5796 pontiﬁcali
1729 5725 1871 5778 stola
1905 5724 2153 5795 indutus,

526 5820 782 5878 victimas
827 5818 1050 5885 obtulit,
1087 5817 1323 5893 jubente
1377 5817 1615 5872 Domino
1658 5831 1722 5871 ac
1769 5818 2035 5891 loquente
2085 5820 2154 5876 ad

2258 4613 2466 4680 gerunt
2491 4608 2826 4679 presbyteri,
2861 4614 3034 4680 atque
3062 4608 3121 4663 in
3147 4623 3350 4662 eorum
3379 4608 3570 4662 locum
3596 4611 3736 4661 sunt
3757 4623 3926 4662 con-

2256 4701 2438 4757 stituti
2463 4701 2522 4756 in
2549 4701 2817 4770 Ecclesia,
2859 4701 2930 4756 de
2967 4717 3215 4774 quorum
3261 4700 3641 4766 ordinatione,
3667 4702 3730 4754 et
3766 4699 3925 4755 reli-

2254 4811 2502 4868 quorum
2534 4794 2948 4864 ministrorum,
2977 4794 3185 4850 dixisse
3213 4810 3387 4865 supra
3418 4793 3682 4848 sufﬁciat.
3715 4794 3928 4847 Porro

2256 4889 2408 4960 quod
2436 4888 2732 4959 episcopus
2761 4905 2878 4944 non
2907 4888 2978 4944 ab
3008 4905 3141 4954 uno,
3161 4887 3259 4942 sed
3289 4905 3322 4941 a
3352 4887 3588 4952 cunctis,
3606 4901 3930 4941 consensu

2257 4984 2356 5036 aut
2402 4980 2707 5053 praesentia
2755 4980 3319 5053 comprovincialium
3380 4985 3466 5034 est
3511 4978 3932 5045 ordinandus,

2256 5079 2312 5130 et
2338 5075 2658 5129 nullatenus
2686 5073 2876 5128 minus
2914 5090 3086 5145 quam
3125 5091 3158 5128 a
3191 5073 3371 5128 tribus
3396 5072 3613 5128 caeteris
3644 5087 3934 5126 consen-

2255 5167 2527 5222 tientibus
2572 5167 2809 5234 cunctis,
2840 5167 3071 5236 idcirco,
3103 5166 3435 5222 instituente
3471 5164 3742 5231 Domino,
3778 5163 3943 5218 ﬁeri

2249 5261 2502 5332 jubetur,
2553 5277 2626 5315 ne
2681 5260 2893 5332 aliquid
2947 5266 3142 5316 contra
3178 5260 3350 5315 ﬁdem
3399 5258 3660 5314 Ecclesia:
3730 5257 3946 5311 unius

2255 5353 2548 5425 tyrannica
2587 5354 2891 5409 auctoritas
2931 5354 3254 5420 moliretur,
3287 5358 3342 5407 et
3385 5353 3584 5424 regula
3622 5352 3713 5407 vel
3758 5349 3947 5404 ﬁdes

2255 5447 2706 5502 confunderetur
2727 5446 3107 5503 credentium.
3139 5445 3447 5503 Provinciae
3476 5449 3669 5500 autem
3712 5443 3950 5499 multo

2255 5545 2386 5596 ante
2415 5540 2623 5596 Christi
2648 5540 2953 5596 adventum
2979 5546 3237 5612 tempore
3269 5539 3459 5596 divisae
3483 5543 3615 5594 sunt
3641 5537 3954 5592 maxima

2256 5651 2326 5689 ex
2356 5635 2535 5706 parte,
2567 5636 2626 5688 et
2653 5638 2848 5704 postea
2885 5633 2954 5688 ab
2985 5633 3270 5706 apostolis,
3299 5637 3356 5688 et
3393 5633 3564 5688 beato
3595 5630 3952 5686 Clemente

2257 5727 2661 5798 praedecessore
2689 5730 2903 5794 nostro,
2935 5726 3053 5797 ipsa
3079 5727 3277 5781 divisio
3309 5729 3395 5781 est
3434 5729 3730 5792 renovata,
3761 5726 3838 5777 et
3873 5723 3955 5778 in

2256 5820 2434 5892 capite
2458 5821 2903 5892 provinciarum,
2919 5819 3018 5880 ubi
3035 5820 3247 5878 dudum
3265 5820 3538 5896 primates
3565 5817 3709 5897 legis
3729 5822 3959 5880 erant
