  <div class='ocr_page' id='page_1' title='image "/cluster/home/n/w/nwhite01/storage/ocr_20150623/130/hvd.32044054759915/066.png"; bbox 0 0 4046 6188; ppageno 0'>
   <div class='ocr_carea' id='block_1_1' title="bbox 217 265 3500 331">
    <p class='ocr_par' dir='ltr' id='par_1_1' title="bbox 217 265 3500 331">
     <span class='ocr_line' id='line_1_1' title="bbox 217 265 3500 331; baseline 0.001 -3"><span class='ocrx_word' id='word_1_1' title='bbox 217 277 268 328; x_wconf 60' lang='grc' dir='ltr'>ἼἉ</span> <span class='ocrx_word' id='word_1_2' title='bbox 1377 270 1844 328; x_wconf 79' lang='lat' dir='ltr'>DECRETALIUM</span> <span class='ocrx_word' id='word_1_3' title='bbox 1881 271 2265 329; x_wconf 87' lang='lat' dir='ltr'>COLLECTlO.</span> <span class='ocrx_word' id='word_1_4' title='bbox 3435 265 3500 331; x_wconf 69' lang='grc'>74</span> 
     </span>
    </p>
   </div>
   <div class='ocr_carea' id='block_1_2' title="bbox 221 377 3502 471">
    <p class='ocr_par' dir='ltr' id='par_1_2' title="bbox 221 377 3502 471">
     <span class='ocr_line' id='line_1_2' title="bbox 221 377 3502 471; baseline -0.001 -29"><span class='ocrx_word' id='word_1_5' title='bbox 221 382 366 442; x_wconf 60' lang='lat' dir='ltr'>saeculi</span> <span class='ocrx_word' id='word_1_6' title='bbox 388 397 445 438; x_wconf 87' lang='lat' dir='ltr'>ac</span> <span class='ocrx_word' id='word_1_7' title='bbox 459 377 629 454; x_wconf 89' lang='lat' dir='ltr'>prima</span> <span class='ocrx_word' id='word_1_8' title='bbox 646 377 957 451; x_wconf 88' lang='lat' dir='ltr'>judiciaria</span> <span class='ocrx_word' id='word_1_9' title='bbox 980 380 1252 450; x_wconf 79' lang='lat' dir='ltr'>potestas,</span> <span class='ocrx_word' id='word_1_10' title='bbox 1279 381 1349 434; x_wconf 89' lang='lat' dir='ltr'>ad</span> <span class='ocrx_word' id='word_1_11' title='bbox 1381 397 1524 452; x_wconf 90' lang='lat' dir='ltr'>quos</span> <span class='ocrx_word' id='word_1_12' title='bbox 1549 382 1646 453; x_wconf 89' lang='lat' dir='ltr'>qui</span> <span class='ocrx_word' id='word_1_13' title='bbox 1675 397 1775 453; x_wconf 91' lang='lat' dir='ltr'>per</span> <span class='ocrx_word' id='word_1_14' title='bbox 1797 399 1854 471; x_wconf 76' lang='grc' dir='ltr'><strong>Α</strong></span> <span class='ocrx_word' id='word_1_15' title='bbox 1874 385 2120 438; x_wconf 86' lang='lat' dir='ltr'>tenenda</span> <span class='ocrx_word' id='word_1_16' title='bbox 2147 382 2494 454; x_wconf 83' lang='lat' dir='ltr'>temporibus</span> <span class='ocrx_word' id='word_1_17' title='bbox 2537 381 2836 452; x_wconf 83' lang='lat' dir='ltr'>mittimus,</span> <span class='ocrx_word' id='word_1_18' title='bbox 2880 387 2936 439; x_wconf 93' lang='lat' dir='ltr'>et</span> <span class='ocrx_word' id='word_1_19' title='bbox 2960 381 3196 456; x_wconf 85' lang='lat' dir='ltr'>reliquis</span> <span class='ocrx_word' id='word_1_20' title='bbox 3230 381 3502 442; x_wconf 81' lang='lat' dir='ltr'>fratribus</span> 
     </span>
    </p>
   </div>
   <div class='ocr_carea' id='block_1_3' title="bbox 221 473 1776 550">
    <p class='ocr_par' dir='ltr' id='par_1_3' title="bbox 221 473 1776 550">
     <span class='ocr_line' id='line_1_3' title="bbox 221 473 1776 550; baseline -0.003 -16"><span class='ocrx_word' id='word_1_21' title='bbox 221 479 413 550; x_wconf 84' lang='lat' dir='ltr'>reliquas</span> <span class='ocrx_word' id='word_1_22' title='bbox 422 475 656 531; x_wconf 81' lang='lat' dir='ltr'>civitates</span> <span class='ocrx_word' id='word_1_23' title='bbox 668 473 1186 540; x_wconf 86' lang='lat' dir='ltr'>commorabantur,</span> <span class='ocrx_word' id='word_1_24' title='bbox 1203 475 1435 546; x_wconf 85' lang='lat' dir='ltr'>quando</span> <span class='ocrx_word' id='word_1_25' title='bbox 1451 475 1532 530; x_wconf 89' lang='lat' dir='ltr'>eis</span> <span class='ocrx_word' id='word_1_26' title='bbox 1544 491 1776 530; x_wconf 90' lang='lat' dir='ltr'>necesse</span> 
     </span>
    </p>
   </div>
   <div class='ocr_carea' id='block_1_4' title="bbox 217 567 1778 642">
    <p class='ocr_par' dir='ltr' id='par_1_4' title="bbox 217 567 1778 642">
     <span class='ocr_line' id='line_1_4' title="bbox 217 567 1778 642; baseline -0.002 -15"><span class='ocrx_word' id='word_1_27' title='bbox 217 576 309 627; x_wconf 83' lang='lat' dir='ltr'>erat</span> <span class='ocrx_word' id='word_1_28' title='bbox 329 570 410 642; x_wconf 86' lang='lat' dir='ltr'>qui</span> <span class='ocrx_word' id='word_1_29' title='bbox 422 568 488 623; x_wconf 90' lang='lat' dir='ltr'>ad</span> <span class='ocrx_word' id='word_1_30' title='bbox 503 568 690 622; x_wconf 86' lang='lat' dir='ltr'>aulam</span> <span class='ocrx_word' id='word_1_31' title='bbox 719 567 1150 638; x_wconf 81' lang='lat' dir='ltr'>imperatorum,</span> <span class='ocrx_word' id='word_1_32' title='bbox 1166 571 1228 622; x_wconf 90' lang='lat' dir='ltr'>ut</span> <span class='ocrx_word' id='word_1_33' title='bbox 1247 584 1453 638; x_wconf 87' lang='lat' dir='ltr'>regum</span> <span class='ocrx_word' id='word_1_34' title='bbox 1466 568 1778 640; x_wconf 84' lang='lat' dir='ltr'>confugere</span> 
     </span>
    </p>
   </div>
   <div class='ocr_carea' id='block_1_5' title="bbox 217 659 1776 733">
    <p class='ocr_par' dir='ltr' id='par_1_5' title="bbox 217 659 1776 733">
     <span class='ocr_line' id='line_1_5' title="bbox 217 659 1776 733; baseline -0.003 -13"><span class='ocrx_word' id='word_1_35' title='bbox 217 682 304 720; x_wconf 88' lang='lat' dir='ltr'>non</span> <span class='ocrx_word' id='word_1_36' title='bbox 329 665 578 733; x_wconf 85' lang='lat' dir='ltr'>poterant,</span> <span class='ocrx_word' id='word_1_37' title='bbox 608 661 697 716; x_wconf 87' lang='lat' dir='ltr'>vel</span> <span class='ocrx_word' id='word_1_38' title='bbox 720 659 922 731; x_wconf 80' lang='lat' dir='ltr'>quibus</span> <span class='ocrx_word' id='word_1_39' title='bbox 949 660 1289 730; x_wconf 88' lang='lat' dir='ltr'>permissum</span> <span class='ocrx_word' id='word_1_40' title='bbox 1320 677 1438 716; x_wconf 91' lang='lat' dir='ltr'>non</span> <span class='ocrx_word' id='word_1_41' title='bbox 1467 665 1610 730; x_wconf 87' lang='lat' dir='ltr'>erat,</span> <span class='ocrx_word' id='word_1_42' title='bbox 1639 677 1776 716; x_wconf 91' lang='lat' dir='ltr'>con-</span> 
     </span>
    </p>
   </div>
   <div class='ocr_carea' id='block_1_6' title="bbox 216 753 1779 828">
    <p class='ocr_par' dir='ltr' id='par_1_6' title="bbox 216 753 1779 828">
     <span class='ocr_line' id='line_1_6' title="bbox 216 753 1779 828; baseline -0.002 -16"><span class='ocrx_word' id='word_1_43' title='bbox 216 757 455 828; x_wconf 88' lang='lat' dir='ltr'>fugiebant</span> <span class='ocrx_word' id='word_1_44' title='bbox 494 770 591 826; x_wconf 90' lang='lat' dir='ltr'>pro</span> <span class='ocrx_word' id='word_1_45' title='bbox 639 753 1100 824; x_wconf 86' lang='lat' dir='ltr'>oppressionibus</span> <span class='ocrx_word' id='word_1_46' title='bbox 1144 753 1260 809; x_wconf 85' lang='lat' dir='ltr'>suis</span> <span class='ocrx_word' id='word_1_47' title='bbox 1281 795 1295 823; x_wconf 92' lang='lat'>,</span> <span class='ocrx_word' id='word_1_48' title='bbox 1347 754 1436 808; x_wconf 85' lang='lat' dir='ltr'>vel</span> <span class='ocrx_word' id='word_1_49' title='bbox 1485 754 1779 825; x_wconf 88' lang='lat' dir='ltr'>injustitiis</span> 
     </span>
    </p>
   </div>
   <div class='ocr_carea' id='block_1_7' title="bbox 213 845 1780 919">
    <p class='ocr_par' dir='ltr' id='par_1_7' title="bbox 213 845 1780 919">
     <span class='ocr_line' id='line_1_7' title="bbox 213 845 1780 919; baseline -0.001 -15"><span class='ocrx_word' id='word_1_50' title='bbox 213 851 315 916; x_wconf 82' lang='lat' dir='ltr'>suis,</span> <span class='ocrx_word' id='word_1_51' title='bbox 338 848 580 919; x_wconf 89' lang='lat' dir='ltr'>ipsosque</span> <span class='ocrx_word' id='word_1_52' title='bbox 609 846 992 918; x_wconf 77' lang='lat' dir='ltr'>appellabant,</span> <span class='ocrx_word' id='word_1_53' title='bbox 1035 845 1258 917; x_wconf 87' lang='lat' dir='ltr'>quoties</span> <span class='ocrx_word' id='word_1_54' title='bbox 1292 862 1435 918; x_wconf 88' lang='lat' dir='ltr'>opus</span> <span class='ocrx_word' id='word_1_55' title='bbox 1459 850 1604 914; x_wconf 87' lang='lat' dir='ltr'>erat,</span> <span class='ocrx_word' id='word_1_56' title='bbox 1637 848 1780 903; x_wconf 88' lang='lat' dir='ltr'>sicut</span> 
     </span>
    </p>
   </div>
   <div class='ocr_carea' id='block_1_8' title="bbox 213 939 1773 1013">
    <p class='ocr_par' dir='ltr' id='par_1_8' title="bbox 213 939 1773 1013">
     <span class='ocr_line' id='line_1_8' title="bbox 213 939 1773 1013; baseline -0.002 -16"><span class='ocrx_word' id='word_1_57' title='bbox 213 945 370 1013; x_wconf 84' lang='lat' dir='ltr'>inlege</span> <span class='ocrx_word' id='word_1_58' title='bbox 396 956 581 996; x_wconf 87' lang='lat' dir='ltr'>eorum</span> <span class='ocrx_word' id='word_1_59' title='bbox 610 943 964 1011; x_wconf 65' lang='lat' dir='ltr'>praeceptum</span> <span class='ocrx_word' id='word_1_60' title='bbox 991 944 1131 1007; x_wconf 89' lang='lat' dir='ltr'>erat,</span> <span class='ocrx_word' id='word_1_61' title='bbox 1151 939 1290 1011; x_wconf 88' lang='lat' dir='ltr'>ipsis</span> <span class='ocrx_word' id='word_1_62' title='bbox 1316 956 1544 1011; x_wconf 89' lang='lat' dir='ltr'>quoque</span> <span class='ocrx_word' id='word_1_63' title='bbox 1561 940 1621 996; x_wconf 91' lang='lat' dir='ltr'>in</span> <span class='ocrx_word' id='word_1_64' title='bbox 1640 941 1773 995; x_wconf 82' lang='lat' dir='ltr'>civi-</span> 
     </span>
    </p>
   </div>
   <div class='ocr_carea' id='block_1_9' title="bbox 212 1032 1776 1104">
    <p class='ocr_par' dir='ltr' id='par_1_9' title="bbox 212 1032 1776 1104">
     <span class='ocr_line' id='line_1_9' title="bbox 212 1032 1776 1104; baseline -0.001 -14"><span class='ocrx_word' id='word_1_65' title='bbox 212 1035 374 1090; x_wconf 83' lang='lat' dir='ltr'>tatibus</span> <span class='ocrx_word' id='word_1_66' title='bbox 412 1035 491 1088; x_wconf 88' lang='lat' dir='ltr'>vel</span> <span class='ocrx_word' id='word_1_67' title='bbox 537 1033 670 1087; x_wconf 90' lang='lat' dir='ltr'>locis</span> <span class='ocrx_word' id='word_1_68' title='bbox 709 1032 940 1100; x_wconf 84' lang='lat' dir='ltr'>nostris,</span> <span class='ocrx_word' id='word_1_69' title='bbox 983 1032 1330 1103; x_wconf 85' lang='lat' dir='ltr'>patriarchas</span> <span class='ocrx_word' id='word_1_70' title='bbox 1369 1033 1459 1088; x_wconf 87' lang='lat' dir='ltr'>vel</span> <span class='ocrx_word' id='word_1_71' title='bbox 1502 1033 1776 1104; x_wconf 86' lang='lat' dir='ltr'>primates</span> 
     </span>
    </p>
   </div>
   <div class='ocr_carea' id='block_1_10' title="bbox 208 1116 1774 1200">
    <p class='ocr_par' dir='ltr' id='par_1_10' title="bbox 208 1116 1774 1200">
     <span class='ocr_line' id='line_1_10' title="bbox 208 1116 1774 1200; baseline -0.001 -17"><span class='ocrx_word' id='word_1_72' title='bbox 208 1129 281 1200; x_wconf 84' lang='lat' dir='ltr'>qui</span> <span class='ocrx_word' id='word_1_73' title='bbox 300 1116 455 1182; x_wconf 86' lang='lat' dir='ltr'>unam</span> <span class='ocrx_word' id='word_1_74' title='bbox 474 1128 715 1182; x_wconf 85' lang='lat' dir='ltr'>formam</span> <span class='ocrx_word' id='word_1_75' title='bbox 741 1130 959 1195; x_wconf 88' lang='lat' dir='ltr'>tenent,</span> <span class='ocrx_word' id='word_1_76' title='bbox 983 1125 1117 1180; x_wconf 89' lang='lat' dir='ltr'>licet</span> <span class='ocrx_word' id='word_1_77' title='bbox 1136 1125 1360 1180; x_wconf 89' lang='lat' dir='ltr'>diversa</span> <span class='ocrx_word' id='word_1_78' title='bbox 1380 1125 1497 1182; x_wconf 91' lang='lat' dir='ltr'>sint</span> <span class='ocrx_word' id='word_1_79' title='bbox 1516 1125 1774 1194; x_wconf 90' lang='lat' dir='ltr'>nomina,</span> 
     </span>
    </p>
   </div>
   <div class='ocr_carea' id='block_1_11' title="bbox 207 1218 1777 1292">
    <p class='ocr_par' dir='ltr' id='par_1_11' title="bbox 207 1218 1777 1292">
     <span class='ocr_line' id='line_1_11' title="bbox 207 1218 1777 1292; baseline 0.001 -17"><span class='ocrx_word' id='word_1_80' title='bbox 207 1223 329 1292; x_wconf 80' lang='lat' dir='ltr'>leges</span> <span class='ocrx_word' id='word_1_81' title='bbox 368 1220 559 1274; x_wconf 66' lang='lat' dir='ltr'>divinae</span> <span class='ocrx_word' id='word_1_82' title='bbox 602 1223 660 1274; x_wconf 89' lang='lat' dir='ltr'>et</span> <span class='ocrx_word' id='word_1_83' title='bbox 701 1218 1094 1274; x_wconf 67' lang='lat' dir='ltr'>ecclesiastica:</span> <span class='ocrx_word' id='word_1_84' title='bbox 1147 1219 1282 1290; x_wconf 92' lang='lat' dir='ltr'>poni</span> <span class='ocrx_word' id='word_1_85' title='bbox 1342 1222 1397 1275; x_wconf 93' lang='lat' dir='ltr'>et</span> <span class='ocrx_word' id='word_1_86' title='bbox 1441 1235 1563 1274; x_wconf 91' lang='lat' dir='ltr'>esse</span> <span class='ocrx_word' id='word_1_87' title='bbox 1602 1219 1777 1290; x_wconf 70' lang='lat' dir='ltr'>jussus</span> 
     </span>
    </p>
   </div>
   <div class='ocr_carea' id='block_1_12' title="bbox 207 1310 1774 1384">
    <p class='ocr_par' dir='ltr' id='par_1_12' title="bbox 207 1310 1774 1384">
     <span class='ocr_line' id='line_1_12' title="bbox 207 1310 1774 1384; baseline -0.001 -16"><span class='ocrx_word' id='word_1_88' title='bbox 207 1319 322 1381; x_wconf 87' lang='lat' dir='ltr'>sunt,</span> <span class='ocrx_word' id='word_1_89' title='bbox 336 1313 399 1367; x_wconf 87' lang='lat' dir='ltr'>ad</span> <span class='ocrx_word' id='word_1_90' title='bbox 412 1329 550 1384; x_wconf 89' lang='lat' dir='ltr'>quos</span> <span class='ocrx_word' id='word_1_91' title='bbox 564 1312 837 1383; x_wconf 87' lang='lat' dir='ltr'>episcopi,</span> <span class='ocrx_word' id='word_1_92' title='bbox 855 1311 900 1366; x_wconf 91' lang='lat' dir='ltr'>si</span> <span class='ocrx_word' id='word_1_93' title='bbox 916 1327 1146 1367; x_wconf 86' lang='lat' dir='ltr'>necesse</span> <span class='ocrx_word' id='word_1_94' title='bbox 1167 1310 1361 1378; x_wconf 89' lang='lat' dir='ltr'>fuerit,</span> <span class='ocrx_word' id='word_1_95' title='bbox 1379 1312 1774 1384; x_wconf 81' lang='lat' dir='ltr'>confugerent,</span> 
     </span>
    </p>
   </div>
   <div class='ocr_carea' id='block_1_13' title="bbox 208 1403 1776 1477">
    <p class='ocr_par' dir='ltr' id='par_1_13' title="bbox 208 1403 1776 1477">
     <span class='ocr_line' id='line_1_13' title="bbox 208 1403 1776 1477; baseline 0 -17"><span class='ocrx_word' id='word_1_96' title='bbox 208 1422 375 1477; x_wconf 84' lang='lat' dir='ltr'>eosque</span> <span class='ocrx_word' id='word_1_97' title='bbox 402 1403 776 1476; x_wconf 86' lang='lat' dir='ltr'>appellarent,</span> <span class='ocrx_word' id='word_1_98' title='bbox 807 1409 864 1459; x_wconf 92' lang='lat' dir='ltr'>et</span> <span class='ocrx_word' id='word_1_99' title='bbox 887 1403 997 1476; x_wconf 91' lang='lat' dir='ltr'>ipsi</span> <span class='ocrx_word' id='word_1_100' title='bbox 1023 1403 1338 1474; x_wconf 84' lang='lat' dir='ltr'>primatum</span> <span class='ocrx_word' id='word_1_101' title='bbox 1362 1404 1598 1462; x_wconf 89' lang='lat' dir='ltr'>nomine</span> <span class='ocrx_word' id='word_1_102' title='bbox 1625 1405 1776 1460; x_wconf 87' lang='lat' dir='ltr'>frue-</span> 
     </span>
    </p>
   </div>
   <div class='ocr_carea' id='block_1_14' title="bbox 205 1496 1778 1569">
    <p class='ocr_par' dir='ltr' id='par_1_14' title="bbox 205 1496 1778 1569">
     <span class='ocr_line' id='line_1_14' title="bbox 205 1496 1778 1569; baseline -0.001 -16"><span class='ocrx_word' id='word_1_103' title='bbox 205 1503 379 1564; x_wconf 78' lang='lat' dir='ltr'>rentur,</span> <span class='ocrx_word' id='word_1_104' title='bbox 417 1501 469 1552; x_wconf 89' lang='lat' dir='ltr'>et</span> <span class='ocrx_word' id='word_1_105' title='bbox 514 1514 630 1552; x_wconf 91' lang='lat' dir='ltr'>non</span> <span class='ocrx_word' id='word_1_106' title='bbox 684 1496 800 1550; x_wconf 91' lang='lat' dir='ltr'>alii.</span> <span class='ocrx_word' id='word_1_107' title='bbox 839 1497 1096 1568; x_wconf 68' lang='lat' dir='ltr'>Reliqua:</span> <span class='ocrx_word' id='word_1_108' title='bbox 1140 1513 1275 1553; x_wconf 89' lang='lat' dir='ltr'>vero</span> <span class='ocrx_word' id='word_1_109' title='bbox 1324 1497 1778 1569; x_wconf 75' lang='lat' dir='ltr'>metropolitanae</span> 
     </span>
    </p>
   </div>
   <div class='ocr_carea' id='block_1_15' title="bbox 205 1589 1778 1661">
    <p class='ocr_par' dir='ltr' id='par_1_15' title="bbox 205 1589 1778 1661">
     <span class='ocr_line' id='line_1_15' title="bbox 205 1589 1778 1661; baseline 0.002 -17"><span class='ocrx_word' id='word_1_110' title='bbox 205 1591 428 1657; x_wconf 85' lang='lat' dir='ltr'>civitates,</span> <span class='ocrx_word' id='word_1_111' title='bbox 462 1607 589 1661; x_wconf 65' lang='lat' dir='ltr'>quas</span> <span class='ocrx_word' id='word_1_112' title='bbox 625 1590 876 1644; x_wconf 88' lang='lat' dir='ltr'>minores</span> <span class='ocrx_word' id='word_1_113' title='bbox 910 1589 1132 1660; x_wconf 87' lang='lat' dir='ltr'>judices</span> <span class='ocrx_word' id='word_1_114' title='bbox 1159 1589 1470 1658; x_wconf 87' lang='lat' dir='ltr'>habebant,</span> <span class='ocrx_word' id='word_1_115' title='bbox 1501 1591 1634 1646; x_wconf 91' lang='lat' dir='ltr'>licet</span> <span class='ocrx_word' id='word_1_116' title='bbox 1660 1607 1778 1647; x_wconf 87' lang='lat' dir='ltr'>ma-</span> 
     </span>
    </p>
   </div>
   <div class='ocr_carea' id='block_1_16' title="bbox 198 1682 1778 1756">
    <p class='ocr_par' dir='ltr' id='par_1_16' title="bbox 198 1682 1778 1756">
     <span class='ocr_line' id='line_1_16' title="bbox 198 1682 1778 1756; baseline 0.001 -18"><span class='ocrx_word' id='word_1_117' title='bbox 198 1687 316 1754; x_wconf 88' lang='lat' dir='ltr'>jores</span> <span class='ocrx_word' id='word_1_118' title='bbox 370 1683 662 1738; x_wconf 87' lang='lat' dir='ltr'>comitibus</span> <span class='ocrx_word' id='word_1_119' title='bbox 711 1685 918 1751; x_wconf 84' lang='lat' dir='ltr'>essent,</span> <span class='ocrx_word' id='word_1_120' title='bbox 977 1682 1260 1740; x_wconf 87' lang='lat' dir='ltr'>haberent</span> <span class='ocrx_word' id='word_1_121' title='bbox 1307 1683 1778 1756; x_wconf 87' lang='lat' dir='ltr'>metropolitanos</span> 
     </span>
    </p>
   </div>
   <div class='ocr_carea' id='block_1_17' title="bbox 1875 476 3499 548">
    <p class='ocr_par' dir='ltr' id='par_1_17' title="bbox 1875 476 3499 548">
     <span class='ocr_line' id='line_1_17' title="bbox 1875 476 3499 548; baseline 0.002 -16"><span class='ocrx_word' id='word_1_122' title='bbox 1875 477 2246 548; x_wconf 78' lang='lat' dir='ltr'>praedicanda,</span> <span class='ocrx_word' id='word_1_123' title='bbox 2305 493 2369 531; x_wconf 90' lang='lat' dir='ltr'>ac</span> <span class='ocrx_word' id='word_1_124' title='bbox 2419 477 2631 532; x_wconf 88' lang='lat' dir='ltr'>cunctis</span> <span class='ocrx_word' id='word_1_125' title='bbox 2673 476 2934 533; x_wconf 83' lang='lat' dir='ltr'>ﬁdelibus</span> <span class='ocrx_word' id='word_1_126' title='bbox 2991 478 3272 535; x_wconf 89' lang='lat' dir='ltr'>tradenda</span> <span class='ocrx_word' id='word_1_127' title='bbox 3328 497 3499 536; x_wconf 89' lang='lat' dir='ltr'>man-</span> 
     </span>
    </p>
   </div>
   <div class='ocr_carea' id='block_1_18' title="bbox 1876 570 3500 644">
    <p class='ocr_par' dir='ltr' id='par_1_18' title="bbox 1876 570 3500 644">
     <span class='ocr_line' id='line_1_18' title="bbox 1876 570 3500 644; baseline 0.003 -20"><span class='ocrx_word' id='word_1_128' title='bbox 1876 570 2094 637; x_wconf 88' lang='lat' dir='ltr'>damus,</span> <span class='ocrx_word' id='word_1_129' title='bbox 2124 587 2196 627; x_wconf 91' lang='lat' dir='ltr'>ne</span> <span class='ocrx_word' id='word_1_130' title='bbox 2223 574 2515 640; x_wconf 88' lang='lat' dir='ltr'>pastorum</span> <span class='ocrx_word' id='word_1_131' title='bbox 2543 570 2828 641; x_wconf 89' lang='lat' dir='ltr'>imperitia</span> <span class='ocrx_word' id='word_1_132' title='bbox 2859 571 2958 643; x_wconf 87' lang='lat' dir='ltr'>qui</span> <span class='ocrx_word' id='word_1_133' title='bbox 2992 575 3309 644; x_wconf 86' lang='lat' dir='ltr'>sequuntur</span> <span class='ocrx_word' id='word_1_134' title='bbox 3335 573 3500 629; x_wconf 83' lang='lat' dir='ltr'>dete-</span> 
     </span>
    </p>
   </div>
   <div class='ocr_carea' id='block_1_19' title="bbox 1877 663 3500 738">
    <p class='ocr_par' dir='ltr' id='par_1_19' title="bbox 1877 663 3500 738">
     <span class='ocr_line' id='line_1_19' title="bbox 1877 663 3500 738; baseline 0.003 -22"><span class='ocrx_word' id='word_1_135' title='bbox 1877 664 2058 720; x_wconf 87' lang='lat' dir='ltr'>riores</span> <span class='ocrx_word' id='word_1_136' title='bbox 2085 663 2247 732; x_wconf 88' lang='lat' dir='ltr'>liant,</span> <span class='ocrx_word' id='word_1_137' title='bbox 2266 663 2490 718; x_wconf 88' lang='lat' dir='ltr'>dicente</span> <span class='ocrx_word' id='word_1_138' title='bbox 2511 663 2757 718; x_wconf 89' lang='lat' dir='ltr'>Domino</span> <span class='ocrx_word' id='word_1_139' title='bbox 2775 680 2881 735; x_wconf 89' lang='lat' dir='ltr'>per</span> <span class='ocrx_word' id='word_1_140' title='bbox 2904 665 3243 736; x_wconf 87' lang='lat' dir='ltr'>prophetam</span> <span class='ocrx_word' id='word_1_141' title='bbox 3277 683 3290 723; x_wconf 89' lang='lat'><strong>:</strong></span> <span class='ocrx_word' id='word_1_142' title='bbox 3330 687 3358 716; x_wconf 87' lang='lat'><strong>«</strong></span> <span class='ocrx_word' id='word_1_143' title='bbox 3388 667 3500 738; x_wconf 88' lang='lat' dir='ltr'>Ipsi</span> 
     </span>
    </p>
   </div>
   <div class='ocr_carea' id='block_1_20' title="bbox 1876 756 3499 830">
    <p class='ocr_par' dir='ltr' id='par_1_20' title="bbox 1876 756 3499 830">
     <span class='ocr_line' id='line_1_20' title="bbox 1876 756 3499 830; baseline 0.001 -20"><span class='ocrx_word' id='word_1_144' title='bbox 1876 759 2133 828; x_wconf 90' lang='lat' dir='ltr'>pastores</span> <span class='ocrx_word' id='word_1_145' title='bbox 2149 756 2557 828; x_wconf 84' lang='lat' dir='ltr'>ignoraverunt</span> <span class='ocrx_word' id='word_1_146' title='bbox 2580 756 3020 827; x_wconf 85' lang='lat' dir='ltr'>intelligentiam</span> <span class='ocrx_word' id='word_1_147' title='bbox 3043 757 3191 829; x_wconf 79' lang='grc' dir='ltr'>(1εαί.</span> <span class='ocrx_word' id='word_1_148' title='bbox 3209 775 3316 827; x_wconf 72' lang='lat' dir='ltr'>va,</span> <span class='ocrx_word' id='word_1_149' title='bbox 3339 761 3444 830; x_wconf 83' lang='lat' dir='ltr'>ll),</span> <span class='ocrx_word' id='word_1_150' title='bbox 3469 778 3499 812; x_wconf 68' lang='grc' dir='ltr'><strong><em>ν</em></strong></span> 
     </span>
    </p>
   </div>
   <div class='ocr_carea' id='block_1_21' title="bbox 1877 849 3503 921">
    <p class='ocr_par' dir='ltr' id='par_1_21' title="bbox 1877 849 3503 921">
     <span class='ocr_line' id='line_1_21' title="bbox 1877 849 3503 921; baseline 0.003 -17"><span class='ocrx_word' id='word_1_151' title='bbox 1877 866 2016 921; x_wconf 92' lang='lat' dir='ltr'>quos</span> <span class='ocrx_word' id='word_1_152' title='bbox 2035 867 2231 904; x_wconf 90' lang='lat' dir='ltr'>rursus</span> <span class='ocrx_word' id='word_1_153' title='bbox 2253 849 2524 905; x_wconf 92' lang='lat' dir='ltr'>Dominus</span> <span class='ocrx_word' id='word_1_154' title='bbox 2543 849 2876 918; x_wconf 82' lang='lat' dir='ltr'>detestatur,</span> <span class='ocrx_word' id='word_1_155' title='bbox 2909 851 3104 906; x_wconf 89' lang='lat' dir='ltr'>dicens</span> <span class='ocrx_word' id='word_1_156' title='bbox 3126 868 3139 905; x_wconf 89' lang='lat'>:</span> <span class='ocrx_word' id='word_1_157' title='bbox 3167 873 3196 902; x_wconf 87' lang='lat'><strong>«</strong></span> <span class='ocrx_word' id='word_1_158' title='bbox 3225 854 3293 909; x_wconf 88' lang='lat' dir='ltr'>Et</span> <span class='ocrx_word' id='word_1_159' title='bbox 3309 856 3503 910; x_wconf 80' lang='lat' dir='ltr'>tenen-</span> 
     </span>
    </p>
   </div>
   <div class='ocr_carea' id='block_1_22' title="bbox 1877 941 3499 1017">
    <p class='ocr_par' dir='ltr' id='par_1_22' title="bbox 1877 941 3499 1017">
     <span class='ocr_line' id='line_1_22' title="bbox 1877 941 3499 1017; baseline 0.002 -19"><span class='ocrx_word' id='word_1_160' title='bbox 1877 948 1962 998; x_wconf 92' lang='lat' dir='ltr'>tes</span> <span class='ocrx_word' id='word_1_161' title='bbox 1998 943 2187 1014; x_wconf 86' lang='lat' dir='ltr'>legem</span> <span class='ocrx_word' id='word_1_162' title='bbox 2216 941 2536 998; x_wconf 89' lang='lat' dir='ltr'>nescierunt</span> <span class='ocrx_word' id='word_1_163' title='bbox 2573 958 2667 996; x_wconf 90' lang='lat' dir='ltr'>me</span> <span class='ocrx_word' id='word_1_164' title='bbox 2698 941 2827 1012; x_wconf 81' lang='lat' dir='ltr'>(Ier.</span> <span class='ocrx_word' id='word_1_165' title='bbox 2859 959 2919 1011; x_wconf 92' lang='grc' dir='ltr'>ιι,</span> <span class='ocrx_word' id='word_1_166' title='bbox 2949 946 3022 1014; x_wconf 89' lang='grc'>8).</span> <span class='ocrx_word' id='word_1_167' title='bbox 3057 965 3085 992; x_wconf 87' lang='lat'><strong>»</strong></span> <span class='ocrx_word' id='word_1_168' title='bbox 3115 945 3324 1000; x_wconf 89' lang='lat' dir='ltr'>Nesciri</span> <span class='ocrx_word' id='word_1_169' title='bbox 3362 961 3499 1017; x_wconf 89' lang='lat' dir='ltr'>ergo</span> 
     </span>
    </p>
   </div>
   <div class='ocr_carea' id='block_1_23' title="bbox 1877 1034 3504 1109">
    <p class='ocr_par' dir='ltr' id='par_1_23' title="bbox 1877 1034 3504 1109">
     <span class='ocr_line' id='line_1_23' title="bbox 1877 1034 3504 1109; baseline 0.004 -21"><span class='ocrx_word' id='word_1_170' title='bbox 1877 1035 2081 1091; x_wconf 84' lang='lat' dir='ltr'>veritas</span> <span class='ocrx_word' id='word_1_171' title='bbox 2107 1052 2166 1089; x_wconf 90' lang='lat' dir='ltr'>se</span> <span class='ocrx_word' id='word_1_172' title='bbox 2195 1035 2265 1089; x_wconf 90' lang='lat' dir='ltr'>ab</span> <span class='ocrx_word' id='word_1_173' title='bbox 2289 1034 2368 1089; x_wconf 91' lang='lat' dir='ltr'>eis</span> <span class='ocrx_word' id='word_1_174' title='bbox 2389 1034 2777 1105; x_wconf 88' lang='lat' dir='ltr'>conqueritur,</span> <span class='ocrx_word' id='word_1_175' title='bbox 2800 1039 2856 1091; x_wconf 91' lang='lat' dir='ltr'>et</span> <span class='ocrx_word' id='word_1_176' title='bbox 2887 1036 3104 1093; x_wconf 89' lang='lat' dir='ltr'>nescire</span> <span class='ocrx_word' id='word_1_177' title='bbox 3131 1053 3190 1090; x_wconf 90' lang='lat' dir='ltr'>se</span> <span class='ocrx_word' id='word_1_178' title='bbox 3221 1037 3504 1109; x_wconf 84' lang='lat' dir='ltr'>principa-</span> 
     </span>
    </p>
   </div>
   <div class='ocr_carea' id='block_1_24' title="bbox 1877 1125 3507 1201">
    <p class='ocr_par' dir='ltr' id='par_1_24' title="bbox 1877 1125 3507 1201">
     <span class='ocr_line' id='line_1_24' title="bbox 1877 1125 3507 1201; baseline 0.001 -17"><span class='ocrx_word' id='word_1_179' title='bbox 1877 1132 1999 1184; x_wconf 89' lang='lat' dir='ltr'>tum</span> <span class='ocrx_word' id='word_1_180' title='bbox 2027 1127 2404 1184; x_wconf 90' lang='lat' dir='ltr'>nescientium</span> <span class='ocrx_word' id='word_1_181' title='bbox 2423 1131 2787 1198; x_wconf 78' lang='lat' dir='ltr'>protestetur,</span> <span class='ocrx_word' id='word_1_182' title='bbox 2807 1127 2937 1199; x_wconf 90' lang='lat' dir='ltr'>quia</span> <span class='ocrx_word' id='word_1_183' title='bbox 2959 1129 3210 1200; x_wconf 88' lang='lat' dir='ltr'>profecto</span> <span class='ocrx_word' id='word_1_184' title='bbox 3232 1129 3293 1185; x_wconf 90' lang='lat' dir='ltr'>hi</span> <span class='ocrx_word' id='word_1_185' title='bbox 3319 1125 3417 1201; x_wconf 77' lang='lat' dir='ltr'>q’ui</span> <span class='ocrx_word' id='word_1_186' title='bbox 3440 1148 3507 1186; x_wconf 89' lang='lat' dir='ltr'>ea</span> 
     </span>
    </p>
   </div>
   <div class='ocr_carea' id='block_1_25' title="bbox 1878 1220 3507 1292">
    <p class='ocr_par' dir='ltr' id='par_1_25' title="bbox 1878 1220 3507 1292">
     <span class='ocr_line' id='line_1_25' title="bbox 1878 1220 3507 1292; baseline 0.002 -16"><span class='ocrx_word' id='word_1_187' title='bbox 1878 1237 2007 1292; x_wconf 81' lang='lat' dir='ltr'>quae</span> <span class='ocrx_word' id='word_1_188' title='bbox 2041 1225 2171 1277; x_wconf 90' lang='lat' dir='ltr'>sunt</span> <span class='ocrx_word' id='word_1_189' title='bbox 2213 1220 2444 1276; x_wconf 90' lang='lat' dir='ltr'>Domini</span> <span class='ocrx_word' id='word_1_190' title='bbox 2473 1221 2746 1289; x_wconf 90' lang='lat' dir='ltr'>nesciunt,</span> <span class='ocrx_word' id='word_1_191' title='bbox 2792 1237 2827 1276; x_wconf 90' lang='lat' dir='ltr'>a</span> <span class='ocrx_word' id='word_1_192' title='bbox 2859 1222 3106 1278; x_wconf 89' lang='lat' dir='ltr'>Domino</span> <span class='ocrx_word' id='word_1_193' title='bbox 3153 1222 3507 1291; x_wconf 87' lang='lat' dir='ltr'>nesciuntur,</span> 
     </span>
    </p>
   </div>
   <div class='ocr_carea' id='block_1_26' title="bbox 1876 1313 3509 1388">
    <p class='ocr_par' dir='ltr' id='par_1_26' title="bbox 1876 1313 3509 1388">
     <span class='ocr_line' id='line_1_26' title="bbox 1876 1313 3509 1388; baseline 0.001 -18"><span class='ocrx_word' id='word_1_194' title='bbox 1876 1315 2050 1371; x_wconf 90' lang='lat' dir='ltr'>Paulo</span> <span class='ocrx_word' id='word_1_195' title='bbox 2083 1317 2406 1381; x_wconf 88' lang='lat' dir='ltr'>attestante,</span> <span class='ocrx_word' id='word_1_196' title='bbox 2443 1313 2540 1385; x_wconf 91' lang='lat' dir='ltr'>qui</span> <span class='ocrx_word' id='word_1_197' title='bbox 2583 1313 2698 1369; x_wconf 89' lang='lat' dir='ltr'>ait:</span> <span class='ocrx_word' id='word_1_198' title='bbox 2736 1335 2764 1364; x_wconf 84' lang='lat'><strong>«</strong></span> <span class='ocrx_word' id='word_1_199' title='bbox 2797 1314 2856 1370; x_wconf 91' lang='lat' dir='ltr'>Si</span> <span class='ocrx_word' id='word_1_200' title='bbox 2897 1315 3024 1386; x_wconf 87' lang='lat' dir='ltr'>quis</span> <span class='ocrx_word' id='word_1_201' title='bbox 3069 1315 3314 1387; x_wconf 87' lang='lat' dir='ltr'>ignorat,</span> <span class='ocrx_word' id='word_1_202' title='bbox 3346 1315 3509 1388; x_wconf 90' lang='lat' dir='ltr'>igno-</span> 
     </span>
    </p>
   </div>
   <div class='ocr_carea' id='block_1_27' title="bbox 1878 1402 3506 1473">
    <p class='ocr_par' dir='ltr' id='par_1_27' title="bbox 1878 1402 3506 1473">
     <span class='ocr_line' id='line_1_27' title="bbox 1878 1402 3506 1473; baseline 0.002 -15"><span class='ocrx_word' id='word_1_203' title='bbox 1878 1404 2095 1460; x_wconf 89' lang='lat' dir='ltr'>rabitur</span> <span class='ocrx_word' id='word_1_204' title='bbox 2124 1403 2173 1473; x_wconf 91' lang='grc' dir='ltr'>(Ι</span> <span class='ocrx_word' id='word_1_205' title='bbox 2211 1402 2332 1460; x_wconf 87' lang='lat' dir='ltr'>Cor.</span> <span class='ocrx_word' id='word_1_206' title='bbox 2382 1419 2492 1470; x_wconf 81' lang='lat' dir='ltr'>le,</span> <span class='ocrx_word' id='word_1_207' title='bbox 2541 1402 2629 1473; x_wconf 89' lang='lat'>38)</span> <span class='ocrx_word' id='word_1_208' title='bbox 2659 1419 2673 1458; x_wconf 90' lang='lat'><strong>:</strong></span> <span class='ocrx_word' id='word_1_209' title='bbox 2703 1422 2730 1454; x_wconf 73' lang='grc' dir='ltr'>ι)</span> <span class='ocrx_word' id='word_1_210' title='bbox 2784 1403 2919 1460; x_wconf 91' lang='lat' dir='ltr'>hinc</span> <span class='ocrx_word' id='word_1_211' title='bbox 2962 1409 3021 1460; x_wconf 91' lang='lat' dir='ltr'>et</span> <span class='ocrx_word' id='word_1_212' title='bbox 3055 1405 3354 1461; x_wconf 87' lang='lat' dir='ltr'>Psalmista</span> <span class='ocrx_word' id='word_1_213' title='bbox 3392 1423 3506 1462; x_wconf 88' lang='lat' dir='ltr'>non</span> 
     </span>
    </p>
   </div>
   <div class='ocr_carea' id='block_1_28' title="bbox 1877 1495 3506 1569">
    <p class='ocr_par' dir='ltr' id='par_1_28' title="bbox 1877 1495 3506 1569">
     <span class='ocr_line' id='line_1_28' title="bbox 1877 1495 3506 1569; baseline 0.001 -16"><span class='ocrx_word' id='word_1_214' title='bbox 1877 1495 2126 1568; x_wconf 88' lang='lat' dir='ltr'>optantis</span> <span class='ocrx_word' id='word_1_215' title='bbox 2151 1495 2365 1564; x_wconf 90' lang='lat' dir='ltr'>animo,</span> <span class='ocrx_word' id='word_1_216' title='bbox 2398 1496 2499 1550; x_wconf 91' lang='lat' dir='ltr'>sed</span> <span class='ocrx_word' id='word_1_217' title='bbox 2541 1496 2931 1567; x_wconf 86' lang='lat' dir='ltr'>prophetantis</span> <span class='ocrx_word' id='word_1_218' title='bbox 2961 1499 3252 1569; x_wconf 89' lang='lat' dir='ltr'>mysterio,</span> <span class='ocrx_word' id='word_1_219' title='bbox 3284 1499 3506 1555; x_wconf 87' lang='lat' dir='ltr'>denun-</span> 
     </span>
    </p>
   </div>
   <div class='ocr_carea' id='block_1_29' title="bbox 1878 1588 3512 1661">
    <p class='ocr_par' dir='ltr' id='par_1_29' title="bbox 1878 1588 3512 1661">
     <span class='ocr_line' id='line_1_29' title="bbox 1878 1588 3512 1661; baseline 0.002 -17"><span class='ocrx_word' id='word_1_220' title='bbox 1878 1590 2000 1659; x_wconf 89' lang='lat' dir='ltr'>tiat,</span> <span class='ocrx_word' id='word_1_221' title='bbox 2025 1589 2218 1648; x_wconf 88' lang='lat' dir='ltr'>dicens</span> <span class='ocrx_word' id='word_1_222' title='bbox 2242 1605 2255 1645; x_wconf 89' lang='lat'><strong>:</strong></span> <span class='ocrx_word' id='word_1_223' title='bbox 2282 1608 2310 1641; x_wconf 84' lang='lat'>«</span> <span class='ocrx_word' id='word_1_224' title='bbox 2328 1588 2712 1650; x_wconf 83' lang='lat' dir='ltr'>Obscurentur</span> <span class='ocrx_word' id='word_1_225' title='bbox 2731 1589 2878 1646; x_wconf 89' lang='lat' dir='ltr'>oculi</span> <span class='ocrx_word' id='word_1_226' title='bbox 2891 1606 3089 1648; x_wconf 89' lang='lat' dir='ltr'>eorum</span> <span class='ocrx_word' id='word_1_227' title='bbox 3098 1608 3172 1648; x_wconf 89' lang='lat' dir='ltr'>ne</span> <span class='ocrx_word' id='word_1_228' title='bbox 3192 1591 3438 1661; x_wconf 88' lang='lat' dir='ltr'>videant,</span> <span class='ocrx_word' id='word_1_229' title='bbox 3454 1599 3512 1648; x_wconf 91' lang='lat' dir='ltr'>et</span> 
     </span>
    </p>
   </div>
   <div class='ocr_carea' id='block_1_30' title="bbox 1879 1682 3506 1755">
    <p class='ocr_par' dir='ltr' id='par_1_30' title="bbox 1879 1682 3506 1755">
     <span class='ocr_line' id='line_1_30' title="bbox 1879 1682 3506 1755; baseline -0.002 -17"><span class='ocrx_word' id='word_1_230' title='bbox 1879 1683 2116 1740; x_wconf 89' lang='lat' dir='ltr'>dorsum</span> <span class='ocrx_word' id='word_1_231' title='bbox 2154 1699 2358 1739; x_wconf 89' lang='lat' dir='ltr'>eorum</span> <span class='ocrx_word' id='word_1_232' title='bbox 2388 1699 2621 1755; x_wconf 89' lang='lat' dir='ltr'>semper</span> <span class='ocrx_word' id='word_1_233' title='bbox 2647 1682 2882 1739; x_wconf 88' lang='lat' dir='ltr'>incurva</span> <span class='ocrx_word' id='word_1_234' title='bbox 2921 1684 3087 1754; x_wconf 85' lang='lat' dir='ltr'>(Psal.</span> <span class='ocrx_word' id='word_1_235' title='bbox 3116 1701 3302 1753; x_wconf 83' lang='lat' dir='ltr'>vam,</span> <span class='ocrx_word' id='word_1_236' title='bbox 3329 1688 3415 1754; x_wconf 81' lang='grc'>24)</span> <span class='ocrx_word' id='word_1_237' title='bbox 3432 1704 3448 1755; x_wconf 83' lang='grc'><strong>;</strong></span> <span class='ocrx_word' id='word_1_238' title='bbox 3478 1708 3506 1735; x_wconf 82' lang='grc'><strong>››</strong></span> 
     </span>
    </p>
   </div>
   <div class='ocr_carea' id='block_1_31' title="bbox 204 1759 3509 1851">
    <p class='ocr_par' dir='ltr' id='par_1_31' title="bbox 204 1759 3509 1851">
     <span class='ocr_line' id='line_1_31' title="bbox 204 1759 3509 1851; baseline 0.001 -20"><span class='ocrx_word' id='word_1_239' title='bbox 204 1793 321 1845; x_wconf 86' lang='lat' dir='ltr'>suos,</span> <span class='ocrx_word' id='word_1_240' title='bbox 340 1777 427 1848; x_wconf 89' lang='lat' dir='ltr'>qui</span> <span class='ocrx_word' id='word_1_241' title='bbox 443 1775 730 1847; x_wconf 70' lang='lat' dir='ltr'>prmdictis</span> <span class='ocrx_word' id='word_1_242' title='bbox 749 1776 904 1846; x_wconf 86' lang='lat' dir='ltr'>juste</span> <span class='ocrx_word' id='word_1_243' title='bbox 928 1774 1228 1831; x_wconf 89' lang='lat' dir='ltr'>obedirent</span> <span class='ocrx_word' id='word_1_244' title='bbox 1250 1775 1608 1847; x_wconf 89' lang='lat' dir='ltr'>primatibus,</span> <span class='ocrx_word' id='word_1_245' title='bbox 1635 1778 1780 1832; x_wconf 90' lang='lat' dir='ltr'>sicut</span> <span class='ocrx_word' id='word_1_246' title='bbox 1799 1759 1855 1832; x_wconf 84' lang='lat' dir='ltr'><strong>B</strong></span> <span class='ocrx_word' id='word_1_247' title='bbox 1878 1775 2191 1832; x_wconf 88' lang='lat' dir='ltr'>obscuratis</span> <span class='ocrx_word' id='word_1_248' title='bbox 2229 1791 2368 1847; x_wconf 90' lang='lat' dir='ltr'>ergo</span> <span class='ocrx_word' id='word_1_249' title='bbox 2407 1775 2601 1842; x_wconf 91' lang='lat' dir='ltr'>oculis,</span> <span class='ocrx_word' id='word_1_250' title='bbox 2651 1776 2886 1832; x_wconf 90' lang='lat' dir='ltr'>dorsum</span> <span class='ocrx_word' id='word_1_251' title='bbox 2925 1776 3192 1846; x_wconf 89' lang='lat' dir='ltr'>ﬂectitur,</span> <span class='ocrx_word' id='word_1_252' title='bbox 3220 1778 3509 1851; x_wconf 84' lang='lat' dir='ltr'>quoniam</span> 
     </span>
    </p>
   </div>
   <div class='ocr_carea' id='block_1_32' title="bbox 202 1867 1779 1940">
    <p class='ocr_par' dir='ltr' id='par_1_32' title="bbox 202 1867 1779 1940">
     <span class='ocr_line' id='line_1_32' title="bbox 202 1867 1779 1940; baseline 0.002 -18"><span class='ocrx_word' id='word_1_253' title='bbox 202 1872 245 1923; x_wconf 88' lang='lat' dir='ltr'>in</span> <span class='ocrx_word' id='word_1_254' title='bbox 265 1869 454 1940; x_wconf 86' lang='lat' dir='ltr'>legibus</span> <span class='ocrx_word' id='word_1_255' title='bbox 479 1867 670 1923; x_wconf 67' lang='lat' dir='ltr'>seaculi</span> <span class='ocrx_word' id='word_1_256' title='bbox 699 1867 836 1922; x_wconf 90' lang='lat' dir='ltr'>olim</span> <span class='ocrx_word' id='word_1_257' title='bbox 865 1868 1193 1922; x_wconf 89' lang='lat' dir='ltr'>ordinatum</span> <span class='ocrx_word' id='word_1_258' title='bbox 1224 1873 1369 1938; x_wconf 92' lang='lat' dir='ltr'>erat,</span> <span class='ocrx_word' id='word_1_259' title='bbox 1395 1868 1497 1940; x_wconf 91' lang='lat' dir='ltr'>qui</span> <span class='ocrx_word' id='word_1_260' title='bbox 1519 1887 1631 1924; x_wconf 90' lang='lat' dir='ltr'>non</span> <span class='ocrx_word' id='word_1_261' title='bbox 1663 1871 1779 1940; x_wconf 89' lang='lat' dir='ltr'>pri-</span> 
     </span>
    </p>
   </div>
   <div class='ocr_carea' id='block_1_33' title="bbox 202 1961 1778 2034">
    <p class='ocr_par' dir='ltr' id='par_1_33' title="bbox 202 1961 1778 2034">
     <span class='ocr_line' id='line_1_33' title="bbox 202 1961 1778 2034; baseline 0 -18"><span class='ocrx_word' id='word_1_262' title='bbox 202 1965 398 2027; x_wconf 85' lang='lat' dir='ltr'>matum,</span> <span class='ocrx_word' id='word_1_263' title='bbox 432 1962 523 2016; x_wconf 87' lang='lat' dir='ltr'>sed</span> <span class='ocrx_word' id='word_1_264' title='bbox 566 1965 672 2015; x_wconf 89' lang='lat' dir='ltr'>aut</span> <span class='ocrx_word' id='word_1_265' title='bbox 709 1961 1312 2032; x_wconf 88' lang='lat' dir='ltr'>metropolitanorum,</span> <span class='ocrx_word' id='word_1_266' title='bbox 1361 1967 1460 2017; x_wconf 91' lang='lat' dir='ltr'>aut</span> <span class='ocrx_word' id='word_1_267' title='bbox 1495 1963 1778 2034; x_wconf 89' lang='lat' dir='ltr'>archiepi-</span> 
     </span>
    </p>
   </div>
   <div class='ocr_carea' id='block_1_34' title="bbox 200 2054 1782 2126">
    <p class='ocr_par' dir='ltr' id='par_1_34' title="bbox 200 2054 1782 2126">
     <span class='ocr_line' id='line_1_34' title="bbox 200 2054 1782 2126; baseline 0.001 -17"><span class='ocrx_word' id='word_1_268' title='bbox 200 2071 452 2126; x_wconf 84' lang='lat' dir='ltr'>scoporum</span> <span class='ocrx_word' id='word_1_269' title='bbox 488 2054 728 2110; x_wconf 88' lang='lat' dir='ltr'>nomine</span> <span class='ocrx_word' id='word_1_270' title='bbox 757 2054 1113 2124; x_wconf 86' lang='lat' dir='ltr'>fruerentur;</span> <span class='ocrx_word' id='word_1_271' title='bbox 1145 2058 1202 2109; x_wconf 93' lang='lat' dir='ltr'>et</span> <span class='ocrx_word' id='word_1_272' title='bbox 1231 2055 1364 2110; x_wconf 91' lang='lat' dir='ltr'>licet</span> <span class='ocrx_word' id='word_1_273' title='bbox 1392 2055 1632 2126; x_wconf 64' lang='lat' dir='ltr'>singula:</span> <span class='ocrx_word' id='word_1_274' title='bbox 1666 2072 1782 2111; x_wconf 86' lang='lat' dir='ltr'>me-</span> 
     </span>
    </p>
   </div>
   <div class='ocr_carea' id='block_1_35' title="bbox 203 2147 1781 2218">
    <p class='ocr_par' dir='ltr' id='par_1_35' title="bbox 203 2147 1781 2218">
     <span class='ocr_line' id='line_1_35' title="bbox 203 2147 1781 2218; baseline 0.002 -19"><span class='ocrx_word' id='word_1_275' title='bbox 203 2147 411 2218; x_wconf 84' lang='lat' dir='ltr'>tropoles</span> <span class='ocrx_word' id='word_1_276' title='bbox 443 2147 692 2203; x_wconf 83' lang='lat' dir='ltr'>civitates</span> <span class='ocrx_word' id='word_1_277' title='bbox 731 2163 862 2201; x_wconf 90' lang='lat' dir='ltr'>suas</span> <span class='ocrx_word' id='word_1_278' title='bbox 897 2147 1219 2218; x_wconf 88' lang='lat' dir='ltr'>provincias</span> <span class='ocrx_word' id='word_1_279' title='bbox 1260 2148 1533 2216; x_wconf 86' lang='lat' dir='ltr'>habeant,</span> <span class='ocrx_word' id='word_1_280' title='bbox 1567 2151 1625 2202; x_wconf 93' lang='lat' dir='ltr'>et</span> <span class='ocrx_word' id='word_1_281' title='bbox 1653 2165 1781 2203; x_wconf 91' lang='lat' dir='ltr'>suos</span> 
     </span>
    </p>
   </div>
   <div class='ocr_carea' id='block_1_36' title="bbox 198 2240 1779 2312">
    <p class='ocr_par' dir='ltr' id='par_1_36' title="bbox 198 2240 1779 2312">
     <span class='ocr_line' id='line_1_36' title="bbox 198 2240 1779 2312; baseline 0.001 -18"><span class='ocrx_word' id='word_1_282' title='bbox 198 2240 621 2311; x_wconf 80' lang='lat' dir='ltr'>metropolitanos</span> <span class='ocrx_word' id='word_1_283' title='bbox 653 2240 874 2311; x_wconf 89' lang='lat' dir='ltr'>judices</span> <span class='ocrx_word' id='word_1_284' title='bbox 916 2240 1129 2296; x_wconf 91' lang='lat' dir='ltr'>habere</span> <span class='ocrx_word' id='word_1_285' title='bbox 1176 2241 1426 2296; x_wconf 90' lang='lat' dir='ltr'>debeant</span> <span class='ocrx_word' id='word_1_286' title='bbox 1470 2241 1779 2312; x_wconf 87' lang='lat' dir='ltr'>episc0pos,</span> 
     </span>
    </p>
   </div>
   <div class='ocr_carea' id='block_1_37' title="bbox 198 2333 1780 2404">
    <p class='ocr_par' dir='ltr' id='par_1_37' title="bbox 198 2333 1780 2404">
     <span class='ocr_line' id='line_1_37' title="bbox 198 2333 1780 2404; baseline 0.002 -19"><span class='ocrx_word' id='word_1_287' title='bbox 198 2333 310 2386; x_wconf 91' lang='lat' dir='ltr'>sicut</span> <span class='ocrx_word' id='word_1_288' title='bbox 328 2333 468 2403; x_wconf 88' lang='lat' dir='ltr'>prius</span> <span class='ocrx_word' id='word_1_289' title='bbox 493 2333 978 2404; x_wconf 87' lang='lat' dir='ltr'>metropolitauos</span> <span class='ocrx_word' id='word_1_290' title='bbox 991 2333 1214 2404; x_wconf 90' lang='lat' dir='ltr'>judices</span> <span class='ocrx_word' id='word_1_291' title='bbox 1239 2333 1526 2390; x_wconf 88' lang='lat' dir='ltr'>habebant</span> <span class='ocrx_word' id='word_1_292' title='bbox 1546 2336 1780 2389; x_wconf 55' lang='lat' dir='ltr'>saecula-</span> 
     </span>
    </p>
   </div>
   <div class='ocr_carea' id='block_1_38' title="bbox 199 2426 1782 2497">
    <p class='ocr_par' dir='ltr' id='par_1_38' title="bbox 199 2426 1782 2497">
     <span class='ocr_line' id='line_1_38' title="bbox 199 2426 1782 2497; baseline 0.001 -17"><span class='ocrx_word' id='word_1_293' title='bbox 199 2442 277 2493; x_wconf 80' lang='lat' dir='ltr'>res,</span> <span class='ocrx_word' id='word_1_294' title='bbox 295 2426 543 2497; x_wconf 87' lang='lat' dir='ltr'>primates</span> <span class='ocrx_word' id='word_1_295' title='bbox 564 2431 791 2493; x_wconf 87' lang='lat' dir='ltr'>tamen,</span> <span class='ocrx_word' id='word_1_296' title='bbox 810 2430 875 2481; x_wconf 91' lang='lat' dir='ltr'>ut</span> <span class='ocrx_word' id='word_1_297' title='bbox 893 2427 1190 2497; x_wconf 71' lang='lat' dir='ltr'>praeﬁxum</span> <span class='ocrx_word' id='word_1_298' title='bbox 1201 2431 1305 2494; x_wconf 87' lang='lat' dir='ltr'>est,</span> <span class='ocrx_word' id='word_1_299' title='bbox 1320 2431 1379 2483; x_wconf 91' lang='lat' dir='ltr'>et</span> <span class='ocrx_word' id='word_1_300' title='bbox 1399 2430 1534 2482; x_wconf 90' lang='lat' dir='ltr'>tunc</span> <span class='ocrx_word' id='word_1_301' title='bbox 1550 2433 1608 2484; x_wconf 91' lang='lat' dir='ltr'>et</span> <span class='ocrx_word' id='word_1_302' title='bbox 1628 2444 1782 2482; x_wconf 90' lang='lat' dir='ltr'>nunc</span> 
     </span>
    </p>
   </div>
   <div class='ocr_carea' id='block_1_39' title="bbox 198 2519 1782 2592">
    <p class='ocr_par' dir='ltr' id='par_1_39' title="bbox 198 2519 1782 2592">
     <span class='ocr_line' id='line_1_39' title="bbox 198 2519 1782 2592; baseline 0.002 -19"><span class='ocrx_word' id='word_1_303' title='bbox 198 2519 362 2574; x_wconf 85' lang='lat' dir='ltr'>habere</span> <span class='ocrx_word' id='word_1_304' title='bbox 377 2521 540 2590; x_wconf 74' lang='lat' dir='ltr'>jussae</span> <span class='ocrx_word' id='word_1_305' title='bbox 567 2523 728 2586; x_wconf 88' lang='lat' dir='ltr'>sunt,</span> <span class='ocrx_word' id='word_1_306' title='bbox 757 2519 830 2574; x_wconf 90' lang='lat' dir='ltr'>ad</span> <span class='ocrx_word' id='word_1_307' title='bbox 856 2536 1001 2592; x_wconf 91' lang='lat' dir='ltr'>quos</span> <span class='ocrx_word' id='word_1_308' title='bbox 1033 2525 1163 2590; x_wconf 85' lang='lat' dir='ltr'>post</span> <span class='ocrx_word' id='word_1_309' title='bbox 1189 2520 1383 2575; x_wconf 90' lang='lat' dir='ltr'>sedem</span> <span class='ocrx_word' id='word_1_310' title='bbox 1410 2521 1782 2592; x_wconf 87' lang='lat' dir='ltr'>apostolicam</span> 
     </span>
    </p>
   </div>
   <div class='ocr_carea' id='block_1_40' title="bbox 196 2612 1780 2685">
    <p class='ocr_par' dir='ltr' id='par_1_40' title="bbox 196 2612 1780 2685">
     <span class='ocr_line' id='line_1_40' title="bbox 196 2612 1780 2685; baseline 0.003 -21"><span class='ocrx_word' id='word_1_311' title='bbox 196 2629 377 2667; x_wconf 84' lang='lat' dir='ltr'>summa</span> <span class='ocrx_word' id='word_1_312' title='bbox 414 2613 648 2684; x_wconf 84' lang='lat' dir='ltr'>negotia</span> <span class='ocrx_word' id='word_1_313' title='bbox 681 2612 1040 2680; x_wconf 88' lang='lat' dir='ltr'>conveniant,</span> <span class='ocrx_word' id='word_1_314' title='bbox 1081 2617 1144 2667; x_wconf 91' lang='lat' dir='ltr'>ut</span> <span class='ocrx_word' id='word_1_315' title='bbox 1174 2613 1386 2668; x_wconf 91' lang='lat' dir='ltr'>ibidem</span> <span class='ocrx_word' id='word_1_316' title='bbox 1425 2614 1630 2685; x_wconf 90' lang='lat' dir='ltr'>quibus</span> <span class='ocrx_word' id='word_1_317' title='bbox 1675 2631 1780 2668; x_wconf 91' lang='lat' dir='ltr'>ne-</span> 
     </span>
    </p>
   </div>
   <div class='ocr_carea' id='block_1_41' title="bbox 196 2704 1784 2776">
    <p class='ocr_par' dir='ltr' id='par_1_41' title="bbox 196 2704 1784 2776">
     <span class='ocr_line' id='line_1_41' title="bbox 196 2704 1784 2776; baseline 0.003 -22"><span class='ocrx_word' id='word_1_318' title='bbox 196 2721 314 2758; x_wconf 78' lang='lat' dir='ltr'>cesse</span> <span class='ocrx_word' id='word_1_319' title='bbox 358 2706 536 2774; x_wconf 84' lang='lat' dir='ltr'>fuerit,</span> <span class='ocrx_word' id='word_1_320' title='bbox 596 2707 944 2772; x_wconf 87' lang='lat' dir='ltr'>releventur,</span> <span class='ocrx_word' id='word_1_321' title='bbox 993 2709 1050 2760; x_wconf 89' lang='lat' dir='ltr'>et</span> <span class='ocrx_word' id='word_1_322' title='bbox 1091 2706 1244 2776; x_wconf 89' lang='lat' dir='ltr'>juste</span> <span class='ocrx_word' id='word_1_323' title='bbox 1293 2704 1682 2774; x_wconf 86' lang='lat' dir='ltr'>restituantur,</span> <span class='ocrx_word' id='word_1_324' title='bbox 1726 2708 1784 2761; x_wconf 92' lang='lat' dir='ltr'>et</span> 
     </span>
    </p>
   </div>
   <div class='ocr_carea' id='block_1_42' title="bbox 196 2797 1784 2870">
    <p class='ocr_par' dir='ltr' id='par_1_42' title="bbox 196 2797 1784 2870">
     <span class='ocr_line' id='line_1_42' title="bbox 196 2797 1784 2870; baseline 0.001 -19"><span class='ocrx_word' id='word_1_325' title='bbox 196 2798 238 2851; x_wconf 88' lang='lat' dir='ltr'>hi</span> <span class='ocrx_word' id='word_1_326' title='bbox 277 2799 361 2868; x_wconf 88' lang='lat' dir='ltr'>qui</span> <span class='ocrx_word' id='word_1_327' title='bbox 421 2799 638 2870; x_wconf 79' lang='lat' dir='ltr'>injuste</span> <span class='ocrx_word' id='word_1_328' title='bbox 701 2797 1124 2870; x_wconf 88' lang='lat' dir='ltr'>opprimuntur,</span> <span class='ocrx_word' id='word_1_329' title='bbox 1174 2799 1327 2869; x_wconf 87' lang='lat' dir='ltr'>juste</span> <span class='ocrx_word' id='word_1_330' title='bbox 1393 2800 1784 2855; x_wconf 87' lang='lat' dir='ltr'>reformentur</span> 
     </span>
    </p>
   </div>
   <div class='ocr_carea' id='block_1_43' title="bbox 194 2891 1782 2962">
    <p class='ocr_par' dir='ltr' id='par_1_43' title="bbox 194 2891 1782 2962">
     <span class='ocr_line' id='line_1_43' title="bbox 194 2891 1782 2962; baseline 0.004 -22"><span class='ocrx_word' id='word_1_331' title='bbox 194 2895 324 2959; x_wconf 83' lang='lat' dir='ltr'>atque</span> <span class='ocrx_word' id='word_1_332' title='bbox 338 2891 666 2959; x_wconf 84' lang='lat' dir='ltr'>fulciantur,</span> <span class='ocrx_word' id='word_1_333' title='bbox 689 2891 1198 2962; x_wconf 82' lang='lat' dir='ltr'>episcOporumque</span> <span class='ocrx_word' id='word_1_334' title='bbox 1220 2907 1425 2961; x_wconf 82' lang='lat' dir='ltr'>causae,</span> <span class='ocrx_word' id='word_1_335' title='bbox 1447 2896 1504 2946; x_wconf 86' lang='lat' dir='ltr'>et</span> <span class='ocrx_word' id='word_1_336' title='bbox 1522 2908 1782 2947; x_wconf 88' lang='lat' dir='ltr'>summo-</span> 
     </span>
    </p>
   </div>
   <div class='ocr_carea' id='block_1_44' title="bbox 196 2984 1784 3056">
    <p class='ocr_par' dir='ltr' id='par_1_44' title="bbox 196 2984 1784 3056">
     <span class='ocr_line' id='line_1_44' title="bbox 196 2984 1784 3056; baseline 0.003 -21"><span class='ocrx_word' id='word_1_337' title='bbox 196 2999 291 3036; x_wconf 88' lang='lat' dir='ltr'>rum</span> <span class='ocrx_word' id='word_1_338' title='bbox 326 2985 687 3055; x_wconf 84' lang='lat' dir='ltr'>negotiorum</span> <span class='ocrx_word' id='word_1_339' title='bbox 731 2984 952 3054; x_wconf 90' lang='lat' dir='ltr'>judicia</span> <span class='ocrx_word' id='word_1_340' title='bbox 1007 2985 1192 3054; x_wconf 80' lang='lat' dir='ltr'>(salva</span> <span class='ocrx_word' id='word_1_341' title='bbox 1246 2985 1573 3056; x_wconf 66' lang='lat' dir='ltr'>apostolicae</span> <span class='ocrx_word' id='word_1_342' title='bbox 1623 2986 1784 3040; x_wconf 90' lang='lat' dir='ltr'>Sedis</span> 
     </span>
    </p>
   </div>
   <div class='ocr_carea' id='block_1_45' title="bbox 195 3076 1780 3148">
    <p class='ocr_par' dir='ltr' id='par_1_45' title="bbox 195 3076 1780 3148">
     <span class='ocr_line' id='line_1_45' title="bbox 195 3076 1780 3148; baseline 0.004 -22"><span class='ocrx_word' id='word_1_343' title='bbox 195 3076 488 3148; x_wconf 81' lang='lat' dir='ltr'>auctoritate)</span> <span class='ocrx_word' id='word_1_344' title='bbox 527 3077 853 3148; x_wconf 87' lang='lat' dir='ltr'>justissime</span> <span class='ocrx_word' id='word_1_345' title='bbox 890 3078 1297 3132; x_wconf 86' lang='lat' dir='ltr'>terminentur.</span> <span class='ocrx_word' id='word_1_346' title='bbox 1352 3080 1478 3133; x_wconf 63' lang='lat' dir='ltr'>Haec</span> <span class='ocrx_word' id='word_1_347' title='bbox 1521 3078 1592 3132; x_wconf 90' lang='lat' dir='ltr'>ab</span> <span class='ocrx_word' id='word_1_348' title='bbox 1634 3078 1780 3132; x_wconf 89' lang='lat' dir='ltr'>anti-</span> 
     </span>
    </p>
   </div>
   <div class='ocr_carea' id='block_1_46' title="bbox 199 3168 1779 3242">
    <p class='ocr_par' dir='ltr' id='par_1_46' title="bbox 199 3168 1779 3242">
     <span class='ocr_line' id='line_1_46' title="bbox 199 3168 1779 3242; baseline 0.003 -21"><span class='ocrx_word' id='word_1_349' title='bbox 199 3168 310 3237; x_wconf 83' lang='lat' dir='ltr'>quis,</span> <span class='ocrx_word' id='word_1_350' title='bbox 330 3170 440 3223; x_wconf 69' lang='lat' dir='ltr'>haac</span> <span class='ocrx_word' id='word_1_351' title='bbox 464 3170 534 3224; x_wconf 89' lang='lat' dir='ltr'>ab</span> <span class='ocrx_word' id='word_1_352' title='bbox 561 3169 860 3242; x_wconf 87' lang='lat' dir='ltr'>apostolis,</span> <span class='ocrx_word' id='word_1_353' title='bbox 893 3170 1015 3224; x_wconf 63' lang='lat' dir='ltr'>hinc</span> <span class='ocrx_word' id='word_1_354' title='bbox 1044 3186 1078 3224; x_wconf 89' lang='lat' dir='ltr'>a</span> <span class='ocrx_word' id='word_1_355' title='bbox 1105 3169 1312 3225; x_wconf 86' lang='lat' dir='ltr'>sanctis</span> <span class='ocrx_word' id='word_1_356' title='bbox 1341 3171 1595 3241; x_wconf 89' lang='lat' dir='ltr'>patribus</span> <span class='ocrx_word' id='word_1_357' title='bbox 1618 3187 1779 3226; x_wconf 89' lang='lat' dir='ltr'>acce-</span> 
     </span>
    </p>
   </div>
   <div class='ocr_carea' id='block_1_47' title="bbox 198 3261 1782 3335">
    <p class='ocr_par' dir='ltr' id='par_1_47' title="bbox 198 3261 1782 3335">
     <span class='ocr_line' id='line_1_47' title="bbox 198 3261 1782 3335; baseline 0.003 -21"><span class='ocrx_word' id='word_1_358' title='bbox 198 3261 358 3331; x_wconf 85' lang='lat' dir='ltr'>pimus,</span> <span class='ocrx_word' id='word_1_359' title='bbox 387 3263 659 3335; x_wconf 85' lang='lat' dir='ltr'>vobisque</span> <span class='ocrx_word' id='word_1_360' title='bbox 694 3267 775 3331; x_wconf 90' lang='lat' dir='ltr'>(ut</span> <span class='ocrx_word' id='word_1_361' title='bbox 811 3262 1150 3334; x_wconf 87' lang='lat' dir='ltr'>postulastis)</span> <span class='ocrx_word' id='word_1_362' title='bbox 1187 3264 1450 3319; x_wconf 86' lang='lat' dir='ltr'>rimanda</span> <span class='ocrx_word' id='word_1_363' title='bbox 1487 3267 1546 3319; x_wconf 92' lang='lat' dir='ltr'>et</span> <span class='ocrx_word' id='word_1_364' title='bbox 1579 3264 1782 3319; x_wconf 90' lang='lat' dir='ltr'>futuris</span> 
     </span>
    </p>
   </div>
   <div class='ocr_carea' id='block_1_48' title="bbox 1803 3122 1857 3195">
    <p class='ocr_par' dir='ltr' id='par_1_48' title="bbox 1803 3122 1857 3195">
     <span class='ocr_line' id='line_1_48' title="bbox 1803 3122 1857 3195; baseline 0 0"><span class='ocrx_word' id='word_1_365' title='bbox 1803 3122 1857 3195; x_wconf 89' lang='lat' dir='ltr'>C</span> 
     </span>
    </p>
   </div>
   <div class='ocr_carea' id='block_1_49' title="bbox 1879 1868 3508 1941">
    <p class='ocr_par' dir='ltr' id='par_1_49' title="bbox 1879 1868 3508 1941">
     <span class='ocr_line' id='line_1_49' title="bbox 1879 1868 3508 1941; baseline 0.002 -17"><span class='ocrx_word' id='word_1_366' title='bbox 1879 1886 2010 1924; x_wconf 91' lang='lat' dir='ltr'>cum</span> <span class='ocrx_word' id='word_1_367' title='bbox 2028 1871 2225 1924; x_wconf 89' lang='lat' dir='ltr'>lumen</span> <span class='ocrx_word' id='word_1_368' title='bbox 2239 1868 2490 1924; x_wconf 69' lang='lat' dir='ltr'>scientia:</span> <span class='ocrx_word' id='word_1_369' title='bbox 2506 1869 2757 1939; x_wconf 89' lang='lat' dir='ltr'>perdunt</span> <span class='ocrx_word' id='word_1_370' title='bbox 2779 1869 2875 1940; x_wconf 92' lang='lat' dir='ltr'>qui</span> <span class='ocrx_word' id='word_1_371' title='bbox 2894 1876 3178 1941; x_wconf 64' lang='lat' dir='ltr'>praeeunt,</span> <span class='ocrx_word' id='word_1_372' title='bbox 3198 1872 3320 1928; x_wconf 89' lang='lat' dir='ltr'>sine</span> <span class='ocrx_word' id='word_1_373' title='bbox 3334 1872 3508 1928; x_wconf 91' lang='lat' dir='ltr'>dubio</span> 
     </span>
    </p>
   </div>
   <div class='ocr_carea' id='block_1_50' title="bbox 1878 1962 3509 2036">
    <p class='ocr_par' dir='ltr' id='par_1_50' title="bbox 1878 1962 3509 2036">
     <span class='ocr_line' id='line_1_50' title="bbox 1878 1962 3509 2036; baseline 0.001 -19"><span class='ocrx_word' id='word_1_374' title='bbox 1878 1963 1951 2018; x_wconf 91' lang='lat' dir='ltr'>ad</span> <span class='ocrx_word' id='word_1_375' title='bbox 1975 1962 2255 2034; x_wconf 86' lang='lat' dir='ltr'>portanda</span> <span class='ocrx_word' id='word_1_376' title='bbox 2290 1965 2649 2032; x_wconf 88' lang='lat' dir='ltr'>peccatorum</span> <span class='ocrx_word' id='word_1_377' title='bbox 2685 1978 2861 2016; x_wconf 89' lang='lat' dir='ltr'>onera</span> <span class='ocrx_word' id='word_1_378' title='bbox 2885 1962 3232 2020; x_wconf 87' lang='lat' dir='ltr'>inclinantur</span> <span class='ocrx_word' id='word_1_379' title='bbox 3261 1981 3509 2036; x_wconf 82' lang='lat' dir='ltr'>sequen-</span> 
     </span>
    </p>
   </div>
   <div class='ocr_carea' id='block_1_51' title="bbox 1878 2053 3510 2125">
    <p class='ocr_par' dir='ltr' id='par_1_51' title="bbox 1878 2053 3510 2125">
     <span class='ocr_line' id='line_1_51' title="bbox 1878 2053 3510 2125; baseline 0.001 -15"><span class='ocrx_word' id='word_1_380' title='bbox 1878 2061 1980 2110; x_wconf 90' lang='lat' dir='ltr'>tes.</span> <span class='ocrx_word' id='word_1_381' title='bbox 2036 2054 2135 2108; x_wconf 86' lang='lat' dir='ltr'>Hic</span> <span class='ocrx_word' id='word_1_382' title='bbox 2182 2069 2320 2125; x_wconf 91' lang='lat' dir='ltr'>ergo</span> <span class='ocrx_word' id='word_1_383' title='bbox 2379 2053 2532 2108; x_wconf 88' lang='lat' dir='ltr'>inter</span> <span class='ocrx_word' id='word_1_384' title='bbox 2583 2070 2790 2109; x_wconf 90' lang='lat' dir='ltr'>manus</span> <span class='ocrx_word' id='word_1_385' title='bbox 2838 2054 3154 2124; x_wconf 86' lang='lat' dir='ltr'>latronum,</span> <span class='ocrx_word' id='word_1_386' title='bbox 3207 2059 3266 2112; x_wconf 93' lang='lat' dir='ltr'>et</span> <span class='ocrx_word' id='word_1_387' title='bbox 3310 2057 3510 2114; x_wconf 89' lang='lat' dir='ltr'>dentes</span> 
     </span>
    </p>
   </div>
   <div class='ocr_carea' id='block_1_52' title="bbox 1881 2147 3512 2218">
    <p class='ocr_par' dir='ltr' id='par_1_52' title="bbox 1881 2147 3512 2218">
     <span class='ocr_line' id='line_1_52' title="bbox 1881 2147 3512 2218; baseline 0.001 -15"><span class='ocrx_word' id='word_1_388' title='bbox 1881 2147 2196 2204; x_wconf 88' lang='lat' dir='ltr'>furentium</span> <span class='ocrx_word' id='word_1_389' title='bbox 2225 2148 2489 2218; x_wconf 75' lang='lat' dir='ltr'>luporum</span> <span class='ocrx_word' id='word_1_390' title='bbox 2512 2150 2802 2216; x_wconf 89' lang='lat' dir='ltr'>utcunque</span> <span class='ocrx_word' id='word_1_391' title='bbox 2822 2163 3129 2203; x_wconf 90' lang='lat' dir='ltr'>versamur.</span> <span class='ocrx_word' id='word_1_392' title='bbox 3148 2149 3283 2204; x_wconf 92' lang='lat' dir='ltr'>Ideo</span> <span class='ocrx_word' id='word_1_393' title='bbox 3305 2149 3512 2205; x_wconf 91' lang='lat' dir='ltr'>docere</span> 
     </span>
    </p>
   </div>
   <div class='ocr_carea' id='block_1_53' title="bbox 1881 2239 3512 2314">
    <p class='ocr_par' dir='ltr' id='par_1_53' title="bbox 1881 2239 3512 2314">
     <span class='ocr_line' id='line_1_53' title="bbox 1881 2239 3512 2314; baseline 0.001 -18"><span class='ocrx_word' id='word_1_394' title='bbox 1881 2241 2022 2296; x_wconf 90' lang='lat' dir='ltr'>alios</span> <span class='ocrx_word' id='word_1_395' title='bbox 2049 2245 2107 2296; x_wconf 92' lang='lat' dir='ltr'>et</span> <span class='ocrx_word' id='word_1_396' title='bbox 2130 2240 2407 2310; x_wconf 87' lang='lat' dir='ltr'>nosipsos,</span> <span class='ocrx_word' id='word_1_397' title='bbox 2438 2241 2616 2310; x_wconf 91' lang='lat' dir='ltr'>prout</span> <span class='ocrx_word' id='word_1_398' title='bbox 2640 2239 2914 2295; x_wconf 90' lang='lat' dir='ltr'>Dominus</span> <span class='ocrx_word' id='word_1_399' title='bbox 2942 2240 3184 2309; x_wconf 88' lang='lat' dir='ltr'>dederit,</span> <span class='ocrx_word' id='word_1_400' title='bbox 3213 2243 3512 2314; x_wconf 89' lang='lat' dir='ltr'>providere</span> 
     </span>
    </p>
   </div>
   <div class='ocr_carea' id='block_1_54' title="bbox 1880 2332 3510 2407">
    <p class='ocr_par' dir='ltr' id='par_1_54' title="bbox 1880 2332 3510 2407">
     <span class='ocr_line' id='line_1_54' title="bbox 1880 2332 3510 2407; baseline 0.001 -18"><span class='ocrx_word' id='word_1_401' title='bbox 1880 2333 2175 2390; x_wconf 89' lang='lat' dir='ltr'>debemus.</span> <span class='ocrx_word' id='word_1_402' title='bbox 2220 2333 2366 2388; x_wconf 90' lang='lat' dir='ltr'>Sane</span> <span class='ocrx_word' id='word_1_403' title='bbox 2415 2348 2714 2403; x_wconf 90' lang='lat' dir='ltr'>percussor</span> <span class='ocrx_word' id='word_1_404' title='bbox 2761 2332 2856 2390; x_wconf 89' lang='lat' dir='ltr'>ille</span> <span class='ocrx_word' id='word_1_405' title='bbox 2901 2333 3107 2389; x_wconf 90' lang='lat' dir='ltr'>dicitur</span> <span class='ocrx_word' id='word_1_406' title='bbox 3148 2334 3370 2403; x_wconf 90' lang='lat' dir='ltr'>doctor,</span> <span class='ocrx_word' id='word_1_407' title='bbox 3415 2335 3510 2407; x_wconf 91' lang='lat' dir='ltr'>qui</span> 
     </span>
    </p>
   </div>
   <div class='ocr_carea' id='block_1_55' title="bbox 1881 2424 3510 2496">
    <p class='ocr_par' dir='ltr' id='par_1_55' title="bbox 1881 2424 3510 2496">
     <span class='ocr_line' id='line_1_55' title="bbox 1881 2424 3510 2496; baseline 0.002 -16"><span class='ocrx_word' id='word_1_408' title='bbox 1881 2442 2146 2482; x_wconf 89' lang='lat' dir='ltr'>sermone</span> <span class='ocrx_word' id='word_1_409' title='bbox 2175 2425 2367 2482; x_wconf 91' lang='lat' dir='ltr'>inutili</span> <span class='ocrx_word' id='word_1_410' title='bbox 2401 2424 2813 2480; x_wconf 89' lang='lat' dir='ltr'>conscientiam</span> <span class='ocrx_word' id='word_1_411' title='bbox 2853 2426 3096 2496; x_wconf 90' lang='lat' dir='ltr'>percutit</span> <span class='ocrx_word' id='word_1_412' title='bbox 3127 2426 3510 2484; x_wconf 78' lang='lat' dir='ltr'>inﬁmorum.</span> 
     </span>
    </p>
   </div>
   <div class='ocr_carea' id='block_1_56' title="bbox 1879 2518 3512 2592">
    <p class='ocr_par' dir='ltr' id='par_1_56' title="bbox 1879 2518 3512 2592">
     <span class='ocr_line' id='line_1_56' title="bbox 1879 2518 3512 2592; baseline 0.001 -18"><span class='ocrx_word' id='word_1_413' title='bbox 1879 2519 2009 2574; x_wconf 92' lang='lat' dir='ltr'>ldeo</span> <span class='ocrx_word' id='word_1_414' title='bbox 2051 2523 2244 2574; x_wconf 90' lang='lat' dir='ltr'>tenere</span> <span class='ocrx_word' id='word_1_415' title='bbox 2286 2535 2386 2573; x_wconf 93' lang='lat' dir='ltr'>vos</span> <span class='ocrx_word' id='word_1_416' title='bbox 2429 2521 2488 2572; x_wconf 91' lang='lat' dir='ltr'>et</span> <span class='ocrx_word' id='word_1_417' title='bbox 2529 2533 2730 2573; x_wconf 89' lang='lat' dir='ltr'>omnes</span> <span class='ocrx_word' id='word_1_418' title='bbox 2757 2518 2954 2573; x_wconf 85' lang='lat' dir='ltr'>ﬁdeles</span> <span class='ocrx_word' id='word_1_419' title='bbox 2980 2522 3206 2591; x_wconf 90' lang='lat' dir='ltr'>oportet</span> <span class='ocrx_word' id='word_1_420' title='bbox 3243 2537 3376 2576; x_wconf 90' lang='lat' dir='ltr'>eum</span> <span class='ocrx_word' id='word_1_421' title='bbox 3414 2521 3512 2592; x_wconf 91' lang='lat' dir='ltr'>qui</span> 
     </span>
    </p>
   </div>
   <div class='ocr_carea' id='block_1_57' title="bbox 1880 2609 3510 2684">
    <p class='ocr_par' dir='ltr' id='par_1_57' title="bbox 1880 2609 3510 2684">
     <span class='ocr_line' id='line_1_57' title="bbox 1880 2609 3510 2684; baseline 0.001 -18"><span class='ocrx_word' id='word_1_422' title='bbox 1880 2612 2192 2666; x_wconf 90' lang='lat' dir='ltr'>secundum</span> <span class='ocrx_word' id='word_1_423' title='bbox 2223 2610 2540 2666; x_wconf 91' lang='lat' dir='ltr'>doctrinam</span> <span class='ocrx_word' id='word_1_424' title='bbox 2568 2613 2654 2664; x_wconf 90' lang='lat' dir='ltr'>est</span> <span class='ocrx_word' id='word_1_425' title='bbox 2680 2609 2909 2665; x_wconf 86' lang='lat' dir='ltr'>ﬁdelem</span> <span class='ocrx_word' id='word_1_426' title='bbox 2937 2627 3288 2679; x_wconf 90' lang='lat' dir='ltr'>sermonem,</span> <span class='ocrx_word' id='word_1_427' title='bbox 3315 2616 3377 2666; x_wconf 93' lang='lat' dir='ltr'>ut</span> <span class='ocrx_word' id='word_1_428' title='bbox 3406 2630 3510 2684; x_wconf 92' lang='lat' dir='ltr'>po-</span> 
     </span>
    </p>
   </div>
   <div class='ocr_carea' id='block_1_58' title="bbox 1882 2701 3513 2772">
    <p class='ocr_par' dir='ltr' id='par_1_58' title="bbox 1882 2701 3513 2772">
     <span class='ocr_line' id='line_1_58' title="bbox 1882 2701 3513 2772; baseline 0 -12"><span class='ocrx_word' id='word_1_429' title='bbox 1882 2709 2009 2760; x_wconf 92' lang='lat' dir='ltr'>tens</span> <span class='ocrx_word' id='word_1_430' title='bbox 2049 2704 2122 2758; x_wconf 91' lang='lat' dir='ltr'>sit</span> <span class='ocrx_word' id='word_1_431' title='bbox 2159 2703 2444 2759; x_wconf 90' lang='lat' dir='ltr'>consolari</span> <span class='ocrx_word' id='word_1_432' title='bbox 2483 2701 2743 2758; x_wconf 88' lang='lat' dir='ltr'>doctrina</span> <span class='ocrx_word' id='word_1_433' title='bbox 2776 2707 2991 2772; x_wconf 88' lang='lat' dir='ltr'>sancta,</span> <span class='ocrx_word' id='word_1_434' title='bbox 3040 2707 3097 2759; x_wconf 90' lang='lat' dir='ltr'>et</span> <span class='ocrx_word' id='word_1_435' title='bbox 3125 2706 3513 2760; x_wconf 89' lang='lat' dir='ltr'>contradicen-</span> 
     </span>
    </p>
   </div>
   <div class='ocr_carea' id='block_1_59' title="bbox 1883 2797 3512 2869">
    <p class='ocr_par' dir='ltr' id='par_1_59' title="bbox 1883 2797 3512 2869">
     <span class='ocr_line' id='line_1_59' title="bbox 1883 2797 3512 2869; baseline 0.001 -17"><span class='ocrx_word' id='word_1_436' title='bbox 1883 2801 1965 2852; x_wconf 91' lang='lat' dir='ltr'>tes</span> <span class='ocrx_word' id='word_1_437' title='bbox 1994 2797 2363 2868; x_wconf 89' lang='lat' dir='ltr'>redarguere,</span> <span class='ocrx_word' id='word_1_438' title='bbox 2394 2801 2450 2852; x_wconf 92' lang='lat' dir='ltr'>et</span> <span class='ocrx_word' id='word_1_439' title='bbox 2469 2801 2622 2852; x_wconf 91' lang='lat' dir='ltr'>recte</span> <span class='ocrx_word' id='word_1_440' title='bbox 2649 2797 2899 2852; x_wconf 90' lang='lat' dir='ltr'>viventes</span> <span class='ocrx_word' id='word_1_441' title='bbox 2919 2799 3091 2869; x_wconf 90' lang='lat' dir='ltr'>atque</span> <span class='ocrx_word' id='word_1_442' title='bbox 3107 2801 3318 2854; x_wconf 88' lang='lat' dir='ltr'>rectam</span> <span class='ocrx_word' id='word_1_443' title='bbox 3339 2799 3512 2854; x_wconf 85' lang='lat' dir='ltr'>fidem</span> 
     </span>
    </p>
   </div>
   <div class='ocr_carea' id='block_1_60' title="bbox 1881 2889 3513 2963">
    <p class='ocr_par' dir='ltr' id='par_1_60' title="bbox 1881 2889 3513 2963">
     <span class='ocr_line' id='line_1_60' title="bbox 1881 2889 3513 2963; baseline 0 -17"><span class='ocrx_word' id='word_1_444' title='bbox 1881 2895 2143 2946; x_wconf 90' lang='lat' dir='ltr'>tenentes</span> <span class='ocrx_word' id='word_1_445' title='bbox 2162 2889 2535 2945; x_wconf 89' lang='lat' dir='ltr'>consolidare.</span> <span class='ocrx_word' id='word_1_446' title='bbox 2559 2891 2671 2946; x_wconf 90' lang='lat' dir='ltr'>Illis</span> <span class='ocrx_word' id='word_1_447' title='bbox 2688 2907 2825 2962; x_wconf 90' lang='lat' dir='ltr'>ergo</span> <span class='ocrx_word' id='word_1_448' title='bbox 2843 2890 2940 2962; x_wconf 90' lang='lat' dir='ltr'>qui</span> <span class='ocrx_word' id='word_1_449' title='bbox 2961 2891 3157 2946; x_wconf 90' lang='lat' dir='ltr'>dicunt</span> <span class='ocrx_word' id='word_1_450' title='bbox 3173 2892 3326 2963; x_wconf 91' lang='lat' dir='ltr'>quod</span> <span class='ocrx_word' id='word_1_451' title='bbox 3340 2892 3513 2947; x_wconf 85' lang='lat' dir='ltr'>Filius</span> 
     </span>
    </p>
   </div>
   <div class='ocr_carea' id='block_1_61' title="bbox 1881 2983 3512 3056">
    <p class='ocr_par' dir='ltr' id='par_1_61' title="bbox 1881 2983 3512 3056">
     <span class='ocr_line' id='line_1_61' title="bbox 1881 2983 3512 3056; baseline 0.002 -18"><span class='ocrx_word' id='word_1_452' title='bbox 1881 2984 1942 3038; x_wconf 92' lang='lat' dir='ltr'>in</span> <span class='ocrx_word' id='word_1_453' title='bbox 1980 3001 2050 3038; x_wconf 92' lang='lat' dir='ltr'>eo</span> <span class='ocrx_word' id='word_1_454' title='bbox 2088 2983 2278 3038; x_wconf 91' lang='lat' dir='ltr'>minor</span> <span class='ocrx_word' id='word_1_455' title='bbox 2327 2987 2447 3053; x_wconf 91' lang='lat' dir='ltr'>est,</span> <span class='ocrx_word' id='word_1_456' title='bbox 2499 2984 2634 3054; x_wconf 91' lang='lat' dir='ltr'>quia</span> <span class='ocrx_word' id='word_1_457' title='bbox 2685 2984 2966 3055; x_wconf 89' lang='lat' dir='ltr'>propheta</span> <span class='ocrx_word' id='word_1_458' title='bbox 3005 2985 3221 3056; x_wconf 88' lang='lat' dir='ltr'>inquit,</span> <span class='ocrx_word' id='word_1_459' title='bbox 3270 2986 3512 3041; x_wconf 91' lang='lat' dir='ltr'>verbum</span> 
     </span>
    </p>
   </div>
   <div class='ocr_carea' id='block_1_62' title="bbox 1883 3076 3512 3151">
    <p class='ocr_par' dir='ltr' id='par_1_62' title="bbox 1883 3076 3512 3151">
     <span class='ocr_line' id='line_1_62' title="bbox 1883 3076 3512 3151; baseline 0.002 -20"><span class='ocrx_word' id='word_1_460' title='bbox 1883 3077 2048 3132; x_wconf 83' lang='lat' dir='ltr'>faciet</span> <span class='ocrx_word' id='word_1_461' title='bbox 2068 3076 2338 3132; x_wconf 89' lang='lat' dir='ltr'>Dominus</span> <span class='ocrx_word' id='word_1_462' title='bbox 2357 3076 2675 3132; x_wconf 91' lang='lat' dir='ltr'>breviatum</span> <span class='ocrx_word' id='word_1_463' title='bbox 2700 3077 2964 3133; x_wconf 91' lang='lat' dir='ltr'>universo</span> <span class='ocrx_word' id='word_1_464' title='bbox 2993 3078 3142 3147; x_wconf 91' lang='lat' dir='ltr'>orbi,</span> <span class='ocrx_word' id='word_1_465' title='bbox 3173 3077 3253 3133; x_wconf 90' lang='lat' dir='ltr'>ita</span> <span class='ocrx_word' id='word_1_466' title='bbox 3279 3095 3512 3151; x_wconf 90' lang='lat' dir='ltr'>respon-</span> 
     </span>
    </p>
   </div>
   <div class='ocr_carea' id='block_1_63' title="bbox 1883 3169 2862 3226">
    <p class='ocr_par' dir='ltr' id='par_1_63' title="bbox 1883 3169 2862 3226">
     <span class='ocr_line' id='line_1_63' title="bbox 1883 3169 2862 3226; baseline 0.002 -2"><span class='ocrx_word' id='word_1_467' title='bbox 1883 3170 2138 3226; x_wconf 90' lang='lat' dir='ltr'>dendum</span> <span class='ocrx_word' id='word_1_468' title='bbox 2164 3174 2248 3226; x_wconf 90' lang='lat' dir='ltr'>est</span> <span class='ocrx_word' id='word_1_469' title='bbox 2273 3169 2479 3226; x_wconf 90' lang='lat' dir='ltr'>divinis</span> <span class='ocrx_word' id='word_1_470' title='bbox 2503 3169 2862 3226; x_wconf 87' lang='lat' dir='ltr'>testimoniis.</span> 
     </span>
    </p>
   </div>
   <div class='ocr_carea' id='block_1_64' title="bbox 1631 3412 2046 3428">
    <p class='ocr_par' dir='ltr' id='par_1_64' title="bbox 1631 3412 2046 3428">
     <span class='ocr_line' id='line_1_64' title="bbox 1631 3412 2046 3428; baseline -0.005 0"><span class='ocrx_word' id='word_1_471' title='bbox 1631 3412 2046 3428; x_wconf 72' lang='lat'>—-—</span> 
     </span>
    </p>
   </div>
   <div class='ocr_carea' id='block_1_65' title="bbox 260 3560 3423 3651">
    <p class='ocr_par' dir='ltr' id='par_1_65' title="bbox 260 3560 3423 3651">
     <span class='ocr_line' id='line_1_65' title="bbox 260 3560 3423 3651; baseline 0.003 -26"><span class='ocrx_word' id='word_1_472' title='bbox 260 3560 352 3627; x_wconf 85' lang='lat' dir='ltr'>DE</span> <span class='ocrx_word' id='word_1_473' title='bbox 397 3561 873 3651; x_wconf 86' lang='lat' dir='ltr'>EPISCOPIS,</span> <span class='ocrx_word' id='word_1_474' title='bbox 925 3565 1035 3632; x_wconf 89' lang='lat' dir='ltr'>ET</span> <span class='ocrx_word' id='word_1_475' title='bbox 1081 3565 1610 3650; x_wconf 76' lang='lat' dir='ltr'>PRIMATIBUS</span> <span class='ocrx_word' id='word_1_476' title='bbox 1657 3567 1768 3634; x_wconf 87' lang='lat' dir='ltr'><strong>ET</strong></span> <span class='ocrx_word' id='word_1_477' title='bbox 1812 3564 2396 3634; x_wconf 83' lang='lat' dir='ltr'>PATBIARCHIS</span> <span class='ocrx_word' id='word_1_478' title='bbox 2452 3565 2932 3648; x_wconf 81' lang='lat' dir='ltr'>EOBUMQUE</span> <span class='ocrx_word' id='word_1_479' title='bbox 2987 3565 3423 3635; x_wconf 84' lang='lat' dir='ltr'>MINISTBIS</span> 
     </span>
    </p>
   </div>
   <div class='ocr_carea' id='block_1_66' title="bbox 249 3732 1784 3811">
    <p class='ocr_par' dir='ltr' id='par_1_66' title="bbox 249 3732 1784 3811">
     <span class='ocr_line' id='line_1_66' title="bbox 249 3732 1784 3811; baseline 0.004 -25"><span class='ocrx_word' id='word_1_480' title='bbox 249 3732 454 3789; x_wconf 74' lang='lat' dir='ltr'>Verbum</span> <span class='ocrx_word' id='word_1_481' title='bbox 497 3735 828 3792; x_wconf 88' lang='lat' dir='ltr'>breviatum</span> <span class='ocrx_word' id='word_1_482' title='bbox 871 3738 1025 3807; x_wconf 92' lang='lat' dir='ltr'>quod</span> <span class='ocrx_word' id='word_1_483' title='bbox 1069 3738 1342 3793; x_wconf 91' lang='lat' dir='ltr'>Dominus</span> <span class='ocrx_word' id='word_1_484' title='bbox 1397 3739 1569 3794; x_wconf 83' lang='lat' dir='ltr'>faciet</span> <span class='ocrx_word' id='word_1_485' title='bbox 1611 3755 1784 3811; x_wconf 89' lang='lat' dir='ltr'>super</span> 
     </span>
    </p>
   </div>
   <div class='ocr_carea' id='block_1_67' title="bbox 197 3826 1780 3903">
    <p class='ocr_par' dir='ltr' id='par_1_67' title="bbox 197 3826 1780 3903">
     <span class='ocr_line' id='line_1_67' title="bbox 197 3826 1780 3903; baseline 0.008 -30"><span class='ocrx_word' id='word_1_486' title='bbox 197 3826 360 3879; x_wconf 83' lang='lat' dir='ltr'>terram</span> <span class='ocrx_word' id='word_1_487' title='bbox 388 3845 496 3882; x_wconf 91' lang='lat' dir='ltr'>non</span> <span class='ocrx_word' id='word_1_488' title='bbox 524 3829 919 3884; x_wconf 90' lang='lat' dir='ltr'>minutionem</span> <span class='ocrx_word' id='word_1_489' title='bbox 950 3831 1173 3885; x_wconf 84' lang='lat' dir='ltr'>deitatis</span> <span class='ocrx_word' id='word_1_490' title='bbox 1204 3831 1263 3885; x_wconf 92' lang='lat' dir='ltr'>in</span> <span class='ocrx_word' id='word_1_491' title='bbox 1300 3831 1441 3887; x_wconf 86' lang='lat' dir='ltr'>Filio</span> <span class='ocrx_word' id='word_1_492' title='bbox 1473 3833 1573 3888; x_wconf 92' lang='lat' dir='ltr'>Dei</span> <span class='ocrx_word' id='word_1_493' title='bbox 1601 3831 1780 3903; x_wconf 83' lang='lat' dir='ltr'>signi-</span> 
     </span>
    </p>
   </div>
   <div class='ocr_carea' id='block_1_68' title="bbox 195 3914 1776 3994">
    <p class='ocr_par' dir='ltr' id='par_1_68' title="bbox 195 3914 1776 3994">
     <span class='ocr_line' id='line_1_68' title="bbox 195 3914 1776 3994; baseline 0.008 -25"><span class='ocrx_word' id='word_1_494' title='bbox 195 3914 305 3982; x_wconf 81' lang='lat' dir='ltr'>ﬁcat,</span> <span class='ocrx_word' id='word_1_495' title='bbox 325 3920 413 3973; x_wconf 89' lang='lat' dir='ltr'>sed</span> <span class='ocrx_word' id='word_1_496' title='bbox 429 3921 922 3992; x_wconf 88' lang='lat' dir='ltr'>dispensationem</span> <span class='ocrx_word' id='word_1_497' title='bbox 947 3927 1219 3994; x_wconf 61' lang='lat' dir='ltr'>suscepta</span> <span class='ocrx_word' id='word_1_498' title='bbox 1236 3925 1419 3979; x_wconf 87' lang='lat' dir='ltr'>carnis</span> <span class='ocrx_word' id='word_1_499' title='bbox 1436 3924 1743 3980; x_wconf 90' lang='lat' dir='ltr'>annuntiat</span> <span class='ocrx_word' id='word_1_500' title='bbox 1762 3942 1776 3991; x_wconf 88' lang='lat'><strong>;</strong></span> 
     </span>
    </p>
   </div>
   <div class='ocr_carea' id='block_1_69' title="bbox 195 4006 1781 4088">
    <p class='ocr_par' dir='ltr' id='par_1_69' title="bbox 195 4006 1781 4088">
     <span class='ocr_line' id='line_1_69' title="bbox 195 4006 1781 4088; baseline 0.003 -21"><span class='ocrx_word' id='word_1_501' title='bbox 195 4006 236 4058; x_wconf 80' lang='lat' dir='ltr'>in</span> <span class='ocrx_word' id='word_1_502' title='bbox 266 4013 396 4080; x_wconf 88' lang='lat' dir='ltr'>quali</span> <span class='ocrx_word' id='word_1_503' title='bbox 430 4014 864 4086; x_wconf 87' lang='lat' dir='ltr'>dispensatione</span> <span class='ocrx_word' id='word_1_504' title='bbox 910 4032 1028 4070; x_wconf 93' lang='lat' dir='ltr'>non</span> <span class='ocrx_word' id='word_1_505' title='bbox 1080 4017 1268 4071; x_wconf 89' lang='lat' dir='ltr'>solum</span> <span class='ocrx_word' id='word_1_506' title='bbox 1313 4021 1472 4088; x_wconf 87' lang='lat' dir='ltr'>patre</span> <span class='ocrx_word' id='word_1_507' title='bbox 1531 4018 1781 4074; x_wconf 88' lang='lat' dir='ltr'>hominis</span> 
     </span>
    </p>
   </div>
   <div class='ocr_carea' id='block_1_70' title="bbox 194 4100 1781 4180">
    <p class='ocr_par' dir='ltr' id='par_1_70' title="bbox 194 4100 1781 4180">
     <span class='ocr_line' id='line_1_70' title="bbox 194 4100 1781 4180; baseline 0.008 -26"><span class='ocrx_word' id='word_1_508' title='bbox 194 4100 348 4170; x_wconf 82' lang='lat' dir='ltr'>ﬁlium,</span> <span class='ocrx_word' id='word_1_509' title='bbox 363 4107 452 4161; x_wconf 89' lang='lat' dir='ltr'>sed</span> <span class='ocrx_word' id='word_1_510' title='bbox 476 4109 661 4162; x_wconf 90' lang='lat' dir='ltr'>etiam</span> <span class='ocrx_word' id='word_1_511' title='bbox 681 4108 898 4179; x_wconf 86' lang='lat' dir='ltr'>angelis</span> <span class='ocrx_word' id='word_1_512' title='bbox 913 4109 1184 4180; x_wconf 83' lang='lat' dir='ltr'>legimus,</span> <span class='ocrx_word' id='word_1_513' title='bbox 1207 4110 1580 4179; x_wconf 91' lang='lat' dir='ltr'>minoratum,</span> <span class='ocrx_word' id='word_1_514' title='bbox 1606 4113 1781 4167; x_wconf 90' lang='lat' dir='ltr'>Paulo</span> 
     </span>
    </p>
   </div>
   <div class='ocr_carea' id='block_1_71' title="bbox 193 4195 1780 4275">
    <p class='ocr_par' dir='ltr' id='par_1_71' title="bbox 193 4195 1780 4275">
     <span class='ocr_line' id='line_1_71' title="bbox 193 4195 1780 4275; baseline 0.006 -26"><span class='ocrx_word' id='word_1_515' title='bbox 193 4195 441 4254; x_wconf 79' lang='lat' dir='ltr'>attestaute</span> <span class='ocrx_word' id='word_1_516' title='bbox 485 4201 769 4271; x_wconf 82' lang='lat' dir='ltr'>apostolo.</span> <span class='ocrx_word' id='word_1_517' title='bbox 817 4203 959 4256; x_wconf 88' lang='lat' dir='ltr'>Eum</span> <span class='ocrx_word' id='word_1_518' title='bbox 1011 4208 1202 4257; x_wconf 90' lang='lat' dir='ltr'>autem</span> <span class='ocrx_word' id='word_1_519' title='bbox 1223 4245 1237 4270; x_wconf 96' lang='lat'>,</span> <span class='ocrx_word' id='word_1_520' title='bbox 1297 4204 1500 4275; x_wconf 89' lang='lat' dir='ltr'>inquit,</span> <span class='ocrx_word' id='word_1_521' title='bbox 1559 4205 1780 4260; x_wconf 91' lang='lat' dir='ltr'>modice</span> 
     </span>
    </p>
   </div>
   <div class='ocr_carea' id='block_1_72' title="bbox 192 4287 1778 4369">
    <p class='ocr_par' dir='ltr' id='par_1_72' title="bbox 192 4287 1778 4369">
     <span class='ocr_line' id='line_1_72' title="bbox 192 4287 1778 4369; baseline 0.008 -30"><span class='ocrx_word' id='word_1_522' title='bbox 192 4287 336 4342; x_wconf 87' lang='lat' dir='ltr'>minus</span> <span class='ocrx_word' id='word_1_523' title='bbox 361 4292 427 4346; x_wconf 92' lang='lat' dir='ltr'>ab</span> <span class='ocrx_word' id='word_1_524' title='bbox 464 4293 696 4364; x_wconf 86' lang='lat' dir='ltr'>angelis</span> <span class='ocrx_word' id='word_1_525' title='bbox 724 4294 1078 4350; x_wconf 89' lang='lat' dir='ltr'>minoratum</span> <span class='ocrx_word' id='word_1_526' title='bbox 1117 4296 1361 4351; x_wconf 92' lang='lat' dir='ltr'>vidimus</span> <span class='ocrx_word' id='word_1_527' title='bbox 1395 4299 1606 4368; x_wconf 72' lang='lat' dir='ltr'>Iesum,</span> <span class='ocrx_word' id='word_1_528' title='bbox 1645 4315 1778 4369; x_wconf 91' lang='lat' dir='ltr'>pro-</span> 
     </span>
    </p>
   </div>
   <div class='ocr_carea' id='block_1_73' title="bbox 195 4382 1776 4458">
    <p class='ocr_par' dir='ltr' id='par_1_73' title="bbox 195 4382 1776 4458">
     <span class='ocr_line' id='line_1_73' title="bbox 195 4382 1776 4458; baseline 0.004 -19"><span class='ocrx_word' id='word_1_529' title='bbox 195 4382 288 4444; x_wconf 68' lang='lat' dir='ltr'>Pler</span> <span class='ocrx_word' id='word_1_530' title='bbox 300 4386 615 4450; x_wconf 82' lang='lat' dir='ltr'>passionem</span> <span class='ocrx_word' id='word_1_531' title='bbox 644 4387 850 4441; x_wconf 86' lang='lat' dir='ltr'>mortis</span> <span class='ocrx_word' id='word_1_532' title='bbox 876 4388 1058 4458; x_wconf 90' lang='lat' dir='ltr'>gloria</span> <span class='ocrx_word' id='word_1_533' title='bbox 1089 4391 1148 4442; x_wconf 90' lang='lat' dir='ltr'>et</span> <span class='ocrx_word' id='word_1_534' title='bbox 1174 4389 1398 4445; x_wconf 92' lang='lat' dir='ltr'>honore</span> <span class='ocrx_word' id='word_1_535' title='bbox 1425 4396 1776 4446; x_wconf 88' lang='lat' dir='ltr'>coronatum.</span> 
     </span>
    </p>
   </div>
   <div class='ocr_carea' id='block_1_74' title="bbox 195 4469 1784 4550">
    <p class='ocr_par' dir='ltr' id='par_1_74' title="bbox 195 4469 1784 4550">
     <span class='ocr_line' id='line_1_74' title="bbox 195 4469 1784 4550; baseline 0.006 -22"><span class='ocrx_word' id='word_1_536' title='bbox 195 4469 240 4522; x_wconf 72' lang='lat' dir='ltr'>Et</span> <span class='ocrx_word' id='word_1_537' title='bbox 269 4473 398 4529; x_wconf 87' lang='lat' dir='ltr'>infra</span> <span class='ocrx_word' id='word_1_538' title='bbox 435 4494 449 4530; x_wconf 88' lang='lat'><strong>:</strong></span> <span class='ocrx_word' id='word_1_539' title='bbox 489 4481 734 4550; x_wconf 88' lang='lat' dir='ltr'>Propter</span> <span class='ocrx_word' id='word_1_540' title='bbox 770 4496 945 4550; x_wconf 88' lang='lat' dir='ltr'>quam</span> <span class='ocrx_word' id='word_1_541' title='bbox 985 4497 1219 4536; x_wconf 90' lang='lat' dir='ltr'>causam</span> <span class='ocrx_word' id='word_1_542' title='bbox 1253 4499 1371 4537; x_wconf 91' lang='lat' dir='ltr'>non</span> <span class='ocrx_word' id='word_1_543' title='bbox 1415 4483 1784 4538; x_wconf 84' lang='lat' dir='ltr'>confunditur</span> 
     </span>
    </p>
   </div>
   <div class='ocr_carea' id='block_1_75' title="bbox 193 4559 1780 4638">
    <p class='ocr_par' dir='ltr' id='par_1_75' title="bbox 193 4559 1780 4638">
     <span class='ocr_line' id='line_1_75' title="bbox 193 4559 1780 4638; baseline 0.012 -28"><span class='ocrx_word' id='word_1_544' title='bbox 193 4559 353 4619; x_wconf 80' lang='lat' dir='ltr'>fratres</span> <span class='ocrx_word' id='word_1_545' title='bbox 390 4585 484 4624; x_wconf 90' lang='lat' dir='ltr'>eos</span> <span class='ocrx_word' id='word_1_546' title='bbox 529 4587 762 4638; x_wconf 88' lang='lat' dir='ltr'>vocare,</span> <span class='ocrx_word' id='word_1_547' title='bbox 809 4572 1002 4627; x_wconf 89' lang='lat' dir='ltr'>dicens</span> <span class='ocrx_word' id='word_1_548' title='bbox 1049 4590 1062 4627; x_wconf 91' lang='lat'><strong>:</strong></span> <span class='ocrx_word' id='word_1_549' title='bbox 1111 4575 1473 4630; x_wconf 85' lang='lat' dir='ltr'>Annuntiabo</span> <span class='ocrx_word' id='word_1_550' title='bbox 1503 4597 1531 4626; x_wconf 84' lang='lat'><strong>«</strong></span> <span class='ocrx_word' id='word_1_551' title='bbox 1569 4593 1780 4632; x_wconf 91' lang='lat' dir='ltr'>nomen</span> 
     </span>
    </p>
   </div>
   <div class='ocr_carea' id='block_1_76' title="bbox 193 4657 1780 4733">
    <p class='ocr_par' dir='ltr' id='par_1_76' title="bbox 193 4657 1780 4733">
     <span class='ocr_line' id='line_1_76' title="bbox 193 4657 1780 4733; baseline 0.013 -29"><span class='ocrx_word' id='word_1_552' title='bbox 193 4657 314 4712; x_wconf 86' lang='lat' dir='ltr'>tuum</span> <span class='ocrx_word' id='word_1_553' title='bbox 349 4661 617 4718; x_wconf 88' lang='lat' dir='ltr'>fratribus</span> <span class='ocrx_word' id='word_1_554' title='bbox 668 4664 842 4733; x_wconf 91' lang='lat' dir='ltr'>meis,</span> <span class='ocrx_word' id='word_1_555' title='bbox 891 4665 950 4718; x_wconf 92' lang='lat' dir='ltr'>in</span> <span class='ocrx_word' id='word_1_556' title='bbox 994 4667 1182 4721; x_wconf 92' lang='lat' dir='ltr'>medio</span> <span class='ocrx_word' id='word_1_557' title='bbox 1225 4668 1488 4723; x_wconf 81' lang='lat' dir='ltr'>Ecclesiae</span> <span class='ocrx_word' id='word_1_558' title='bbox 1532 4668 1780 4724; x_wconf 90' lang='lat' dir='ltr'>laudabo</span> 
     </span>
    </p>
   </div>
   <div class='ocr_carea' id='block_1_77' title="bbox 194 4750 1781 4832">
    <p class='ocr_par' dir='ltr' id='par_1_77' title="bbox 194 4750 1781 4832">
     <span class='ocr_line' id='line_1_77' title="bbox 194 4750 1781 4832; baseline 0.008 -28"><span class='ocrx_word' id='word_1_559' title='bbox 194 4750 230 4798; x_wconf 69' lang='lat' dir='ltr'>le</span> <span class='ocrx_word' id='word_1_560' title='bbox 252 4751 394 4810; x_wconf 79' lang='lat' dir='ltr'>(Psal.</span> <span class='ocrx_word' id='word_1_561' title='bbox 420 4772 535 4822; x_wconf 76' lang='lat' dir='ltr'><strong>xxx,</strong></span> <span class='ocrx_word' id='word_1_562' title='bbox 565 4758 683 4826; x_wconf 82' lang='lat'>23),</span> <span class='ocrx_word' id='word_1_563' title='bbox 708 4779 736 4806; x_wconf 83' lang='lat'><strong>»</strong></span> <span class='ocrx_word' id='word_1_564' title='bbox 773 4762 831 4812; x_wconf 90' lang='lat' dir='ltr'>et</span> <span class='ocrx_word' id='word_1_565' title='bbox 859 4758 1142 4830; x_wconf 88' lang='lat' dir='ltr'>propheta</span> <span class='ocrx_word' id='word_1_566' title='bbox 1171 4759 1359 4832; x_wconf 85' lang='lat' dir='ltr'>inquit</span> <span class='ocrx_word' id='word_1_567' title='bbox 1383 4779 1396 4817; x_wconf 89' lang='lat'><strong>:</strong></span> <span class='ocrx_word' id='word_1_568' title='bbox 1437 4781 1464 4811; x_wconf 88' lang='grc'>‹‹</span> <span class='ocrx_word' id='word_1_569' title='bbox 1493 4761 1781 4816; x_wconf 84' lang='lat' dir='ltr'>Minorasti</span> 
     </span>
    </p>
   </div>
   <div class='ocr_carea' id='block_1_78' title="bbox 191 4849 1782 4928">
    <p class='ocr_par' dir='ltr' id='par_1_78' title="bbox 191 4849 1782 4928">
     <span class='ocr_line' id='line_1_78' title="bbox 191 4849 1782 4928; baseline 0.012 -37"><span class='ocrx_word' id='word_1_570' title='bbox 191 4852 288 4894; x_wconf 79' lang='lat' dir='ltr'>eum</span> <span class='ocrx_word' id='word_1_571' title='bbox 312 4849 472 4914; x_wconf 88' lang='lat' dir='ltr'>paulo</span> <span class='ocrx_word' id='word_1_572' title='bbox 501 4850 703 4904; x_wconf 89' lang='lat' dir='ltr'>minus</span> <span class='ocrx_word' id='word_1_573' title='bbox 722 4850 794 4904; x_wconf 91' lang='lat' dir='ltr'>ab</span> <span class='ocrx_word' id='word_1_574' title='bbox 823 4851 1062 4922; x_wconf 90' lang='lat' dir='ltr'>angelis,</span> <span class='ocrx_word' id='word_1_575' title='bbox 1095 4852 1279 4923; x_wconf 89' lang='lat' dir='ltr'>gloria</span> <span class='ocrx_word' id='word_1_576' title='bbox 1305 4857 1364 4907; x_wconf 90' lang='lat' dir='ltr'>et</span> <span class='ocrx_word' id='word_1_577' title='bbox 1392 4853 1610 4909; x_wconf 92' lang='lat' dir='ltr'>honore</span> <span class='ocrx_word' id='word_1_578' title='bbox 1626 4871 1782 4928; x_wconf 70' lang='lat' dir='ltr'>corq-</span> 
     </span>
    </p>
   </div>
   <div class='ocr_carea' id='block_1_79' title="bbox 194 4936 1781 5014">
    <p class='ocr_par' dir='ltr' id='par_1_79' title="bbox 194 4936 1781 5014">
     <span class='ocr_line' id='line_1_79' title="bbox 194 4936 1781 5014; baseline 0.013 -32"><span class='ocrx_word' id='word_1_579' title='bbox 194 4936 301 4987; x_wconf 76' lang='lat' dir='ltr'>nasti</span> <span class='ocrx_word' id='word_1_580' title='bbox 329 4954 452 4993; x_wconf 91' lang='lat' dir='ltr'>eum</span> <span class='ocrx_word' id='word_1_581' title='bbox 491 4943 680 5008; x_wconf 87' lang='lat' dir='ltr'>(Hebr.</span> <span class='ocrx_word' id='word_1_582' title='bbox 721 4959 780 5011; x_wconf 90' lang='grc' dir='ltr'>ιι,</span> <span class='ocrx_word' id='word_1_583' title='bbox 822 4945 896 5014; x_wconf 89' lang='grc'>7),</span> <span class='ocrx_word' id='word_1_584' title='bbox 929 4963 957 4996; x_wconf 84' lang='grc'>»</span> <span class='ocrx_word' id='word_1_585' title='bbox 1004 4948 1061 4999; x_wconf 92' lang='lat' dir='ltr'>et</span> <span class='ocrx_word' id='word_1_586' title='bbox 1089 4949 1155 5000; x_wconf 92' lang='lat' dir='ltr'>ut</span> <span class='ocrx_word' id='word_1_587' title='bbox 1192 4945 1430 5000; x_wconf 90' lang='lat' dir='ltr'>verbum</span> <span class='ocrx_word' id='word_1_588' title='bbox 1464 4947 1562 5001; x_wconf 92' lang='lat' dir='ltr'>Dei</span> <span class='ocrx_word' id='word_1_589' title='bbox 1599 4947 1781 5002; x_wconf 89' lang='lat' dir='ltr'>Patris</span> 
     </span>
    </p>
   </div>
   <div class='ocr_carea' id='block_1_80' title="bbox 1883 3736 3512 3805">
    <p class='ocr_par' dir='ltr' id='par_1_80' title="bbox 1883 3736 3512 3805">
     <span class='ocr_line' id='line_1_80' title="bbox 1883 3736 3512 3805; baseline -0.001 -13"><span class='ocrx_word' id='word_1_590' title='bbox 1883 3755 2002 3792; x_wconf 89' lang='lat' dir='ltr'>esse</span> <span class='ocrx_word' id='word_1_591' title='bbox 2035 3738 2355 3805; x_wconf 90' lang='lat' dir='ltr'>doceretur,</span> <span class='ocrx_word' id='word_1_592' title='bbox 2389 3736 2601 3802; x_wconf 88' lang='lat' dir='ltr'>intulit,</span> <span class='ocrx_word' id='word_1_593' title='bbox 2642 3737 2836 3792; x_wconf 91' lang='lat' dir='ltr'>dicens</span> <span class='ocrx_word' id='word_1_594' title='bbox 2866 3754 2880 3792; x_wconf 87' lang='lat'><strong>:</strong></span> <span class='ocrx_word' id='word_1_595' title='bbox 2915 3756 2943 3789; x_wconf 75' lang='grc' dir='ltr'>α</span> <span class='ocrx_word' id='word_1_596' title='bbox 2985 3737 3210 3792; x_wconf 89' lang='lat' dir='ltr'>Paravit</span> <span class='ocrx_word' id='word_1_597' title='bbox 3237 3738 3512 3792; x_wconf 91' lang='lat' dir='ltr'>Dominus</span> 
     </span>
    </p>
   </div>
   <div class='ocr_carea' id='block_1_81' title="bbox 1881 3829 3510 3901">
    <p class='ocr_par' dir='ltr' id='par_1_81' title="bbox 1881 3829 3510 3901">
     <span class='ocr_line' id='line_1_81' title="bbox 1881 3829 3510 3901; baseline -0.001 -15"><span class='ocrx_word' id='word_1_598' title='bbox 1881 3831 2180 3886; x_wconf 87' lang='lat' dir='ltr'>brachium</span> <span class='ocrx_word' id='word_1_599' title='bbox 2206 3832 2463 3884; x_wconf 88' lang='lat' dir='ltr'>sanctum</span> <span class='ocrx_word' id='word_1_600' title='bbox 2477 3846 2644 3884; x_wconf 91' lang='lat' dir='ltr'>suum</span> <span class='ocrx_word' id='word_1_601' title='bbox 2659 3829 2719 3883; x_wconf 91' lang='lat' dir='ltr'>in</span> <span class='ocrx_word' id='word_1_602' title='bbox 2736 3829 2912 3883; x_wconf 91' lang='lat' dir='ltr'>oculis</span> <span class='ocrx_word' id='word_1_603' title='bbox 2936 3829 3202 3886; x_wconf 90' lang='lat' dir='ltr'>omnium</span> <span class='ocrx_word' id='word_1_604' title='bbox 3225 3830 3510 3901; x_wconf 89' lang='lat' dir='ltr'>gentium,</span> 
     </span>
    </p>
   </div>
   <div class='ocr_carea' id='block_1_82' title="bbox 1881 3922 3509 3994">
    <p class='ocr_par' dir='ltr' id='par_1_82' title="bbox 1881 3922 3509 3994">
     <span class='ocr_line' id='line_1_82' title="bbox 1881 3922 3509 3994; baseline -0.002 -15"><span class='ocrx_word' id='word_1_605' title='bbox 1881 3927 1939 3979; x_wconf 89' lang='lat' dir='ltr'>et</span> <span class='ocrx_word' id='word_1_606' title='bbox 1961 3923 2236 3979; x_wconf 90' lang='lat' dir='ltr'>videbunt</span> <span class='ocrx_word' id='word_1_607' title='bbox 2273 3939 2474 3977; x_wconf 92' lang='lat' dir='ltr'>omnes</span> <span class='ocrx_word' id='word_1_608' title='bbox 2515 3922 2656 3977; x_wconf 83' lang='lat' dir='ltr'>ﬁnes</span> <span class='ocrx_word' id='word_1_609' title='bbox 2689 3926 2860 3976; x_wconf 68' lang='lat' dir='ltr'>terra:</span> <span class='ocrx_word' id='word_1_610' title='bbox 2903 3922 3152 3977; x_wconf 90' lang='lat' dir='ltr'>salutare</span> <span class='ocrx_word' id='word_1_611' title='bbox 3193 3922 3316 3993; x_wconf 88' lang='lat' dir='ltr'>ejus</span> <span class='ocrx_word' id='word_1_612' title='bbox 3353 3922 3509 3994; x_wconf 84' lang='lat' dir='ltr'>(Isai.</span> 
     </span>
    </p>
   </div>
   <div class='ocr_carea' id='block_1_83' title="bbox 1882 4014 3508 4087">
    <p class='ocr_par' dir='ltr' id='par_1_83' title="bbox 1882 4014 3508 4087">
     <span class='ocr_line' id='line_1_83' title="bbox 1882 4014 3508 4087; baseline -0.001 -16"><span class='ocrx_word' id='word_1_613' title='bbox 1882 4033 1974 4085; x_wconf 74' lang='grc' dir='ltr'>ιιι,</span> <span class='ocrx_word' id='word_1_614' title='bbox 2012 4016 2120 4087; x_wconf 86' lang='grc'>10).</span> <span class='ocrx_word' id='word_1_615' title='bbox 2152 4037 2181 4066; x_wconf 86' lang='grc'><strong>››</strong></span> <span class='ocrx_word' id='word_1_616' title='bbox 2216 4016 2360 4070; x_wconf 90' lang='lat' dir='ltr'>Nam</span> <span class='ocrx_word' id='word_1_617' title='bbox 2387 4020 2444 4070; x_wconf 91' lang='lat' dir='ltr'>et</span> <span class='ocrx_word' id='word_1_618' title='bbox 2465 4015 2524 4070; x_wconf 91' lang='lat' dir='ltr'>in</span> <span class='ocrx_word' id='word_1_619' title='bbox 2557 4014 2864 4071; x_wconf 89' lang='lat' dir='ltr'>novissimo</span> <span class='ocrx_word' id='word_1_620' title='bbox 2890 4017 3151 4085; x_wconf 89' lang='lat' dir='ltr'>tempore</span> <span class='ocrx_word' id='word_1_621' title='bbox 3187 4014 3281 4070; x_wconf 90' lang='lat' dir='ltr'>hic</span> <span class='ocrx_word' id='word_1_622' title='bbox 3309 4031 3508 4070; x_wconf 84' lang='lat' dir='ltr'>sensus</span> 
     </span>
    </p>
   </div>
   <div class='ocr_carea' id='block_1_84' title="bbox 1881 4108 3514 4180">
    <p class='ocr_par' dir='ltr' id='par_1_84' title="bbox 1881 4108 3514 4180">
     <span class='ocr_line' id='line_1_84' title="bbox 1881 4108 3514 4180; baseline -0.001 -15"><span class='ocrx_word' id='word_1_623' title='bbox 1881 4127 2000 4165; x_wconf 92' lang='lat' dir='ltr'>non</span> <span class='ocrx_word' id='word_1_624' title='bbox 2043 4108 2294 4164; x_wconf 87' lang='lat' dir='ltr'>inaniter</span> <span class='ocrx_word' id='word_1_625' title='bbox 2329 4109 2539 4180; x_wconf 90' lang='lat' dir='ltr'>poterit</span> <span class='ocrx_word' id='word_1_626' title='bbox 2572 4108 2845 4180; x_wconf 89' lang='lat' dir='ltr'>coaptari,</span> <span class='ocrx_word' id='word_1_627' title='bbox 2884 4109 2944 4162; x_wconf 90' lang='lat' dir='ltr'>in</span> <span class='ocrx_word' id='word_1_628' title='bbox 2976 4124 3088 4180; x_wconf 88' lang='lat' dir='ltr'>quo</span> <span class='ocrx_word' id='word_1_629' title='bbox 3121 4111 3380 4180; x_wconf 88' lang='lat' dir='ltr'>tempore</span> <span class='ocrx_word' id='word_1_630' title='bbox 3410 4111 3514 4164; x_wconf 88' lang='lat' dir='ltr'>Do-</span> 
     </span>
    </p>
   </div>
   <div class='ocr_carea' id='block_1_85' title="bbox 1880 4201 3523 4274">
    <p class='ocr_par' dir='ltr' id='par_1_85' title="bbox 1880 4201 3523 4274">
     <span class='ocr_line' id='line_1_85' title="bbox 1880 4201 3523 4274; baseline 0.001 -16"><span class='ocrx_word' id='word_1_631' title='bbox 1880 4203 2072 4258; x_wconf 90' lang='lat' dir='ltr'>minus</span> <span class='ocrx_word' id='word_1_632' title='bbox 2106 4219 2172 4256; x_wconf 86' lang='lat' dir='ltr'>ex</span> <span class='ocrx_word' id='word_1_633' title='bbox 2216 4202 2432 4257; x_wconf 72' lang='lat' dir='ltr'>cmlesti</span> <span class='ocrx_word' id='word_1_634' title='bbox 2472 4203 2604 4256; x_wconf 86' lang='lat' dir='ltr'>aula</span> <span class='ocrx_word' id='word_1_635' title='bbox 2643 4219 2708 4256; x_wconf 91' lang='lat' dir='ltr'>ac</span> <span class='ocrx_word' id='word_1_636' title='bbox 2750 4202 3007 4272; x_wconf 91' lang='lat' dir='ltr'>empireo</span> <span class='ocrx_word' id='word_1_637' title='bbox 3047 4201 3337 4257; x_wconf 91' lang='lat' dir='ltr'>domicilio</span> <span class='ocrx_word' id='word_1_638' title='bbox 3377 4219 3523 4274; x_wconf 83' lang='lat' dir='ltr'>pes-.</span> 
     </span>
    </p>
   </div>
   <div class='ocr_carea' id='block_1_86' title="bbox 1881 4295 3514 4367">
    <p class='ocr_par' dir='ltr' id='par_1_86' title="bbox 1881 4295 3514 4367">
     <span class='ocr_line' id='line_1_86' title="bbox 1881 4295 3514 4367; baseline 0.001 -17"><span class='ocrx_word' id='word_1_639' title='bbox 1881 4297 2011 4350; x_wconf 91' lang='lat' dir='ltr'>simi</span> <span class='ocrx_word' id='word_1_640' title='bbox 2054 4296 2333 4351; x_wconf 81' lang='lat' dir='ltr'>daemonis</span> <span class='ocrx_word' id='word_1_641' title='bbox 2362 4296 2486 4367; x_wconf 90' lang='lat' dir='ltr'>jam</span> <span class='ocrx_word' id='word_1_642' title='bbox 2532 4296 2682 4351; x_wconf 87' lang='lat' dir='ltr'>ferre</span> <span class='ocrx_word' id='word_1_643' title='bbox 2719 4295 3035 4367; x_wconf 89' lang='lat' dir='ltr'>dedignans</span> <span class='ocrx_word' id='word_1_644' title='bbox 3063 4296 3423 4367; x_wconf 87' lang='lat' dir='ltr'>tyrannidem</span> <span class='ocrx_word' id='word_1_645' title='bbox 3452 4297 3514 4352; x_wconf 92' lang='lat' dir='ltr'>in</span> 
     </span>
    </p>
   </div>
   <div class='ocr_carea' id='block_1_87' title="bbox 1881 4387 3514 4459">
    <p class='ocr_par' dir='ltr' id='par_1_87' title="bbox 1881 4387 3514 4459">
     <span class='ocr_line' id='line_1_87' title="bbox 1881 4387 3514 4459; baseline -0.001 -15"><span class='ocrx_word' id='word_1_646' title='bbox 1881 4392 2164 4444; x_wconf 89' lang='lat' dir='ltr'>creaturas</span> <span class='ocrx_word' id='word_1_647' title='bbox 2223 4405 2354 4443; x_wconf 89' lang='lat' dir='ltr'>suas</span> <span class='ocrx_word' id='word_1_648' title='bbox 2411 4387 2804 4444; x_wconf 90' lang='lat' dir='ltr'>crudelissime</span> <span class='ocrx_word' id='word_1_649' title='bbox 2861 4387 3192 4443; x_wconf 62' lang='lat' dir='ltr'>saevientem</span> <span class='ocrx_word' id='word_1_650' title='bbox 3254 4389 3514 4459; x_wconf 89' lang='lat' dir='ltr'>plasmati</span> 
     </span>
    </p>
   </div>
   <div class='ocr_carea' id='block_1_88' title="bbox 1881 4480 3510 4548">
    <p class='ocr_par' dir='ltr' id='par_1_88' title="bbox 1881 4480 3510 4548">
     <span class='ocr_line' id='line_1_88' title="bbox 1881 4480 3510 4548; baseline -0.001 -12"><span class='ocrx_word' id='word_1_651' title='bbox 1881 4483 2210 4548; x_wconf 88' lang='lat' dir='ltr'>condolens,</span> <span class='ocrx_word' id='word_1_652' title='bbox 2251 4497 2314 4535; x_wconf 90' lang='lat' dir='ltr'>ac</span> <span class='ocrx_word' id='word_1_653' title='bbox 2357 4498 2472 4536; x_wconf 75' lang='lat' dir='ltr'>suae</span> <span class='ocrx_word' id='word_1_654' title='bbox 2503 4481 2803 4535; x_wconf 64' lang='lat' dir='ltr'>immensas</span> <span class='ocrx_word' id='word_1_655' title='bbox 2841 4480 3132 4536; x_wconf 88' lang='lat' dir='ltr'>charitatis</span> <span class='ocrx_word' id='word_1_656' title='bbox 3171 4481 3510 4536; x_wconf 89' lang='lat' dir='ltr'>thesaurum</span> 
     </span>
    </p>
   </div>
   <div class='ocr_carea' id='block_1_89' title="bbox 1881 4573 3512 4644">
    <p class='ocr_par' dir='ltr' id='par_1_89' title="bbox 1881 4573 3512 4644">
     <span class='ocr_line' id='line_1_89' title="bbox 1881 4573 3512 4644; baseline -0.001 -14"><span class='ocrx_word' id='word_1_657' title='bbox 1881 4591 2134 4630; x_wconf 91' lang='lat' dir='ltr'>reserare</span> <span class='ocrx_word' id='word_1_658' title='bbox 2161 4575 2373 4644; x_wconf 90' lang='lat' dir='ltr'>volens,</span> <span class='ocrx_word' id='word_1_659' title='bbox 2401 4575 2459 4628; x_wconf 92' lang='lat' dir='ltr'>in</span> <span class='ocrx_word' id='word_1_660' title='bbox 2502 4573 2832 4628; x_wconf 67' lang='lat' dir='ltr'>castissimae</span> <span class='ocrx_word' id='word_1_661' title='bbox 2871 4573 3109 4644; x_wconf 89' lang='lat' dir='ltr'>virginis</span> <span class='ocrx_word' id='word_1_662' title='bbox 3138 4573 3512 4644; x_wconf 89' lang='lat' dir='ltr'>purissimum</span> 
     </span>
    </p>
   </div>
   <div class='ocr_carea' id='block_1_90' title="bbox 1882 4665 3512 4722">
    <p class='ocr_par' dir='ltr' id='par_1_90' title="bbox 1882 4665 3512 4722">
     <span class='ocr_line' id='line_1_90' title="bbox 1882 4665 3512 4722; baseline -0.001 0"><span class='ocrx_word' id='word_1_663' title='bbox 1882 4672 2109 4722; x_wconf 91' lang='lat' dir='ltr'>uterum</span> <span class='ocrx_word' id='word_1_664' title='bbox 2154 4667 2343 4722; x_wconf 90' lang='lat' dir='ltr'>omnis</span> <span class='ocrx_word' id='word_1_665' title='bbox 2398 4667 2511 4721; x_wconf 90' lang='lat' dir='ltr'>tori</span> <span class='ocrx_word' id='word_1_666' title='bbox 2565 4666 2740 4720; x_wconf 88' lang='lat' dir='ltr'>virilis</span> <span class='ocrx_word' id='word_1_667' title='bbox 2815 4666 3070 4720; x_wconf 90' lang='lat' dir='ltr'>nescium</span> <span class='ocrx_word' id='word_1_668' title='bbox 3143 4665 3512 4721; x_wconf 86' lang='lat' dir='ltr'>inenerrabili</span> 
     </span>
    </p>
   </div>
   <div class='ocr_carea' id='block_1_91' title="bbox 1881 4759 3514 4832">
    <p class='ocr_par' dir='ltr' id='par_1_91' title="bbox 1881 4759 3514 4832">
     <span class='ocr_line' id='line_1_91' title="bbox 1881 4759 3514 4832; baseline 0 -17"><span class='ocrx_word' id='word_1_669' title='bbox 1881 4760 2172 4832; x_wconf 87' lang='lat' dir='ltr'>mysterio,</span> <span class='ocrx_word' id='word_1_670' title='bbox 2225 4777 2330 4831; x_wconf 88' lang='lat' dir='ltr'>pro</span> <span class='ocrx_word' id='word_1_671' title='bbox 2378 4759 2778 4830; x_wconf 89' lang='lat' dir='ltr'>redemptione</span> <span class='ocrx_word' id='word_1_672' title='bbox 2832 4762 3023 4813; x_wconf 89' lang='lat' dir='ltr'>nostra</span> <span class='ocrx_word' id='word_1_673' title='bbox 3071 4775 3303 4814; x_wconf 91' lang='lat' dir='ltr'>carnem</span> <span class='ocrx_word' id='word_1_674' title='bbox 3337 4761 3514 4816; x_wconf 89' lang='lat' dir='ltr'>susci-</span> 
     </span>
    </p>
   </div>
   <div class='ocr_carea' id='block_1_92' title="bbox 1880 4852 3514 4924">
    <p class='ocr_par' dir='ltr' id='par_1_92' title="bbox 1880 4852 3514 4924">
     <span class='ocr_line' id='line_1_92' title="bbox 1880 4852 3514 4924; baseline 0.001 -17"><span class='ocrx_word' id='word_1_675' title='bbox 1880 4853 2042 4924; x_wconf 91' lang='lat' dir='ltr'>piens</span> <span class='ocrx_word' id='word_1_676' title='bbox 2103 4853 2370 4920; x_wconf 90' lang='lat' dir='ltr'>advenit,</span> <span class='ocrx_word' id='word_1_677' title='bbox 2437 4855 2501 4906; x_wconf 89' lang='lat' dir='ltr'>ut</span> <span class='ocrx_word' id='word_1_678' title='bbox 2560 4857 2618 4907; x_wconf 90' lang='lat' dir='ltr'>et</span> <span class='ocrx_word' id='word_1_679' title='bbox 2662 4853 2824 4906; x_wconf 91' lang='lat' dir='ltr'>illum</span> <span class='ocrx_word' id='word_1_680' title='bbox 2876 4852 2974 4924; x_wconf 89' lang='lat' dir='ltr'>qui</span> <span class='ocrx_word' id='word_1_681' title='bbox 3018 4852 3268 4908; x_wconf 89' lang='lat' dir='ltr'>habebat</span> <span class='ocrx_word' id='word_1_682' title='bbox 3312 4856 3514 4910; x_wconf 90' lang='lat' dir='ltr'>mortis</span> 
     </span>
    </p>
   </div>
   <div class='ocr_carea' id='block_1_93' title="bbox 1882 4945 3514 5019">
    <p class='ocr_par' dir='ltr' id='par_1_93' title="bbox 1882 4945 3514 5019">
     <span class='ocr_line' id='line_1_93' title="bbox 1882 4945 3514 5019; baseline 0.001 -19"><span class='ocrx_word' id='word_1_683' title='bbox 1882 4946 2188 5018; x_wconf 90' lang='lat' dir='ltr'>imperium</span> <span class='ocrx_word' id='word_1_684' title='bbox 2259 4963 2361 5001; x_wconf 88' lang='lat' dir='ltr'>sua</span> <span class='ocrx_word' id='word_1_685' title='bbox 2430 4950 2615 5000; x_wconf 89' lang='lat' dir='ltr'>morte</span> <span class='ocrx_word' id='word_1_686' title='bbox 2685 4945 3042 5016; x_wconf 89' lang='lat' dir='ltr'>destrueret,</span> <span class='ocrx_word' id='word_1_687' title='bbox 3107 4950 3165 5000; x_wconf 91' lang='lat' dir='ltr'>et</span> <span class='ocrx_word' id='word_1_688' title='bbox 3219 4962 3316 5002; x_wconf 88' lang='lat' dir='ltr'>eos</span> <span class='ocrx_word' id='word_1_689' title='bbox 3373 4965 3514 5019; x_wconf 90' lang='lat' dir='ltr'>quos</span> 
     </span>
    </p>
   </div>
   <div class='ocr_carea' id='block_1_94' title="bbox 193 5017 3512 5111">
    <p class='ocr_par' dir='ltr' id='par_1_94' title="bbox 193 5017 3512 5111">
     <span class='ocr_line' id='line_1_94' title="bbox 193 5017 3512 5111; baseline 0.004 -29"><span class='ocrx_word' id='word_1_690' title='bbox 193 5021 460 5086; x_wconf 74' lang='lat' dir='ltr'>breviatum</span> <span class='ocrx_word' id='word_1_691' title='bbox 503 5035 565 5088; x_wconf 91' lang='lat' dir='ltr'>in</span> <span class='ocrx_word' id='word_1_692' title='bbox 606 5035 744 5090; x_wconf 88' lang='lat' dir='ltr'>Filio</span> <span class='ocrx_word' id='word_1_693' title='bbox 780 5052 895 5090; x_wconf 93' lang='lat' dir='ltr'>non</span> <span class='ocrx_word' id='word_1_694' title='bbox 934 5052 1056 5092; x_wconf 90' lang='lat' dir='ltr'>esse</span> <span class='ocrx_word' id='word_1_695' title='bbox 1088 5037 1416 5104; x_wconf 87' lang='lat' dir='ltr'>doceamus,</span> <span class='ocrx_word' id='word_1_696' title='bbox 1449 5040 1600 5094; x_wconf 90' lang='lat' dir='ltr'>hanc</span> <span class='ocrx_word' id='word_1_697' title='bbox 1628 5039 1783 5094; x_wconf 80' lang='lat' dir='ltr'>Isaiae</span> <span class='ocrx_word' id='word_1_698' title='bbox 1801 5017 1862 5088; x_wconf 86' lang='lat' dir='ltr'>D</span> <span class='ocrx_word' id='word_1_699' title='bbox 1884 5038 1943 5092; x_wconf 91' lang='lat' dir='ltr'>in</span> <span class='ocrx_word' id='word_1_700' title='bbox 1964 5039 2217 5094; x_wconf 91' lang='lat' dir='ltr'>tenebris</span> <span class='ocrx_word' id='word_1_701' title='bbox 2242 5043 2298 5095; x_wconf 89' lang='lat' dir='ltr'>et</span> <span class='ocrx_word' id='word_1_702' title='bbox 2312 5038 2517 5094; x_wconf 92' lang='lat' dir='ltr'>umbra</span> <span class='ocrx_word' id='word_1_703' title='bbox 2543 5038 2747 5093; x_wconf 88' lang='lat' dir='ltr'>mortis</span> <span class='ocrx_word' id='word_1_704' title='bbox 2771 5039 3024 5109; x_wconf 88' lang='lat' dir='ltr'>captivos</span> <span class='ocrx_word' id='word_1_705' title='bbox 3049 5039 3375 5111; x_wconf 88' lang='lat' dir='ltr'>subegerat,</span> <span class='ocrx_word' id='word_1_706' title='bbox 3397 5043 3512 5096; x_wconf 89' lang='lat' dir='ltr'>vir-</span> 
     </span>
    </p>
   </div>
   <div class='ocr_carea' id='block_1_95' title="bbox 195 5122 1784 5203">
    <p class='ocr_par' dir='ltr' id='par_1_95' title="bbox 195 5122 1784 5203">
     <span class='ocr_line' id='line_1_95' title="bbox 195 5122 1784 5203; baseline 0.004 -23"><span class='ocrx_word' id='word_1_707' title='bbox 195 5122 437 5188; x_wconf 63' lang='lat' dir='ltr'>Prophetze</span> <span class='ocrx_word' id='word_1_708' title='bbox 451 5127 746 5182; x_wconf 91' lang='lat' dir='ltr'>volumine</span> <span class='ocrx_word' id='word_1_709' title='bbox 759 5129 1136 5200; x_wconf 89' lang='lat' dir='ltr'>approbamus</span> <span class='ocrx_word' id='word_1_710' title='bbox 1149 5132 1558 5186; x_wconf 87' lang='lat' dir='ltr'>sententiam.N</span> <span class='ocrx_word' id='word_1_711' title='bbox 1565 5149 1639 5186; x_wconf 91' lang='lat' dir='ltr'>un</span> <span class='ocrx_word' id='word_1_712' title='bbox 1646 5133 1784 5203; x_wconf 91' lang='lat' dir='ltr'>quid</span> 
     </span>
    </p>
   </div>
   <div class='ocr_carea' id='block_1_96' title="bbox 193 5207 1780 5294">
    <p class='ocr_par' dir='ltr' id='par_1_96' title="bbox 193 5207 1780 5294">
     <span class='ocr_line' id='line_1_96' title="bbox 193 5207 1780 5294; baseline 0.008 -27"><span class='ocrx_word' id='word_1_713' title='bbox 193 5207 508 5271; x_wconf 68' lang='lat' dir='ltr'>abbreviatus</span> <span class='ocrx_word' id='word_1_714' title='bbox 541 5220 726 5273; x_wconf 85' lang='lat' dir='ltr'>factus</span> <span class='ocrx_word' id='word_1_715' title='bbox 753 5224 839 5274; x_wconf 90' lang='lat' dir='ltr'>est</span> <span class='ocrx_word' id='word_1_716' title='bbox 871 5237 1059 5276; x_wconf 89' lang='lat' dir='ltr'>sermo</span> <span class='ocrx_word' id='word_1_717' title='bbox 1101 5239 1286 5292; x_wconf 90' lang='lat' dir='ltr'>meus,</span> <span class='ocrx_word' id='word_1_718' title='bbox 1316 5229 1414 5279; x_wconf 89' lang='lat' dir='ltr'>aut</span> <span class='ocrx_word' id='word_1_719' title='bbox 1438 5223 1520 5278; x_wconf 91' lang='lat' dir='ltr'>ita</span> <span class='ocrx_word' id='word_1_720' title='bbox 1554 5241 1780 5294; x_wconf 89' lang='lat' dir='ltr'>parvus,</span> 
     </span>
    </p>
   </div>
   <div class='ocr_carea' id='block_1_97' title="bbox 195 5305 1782 5383">
    <p class='ocr_par' dir='ltr' id='par_1_97' title="bbox 195 5305 1782 5383">
     <span class='ocr_line' id='line_1_97' title="bbox 195 5305 1782 5383; baseline 0.009 -27"><span class='ocrx_word' id='word_1_721' title='bbox 195 5305 237 5352; x_wconf 74' lang='lat' dir='ltr'>ut</span> <span class='ocrx_word' id='word_1_722' title='bbox 257 5319 357 5360; x_wconf 89' lang='lat' dir='ltr'>non</span> <span class='ocrx_word' id='word_1_723' title='bbox 379 5311 605 5379; x_wconf 88' lang='lat' dir='ltr'>possim</span> <span class='ocrx_word' id='word_1_724' title='bbox 635 5312 937 5383; x_wconf 89' lang='lat' dir='ltr'>redimere,</span> <span class='ocrx_word' id='word_1_725' title='bbox 961 5319 1060 5370; x_wconf 90' lang='lat' dir='ltr'>aut</span> <span class='ocrx_word' id='word_1_726' title='bbox 1076 5332 1192 5370; x_wconf 91' lang='lat' dir='ltr'>non</span> <span class='ocrx_word' id='word_1_727' title='bbox 1216 5320 1304 5371; x_wconf 91' lang='lat' dir='ltr'>est</span> <span class='ocrx_word' id='word_1_728' title='bbox 1320 5316 1380 5370; x_wconf 92' lang='lat' dir='ltr'>in</span> <span class='ocrx_word' id='word_1_729' title='bbox 1401 5333 1498 5371; x_wconf 91' lang='lat' dir='ltr'>me</span> <span class='ocrx_word' id='word_1_730' title='bbox 1517 5317 1692 5371; x_wconf 89' lang='lat' dir='ltr'>virtus</span> <span class='ocrx_word' id='word_1_731' title='bbox 1711 5317 1782 5372; x_wconf 89' lang='lat' dir='ltr'>ad</span> 
     </span>
    </p>
   </div>
   <div class='ocr_carea' id='block_1_98' title="bbox 193 5390 1777 5480">
    <p class='ocr_par' dir='ltr' id='par_1_98' title="bbox 193 5390 1777 5480">
     <span class='ocr_line' id='line_1_98' title="bbox 193 5390 1777 5480; baseline 0.009 -30"><span class='ocrx_word' id='word_1_732' title='bbox 193 5390 536 5472; x_wconf 77' lang='lat' dir='ltr'>liberandum,</span> <span class='ocrx_word' id='word_1_733' title='bbox 567 5402 705 5459; x_wconf 90' lang='lat' dir='ltr'>dicit</span> <span class='ocrx_word' id='word_1_734' title='bbox 727 5407 997 5461; x_wconf 91' lang='lat' dir='ltr'>Dominus</span> <span class='ocrx_word' id='word_1_735' title='bbox 1027 5408 1405 5480; x_wconf 88' lang='lat' dir='ltr'>omnipotens,</span> <span class='ocrx_word' id='word_1_736' title='bbox 1443 5413 1502 5463; x_wconf 90' lang='lat' dir='ltr'>et</span> <span class='ocrx_word' id='word_1_737' title='bbox 1531 5409 1777 5465; x_wconf 85' lang='lat' dir='ltr'>iterum:</span> 
     </span>
    </p>
   </div>
   <div class='ocr_carea' id='block_1_99' title="bbox 196 5482 1778 5573">
    <p class='ocr_par' dir='ltr' id='par_1_99' title="bbox 196 5482 1778 5573">
     <span class='ocr_line' id='line_1_99' title="bbox 196 5482 1778 5573; baseline 0.01 -31"><span class='ocrx_word' id='word_1_738' title='bbox 196 5482 288 5541; x_wconf 67' lang='lat' dir='ltr'>Haec</span> <span class='ocrx_word' id='word_1_739' title='bbox 311 5490 438 5546; x_wconf 90' lang='lat' dir='ltr'>dicit</span> <span class='ocrx_word' id='word_1_740' title='bbox 483 5496 762 5552; x_wconf 87' lang='lat' dir='ltr'>Dominus</span> <span class='ocrx_word' id='word_1_741' title='bbox 802 5499 1165 5571; x_wconf 89' lang='lat' dir='ltr'>omnipotens</span> <span class='ocrx_word' id='word_1_742' title='bbox 1205 5519 1220 5555; x_wconf 85' lang='lat'><strong>:</strong></span> <span class='ocrx_word' id='word_1_743' title='bbox 1264 5502 1530 5573; x_wconf 90' lang='lat' dir='ltr'>Nunquid</span> <span class='ocrx_word' id='word_1_744' title='bbox 1573 5503 1778 5558; x_wconf 90' lang='lat' dir='ltr'>abbre-</span> 
     </span>
    </p>
   </div>
   <div class='ocr_carea' id='block_1_100' title="bbox 195 5576 1783 5665">
    <p class='ocr_par' dir='ltr' id='par_1_100' title="bbox 195 5576 1783 5665">
     <span class='ocr_line' id='line_1_100' title="bbox 195 5576 1783 5665; baseline 0.011 -31"><span class='ocrx_word' id='word_1_745' title='bbox 195 5576 309 5634; x_wconf 65' lang='lat' dir='ltr'>vim</span> <span class='ocrx_word' id='word_1_746' title='bbox 333 5590 414 5639; x_wconf 91' lang='lat' dir='ltr'>est</span> <span class='ocrx_word' id='word_1_747' title='bbox 451 5604 669 5642; x_wconf 87' lang='lat' dir='ltr'>manus</span> <span class='ocrx_word' id='word_1_748' title='bbox 703 5606 850 5661; x_wconf 89' lang='lat' dir='ltr'>mea,</span> <span class='ocrx_word' id='word_1_749' title='bbox 895 5595 960 5647; x_wconf 90' lang='lat' dir='ltr'>ut</span> <span class='ocrx_word' id='word_1_750' title='bbox 985 5594 1202 5648; x_wconf 77' lang='lat' dir='ltr'>salvere</span> <span class='ocrx_word' id='word_1_751' title='bbox 1236 5610 1354 5649; x_wconf 91' lang='lat' dir='ltr'>non</span> <span class='ocrx_word' id='word_1_752' title='bbox 1383 5594 1596 5665; x_wconf 90' lang='lat' dir='ltr'>possim</span> <span class='ocrx_word' id='word_1_753' title='bbox 1614 5595 1641 5649; x_wconf 72' lang='grc' dir='ltr'>τ</span> <span class='ocrx_word' id='word_1_754' title='bbox 1669 5597 1783 5651; x_wconf 85' lang='lat' dir='ltr'>Aut</span> 
     </span>
    </p>
   </div>
   <div class='ocr_carea' id='block_1_101' title="bbox 198 5680 1778 5758">
    <p class='ocr_par' dir='ltr' id='par_1_101' title="bbox 198 5680 1778 5758">
     <span class='ocr_line' id='line_1_101' title="bbox 198 5680 1778 5758; baseline 0.013 -35"><span class='ocrx_word' id='word_1_755' title='bbox 198 5682 282 5724; x_wconf 87' lang='lat' dir='ltr'>non</span> <span class='ocrx_word' id='word_1_756' title='bbox 301 5680 476 5744; x_wconf 87' lang='lat' dir='ltr'>potest</span> <span class='ocrx_word' id='word_1_757' title='bbox 502 5680 790 5739; x_wconf 84' lang='lat' dir='ltr'>viviﬁcare</span> <span class='ocrx_word' id='word_1_758' title='bbox 816 5701 913 5739; x_wconf 88' lang='lat' dir='ltr'>cor</span> <span class='ocrx_word' id='word_1_759' title='bbox 940 5685 1243 5741; x_wconf 87' lang='lat' dir='ltr'>humilium</span> <span class='ocrx_word' id='word_1_760' title='bbox 1270 5690 1328 5740; x_wconf 89' lang='lat' dir='ltr'>et</span> <span class='ocrx_word' id='word_1_761' title='bbox 1352 5686 1615 5758; x_wconf 91' lang='lat' dir='ltr'>spiritum</span> <span class='ocrx_word' id='word_1_762' title='bbox 1645 5704 1778 5744; x_wconf 88' lang='lat' dir='ltr'>con-</span> 
     </span>
    </p>
   </div>
   <div class='ocr_carea' id='block_1_102' title="bbox 200 5763 1780 5850">
    <p class='ocr_par' dir='ltr' id='par_1_102' title="bbox 200 5763 1780 5850">
     <span class='ocr_line' id='line_1_102' title="bbox 200 5763 1780 5850; baseline 0.011 -30"><span class='ocrx_word' id='word_1_763' title='bbox 200 5763 415 5825; x_wconf 72' lang='lat' dir='ltr'>lritorum</span> <span class='ocrx_word' id='word_1_764' title='bbox 425 5773 453 5825; x_wconf 83' lang='lat'><strong>?</strong></span> <span class='ocrx_word' id='word_1_765' title='bbox 464 5773 538 5828; x_wconf 85' lang='lat' dir='ltr'>Et</span> <span class='ocrx_word' id='word_1_766' title='bbox 548 5776 616 5828; x_wconf 89' lang='lat' dir='ltr'>ut</span> <span class='ocrx_word' id='word_1_767' title='bbox 627 5773 918 5833; x_wconf 88' lang='lat' dir='ltr'>brachium</span> <span class='ocrx_word' id='word_1_768' title='bbox 930 5778 1107 5834; x_wconf 86' lang='lat' dir='ltr'>Patris</span> <span class='ocrx_word' id='word_1_769' title='bbox 1123 5795 1251 5850; x_wconf 79' lang='lat' dir='ltr'>quae</span> <span class='ocrx_word' id='word_1_770' title='bbox 1261 5795 1464 5836; x_wconf 88' lang='lat' dir='ltr'>manus</span> <span class='ocrx_word' id='word_1_771' title='bbox 1477 5785 1562 5836; x_wconf 90' lang='lat' dir='ltr'>est</span> <span class='ocrx_word' id='word_1_772' title='bbox 1577 5780 1780 5837; x_wconf 88' lang='lat' dir='ltr'>Filium</span> 
     </span>
    </p>
   </div>
   <div class='ocr_carea' id='block_1_103' title="bbox 1882 5131 3510 5204">
    <p class='ocr_par' dir='ltr' id='par_1_103' title="bbox 1882 5131 3510 5204">
     <span class='ocr_line' id='line_1_103' title="bbox 1882 5131 3510 5204; baseline 0.002 -19"><span class='ocrx_word' id='word_1_773' title='bbox 1882 5131 2020 5186; x_wconf 90' lang='lat' dir='ltr'>tutis</span> <span class='ocrx_word' id='word_1_774' title='bbox 2045 5148 2162 5186; x_wconf 67' lang='lat' dir='ltr'>suae</span> <span class='ocrx_word' id='word_1_775' title='bbox 2187 5133 2460 5203; x_wconf 85' lang='lat' dir='ltr'>potentia,</span> <span class='ocrx_word' id='word_1_776' title='bbox 2489 5131 2550 5185; x_wconf 94' lang='lat' dir='ltr'>in</span> <span class='ocrx_word' id='word_1_777' title='bbox 2569 5132 2692 5203; x_wconf 91' lang='lat' dir='ltr'>ipso</span> <span class='ocrx_word' id='word_1_778' title='bbox 2713 5147 2892 5203; x_wconf 88' lang='lat' dir='ltr'>parvo</span> <span class='ocrx_word' id='word_1_779' title='bbox 2913 5134 2970 5186; x_wconf 93' lang='lat' dir='ltr'>et</span> <span class='ocrx_word' id='word_1_780' title='bbox 2995 5131 3202 5202; x_wconf 88' lang='lat' dir='ltr'>exiguo</span> <span class='ocrx_word' id='word_1_781' title='bbox 3234 5134 3510 5204; x_wconf 90' lang='lat' dir='ltr'>temporis</span> 
     </span>
    </p>
   </div>
   <div class='ocr_carea' id='block_1_104' title="bbox 1881 5223 3509 5296">
    <p class='ocr_par' dir='ltr' id='par_1_104' title="bbox 1881 5223 3509 5296">
     <span class='ocr_line' id='line_1_104' title="bbox 1881 5223 3509 5296; baseline 0.001 -18"><span class='ocrx_word' id='word_1_782' title='bbox 1881 5225 2086 5295; x_wconf 91' lang='lat' dir='ltr'>spatio,</span> <span class='ocrx_word' id='word_1_783' title='bbox 2104 5224 2388 5279; x_wconf 91' lang='lat' dir='ltr'>liberaret.</span> <span class='ocrx_word' id='word_1_784' title='bbox 2413 5225 2491 5279; x_wconf 94' lang='lat' dir='ltr'>De</span> <span class='ocrx_word' id='word_1_785' title='bbox 2507 5225 2616 5279; x_wconf 94' lang='lat' dir='ltr'>hoc</span> <span class='ocrx_word' id='word_1_786' title='bbox 2633 5224 2808 5278; x_wconf 89' lang='lat' dir='ltr'>etiam</span> <span class='ocrx_word' id='word_1_787' title='bbox 2825 5223 3033 5296; x_wconf 81' lang='lat' dir='ltr'>exiguo</span> <span class='ocrx_word' id='word_1_788' title='bbox 3054 5228 3316 5296; x_wconf 87' lang='lat' dir='ltr'>tempore</span> <span class='ocrx_word' id='word_1_789' title='bbox 3341 5226 3509 5280; x_wconf 88' lang='lat' dir='ltr'>disci-</span> 
     </span>
    </p>
   </div>
   <div class='ocr_carea' id='block_1_105' title="bbox 1879 5316 3508 5389">
    <p class='ocr_par' dir='ltr' id='par_1_105' title="bbox 1879 5316 3508 5389">
     <span class='ocr_line' id='line_1_105' title="bbox 1879 5316 3508 5389; baseline 0 -18"><span class='ocrx_word' id='word_1_790' title='bbox 1879 5319 2042 5388; x_wconf 92' lang='lat' dir='ltr'>pulos</span> <span class='ocrx_word' id='word_1_791' title='bbox 2061 5317 2395 5386; x_wconf 90' lang='lat' dir='ltr'>instruebat,</span> <span class='ocrx_word' id='word_1_792' title='bbox 2418 5317 2557 5372; x_wconf 90' lang='lat' dir='ltr'>dum</span> <span class='ocrx_word' id='word_1_793' title='bbox 2579 5333 2678 5372; x_wconf 90' lang='lat' dir='ltr'>eos</span> <span class='ocrx_word' id='word_1_794' title='bbox 2697 5316 2756 5372; x_wconf 90' lang='lat' dir='ltr'>in</span> <span class='ocrx_word' id='word_1_795' title='bbox 2775 5318 2965 5373; x_wconf 93' lang='lat' dir='ltr'>lucem</span> <span class='ocrx_word' id='word_1_796' title='bbox 2988 5319 3134 5389; x_wconf 92' lang='lat' dir='ltr'>(cum</span> <span class='ocrx_word' id='word_1_797' title='bbox 3155 5319 3344 5372; x_wconf 88' lang='lat' dir='ltr'>adhuc</span> <span class='ocrx_word' id='word_1_798' title='bbox 3365 5322 3508 5372; x_wconf 84' lang='lat' dir='ltr'>tem-</span> 
     </span>
    </p>
   </div>
   <div class='ocr_carea' id='block_1_106' title="bbox 1880 5408 3506 5481">
    <p class='ocr_par' dir='ltr' id='par_1_106' title="bbox 1880 5408 3506 5481">
     <span class='ocr_line' id='line_1_106' title="bbox 1880 5408 3506 5481; baseline -0.002 -16"><span class='ocrx_word' id='word_1_799' title='bbox 1880 5426 1986 5481; x_wconf 90' lang='lat' dir='ltr'>pus</span> <span class='ocrx_word' id='word_1_800' title='bbox 2010 5410 2303 5481; x_wconf 89' lang='lat' dir='ltr'>haberent)</span> <span class='ocrx_word' id='word_1_801' title='bbox 2323 5410 2591 5465; x_wconf 90' lang='lat' dir='ltr'>incedere</span> <span class='ocrx_word' id='word_1_802' title='bbox 2610 5411 3028 5481; x_wconf 75' lang='lat' dir='ltr'>praemonebat.</span> <span class='ocrx_word' id='word_1_803' title='bbox 3052 5430 3079 5462; x_wconf 74' lang='grc' dir='ltr'>ι(</span> <span class='ocrx_word' id='word_1_804' title='bbox 3101 5409 3268 5465; x_wconf 88' lang='lat' dir='ltr'>Pueri</span> <span class='ocrx_word' id='word_1_805' title='bbox 3285 5408 3506 5479; x_wconf 87' lang='lat' dir='ltr'>(inquit)</span> 
     </span>
    </p>
   </div>
   <div class='ocr_carea' id='block_1_107' title="bbox 1879 5500 3504 5574">
    <p class='ocr_par' dir='ltr' id='par_1_107' title="bbox 1879 5500 3504 5574">
     <span class='ocr_line' id='line_1_107' title="bbox 1879 5500 3504 5574; baseline -0.001 -17"><span class='ocrx_word' id='word_1_806' title='bbox 1879 5502 2181 5558; x_wconf 90' lang='lat' dir='ltr'>novissima</span> <span class='ocrx_word' id='word_1_807' title='bbox 2199 5503 2344 5558; x_wconf 90' lang='lat' dir='ltr'>hora</span> <span class='ocrx_word' id='word_1_808' title='bbox 2364 5505 2450 5558; x_wconf 88' lang='lat' dir='ltr'>est</span> <span class='ocrx_word' id='word_1_809' title='bbox 2466 5504 2515 5574; x_wconf 91' lang='grc' dir='ltr'>(Ι</span> <span class='ocrx_word' id='word_1_810' title='bbox 2518 5506 2676 5559; x_wconf 83' lang='lat' dir='ltr'>Joan.</span> <span class='ocrx_word' id='word_1_811' title='bbox 2705 5505 2784 5574; x_wconf 88' lang='grc' dir='ltr'>ιι),</span> <span class='ocrx_word' id='word_1_812' title='bbox 2808 5522 2836 5554; x_wconf 83' lang='lat'><strong>»</strong></span> <span class='ocrx_word' id='word_1_813' title='bbox 2853 5525 2881 5553; x_wconf 90' lang='grc'>‹‹</span> <span class='ocrx_word' id='word_1_814' title='bbox 2903 5503 3042 5558; x_wconf 90' lang='lat' dir='ltr'>dum</span> <span class='ocrx_word' id='word_1_815' title='bbox 3059 5503 3244 5556; x_wconf 91' lang='lat' dir='ltr'>lucem</span> <span class='ocrx_word' id='word_1_816' title='bbox 3265 5500 3504 5569; x_wconf 90' lang='lat' dir='ltr'>habetis,</span> 
     </span>
    </p>
   </div>
   <div class='ocr_carea' id='block_1_108' title="bbox 1878 5593 3512 5664">
    <p class='ocr_par' dir='ltr' id='par_1_108' title="bbox 1878 5593 3512 5664">
     <span class='ocr_line' id='line_1_108' title="bbox 1878 5593 3512 5664; baseline 0 -14"><span class='ocrx_word' id='word_1_817' title='bbox 1878 5596 2166 5651; x_wconf 86' lang='lat' dir='ltr'>ambulate</span> <span class='ocrx_word' id='word_1_818' title='bbox 2192 5596 2252 5651; x_wconf 92' lang='lat' dir='ltr'>in</span> <span class='ocrx_word' id='word_1_819' title='bbox 2270 5596 2479 5664; x_wconf 91' lang='lat' dir='ltr'>lucem,</span> <span class='ocrx_word' id='word_1_820' title='bbox 2507 5613 2581 5652; x_wconf 93' lang='lat' dir='ltr'>ne</span> <span class='ocrx_word' id='word_1_821' title='bbox 2609 5613 2707 5651; x_wconf 86' lang='lat' dir='ltr'>vos</span> <span class='ocrx_word' id='word_1_822' title='bbox 2735 5596 2992 5651; x_wconf 76' lang='lat' dir='ltr'>tenebrae</span> <span class='ocrx_word' id='word_1_823' title='bbox 3012 5593 3512 5664; x_wconf 88' lang='lat' dir='ltr'>comprehendant</span> 
     </span>
    </p>
   </div>
   <div class='ocr_carea' id='block_1_109' title="bbox 1883 5686 3506 5760">
    <p class='ocr_par' dir='ltr' id='par_1_109' title="bbox 1883 5686 3506 5760">
     <span class='ocr_line' id='line_1_109' title="bbox 1883 5686 3506 5760; baseline -0.001 -16"><span class='ocrx_word' id='word_1_824' title='bbox 1883 5689 2051 5757; x_wconf 85' lang='lat' dir='ltr'>(Ioan.</span> <span class='ocrx_word' id='word_1_825' title='bbox 2085 5706 2182 5758; x_wconf 84' lang='lat' dir='ltr'>xu,</span> <span class='ocrx_word' id='word_1_826' title='bbox 2217 5690 2323 5755; x_wconf 81' lang='lat'>35).</span> <span class='ocrx_word' id='word_1_827' title='bbox 2357 5709 2386 5742; x_wconf 69' lang='grc' dir='ltr'><strong>η</strong></span> <span class='ocrx_word' id='word_1_828' title='bbox 2416 5691 2483 5745; x_wconf 90' lang='lat' dir='ltr'>Et</span> <span class='ocrx_word' id='word_1_829' title='bbox 2511 5690 2573 5744; x_wconf 90' lang='lat' dir='ltr'>in</span> <span class='ocrx_word' id='word_1_830' title='bbox 2614 5688 2897 5744; x_wconf 86' lang='lat' dir='ltr'>canonicis</span> <span class='ocrx_word' id='word_1_831' title='bbox 2922 5686 3324 5757; x_wconf 81' lang='lat' dir='ltr'>Apostolorum</span> <span class='ocrx_word' id='word_1_832' title='bbox 3358 5688 3506 5760; x_wconf 91' lang='lat' dir='ltr'>legi-</span> 
     </span>
    </p>
   </div>
   <div class='ocr_carea' id='block_1_110' title="bbox 1880 5779 3508 5854">
    <p class='ocr_par' dir='ltr' id='par_1_110' title="bbox 1880 5779 3508 5854">
     <span class='ocr_line' id='line_1_110' title="bbox 1880 5779 3508 5854; baseline -0.001 -16"><span class='ocrx_word' id='word_1_833' title='bbox 1880 5787 1974 5838; x_wconf 87' lang='lat' dir='ltr'>tur</span> <span class='ocrx_word' id='word_1_834' title='bbox 2003 5782 2256 5854; x_wconf 87' lang='lat' dir='ltr'>epistolis</span> <span class='ocrx_word' id='word_1_835' title='bbox 2285 5799 2297 5838; x_wconf 89' lang='lat'><strong>:</strong></span> <span class='ocrx_word' id='word_1_836' title='bbox 2331 5782 2533 5849; x_wconf 86' lang='lat' dir='ltr'>Filioli,</span> <span class='ocrx_word' id='word_1_837' title='bbox 2564 5780 2869 5837; x_wconf 91' lang='lat' dir='ltr'>novissima</span> <span class='ocrx_word' id='word_1_838' title='bbox 2900 5780 3038 5834; x_wconf 90' lang='lat' dir='ltr'>hora</span> <span class='ocrx_word' id='word_1_839' title='bbox 3062 5784 3167 5850; x_wconf 88' lang='lat' dir='ltr'>est,</span> <span class='ocrx_word' id='word_1_840' title='bbox 3188 5779 3325 5853; x_wconf 90' lang='lat' dir='ltr'>quia</span> <span class='ocrx_word' id='word_1_841' title='bbox 3345 5783 3508 5838; x_wconf 88' lang='lat' dir='ltr'>multi</span> 
     </span>
    </p>
   </div>
  </div>
