4046 6188
537 291 603 339 75

536 393 1076 466 pseudo-prophetae
1095 388 1371 458 exierunt,
1394 389 1453 444 in
1469 391 1624 447 hunc
1642 391 1922 446 mundum
1945 389 1988 460 (1
2000 393 2155 446 Joan.
2183 404 2242 478 Α

537 505 598 556 11,
627 490 717 554 18;
742 502 815 551 ιν,
841 485 906 556 l).
940 507 966 534 »
997 485 1064 539 Et
1090 483 1300 538 Paulus
1323 485 1609 556 apostolus
1639 503 1652 541 :
1686 506 1713 537 α
1741 485 1987 555 Tempus
2008 483 2164 539 enim

538 581 707 635 breve
749 582 834 632 est
871 578 916 648 (Ι
965 580 1083 636 Cor.
1135 593 1230 647 vn,
1275 579 1388 648 29).
1436 600 1464 627 »
1500 579 1568 632 Et
1605 578 1813 632 iterum
1847 594 1859 632 :
1908 577 2164 632 Praeterit

537 673 690 729 enim
737 671 921 742 ﬁgura
968 671 1139 742 hujus
1175 671 1380 726 mundi
1432 670 1617 742 (Ibid.,
1670 672 1754 740 3t)
1811 687 1823 724 :
1870 692 1894 717 η
1947 673 2014 726 Et
2060 670 2160 726 ite-

534 783 664 821 rum
692 781 704 820 :
734 764 939 820 Omnia
979 765 1051 820 ad
1079 763 1488 819 correctionem
1521 768 1780 820 nostram
1822 764 1972 818 facta
2009 768 2161 832 sunt,

532 860 592 915 in
616 875 756 932 quos
787 859 928 914 fines
956 859 1291 912 saeculorum
1325 858 1695 912 obvenerunt.
1722 859 1864 912 Nam
1894 858 2163 912 Dominus

535 953 596 1008 in
623 952 744 1024 ipsa
787 951 1038 1007 oratione
1069 950 1368 1006 Dominica
1419 950 1690 1006 breviavit
1728 950 1896 1005 nobis
1941 967 2160 1005 sermo-

538 1063 695 1114 nem,
715 1045 852 1100 dum
872 1061 975 1099 nos
997 1043 1396 1116 amultiloquio
1408 1043 1739 1116 prohibens,
1764 1059 1946 1115 pauca
1965 1044 2166 1099 docue-

536 1140 612 1195 rit
639 1156 765 1211 quaz
791 1138 1081 1210 pertinent
1115 1138 1186 1192 ad
1214 1138 1475 1192 salutem.
1521 1137 1659 1192 Cum
1681 1137 1879 1195 oratis
1921 1137 2162 1209 (inquit),

542 1256 567 1283 ‹‹
604 1233 777 1288 nolite
807 1233 1051 1286 multum
1078 1230 1233 1302 loqui
1259 1231 1474 1300 (Matth.
1504 1247 1579 1298 v1,
1608 1230 1679 1302 7).
1708 1250 1733 1280 »
1759 1232 1824 1286 Et
1845 1230 2028 1285 infra:
2058 1232 2164 1285 Vos

538 1329 728 1382 autem
743 1341 874 1380 cum
886 1323 1081 1393 oratis,
1101 1323 1296 1379 dicite:
1318 1325 1522 1378 «Pater
1543 1329 1734 1378 noster
1747 1324 1844 1396 qui
1863 1341 1923 1378 es
1939 1325 1995 1378 in
2013 1323 2166 1378 coelis

536 1421 700 1483 1bid.,
732 1420 805 1492 9),
831 1440 858 1469 ››
881 1421 988 1474 etc.
1011 1419 1132 1473 Non
1157 1417 1309 1472 enim
1332 1417 1615 1489 propheta
1631 1416 1832 1472 Filium
1861 1417 1956 1472 Dei
1975 1417 2034 1471 in
2056 1417 2165 1472 hoc

538 1514 785 1586 capitulo
825 1513 1174 1567 minoratum
1211 1510 1528 1582 designavit
1561 1511 1620 1565 in
1652 1511 1850 1578 verbo,
1893 1509 2165 1582 quoniam

541 1609 660 1679 ipse
698 1607 757 1662 in
814 1605 1104 1678 prophetis
1159 1608 1309 1659 retro
1363 1607 1619 1675 tempore
1659 1603 2028 1675 loquebatur,
2069 1603 2166 1675 qui

540 1700 712 1756 etiam
738 1716 888 1754 nunc
915 1715 1016 1771 per
1044 1699 1330 1770 apostolos
1363 1700 1422 1752 et
1454 1696 1786 1769 apostolicos
1809 1697 1962 1752 viros
1989 1696 2168 1751 novis-

545 1792 688 1849 simo
729 1798 988 1865 tempore
1019 1791 1288 1865 loquitur.
1333 1792 1452 1862 Ego
1494 1790 1715 1864 (inquit)
1760 1790 1856 1863 qui
1894 1776 2244 1864 loquebarB

1464 284 1742 338 APPEND.
1786 283 1872 337 AD
1909 281 2065 337 S;EC.
2111 284 2194 337 IX.
2225 311 2291 321 -—-
2333 283 2572 338 lSlDORl
2611 282 3031 338 MERCATORIS

3798 288 3854 340 76

2261 393 2320 446 in
2341 408 2528 447 servos
2556 407 2713 446 meos
2737 391 3061 463 prophetas,
3089 405 3216 446 ecce
3246 391 3467 447 adsum.
3498 393 3563 447 Et
3589 393 3724 448 alius
3749 411 3856 466 pro-

2261 486 2474 558 pheta:
2511 505 2537 537 «
2568 485 2725 541 Sicut
2748 489 2832 541 est
2861 485 2932 540 ab
2955 483 3119 539 initio
3165 500 3342 556 usque
3376 485 3435 540 in
3465 487 3747 555 saeculum,
3773 503 3857 542 ne-

2263 595 2374 652 que
2402 579 2686 650 adjectum
2712 583 2796 633 est
2821 579 2893 648 ei,
2913 595 3097 650 neque
3123 578 3412 632 minuetur
3439 577 3520 633 illi
3545 579 3720 648 (Eccli.
3746 597 3858 648 xui,

2263 673 2380 741 21),
2443 693 2469 721 ››
2519 671 2792 744 quoniam
2833 671 2950 742 ipse
2987 675 3071 726 est
3121 671 3393 726 Dominus
3438 676 3706 727 creaturae
3739 689 3858 728 sua}.

2262 766 2402 820 Ecce
2429 767 2597 836 quale
2623 765 2860 820 verbum
2880 765 3193 819 breviatum
3211 765 3345 820 fecit
3374 766 3646 820 Dominus
3665 767 3718 820 in
3745 767 3864 822 orbe

2265 861 2568 928 terrarum,
2597 875 2712 912 non
2740 858 2894 929 quia,
2928 863 2989 912 ut
3015 858 3097 914 illi
3122 862 3345 929 putant,
3378 857 3706 914 inferiorem
3730 861 3866 916 Patri

2263 952 2554 1007 intimaret
2598 951 2927 1006 hominibus
2976 951 3200 1019 Filium,
3243 952 3342 1007 sed
3385 951 3482 1024 qui
3526 953 3868 1008 novissimum

2265 1045 2386 1116 ejus
2415 1044 2778 1099 annuntiaret
2815 1045 3140 1099 adventum.
3183 1044 3240 1100 Si
3268 1061 3426 1117 ergo,
3465 1049 3526 1100 ut
3550 1045 3868 1116 pradictum

2268 1142 2370 1207 est,
2405 1139 2594 1192 Aaron
2633 1136 2734 1191 filii
2779 1137 3242 1208 presbyterorum
3278 1136 3521 1209 figuram
3563 1138 3868 1210 gestabant,

2267 1235 2323 1286 et
2347 1233 2536 1285 Aaron
2580 1231 2792 1284 summi
2831 1231 3157 1298 sacerdotis,
3186 1229 3244 1286 id
3270 1235 3354 1286 est
3385 1231 3653 1302 episcopi,
3678 1232 3873 1303 Moyses

2266 1323 2651 1379 indubitanter
2661 1322 2864 1378 Christi
2885 1324 3113 1379 tenebat
3127 1323 3389 1394 formam,
3409 1325 3683 1395 quoniam
3702 1324 3800 1379 fuit
3811 1325 3876 1378 si-

2267 1417 2530 1473 militudo
2556 1416 2885 1472 mediatoris
2911 1416 3139 1472 Domini
3165 1416 3286 1484 Dei,
3316 1417 3416 1489 qui
3441 1422 3525 1472 est
3542 1418 3690 1472 inter
3707 1419 3874 1473 Deum

2267 1515 2324 1565 et
2347 1510 2647 1565 hominem
2670 1511 2827 1565 Jesus
2850 1510 3122 1581 Christus,
3142 1510 3238 1582 qui
3251 1514 3333 1566 est
3351 1527 3518 1566 verus
3530 1511 3643 1565 dux
3660 1512 3879 1583 populo-

2267 1620 2394 1658 rum
2404 1646 2417 1672 ,
2431 1607 2487 1659 et
2498 1619 2664 1659 verus
2675 1603 2940 1676 princeps
2951 1604 3308 1659 sacerdotum
3319 1646 3333 1673 ,
3351 1608 3407 1660 et
3423 1605 3694 1659 Dominus
3706 1605 3878 1676 ponti-

2268 1697 2461 1764 ficum,
2496 1697 2588 1752 cui
2613 1700 2699 1754 est
2722 1698 2907 1752 honor
2931 1700 2988 1752 et
3019 1696 3200 1768 gloria
3232 1697 3290 1752 in
3307 1699 3513 1753 saecula
3536 1698 3873 1754 saeculorum.

2267 1791 2472 1844 Amen.

1251 2059 1682 2133 EJUSDEM
1734 2057 2215 2132 ANACLETI

2266 2057 2727 2130 EPISTOLA
2779 2060 3185 2131 ALTERA.

543 2203 637 2264 De
659 2199 1063 2283 patriarchis
1103 2207 1165 2262 et
1193 2199 1590 2280 primatibus
1627 2218 1703 2263 ac
1743 2199 2015 2284 reliquis
2051 2199 2402 2284 episcopis;
2432 2206 2493 2261 et
2520 2199 2702 2284 quod
2726 2199 3020 2264 Ecclesia
3047 2199 3347 2264 Romana
3375 2200 3572 2263 cardo
3615 2211 3677 2265 et
3702 2213 3892 2284 caput

1767 2277 2065 2341 omhium
2081 2277 2542 2342 ‘Ecclésiarum
2566 2279 2671 2342 sit.

611 2430 926 2485 ANACLETUS
956 2441 1147 2482 servus
1171 2425 1378 2482 Christi
1405 2427 1556 2496 Jesu,
1589 2426 1648 2481 in
1677 2426 1988 2497 apostolica
2023 2425 2170 2481 Sede

543 2541 575 2577 a
611 2521 853 2577 Domino
895 2519 1254 2587 constitutus,
1292 2524 1349 2574 et
1388 2536 1421 2574 a
1461 2521 1654 2574 sancto
1687 2521 1854 2575 Petro
1892 2519 2172 2590 apostolo-

539 2632 670 2670 rum
695 2613 952 2687 principe
987 2613 1285 2685 presbyter
1317 2612 1630 2680 ordinatus,
1668 2611 1930 2667 omnibus
1962 2611 2170 2684 episco-

537 2709 624 2781 pis
653 2725 718 2764 ac
737 2707 969 2780 reliquis
998 2705 1206 2763 Christi
1229 2705 1611 2762 sacerdotibus
1636 2707 1897 2761 salutem.

613 2820 642 2855 α
678 2801 1016 2856 Benedictus
1051 2800 1216 2868 Deus,
1265 2803 1322 2855 et
1359 2801 1524 2854 Pater
1565 2799 1793 2854 Domini
1819 2798 1999 2854 nostri
2039 2800 2170 2854 Jesu

539 2893 780 2963 Christi,
826 2893 927 2964 qui
967 2892 1262 2947 benedixit
1313 2909 1415 2946 nos
1459 2892 1518 2946 in
1565 2892 1725 2946 omni
1775 2892 2170 2948 benedictione

540 2985 816 3060 spirituali
845 2985 903 3040 in
947 2985 1263 3041 caelestibus
1299 2985 1359 3040 in
1394 2985 1636 3041 Christo.
1681 2985 1837 3040 Sicut
1866 2985 2039 3056 elegit
2067 3001 2170 3040 nos

542 3083 599 3136 in
628 3081 750 3153 ipso
780 3082 913 3135 ante
942 3079 1143 3134 mundi
1171 3077 1658 3149 constitutionem,
1679 3083 1745 3134 ut
1769 3094 2018 3134 essemus
2040 3095 2169 3134 san-

542 3175 615 3230 cti
658 3177 716 3228 et
758 3171 1105 3227 immaculati
1146 3172 1204 3226 in
1253 3176 1561 3244 conspectu
1606 3173 1728 3244 ejus
1774 3172 1834 3226 in
1877 3171 2168 3240 charitate,

539 3265 952 3340 prmdestinans
981 3282 1082 3320 nos
1107 3265 1163 3319 in
1197 3266 1566 3336 adoptionem
1592 3265 1836 3320 ﬁliorum
1858 3282 1960 3336 per
1977 3266 2170 3320 Iesum

539 3359 847 3427 Christum,
881 3359 939 3412 in
965 3359 1153 3430 ipsum
1183 3357 1496 3413 secundum
1528 3358 1889 3429 propositum
1915 3358 2171 3412 volunta-

541 3453 612 3508 tis
637 3469 774 3520 suae,
800 3452 861 3506 in
880 3451 1108 3506 laudem
1137 3451 1356 3521 gloriae,
1382 3450 1578 3522 gratiae
1606 3467 1746 3520 suae,
1775 3449 1835 3504 in
1855 3467 1966 3522 qua
1996 3450 2170 3520 grati-

543 3547 738 3601 ficatus
758 3549 843 3600 est
866 3543 1031 3599 nobis
1053 3543 1112 3597 in
1134 3543 1338 3598 dilecto
1367 3542 1508 3596 Filio
1537 3559 1658 3609 suo,
1682 3541 1739 3596 in
1764 3559 1876 3614 quo
1896 3543 2172 3597 habemus

542 3637 1000 3710 redemptionem
1052 3652 1154 3707 per
1193 3635 1537 3707 sanguinem
1583 3637 1735 3706 ejus,
1776 3635 2169 3691 remissionem

540 3734 906 3804 peccatorum
964 3728 1283 3784 secundum
1347 3728 1566 3782 divitias
1616 3727 1812 3800 gratiae
1857 3728 2006 3800 ejus,
2049 3698 2250 3800 (χιιωο

543 3824 848 3880 abundavit
873 3824 932 3878 in
962 3822 1141 3893 nobis,
1169 3822 1227 3876 in
1254 3821 1410 3876 omni
1445 3821 1742 3893 sapientia,
1768 3827 1824 3876 et
1845 3821 2172 3892 prudentia,

541 3923 604 3974 ut
621 3920 826 3974 notum
855 3916 1019 3972 nobis
1042 3911 1260 3972 faceret
1284 3919 1704 3970 sacramentum
1724 3913 2031 3968 voluntatis
2057 3930 2175 3969 suae

544 4013 856 4068 secundum
881 4011 1305 4082 beneplacitum
1339 4008 1484 4077 ejus,
1515 4007 1664 4077 quod
1684 4006 1984 4077 proposuit
2003 4006 2061 4060 in
2083 4023 2172 4074 eo,

543 4107 601 4160 in
629 4103 1050 4176 dispensatione
1079 4099 1452 4172 plenitudinis
1476 4102 1821 4168 temporum,
1856 4097 2175 4153 instaurare

546 4197 735 4252 omnia
776 4196 838 4249 in
889 4193 1134 4261 Christo,
1180 4207 1309 4262 quae
1354 4191 1414 4244 in
1460 4191 1623 4259 coelo,
1667 4195 1724 4244 et
1765 4205 1891 4261 quae
1923 4190 1980 4244 in
2025 4195 2177 4247 terra

546 4292 679 4343 sunt
696 4288 756 4342 in
786 4287 925 4358 ipso.
960 4288 1021 4340 In
1049 4301 1161 4357 quo
1188 4283 1358 4338 etiam
1385 4287 1536 4338 sorte
1566 4282 1747 4338 vocati
1779 4300 1996 4354 sumus,
2024 4301 2173 4356 prae-

545 4380 808 4436 destinati
835 4379 1146 4434 secundum
1175 4376 1534 4448 propositum
1564 4376 1684 4447 ejus
1716 4375 1812 4447 qui
1839 4377 2031 4432 omnia
2049 4393 2177 4448 ope-

544 4478 704 4530 ratur
737 4472 1048 4529 secundum
1073 4469 1372 4526 consilium
1399 4468 1709 4524 voluntatis
1735 4485 1868 4537 suae,
1906 4473 1970 4524 ut
1999 4470 2176 4525 simus

543 4569 601 4623 in
631 4567 854 4623 laudem
883 4565 1079 4638 gloriae
1111 4564 1233 4635 ejus
1264 4562 1362 4634 qui
1383 4567 1514 4617 ante
1546 4563 1900 4633 speravimus
1928 4563 1986 4617 in
2012 4563 2174 4619 Chri-

545 4666 630 4716 sto
677 4660 889 4731 (Ephes.
935 4676 974 4728 1,
1015 4657 1179 4728 3-12).
1230 4678 1256 4705 ››
1308 4657 1385 4710 De
1428 4653 1793 4726 primatibus,
1841 4655 2174 4723 charissimi,

544 4769 718 4825 super
755 4752 961 4824 quibus
995 4768 1089 4806 me
1136 4749 1367 4821 quidam
1406 4752 1657 4803 vestrum
1687 4749 2097 4803 consuluerunt
2122 4753 2180 4804 et

543 4845 867 4918 apostolicae
910 4842 1260 4899 auctoritatis
1305 4842 1437 4915 (qua
1487 4841 1620 4896 licet
1665 4841 1888 4912 indigni
1938 4841 2178 4896 Domino
2219 4827 2240 4913 ἶ

546 4939 910 5010 dispensante
950 4937 1263 5008 fungimur)
1299 4935 1590 4991 decretum
1621 4933 2050 5006 postulaverunt
2079 4938 2180 4990 aut

544 5032 589 5087 si
615 5048 735 5089 esse
762 5030 1055 5100 deberent,
1086 5032 1183 5085 aut
1207 5045 1346 5094 non,
1378 5031 1658 5100 quantum
1688 5027 1962 5082 hactenus
1988 5026 2058 5082 de
2088 5026 2178 5082 his

987 5203 1034 5262 it

2268 2442 2302 2480 a
2341 2426 2508 2482 beato
2547 2428 2714 2482 Petro
2759 2425 3088 2498 apostolico,
3131 2431 3188 2482 et
3223 2443 3256 2481 a
3285 2426 3514 2500 reliquis
3555 2430 3889 2501 apostolicis,

2269 2535 2332 2574 ac
2361 2535 2394 2573 a
2419 2519 2585 2574 beato
2615 2519 2908 2575 Clemente
2948 2523 3145 2574 nostro
3174 2525 3367 2575 sancto
3408 2521 3817 2593 praedecessore
3841 2531 3898 2580 et

2270 2615 2521 2684 martyre
2549 2612 2812 2668 novimus
2844 2614 3146 2680 statutum,
3170 2613 3450 2686 denegare
3475 2615 3632 2671 vobis
3662 2617 3897 2674 minime

2269 2721 2589 2777 possumus.
2632 2701 2699 2760 Et
2743 2705 2870 2777 quis
2918 2707 3004 2760 est
3049 2705 3149 2776 qui
3198 2707 3588 2778 qumrentibus
3635 2710 3900 2766 fratribus

2271 2799 2559 2870 denegare
2597 2798 2775 2870 possit
2813 2797 3223 2868 dubitationes,
3264 2801 3347 2856 vel
3401 2802 3762 2860 necessitates
3801 2821 3898 2861 eo-

2270 2907 2400 2945 rum
2425 2891 2452 2945 ‘I

2340 2984 2736 3051 Sacerdotum,
2767 2984 2987 3053 fratres,
3029 2985 3170 3040 ordo
3202 2985 3504 3058 bipertitus
3534 2994 3635 3057 est,
3669 2995 3724 3045 et
3759 2992 3908 3047 sicut

2272 3077 2540 3132 Dominus
2569 3077 2732 3132 illum
2763 3079 3075 3148 constituit,
3105 3095 3138 3134 a
3161 3080 3322 3136 nullo
3355 3080 3524 3137 debet
3551 3083 3904 3154 perturbari.

2270 3169 2434 3226 Scitis
2475 3174 2666 3226 autem
2709 3187 2742 3224 a
2787 3171 3029 3226 Domino
3094 3173 3374 3245 apostolos
3430 3191 3554 3229 esse
3597 3177 3806 3232 electos
3849 3182 3910 3233 et

2271 3263 2634 3331 constitutos,
2680 3268 2736 3318 et
2776 3269 2976 3335 postea
3018 3281 3123 3337 per
3167 3266 3413 3322 diversas
3466 3269 3785 3339 provincias
3834 3274 3909 3328 ad

2271 3355 2699 3428 praedicandum
2741 3356 3039 3428 dispersos.
3076 3359 3218 3414 Cum
3258 3376 3392 3415 vero
3424 3363 3620 3417 messis
3648 3365 3912 3436 coepisset

2271 3465 2542 3516 crescere,
2587 3447 2785 3504 videns
2821 3466 3036 3522 paucos
3082 3468 3207 3507 esse
3254 3455 3564 3525 operarios,
3593 3457 3666 3511 ad
3706 3474 3914 3516 eorum

2273 3542 2676 3612 adjumentum
2709 3543 3069 3614 septuaginta
3085 3545 3238 3616 eligi,
3270 3548 3544 3620 praecepit
3573 3551 3910 3624 discipulos.

2274 3633 2532 3706 Episcopi
2560 3650 2691 3690 vero
2718 3635 2944 3690 Domini
2975 3639 3382 3709 apostolorum,
3416 3641 3730 3714 presbyteri
3758 3661 3914 3716 quo-

2275 3743 2384 3799 que
2407 3727 2767 3799 septuaginta
2786 3727 3189 3799 discipulorum
3209 3731 3396 3786 locum
3410 3736 3629 3790 tenent.
3647 3737 3922 3810 Episcopi

2275 3822 2466 3874 autem
2483 3836 2597 3874 non
2621 3819 2680 3874 in
2700 3821 2959 3888 castellis,
2983 3825 3082 3876 aut
3095 3824 3329 3878 modicis
3357 3825 3674 3883 civitatibus
3695 3829 3927 3886 debent

2276 3911 2559 3980 constitui,
2602 3913 2699 3966 sed
2741 3913 3056 3984 presbyteri
3106 3932 3212 3987 per
3256 3918 3514 3988 castella,
3556 3925 3614 3974 et
3653 3922 3929 3978 modicas

2276 4003 2528 4058 civitates
2557 4008 2726 4076 atque
2767 4005 2924 4060 villas
2972 4007 3183 4064 debent
3219 4010 3288 4064 ab
3331 4011 3604 4083 episcopis
3651 4015 3928 4072 ordinari

2278 4100 2334 4150 et
2361 4096 2516 4167 poni,
2545 4096 2758 4168 singuli
2793 4102 2988 4154 tamen
3021 4117 3125 4170 per
3158 4101 3408 4174 singulos
3440 4105 3632 4160 titulos
3659 4123 3819 4164 suos.
3855 4112 3934 4180 Et

2277 4190 2572 4261 episcOpus
2592 4206 2709 4244 non
2728 4190 2798 4245 ab
2824 4208 2958 4259 uno,
2980 4193 3074 4248 sed
3102 4210 3135 4248 a
3161 4194 3419 4264 pluribus
3440 4197 3608 4253 debet
3624 4200 3934 4274 episcopis

2276 4281 2544 4352 ordinari,
2578 4287 2653 4352 et,
2689 4287 2750 4337 ut
2790 4283 3001 4339 dictum
3043 4291 3146 4352 est,
3176 4304 3291 4341 non
3336 4289 3408 4343 ad
3444 4291 3734 4346 modicam
3775 4294 3935 4348 civi-

2275 4380 2476 4446 tatem,
2506 4391 2578 4430 ne
2602 4375 2829 4430 vilescat
2863 4393 3076 4432 nomen
3116 4379 3388 4452 episcopi,
3417 4388 3517 4438 aut
3549 4385 3785 4450 alicubi,
3826 4389 3937 4442 sed

2277 4468 2348 4522 ad
2373 4469 2763 4524 honorabilem
2805 4468 2926 4540 1'7
2968 4470 3167 4526 urbem
3210 4472 3521 4530 titulandus
3551 4480 3608 4531 et
3641 4479 3938 4534 denomi-

2280 4558 2504 4612 nandus
2533 4563 2635 4614 est.
2677 4559 2979 4630 Presbyter
3013 4577 3145 4616 vero
3171 4561 3243 4616 ad
3283 4579 3682 4636 quemcunque
3722 4569 3944 4623 locum

2277 4655 2363 4710 vel
2404 4655 2698 4711 ecclesiam
2737 4655 2796 4710 in
2841 4673 2908 4711 eo
2949 4659 3317 4714 constitutam
3361 4665 3447 4716 est
3483 4662 3949 4734 praeficiendus,

2233 4789 2245 4820 ί
2276 4750 2446 4819 atque
2484 4747 2544 4802 in
2581 4765 2646 4802 ea
2683 4748 2883 4804 diebus
2937 4749 3065 4804 vitae
3116 4768 3233 4806 sua:
3273 4753 3618 4821 duraturus;
3667 4757 3955 4828 amplius

2278 4857 2452 4913 quam
2475 4840 2567 4896 isti
2593 4841 2703 4896 duo
2730 4842 2956 4897 ordines
2980 4845 3360 4914 sacerdotum,
3392 4863 3495 4903 nec
3535 4848 3702 4904 nobis
3733 4866 3772 4904 a
3803 4850 3950 4905 Deo

2279 4934 2467 4989 Collati
2495 4938 2645 5004 sunt,
2673 4951 2779 4989 nec
2805 4935 3040 5006 apostoli
3065 4936 3398 4994 docuerunt.

1162 5279 1284 5349 DE
1353 5276 1711 5349 ORDINE
1786 5274 2449 5349 EPISCOPORUM
2520 5275 2708 5345 VEL
2778 5275 3313 5349 PRIMATUM.

618 5430 1018 5504 Episcoporum
1038 5445 1170 5486 vero
1196 5444 1346 5484 unus
1371 5430 1456 5484 est
1480 5425 1641 5490 ordo,
1671 5425 1805 5481 licet
1819 5425 1934 5481 sint
1954 5425 2172 5498 prima-
2193 5439 2252 5514 D

546 5532 629 5581 tes
657 5524 758 5593 illi,
789 5524 887 5596 qui
931 5522 1141 5595 primas
1183 5521 1436 5578 civitates
1473 5522 1688 5588 tenent,
1730 5518 1828 5592 qui
1861 5522 1920 5574 et
1956 5518 2016 5573 in
2043 5519 2171 5590 qui-

545 5619 782 5674 busdam
815 5617 949 5672 locis
989 5615 1323 5688 patriarchae
1359 5632 1393 5670 a
1431 5612 1724 5668 nonnullis
1763 5615 2050 5667 vocantur.
2091 5611 2176 5668 llli

544 5716 739 5766 autem
765 5712 864 5783 qui
891 5711 950 5766 in
977 5709 1279 5782 metropoli
1304 5725 1338 5764 a
1367 5707 1529 5762 beato
1552 5707 1715 5762 Petro
1737 5704 2012 5778 apostolo,
2029 5705 2176 5761 ordi-

543 5807 717 5856 nante
752 5804 1010 5872 Domino,
1055 5807 1113 5858 et
1155 5821 1185 5857 a
1216 5801 1623 5874 praedecessore
1663 5803 1855 5855 nostro
1903 5799 2171 5870 praedicto

2275 5429 2466 5482 sancto
2481 5426 2792 5493 Clemente,
2815 5441 2918 5481 seu
2934 5442 2967 5482 a
2990 5426 3152 5482 nobis
3171 5427 3457 5484 constituti
3482 5434 3634 5497 sunt,
3651 5447 3782 5485 non
3808 5448 3966 5486 om-

2273 5536 2376 5575 nes
2400 5519 2672 5591 primates
2690 5520 2777 5574 vel
2794 5519 3130 5591 patriarchae
3150 5538 3271 5576 esse
3298 5526 3554 5594 possunt,
3573 5524 3672 5579 sed
3691 5523 3828 5578 illa:
3843 5541 3967 5579 ur-

2273 5613 2390 5680 bes,
2415 5629 2545 5684 quaa
2571 5611 2817 5685 praefatis
2837 5617 2892 5668 et
2911 5612 3106 5686 priscis
3128 5615 3480 5687 temporibus
3499 5616 3842 5688 primatum
3867 5622 3966 5672 te-

2275 5705 3358 5779 nuere,episcoporum,patriarcharum
3373 5713 3470 5764 aut
3480 5709 3815 5782 primatum
3838 5728 3970 5766 no-

2273 5798 2425 5854 mine
2452 5799 2732 5868 fruantur,
2756 5799 2991 5872 reliqua:
3003 5817 3134 5856 vero
3160 5803 3508 5873 metropoles
3520 5803 3966 5875 archiepisco-
