4046 6188
1401 280 1869 336 DECRETALIUM

229 411 411 471 porum,
445 395 536 446 aut
566 388 1152 460 metropolitanorum,
1197 392 1255 442 et
1287 404 1400 443 non
1436 389 1788 459 patriarcha-
1813 402 1872 475 Α

229 507 340 556 rum,
377 490 463 540 aut
500 483 802 555 primatum
837 486 1070 537 utantur
1113 480 1459 549 nominibus,
1503 482 1634 553 quia
1667 483 1790 538 haec

228 583 383 638 eadem
407 584 458 634 et
477 578 622 648 leges
648 575 838 631 saeculi
862 575 922 630 in
962 576 1076 630 suis
1101 574 1393 630 continent
1417 575 1787 647 principibus,

223 677 317 732 aliae
345 679 517 728 autem
552 669 750 741 prima:
782 668 1031 723 civitates
1069 684 1210 738 quas
1247 668 1400 723 vobis
1446 669 1792 740 conscriptas

225 771 266 824 in
275 767 486 840 quodam
500 768 645 818 tomo
656 761 958 830 mittimus,
972 778 1004 815 a
1017 761 1222 817 sanctis
1236 761 1498 833 apostolis
1512 767 1568 817 et
1581 778 1613 815 a
1627 761 1791 818 beato

222 862 472 925 Clemente,
503 855 611 912 sive
639 873 674 911 a
698 855 884 924 nobis,
912 854 1182 926 primates
1206 855 1604 926 praedicatores
1630 872 1789 911 acce-

205 957 399 1027 perunt.
425 953 544 1006 Haec
574 965 702 1005 vero
733 951 1082 1004 sacrosancta
1112 949 1373 1004 Romana
1399 952 1456 1003 et
1485 949 1794 1019 apostolica

221 1045 414 1103 Ecclesia
425 1060 536 1098 non
549 1042 618 1096 ab
630 1040 914 1114 apostolis,
929 1040 1025 1097 sed
1036 1040 1106 1096 ab
1115 1040 1245 1110 ipso
1256 1040 1494 1095 Domino
1513 1041 1793 1097 Salvatore

199 1144 369 1196 'nostro
391 1138 686 1209 primatum
715 1134 981 1203 obtinuit,
1012 1137 1067 1189 et
1096 1133 1472 1189 eminentiam
1502 1133 1794 1204 potestatis

219 1248 348 1305 super
360 1231 636 1286 universas
659 1227 952 1297 Ecclesias,
978 1243 1041 1282 ac
1061 1229 1247 1282 totum
1266 1225 1570 1282 Christiani
1597 1227 1793 1299 populi

219 1341 409 1398 gregem
435 1325 684 1378 assecuta
706 1326 811 1390 est,
837 1321 981 1377 sicut
1005 1320 1126 1393 ipse
1151 1320 1320 1376 beato
1346 1322 1512 1375 Petro
1537 1322 1792 1391 apostolo

217 1418 324 1474 dixit
349 1435 361 1472 :
391 1438 415 1466 «
443 1417 517 1471 Tu
556 1431 618 1470 es
647 1417 864 1480 Petrus,
896 1419 953 1470 et
980 1430 1154 1485 super
1188 1415 1337 1468 hanc
1362 1418 1583 1485 petram
1613 1413 1791 1468 aediﬁ-

217 1511 318 1566 cabo
338 1508 624 1564 Ecclesiam
651 1523 858 1575 meam,
889 1511 948 1562 et
976 1511 1155 1578 portae
1179 1505 1346 1561 inferi
1376 1522 1491 1560 non
1515 1506 1794 1577 przevale-

215 1604 324 1658 bunt
347 1603 592 1658 adversus
631 1617 778 1670 eam,
813 1605 869 1656 et
899 1599 1000 1654 tibi
1033 1599 1175 1654 dabo
1215 1600 1396 1654 claves
1424 1600 1589 1671 regni
1619 1600 1792 1655 coelo-

213 1713 331 1750 rum.
359 1697 418 1750 Et
450 1710 804 1766 quascunque
841 1692 1108 1764 ligaveris
1148 1709 1320 1764 super
1359 1696 1594 1762 terram,
1628 1697 1797 1747 erunt

215 1791 353 1860 ligata
393 1793 444 1843 et
465 1763 546 1843 —in
597 1763 773 1856 coelo,
827 1763 911 1842 eti
939 1802 1295 1858 quaecunque
1342 1786 1572 1842 solveris
1626 1763 1873 1858 superB

216 1887 404 1946 terram,
431 1885 597 1936 erunt
640 1881 824 1936 soluta
859 1883 915 1934 et
955 1880 1012 1934 in
1054 1881 1193 1935 ccelo
1231 1879 1444 1948 (Matth.
1478 1896 1588 1946 XVI,
1627 1881 1729 1950 18).
1764 1901 1792 1929 »

213 1975 429 2030 Adhibita
453 1978 532 2030 est
563 1973 748 2029 etiam
774 1973 1013 2028 societas
1042 1973 1100 2028 in
1137 1973 1335 2028 eadem
1375 1975 1631 2029 Romana
1653 1973 1797 2029 urbe

212 2068 466 2123 beatissimi
481 2067 722 2140 apostoli
743 2067 902 2122 Pauli
922 2066 1066 2122 vasis
1091 2066 1404 2136 electionis,
1422 2067 1520 2139 qui
1539 2084 1656 2122 uno
1679 2067 1792 2135 die,

211 2176 304 2215 uno
333 2176 531 2233 quoque
579 2164 874 2233 tempore,
915 2159 1160 2231 gloriosa
1198 2163 1414 2225 morte,
1456 2176 1588 2214 cum
1628 2160 1797 2214 beato

212 2255 354 2319 Petro.
373 2254 465 2310 sub
487 2253 749 2326 principe
780 2255 1001 2308 Nerone
1031 2253 1334 2325 agonizans
1359 2258 1663 2308 coronatus
1689 2257 1793 2319 est,

213 2349 252 2399 et
273 2346 413 2402 ambo
431 2351 685 2402 sanctam
713 2348 1028 2402 Romanam
1049 2346 1356 2402 Ecclesiam
1374 2348 1793 2413 consecrarunt,

211 2439 398 2511 aliisque
420 2440 688 2494 omnibus
719 2439 974 2507 urbibus,
1013 2439 1071 2493 in
1105 2438 1368 2494 universo
1397 2438 1638 2506 mundo,
1668 2455 1796 2493 eam

210 2548 284 2586 sua
306 2533 590 2604 praesentia
629 2537 800 2604 atque
833 2533 1162 2587 venerando
1196 2531 1489 2603 triumpho
1520 2531 1792 2603 praatule-

210 2631 328 2678 runt.
359 2629 434 2694 Et,
467 2627 604 2681 licet
629 2643 732 2696 pro
759 2626 1027 2680 omnibus
1053 2625 1278 2680 assidua
1301 2625 1451 2695 apud
1481 2624 1794 2680 Dominum

209 2717 416 2772 omnium
441 2723 774 2773 sanctorum
798 2718 1072 2773 fundatur
1098 2717 1304 2784 oratio,
1327 2717 1416 2770 his
1443 2720 1633 2772 tamen
1667 2733 1794 2772 ver-

210 2810 271 2863 bis
304 2812 483 2866 Paulus
518 2811 886 2867 beatissimus
927 2811 1215 2881 apostolus
1254 2809 1523 2864 Romanis
1563 2809 1796 2881 preprio

209 2903 531 2977 chirographo
558 2904 890 2976 pollicetur,
927 2904 1120 2960 dicens
1147 2920 1160 2957 :
1195 2922 1224 2955 «
1254 2903 1431 2957 Testis
1467 2902 1622 2958 enim
1652 2903 1796 2958 mihi

192 3000 272 3074 est
300 2998 445 3064 Deus,
489 2997 586 3053 cui
630 2997 817 3053 servio
856 2997 915 3051 in
955 2995 1158 3067 spiritu
1205 3012 1337 3050 meo
1385 2995 1443 3050 in
1486 2996 1796 3067 Evangelia

213 3087 284 3142 ﬁlii
337 3091 481 3162 ejus,
557 3091 721 3164 quod
783 3090 906 3144 sine
974 3088 1392 3144 intermissione
1452 3088 1797 3144 memoriam

213 3184 339 3237 Vestri
392 3183 528 3239 facio
578 3199 814 3256 semper
874 3183 933 3238 in
993 3181 1347 3237 orationibus
1409 3181 1554 3237 meis
1617 3181 1794 3253 (Rom.

216 3291 240 3328 Ι.
265 3277 319 3330 9).
352 3297 376 3325 ι)

232 3327 239 3336 ’ί
715 3349 786 3402 De
823 3346 944 3401 sede
981 3349 1240 3402 Romana.

262 3460 418 3516 Prima
459 3477 596 3535 ergo
650 3461 814 3517 sedes
867 3464 952 3516 est
993 3460 1202 3517 caelesti
1257 3459 1533 3516 beneficio
1585 3462 1797 3516 Roma-

214 3567 277 3606 nae
316 3555 584 3624 Ecclesiae,
639 3570 816 3625 quam
867 3553 962 3623 (ut
1001 3556 1378 3608 memoratum
1427 3553 1535 3624 est)
1587 3552 1798 3608 beatis-

215 3644 308 3700 simi
335 3648 533 3717 Petrus,
562 3650 624 3704 et
663 3647 892 3715 Paulus,
933 3663 1035 3702 suo
1073 3645 1344 3717 martyrio
1379 3650 1796 3702 consecrarunt.

216 3736 279 3791 Sic
315 3740 494 3809 Roma,
543 3756 683 3813 quae
726 3739 886 3811 prius
933 3743 1055 3794 erat
1103 3738 1515 3794 cacodaamonis
1561 3738 1800 3794 artiﬁcio

215 3832 421 3888 omnium
459 3849 730 3889 errorum
777 3835 962 3887 mater
1005 3835 1063 3887 et
1104 3832 1300 3898 altrix,
1351 3830 1596 3888 excussis
1639 3837 1797 3888 tene-

216 3921 313 3990 bris,
327 3931 373 3980 et
391 3927 542 3982 vanis
563 3925 1035 3998 superstitionum
1059 3925 1258 3981 ritibus
1278 3925 1528 3997 abjectis,
1548 3925 1798 3981 filiorum

216 4013 299 4085 Dei,
330 4024 506 4075 exorto
533 4020 655 4075 sole
684 4018 944 4089 justitiaz,
976 4018 1121 4073 facta
1157 4022 1242 4074 est
1275 4017 1503 4090 copiosa
1528 4035 1799 4091 propaga-

214 4109 312 4163 trix.

648 4184 724 4236 De
755 4182 878 4236 sede
914 4181 1318 4237 Alexandrina.

263 4291 488 4351 Secunda
535 4301 737 4351 autem
783 4295 942 4350 sedes
993 4297 1144 4366 apud
1197 4296 1593 4352 Alexandriam
1647 4295 1800 4351 beati

218 4383 326 4438 Petri
351 4388 576 4444 nomine
610 4407 650 4443 a
679 4389 860 4443 Marco
889 4388 1010 4459 ejus
1042 4388 1317 4460 discipulo
1347 4393 1519 4460 atque
1550 4390 1800 4461 Evange-

1907 281 2295 335 COLLECTIO.
2628 313 2638 323 -
3461 285 3523 338 78

1891 389 2080 444 citudo
2129 389 2456 460 pertineret.
2510 389 2648 443 Nam
2705 395 2761 444 et
2810 391 2961 445 inter
3002 390 3196 445 beatos
3244 393 3528 462 apostolos

1892 482 2162 553 quedam
2195 481 2303 536 fuit
2340 480 2623 537 discretio.
2658 483 2726 538 Et
2759 482 2894 538 licet
2936 499 3132 538 omnes
3173 489 3359 540 essent
3395 502 3528 556 apo-

1891 575 2042 642 stoli,
2073 577 2238 630 Petro
2268 579 2463 629 tamen
2488 591 2521 629 a
2554 575 2794 630 Domino
2830 580 2914 631 est
2943 592 3295 642 concessum,
3334 582 3391 631 et
3420 577 3529 650 ipsi

1891 668 2040 723 inter
2087 685 2146 721 se
2195 667 2443 738 idipsum
2490 668 2825 735 voluerunt,
2872 672 2939 722 ut
2984 669 3222 740 reliquis
3262 669 3529 725 omnibus

1893 763 2161 833 praeesset
2190 760 2479 831 apostolis,
2508 764 2564 815 et
2593 761 2832 832 Cephas,
2862 761 2920 816 id
2945 766 3027 816 est
3057 765 3242 833 caput,
3275 766 3331 818 et
3363 763 3528 834 prin-

1893 855 2106 926 cipium
2130 858 2351 911 teneret
2379 854 2738 926 apostolatus.
2771 854 2876 919 Qui
2909 858 2967 910 et
2998 855 3256 910 eamdem
3284 855 3528 912 formam

1893 948 2006 1003 suis
2048 947 2463 1004 successoribus
2513 952 2570 1003 et
2617 946 2852 1018 reliquis
2895 947 3170 1018 episcopis
3223 950 3530 1005 tenendam

1893 1041 2146 1096 tradidit.
2180 1043 2248 1096 Et
2274 1058 2390 1095 non
2418 1042 2604 1096 solum
2636 1041 2742 1094 hoc
2778 1041 2837 1094 in
2870 1041 3021 1095 Novo
3049 1041 3410 1096 Testamento
3447 1045 3533 1097 est

1894 1134 2282 1200 constitutum,
2307 1134 2406 1189 sed
2433 1133 2608 1190 etiam
2631 1133 2690 1188 in
2709 1133 2898 1188 Veteri
2921 1133 3046 1187 fuit.
3071 1132 3231 1188 Unde
3259 1134 3533 1206 scriptum

1897 1233 2023 1284 est:
2060 1250 2087 1277 ‹‹
2117 1230 2331 1300 Moyses
2367 1231 2424 1282 et
2451 1227 2642 1281 Aaron
2680 1225 2740 1280 in
2778 1225 3165 1282 sacerdotibus
3204 1227 3326 1297 ejus
3367 1227 3530 1297 (Psal.

1895 1339 2092 1391 xcvm,
2140 1322 2222 1391 6),
2280 1342 2307 1370 ››
2359 1319 2417 1374 id
2467 1323 2553 1374 est
2598 1318 2770 1390 primi
2821 1320 2972 1374 inter
3016 1335 3111 1374 eos
3167 1319 3420 1374 fuerunt.
3470 1322 3537 1376 Et

1894 1413 2154 1486 quamvis
2193 1413 2274 1467 ita
2317 1411 2642 1467 ordinatum
2683 1411 2876 1481 fuerit,
2924 1427 3094 1466 nemo
3138 1414 3336 1466 tamen
3377 1413 3534 1483 quod

1895 1523 2062 1562 suum
2092 1508 2195 1574 est,
2220 1507 2458 1577 quierat,
2483 1504 2581 1559 sed
2600 1503 2754 1576 quod
2781 1504 3034 1574 alterius,
3061 1504 3212 1559 unde
3235 1505 3316 1560 ait
3334 1505 3536 1560 beatus

1895 1599 2176 1672 apostolus
2212 1600 2416 1653 Paulus
2455 1614 2468 1652 :
2511 1616 2539 1650 «
2577 1597 2978 1669 Unusquisque
3019 1597 3237 1668 placeat
3273 1598 3534 1669 proximo

1897 1710 1997 1749 suo
2027 1694 2088 1748 in
2126 1692 2342 1747 bonum
2385 1691 2457 1746 ad
2495 1690 2927 1746 asdiﬁcationem
2957 1691 3124 1761 (Rom.
3164 1708 3254 1757 xv,
3290 1694 3362 1761 2).
3404 1713 3432 1739 »
3472 1693 3538 1746 Et

1897 1786 2041 1841 sicut
2077 1785 2199 1857 ipse
2243 1783 2495 1840 Salvator
2531 1783 2645 1838 suis
2686 1783 2765 1838 ait
2797 1783 3084 1854 discipulis
3113 1801 3126 1838 :
3159 1805 3186 1834 ‹‹
3215 1784 3321 1848 Qui
3355 1785 3538 1855 major

1897 1884 1982 1935 est
2006 1883 2280 1944 vestrum,
2308 1877 2417 1931 erit
2441 1877 2705 1931 minister
2729 1879 2915 1930 vester
2935 1876 3152 1944 (Matth.
3180 1893 3336 1944 mn,
3373 1878 3479 1945 ll),
3505 1899 3533 1926 ››

1898 1977 1954 2028 et
1990 1972 2228 2043 reliqua.
2272 1971 2340 2024 Et
2377 1969 2508 2024 licet
2550 1985 2721 2040 super
2759 1967 2846 2022 his
2885 1969 3078 2040 aliqua
3117 1968 3264 2023 dicta
3299 1968 3532 2036 fuerint,

1898 2067 2219 2137 repetentes
2248 2068 2445 2118 tamen
2475 2061 2702 2132 smpius,
2727 2062 3101 2116 admonemus
3131 2065 3194 2116 ut
3218 2077 3445 2132 semper
3474 2061 3533 2115 in

1899 2157 2184 2224 omnibus,
2214 2159 2271 2212 et
2296 2156 2366 2211 ab
2389 2155 2654 2210 omnibus
2673 2154 2920 2210 vitentur
2945 2153 3221 2209 elationes
3245 2154 3454 2210 mentis
3479 2159 3537 2210 et

1897 2249 2166 2322 corporis.
2190 2250 2258 2304 Et
2288 2250 2504 2321 quanto
2527 2247 2710 2319 major
2736 2246 3124 2318 unusquisque
3147 2247 3371 2302 videtur
3390 2263 3530 2315 esse,

1899 2347 2056 2399 tanto
2105 2343 2177 2398 sit
2211 2341 2503 2409 humilior,
2548 2341 2690 2395 sicut
2734 2339 3010 2394 Dominus
3053 2339 3305 2395 Salvator
3344 2343 3538 2395 noster

1896 2454 2015 2493 non
2056 2437 2210 2492 venit
2250 2434 2582 2501 ministrari,
2623 2433 2721 2488 sed
2760 2432 3107 2488 ministrare.
3156 2434 3241 2500 Et,
3279 2433 3323 2486 si
3363 2434 3538 2488 frater

1897 2531 2099 2602 aliquis
2124 2532 2548 2600 praeoccupatus
2574 2526 2747 2581 fuerit
2772 2527 2831 2580 in
2851 2525 3040 2597 aliquo
3068 2525 3292 2593 delicto,
3317 2542 3413 2579 vos
3436 2527 3535 2597 qui

1897 2623 2214 2694 spirituales
2252 2620 2404 2689 estis,
2446 2619 2709 2674 instruite
2755 2635 2888 2673 eum
2929 2618 2986 2672 in
3028 2617 3230 2690 spiritu
3262 2617 3530 2674 lenitatis.

1897 2716 1952 2772 Si
1989 2731 2117 2787 quae
2153 2729 2284 2770 vero
2322 2713 2448 2768 aliae
2486 2729 2672 2767 causae
2711 2711 3050 2767 difﬁciliores
3079 2710 3230 2766 inter
3258 2727 3356 2766 vos
3395 2715 3536 2766 ortae

1895 2808 2126 2875 fuerint,
2157 2807 2227 2862 ad
2264 2807 2435 2878 hujus
2469 2808 2679 2860 sanctae
2709 2804 2863 2860 Sedis
2899 2803 3118 2876 apicem
3147 2819 3243 2859 eas
3269 2803 3428 2875 quasi
3465 2805 3535 2859 ad

1897 2905 2064 2972 caput
2111 2900 2350 2966 referte,
2403 2902 2466 2953 ut
2504 2897 2813 2970 apostolico
2859 2897 3243 2952 terminentur
3279 2896 3534 2968 judicio,

1896 2994 2030 3066 quia
2065 2993 2142 3048 sic
2185 2991 2496 3048 Dominum
2538 2992 2676 3047 velle
2714 2990 2788 3045 ab
2828 3006 3009 3062 eoque
3051 2991 3130 3045 ita
3166 2989 3534 3046 constitutum

1901 3104 2020 3142 esse
2075 3085 2373 3142 antedictis
2425 3083 2768 3140 testimoniis
2830 3084 3169 3139 declaratur.
3225 3085 3351 3139 Haec
3397 3100 3532 3140 vero

1898 3179 2204 3252 apostolica
2242 3179 2414 3235 Sedes
2453 3178 2628 3234 cardo
2669 3181 2726 3233 et
2767 3179 2941 3249 caput
2981 3177 3195 3234 factum
3238 3181 3322 3234 est
3361 3194 3395 3231 a
3434 3177 3538 3232 Do-

1900 3273 2060 3329 mino
2085 3314 2100 3343 ,
2151 3277 2208 3328 et
2253 3288 2372 3328 non
2427 3272 2496 3327 ab
2542 3270 2650 3327 alio
2710 3270 3053 3339 constituta,
3112 3275 3170 3327 et
3221 3271 3366 3327 sicut
3405 3287 3532 3326 car-

1901 3367 2033 3422 dine
2061 3366 2270 3421 ostium
2302 3364 2540 3437 regitur.
2571 3364 2662 3420 Sic
2691 3363 2866 3435 hujus
2905 3365 3112 3420 sancta:
3151 3363 3310 3420 Sedis
3339 3367 3535 3419 aucto~

1900 3459 2067 3515 ritate
2121 3475 2320 3514 omnes
2371 3457 2635 3515 Ecclesiae
2658 3499 2672 3527 ,
2723 3456 2960 3513 Domino
3014 3456 3349 3530 disponente
3371 3498 3384 3525 ,
3439 3472 3530 3512 re-

1902 3556 2134 3624 guntur.

1969 3647 2332 3700 Accusatores
2373 3647 2567 3699 autem
2611 3646 2670 3698 et
2721 3646 2893 3698 testes
2931 3658 3053 3699 esse
3102 3659 3220 3699 non
3261 3649 3532 3716 possunt,

1898 3737 1996 3809 qui
2023 3741 2155 3792 ante
2183 3737 2520 3792 hesternum
2557 3735 2710 3790 diem
2749 3740 2847 3790 aut
2879 3735 3293 3791 nudiustertius
3321 3735 3536 3792 inimici

1900 3829 2137 3897 fuerint,
2185 3845 2257 3885 ne
2302 3828 2431 3883 irati
2479 3843 2684 3884 nocere
2728 3827 2991 3898 cupiant,
3039 3828 3128 3882 vel
3180 3827 3302 3883 laesi
3341 3827 3535 3882 ulcisci

1899 3922 2089 3978 velint.
2145 3921 2456 3979 Inoﬂ'ensus
2507 3921 2686 3993 igitur
2737 3925 3130 3976 accusatorum
3186 3925 3242 3976 et
3305 3920 3534 3976 testium

1898 4015 2131 4072 affectus
2167 4014 2510 4087 quaerendus
2545 4017 2650 4082 est,
2689 4017 2746 4069 et
2787 4029 2904 4068 non
2941 4017 3255 4085 suspectus.
3295 4013 3535 4069 Causam

1900 4109 2053 4166 enim
2073 4111 2322 4165 vestram
2344 4108 2530 4164 alieno
2551 4105 2725 4163 nolite
2745 4107 3098 4162 committere
3111 4105 3354 4177 judicio,
3376 4105 3537 4161 valde

1899 4201 2056 4258 enim
2075 4201 2338 4273 iniquum
2357 4205 2442 4257 est
2460 4203 2525 4255 ut
2537 4200 2762 4256 omissis
2774 4199 2910 4267 suis,
2924 4199 3020 4254 alii
3034 4198 3273 4271 quilibet
3289 4199 3535 4255 aliorum

1902 4313 1960 4352 se
1985 4295 2166 4351 causis
2190 4294 2569 4361 immisceant,
2607 4293 2877 4365 quoniam
2906 4292 3077 4347 nullis
3106 4293 3166 4348 in
3202 4291 3339 4348 locis
3379 4293 3539 4364 spiri-

1899 4388 2066 4444 tualis
2109 4404 2243 4444 cura
2277 4386 2482 4453 deficit,
2527 4386 2623 4442 sed
2663 4402 2722 4442 se
2766 4401 2869 4456 per
2912 4384 3126 4454 omnia,
3166 4401 3282 4456 qua
3327 4401 3536 4441 nomen

219 4476 310 4530 lista
331 4486 650 4536 consecrata
672 4486 776 4551 est,
805 4480 934 4552 quia
960 4481 1080 4552 ipse
1109 4484 1164 4537 et
1193 4481 1252 4536 in
1282 4484 1521 4554 Egypto
1549 4481 1804 4553 primum
1823 4493 1881 4564 D
1906 4481 2134 4536 Domini
2159 4480 2516 4552 praedicatur,
2549 4477 2819 4534 extendit.
2845 4477 3207 4533 Studendum
3237 4481 3321 4532 est
3351 4477 3534 4533 omni-

220 4569 404 4626 verbum
454 4574 710 4630 veritatis
762 4574 1012 4628 directus
1057 4591 1091 4627 a
1147 4575 1310 4630 Petro
1363 4573 1690 4646 praedicavit
1747 4581 1805 4631 et

217 4659 474 4726 gloriosum
500 4666 752 4737 suscepit
778 4665 1138 4738 martyrium.
1173 4666 1274 4723 Cui
1307 4666 1645 4723 venerabilis
1673 4683 1801 4723 suc-

217 4755 343 4810 cessit
364 4758 595 4814 Abilius.

685 4840 758 4893 De
785 4838 906 4893 sede
937 4838 1295 4894 Antiochena.

267 4938 430 4996 Tertia
457 4947 654 5000 autem
675 4944 836 4998 sedes
861 4943 1016 5015 apud
1050 4943 1410 5000 Antiochiam
1438 4943 1718 5016 ejusdem,
1748 4945 1806 5000 id

218 5034 278 5082 est
311 5032 445 5090 beati
489 5036 644 5091 Petri
688 5036 925 5108 apostoli
968 5035 1212 5092 habetur
1253 5036 1600 5106 honorabilis
1618 5079 1632 5106 ,
1675 5037 1807 5108 quia

219 5119 318 5192 illic,
341 5127 667 5200 priusquam
699 5129 940 5183 Romam
966 5128 1203 5196 veniret,
1231 5128 1522 5199 habitavit,
1557 5133 1614 5185 et
1640 5131 1802 5201 lgna-

220 5212 327 5270 tium
353 5219 679 5292 episcopum
710 5221 1021 5288 constituit,
1059 5225 1117 5277 et
1151 5221 1265 5276 illic
1301 5221 1557 5294 primum
1592 5239 1808 5278 nomen

219 5303 626 5368 Christianorum
649 5314 887 5369 novellae
912 5314 1099 5386 gentis
1125 5319 1390 5370 exortum
1417 5319 1521 5370 est.
1543 5315 1808 5387 Reliquas

221 5410 340 5467 vero,
363 5408 420 5457 ut
441 5405 830 5476 praediximus,
857 5407 917 5460 in
944 5407 1196 5478 quodam
1219 5411 1394 5474 tomo,
1421 5407 1811 5479 prolixitatem

222 5487 416 5549 vitautes
447 5497 725 5569 epistolae,
751 5498 911 5553 vobis
938 5499 1288 5571 conscriptas
1315 5500 1645 5556 direximus.
1674 5501 1810 5557 Inde

223 5597 430 5658 naliique
459 5593 516 5645 et
538 5590 694 5645 beati
719 5592 968 5664 Apostoli
992 5593 1142 5648 inter
1168 5610 1227 5648 se
1253 5597 1572 5650 statuerunt
1594 5596 1658 5649 ut
1685 5594 1808 5665 epi-

226 5679 348 5748 scopi
387 5681 736 5755 singularum
779 5685 988 5740 scirent
1031 5687 1306 5757 gentium,
1345 5687 1472 5758 quis
1519 5686 1674 5742 inter
1714 5702 1812 5743 eos

228 5767 410 5832 Primus
434 5779 584 5831 esset
615 5793 630 5829 :
657 5781 929 5849 quatenus
957 5779 1027 5834 ad
1053 5795 1186 5836 eum
1219 5779 1402 5851 potior
1430 5795 1628 5836 eorum
1658 5780 1808 5836 solli-

1903 4575 2026 4643 bus,
2065 4590 2139 4628 ne
2179 4573 2263 4642 (ut
2299 4572 2448 4642 sunt)
2489 4569 2880 4626 aemulationes
2919 4569 3106 4637 malae,
3147 4569 3242 4624 sed
3275 4569 3388 4642 piae
3426 4570 3540 4627 sint

1902 4668 2051 4722 inter
2073 4683 2173 4721 vos
2203 4665 2550 4733 dilectiones,
2579 4663 2715 4735 quia
2739 4662 2799 4718 in
2828 4663 2938 4718 hoc
2965 4679 3062 4718 vos
3090 4678 3289 4718 omnes
3314 4663 3538 4719 Domini

1906 4759 2208 4830 discipulos
2233 4774 2354 4814 esse
2377 4774 2537 4814 veros
2562 4757 2843 4824 noverint,
2872 4756 2918 4811 si
2944 4755 3303 4813 dilectionem
3330 4756 3540 4813 habue-

1907 4853 2026 4908 ritis
2074 4852 2409 4908 adinvicem.
2456 4852 2538 4906 Ex
2601 4850 2760 4906 omni
2815 4865 2952 4922 ergo
3007 4865 3216 4922 genere
3261 4850 3541 4922 plurimos

1906 4947 2055 5000 Deus
2109 4945 2377 5017 dignatur
2438 4944 2754 5010 attrahere,
2809 4959 2952 5014 quos
3009 4943 3190 4999 exitus
3246 4943 3316 4999 de
3376 4948 3538 5015 pote-

1908 5041 2051 5093 state
2116 5037 2491 5093 tenebrarum
2570 5036 2871 5092 transferat
2960 5036 3019 5090 in
3111 5052 3360 5108 regnum
3440 5035 3540 5091 ﬁlii

1906 5129 2192 5186 charitatis
2228 5146 2344 5186 suae
2363 5171 2378 5200 ,
2419 5133 2477 5186 et
2517 5129 2587 5186 de
2627 5128 2770 5184 vasis
2806 5129 2908 5185 irae
2950 5129 3115 5185 faciat
3146 5145 3276 5185 vasa
3316 5129 3539 5185 miseri-

1907 5222 2136 5280 cordiae.
2212 5295 2216 5298 i

1978 5315 2136 5372 Unde
2182 5315 2344 5370 nobis
2390 5330 2754 5388 summopere
2795 5314 3143 5371 studendum
3184 5319 3299 5381 est,
3345 5315 3410 5366 ut
3451 5327 3542 5366 co-

1908 5413 2230 5480 operatores
2245 5406 2422 5463 simus
2442 5408 2642 5480 gratiae
2659 5407 2777 5475 Dei,
2791 5407 2925 5479 quia
2943 5407 3014 5462 ad
3030 5407 3137 5462 hoc
3153 5404 3330 5461 vocati
3345 5419 3542 5458 sumus

1910 5502 2144 5573 ejusque
2185 5501 2451 5556 familiari
2500 5500 2783 5572 colloquio
2833 5499 3065 5568 sociati,
3119 5502 3176 5553 et
3228 5496 3544 5552 sacerdotes

1911 5593 2152 5662 sacrati,
2197 5596 2265 5650 ut
2303 5594 2620 5650 fructuosos
2659 5593 2744 5648 illi
2785 5591 3105 5663 manipulos
3150 5593 3505 5660 reportemus
3527 5633 3542 5661 ,

1913 5691 2255 5759 coolierante
2281 5688 2468 5760 gratia
2493 5687 2632 5758 ejus.
2657 5688 2896 5742 Necesse
2916 5686 3001 5740 est
3024 5682 3182 5738 enim
3206 5686 3272 5739 ut
3297 5687 3544 5740 rectores

1914 5797 1947 5835 a
1995 5779 2232 5836 subditis
2272 5780 2609 5848 timeantur,
2657 5779 2726 5835 ab
2768 5776 3014 5849 ipsisque
3063 5777 3442 5850 corrigantur,
3485 5783 3547 5834 ut
