4046 6188
255 267 302 318 81
1419 259 1894 316 DECRETALIUM

1933 261 2320 318 COLLECTlO.
3491 273 3559 328 82

731 558 849 650 IN
852 559 1306 653 CIPIUNT
1407 554 1816 652 DECRE’]

1914 619 1930 650 ι
2017 561 2546 673 EVARJSTI
2628 563 2993 656 ΡΑΡλΕ.

247 730 318 791 De
345 725 732 788 ordinatione
764 725 1194 789 diaconorum
1238 735 1300 788 et
1341 727 1628 807 legitimo
1672 726 1998 867 ctmEjugz'o,
2029 734 2228 868 (alitque
2267 728 2344 790 de
2375 728 2505 806 fide
2548 736 2610 790 et
2647 746 2777 791 non
2815 730 3212 810 z'njurz’andis
3239 731 3556 812 episcopis

1600 824 1690 868 au
1785 823 2026 868 acerem
2076 825 2148 868 ιε.

1600 823 1718 868 aut
1763 823 2148 868 lacerandas.

890 939 1000 1002 (Hic
1027 941 1280 990 successit
1311 941 1558 991 Anacleto
1585 953 1722 990 anno
1753 939 1958 990 Domini
1987 943 2096 1004 110,
2126 941 2221 991 sub
2249 942 2470 1006 Traiano
2497 942 2864 1007 imperatore.)

292 1198 644 1254 Dilectissimis
681 1199 950 1256 fratribus
998 1201 1271 1258 universis
1317 1203 1516 1259 Africae
1573 1206 1822 1278 regionis
1845 1213 1905 1286 Α
1924 1202 2050 1258 Htec
2076 1206 2276 1258 cuncta
2302 1201 2591 1260 recitanda
2619 1218 2721 1274 per
2739 1218 2938 1258 omnes
2965 1203 3238 1259 Ecclesias
3265 1203 3555 1259 Africanas

238 1292 465 1364 episcopis
498 1293 826 1348 Evamsrvs.

289 1385 682 1442 Consulentibus
707 1386 880 1455 vobis,
903 1387 1104 1443 fratres
1130 1389 1466 1461 charissimi,
1485 1392 1620 1463 quid
1648 1409 1818 1465 super

236 1480 315 1546 his,
330 1496 442 1550 quae
459 1479 516 1533 in
535 1481 732 1535 vestris
752 1479 1186 1538 continebantur
1210 1483 1433 1556 scriptis
1452 1485 1635 1539 visum
1653 1491 1814 1553 esset,

233 1572 295 1626 vel
319 1573 436 1643 quid
471 1572 665 1627 docilis
695 1572 836 1627 ratio
873 1574 1258 1645 persuaderet,
1286 1579 1385 1631 aut
1409 1577 1547 1648 quid
1579 1595 1612 1633 a
1639 1579 1817 1636 beatis

230 1665 450 1735 apostolis
473 1665 636 1719 nobis
664 1665 954 1733 traditum,
983 1670 1082 1721 aut
1106 1668 1447 1726 custoditum
1473 1676 1813 1740 remaneret,

231 1760 444 1827 optantes
473 1762 550 1819 (ut
577 1758 869 1829 retulistis)
890 1759 1096 1816 nostris
1121 1760 1336 1816 institui
1367 1763 1732 1819 documentis.
1758 1765 1816 1820 Si

230 1850 416 1919 quidem
435 1850 659 1906 dilectio
677 1854 861 1906 vestra
873 1868 1134 1906 normam
1155 1860 1346 1908 secuta
1364 1856 1731 1926 prudentium
1745 1858 1816 1914 ad

229 1942 385 1996 sedem
407 1943 776 2014 Apostolicam
816 1944 1029 2000 referre
1078 1946 1299 2014 maluit,
1336 1949 1494 2019 quasi
1523 1950 1595 2004 ad
1625 1955 1812 2022 caput,

227 2035 344 2104 quid
364 2035 566 2091 deberet
596 2036 669 2091 de
706 2037 876 2093 rebus
910 2038 1095 2093 dubiis
1121 2040 1397 2096 custodire
1425 2041 1611 2113 potius
1640 2059 1814 2114 quam

228 2128 540 2200 usurpatione
576 2145 952 2201 praesumere.

462 2226 529 2278 De
561 2223 912 2278 ordinatione
937 2229 1136 2294 septem
1165 2226 1526 2284 diaconatum.

278 2313 477 2368 Diaconi
502 2316 626 2387 (qui
651 2317 811 2386 quasi
849 2317 994 2371 oculi
1024 2318 1288 2374 videntur
1314 2336 1434 2376 esse
1460 2322 1726 2393 episcopi)
1754 2324 1815 2378 in

222 2421 519 2478 unaquaque
545 2409 776 2465 civitate
797 2411 964 2480 juxta
990 2412 1373 2482 apostolorum
1404 2415 1705 2470 constituta
1735 2433 1815 2471 se-

222 2502 344 2568 ptem
368 2501 560 2556 debent
590 2518 736 2569 esse,
765 2504 864 2574 qui
902 2504 1222 2560 custodiant
1257 2506 1583 2578 episcopum
1612 2509 1814 2578 praedi-

220 2598 419 2658 cantem,
443 2611 511 2650 ne
541 2600 651 2650 aut
675 2596 795 2666 ipse
823 2597 894 2651 ab
930 2575 1354 2653 insidiatoribus
1383 2575 1632 2672 quoquo
1645 2603 1813 2658 modo
1833 2575 1890 2648 B

221 2685 486 2754 infestetur,
515 2692 624 2742 aut
657 2689 894 2744 laedatur
920 2707 954 2744 a
992 2691 1125 2759 suis,
1154 2696 1253 2747 aut
1290 2693 1457 2747 verba
1491 2693 1682 2748 divina
1725 2696 1816 2751 de-

218 2779 448 2834 trahendo
491 2785 600 2835 aut.
647 2781 962 2838 insidiando
1005 2785 1354 2855 polluantur,
1383 2786 1466 2841 vel
1510 2787 1817 2858 despician-

217 2877 302 2940 tur,
329 2873 412 2927 sed
440 2874 650 2929 veritas
676 2875 952 2946 spirituali
980 2878 1231 2933 redoleat
1257 2879 1495 2946 fervore,
1523 2897 1636 2950 pax
1675 2897 1816 2952 prae-

219 2964 366 3020 dicata
389 2966 541 3022 labiis
570 2968 757 3022 animi
796 2985 927 3023 cum
954 2971 1240 3026 voluntate
1279 2972 1598 3028 concordet.

681 3064 756 3116 De
785 3062 1027 3132 conjugio
1060 3065 1313 3133 legitimo.

271 3151 508 3207 Similiter
529 3153 880 3208 custoditum
901 3159 956 3210 et
973 3156 1250 3210 traditum
1278 3157 1570 3226 habemus,
1589 3163 1652 3214 ut
1670 3175 1815 3214 uxor

221 3242 422 3313 legitime
445 3247 562 3300 viro
582 3247 890 3318 jungatur.
919 3248 1095 3302 Aliter
1119 3250 1273 3304 enim
1303 3250 1655 3321 legitimum,
1688 3257 1750 3307 ut
1779 3270 1813 3307 a

221 3337 426 3393 Palribus
448 3339 796 3411 accepimus,
820 3344 876 3395 et
900 3359 933 3395 a
952 3343 1159 3396 sanctis
1186 3344 1473 3414 apostolis,
1503 3361 1814 3416 eorumque

220 3432 579 3486 successoribus
625 3432 929 3501 traditum,
970 3435 1311 3504 invenimus,
1347 3453 1461 3491 non
1505 3438 1568 3491 fit
1610 3439 1810 3509 conju-

221 3520 357 3588 gium,
384 3524 484 3578 nisi
509 3525 580 3579 ab
614 3524 711 3579 his
737 3526 834 3596 qui
862 3542 1032 3597 super
1052 3527 1232 3598 ipsam
1260 3528 1534 3583 feminam
1563 3529 1812 3585 domina-

221 3612 390 3668 tionem
413 3617 688 3672 videntur
711 3617 941 3684 habere,
962 3623 1018 3673 et
1034 3637 1064 3672 a
1086 3620 1292 3691 quibus
1313 3622 1645 3692 custoditur,
1670 3639 1814 3677 uxor

220 3711 414 3776 petatur,
435 3714 488 3764 et
513 3728 546 3764 a
567 3710 906 3782 parentibus
934 3716 1034 3766 aut
1061 3713 1566 3786 propinquioribus
1586 3732 1815 3786 sponse-

219 3803 301 3866 tur,
327 3806 376 3856 et
397 3803 616 3875 legibus
648 3803 835 3870 detur,
865 3807 920 3859 et
946 3821 1050 3859 suo
1081 3808 1336 3877 tempore
1369 3809 1808 3874 sacerdotaliter,

217 3896 261 4006 Et
284 3910 386 3948 mos
414 3900 513 3963 est,
533 3913 673 3951 cum
699 3896 962 3968 precibus
985 3901 1042 3952 et
1065 3898 1441 3954 oblationibus
1466 3918 1498 3955 a
1525 3902 1811 3956 sacerdote
1831 3933 1886 4006 Ο

215 3981 548 4056 benedicatur,
572 3993 633 4044 et
657 4005 691 4042 a
716 3991 1142 4062 paranymphis,
1165 3995 1230 4046 ut
1250 3994 1599 4048 consuetudo
1628 3995 1809 4061 docet,

213 4081 439 4135 custodita
467 4087 524 4137 et
551 4084 771 4138 sociata
795 4100 828 4138 a
853 4084 1122 4154 proximis
1148 4089 1403 4157 tempore
1435 4104 1687 4159 congruo
1712 4105 1810 4159 pe-

214 4173 289 4222 tita
309 4173 510 4244 legibus
538 4177 734 4242 detur,
764 4181 821 4231 et
844 4177 1174 4232 solemniter
1201 4179 1531 4250 accipiatur,
1556 4185 1613 4235 et
1638 4181 1811 4236 biduo

213 4263 274 4314 vel
290 4266 454 4322 triduo
467 4268 831 4323 orationibus
849 4274 1047 4325 vacent
1061 4273 1118 4325 et
1135 4271 1453 4327 castitatem
1471 4273 1808 4344 custodiant,

217 4357 258 4405 ut
284 4356 422 4413 bona:
457 4361 682 4416 soboles
724 4365 1088 4432 generentur,
1119 4367 1176 4418 et
1216 4365 1456 4419 Domino
1499 4365 1557 4419 in
1593 4366 1812 4420 actibus

218 4447 300 4501 suis
320 4452 580 4520 placeant.
609 4454 819 4509 Taliter
844 4455 997 4510 enim
1037 4461 1092 4511 et
1136 4458 1378 4512 Domino
1407 4459 1726 4530 placebunt,
1755 4463 1813 4514 et

217 4537 325 4595 ﬁlios
345 4561 449 4600 non
476 4547 726 4619 spurios,
751 4548 851 4602 sed
879 4548 1184 4620 legitimos,
1205 4554 1373 4622 atque
1395 4551 1811 4607 haereditabiles

217 4639 539 4701 generabunt.
588 4640 973 4712 QuaprOpter,
1001 4641 1103 4696 ﬁlii
1141 4643 1476 4714 charissimi,
1507 4648 1567 4698 et
1607 4645 1810 4700 merito

215 4723 412 4784 illustres
440 4732 552 4788 ﬁde
582 4733 860 4787 catholica
895 4734 1261 4806 suffragante,
1290 4735 1367 4790 ita
1403 4742 1631 4808 peracta
1665 4738 1804 4810 legi-

216 4817 530 4880 timascitote
576 4842 701 4881 esse
743 4828 1023 4898 conjugia.
1066 4827 1247 4883 Aliter
1286 4846 1418 4884 vero
1461 4834 1808 4902 praesumpta

215 4924 300 4966 non
322 4917 604 4990 conjugia,
637 4919 734 4974 sed
753 4923 851 4974 aut
871 4921 1166 4988 adulteria,
1186 4927 1284 4977 aut
1304 4923 1687 4991 contubernia,
1708 4928 1810 4978 aut

215 5007 384 5077 stupra,
412 5012 498 5065 vel
522 5012 923 5068 fornicationes
957 5014 1147 5085 potius
1181 5031 1353 5086 quam
1391 5015 1646 5087 legitima
1671 5033 1804 5070 con-

208 5095 334 5166 iugia
359 5117 472 5157 esse
503 5121 621 5158 non
649 5105 922 5176 dubitate,
947 5107 1056 5161 nisi
1077 5108 1331 5163 voluntas
1351 5108 1579 5180 propria
1604 5109 1804 5164 suifra-

215 5194 310 5255 gata
333 5195 499 5250 fuerit
534 5203 594 5252 et
623 5203 754 5252 vota
786 5199 1169 5256 succurrerint
1207 5200 1480 5271 legitima.
1513 5203 1653 5256 Nam
1695 5203 1808 5257 fru-

1918 1295 2126 1367 scripta
2155 1294 2405 1366 dirigite,
2431 1300 2487 1352 et
2518 1295 2636 1352 istis
2664 1297 3002 1362 connectite,
3021 1313 3161 1369 quas
3191 1296 3554 1368 adjunximus

1917 1388 2132 1445 litteras
2159 1387 2557 1458 perfectorum,
2587 1392 2650 1442 ut
2677 1388 2746 1443 de
2767 1388 2853 1443 his
2868 1405 2997 1460 quae
3022 1389 3216 1461 inique
3239 1389 3555 1446 laudantur

1918 1481 1982 1552 (si
2013 1481 2149 1552 quid
2167 1481 2280 1536 tale
2308 1481 2536 1551 probari
2560 1481 2784 1560 poterit)
2793 1481 3076 1552 judicium
3098 1481 3218 1549 ﬁat,
3233 1487 3290 1538 et
3305 1481 3554 1538 inhibita

1916 1576 2302 1641 coerceantur,
2331 1579 2387 1631 et
2427 1574 2718 1646 praeterita
2761 1575 2926 1642 mala,
2955 1578 3011 1630 et
3040 1574 3232 1629 illicita
3265 1574 3551 1645 conjugia,

1917 1664 1961 1720 si
1989 1665 2300 1722 doceantur
2329 1665 2592 1733 admissa,
2621 1666 2796 1738 digna
2826 1667 3118 1722 severitate
3151 1666 3551 1738 corripiantur.

1915 1759 1992 1814 De
2019 1763 2224 1815 caetero
2251 1774 2382 1815 vero
2409 1761 2716 1814 caveantur
2733 1759 2869 1816 talia
2895 1775 2997 1831 per
3022 1776 3222 1814 omnes
3261 1759 3551 1826 Ecclesias,

1917 1867 1990 1904 ne
2020 1850 2282 1906 Ecclesiae
2311 1851 2573 1906 sanctitas
2593 1869 2698 1922 per
2723 1854 2975 1906 nostram
3003 1852 3241 1922 fatigata
3259 1852 3553 1923 negligen-

1914 1943 2076 2010 tiam,
2109 1943 2314 2015 perdat
2333 1943 2623 2014 privilegia
2647 1960 2773 2016 qua:
2794 1947 2876 2000 est
2901 1960 3004 2016 per
3021 1944 3169 1998 viros
3197 1944 3553 2000 venerabiles

1916 2038 2237 2090 consecuta.

1985 2129 2061 2182 De
2087 2129 2176 2182 his
2211 2144 2343 2184 vero
2390 2128 2597 2199 quibus
2635 2128 2706 2183 ab
2751 2129 3172 2184 insidiatoribus
3209 2128 3546 2201 fatigamini,

1917 2221 2067 2277 unde
2095 2227 2153 2276 et
2183 2238 2283 2276 nos
2318 2222 2636 2288 consulere,
2660 2226 2716 2277 et
2752 2240 2784 2276 a
2821 2222 2983 2277 nobis
3009 2221 3230 2278 edoceri
3265 2222 3415 2277 inter
3439 2239 3547 2276 ca:-

1913 2317 2036 2368 tera
2072 2313 2344 2381 voluistis,
2382 2331 2448 2370 eo
2481 2315 2634 2386 quod
2667 2314 2780 2370 sint
2810 2315 3048 2387 quidam
3081 2315 3180 2386 qui
3204 2315 3552 2370 arbitrantur

1912 2407 1981 2462 de
2018 2410 2183 2462 Patre
2227 2408 2346 2463 solo
2405 2407 2620 2462 dictum
2663 2424 2802 2475 esse,
2845 2409 2978 2480 quia
3021 2408 3140 2479 ipse
3181 2410 3334 2463 solus
3381 2409 3553 2464 habet

1913 2499 2402 2556 immortalitatem
2435 2504 2491 2555 et
2515 2501 2701 2557 lucem
2727 2500 2949 2556 habitat
2978 2500 3448 2567 inaccessibilem,
3470 2501 3552 2555 ita

1916 2611 2011 2648 eos
2034 2593 2353 2665 apostolicis
2378 2594 2654 2665 percutite
2678 2593 2890 2661 ferulis,
2914 2597 2972 2650 et
2999 2593 3202 2649 divinis
3227 2594 3551 2666 redarguite

1915 2687 2209 2759 praeceptis
2239 2703 2253 2740 :
2282 2687 2406 2740 Non
2435 2687 2591 2742 enim
2633 2687 2787 2741 solus
2833 2689 2995 2742 Pater
3025 2687 3146 2742 sine
3185 2687 3325 2742 Filio
3362 2689 3549 2742 lucem

1915 2778 2365 2835 inaccessibilem
2395 2779 2633 2845 habitat,
2664 2779 2797 2850 quia
2823 2779 2920 2833 ubi
2949 2781 3114 2835 Pater
3142 2786 3245 2849 est,
3275 2780 3353 2834 ibi
3377 2781 3550 2835 etiam

1912 2873 2120 2928 Filium
2151 2889 2274 2927 esse
2305 2872 2669 2927 indubitabili
2692 2873 2802 2926 fide
2831 2872 3177 2928 credendum
3199 2877 3308 2942 est;
3339 2890 3470 2927 nam
3501 2873 3550 2928 si

1915 2965 2065 3020 solus
2092 2968 2254 3020 Pater
2296 2965 2415 3019 sine
2455 2965 2590 3019 Filio
2618 2964 2792 3036 (quod
2821 2964 3004 3020 dicere
3040 2966 3202 3020 nefas
3231 2966 3332 3036 est)
3363 2967 3551 3020 lucem

1914 3058 2135 3114 habitat
2159 3057 2630 3125 inaccessibilem,
2658 3073 2883 3112 necesse
2921 3062 3007 3112 est
3040 3063 3105 3113 ut
3134 3061 3552 3130 sequestratam

1914 3156 2080 3209 Pater
2107 3170 2139 3206 a
2179 3151 2319 3206 Filio
2360 3152 2561 3206 habeat
2604 3151 2998 3220 mansionem;
3045 3152 3197 3223 quod
3239 3151 3282 3205 si
3324 3151 3402 3206 ita
3445 3155 3549 3221 est,

1913 3262 2168 3320 quonam
2191 3245 2360 3300 modo
2380 3245 2531 3299 idem
2563 3244 2732 3299 Filius
2755 3245 2825 3299 ad
2848 3245 3139 3299 dexteram
3159 3245 3338 3299 Patris
3363 3250 3550 3300 astans

1913 3359 1944 3394 ξι
1976 3341 2142 3395 beato
2182 3341 2435 3409 martyre
2462 3338 2749 3409 Stephano
2780 3337 2987 3392 dicitur
3015 3338 3285 3408 conspici,
3314 3338 3357 3392 si
3385 3340 3551 3392 Pater

1914 3433 2229 3488 secundum
2255 3447 2353 3486 eos
2383 3433 2536 3486 solus
2563 3431 2771 3486 dicitur
2797 3431 3025 3485 sedibus
3060 3431 3200 3484 lucis
3242 3430 3545 3485 contineri.

1913 3526 2073 3580 Absit
2099 3526 2205 3579 hoc
2237 3542 2270 3579 a
2303 3540 2469 3578 sensu
2517 3523 2769 3578 ﬁdelium
2802 3523 3027 3578 Christo
3054 3523 3113 3578 in
3156 3524 3370 3579 unitate
3416 3523 3550 3578 ﬁdei

1910 3617 2348 3683 adhaerentium,
2382 3617 2654 3687 quoniam
2698 3616 2843 3670 sicut
2879 3600 2997 3670 non
3033 3617 3192 3672 obest
3231 3616 3373 3671 Filio
3417 3633 3550 3670 cum

1911 3711 2062 3765 solus
2096 3709 2303 3764 dicitur
2341 3711 2507 3763 Pater
2542 3709 2731 3762 lucem
2777 3707 3222 3762 inaccessibilem
3267 3709 3546 3777 habitare,

1913 3804 1989 3859 ita
2027 3819 2144 3857 non
2191 3802 2350 3856 obest
2387 3800 2539 3856 Patri
2588 3816 2720 3854 cum
2764 3799 3064 3870 sapientia,
3093 3816 3220 3870 quae
3247 3803 3332 3855 est
3356 3800 3546 3865 Filius,

1912 3897 2116 3952 dicitur
2142 3912 2344 3966 gyrum
2375 3893 2499 3948 coeli
2534 3893 2648 3947 sola
2681 3892 2948 3961 circuire;
2979 3894 3150 3947 Pater
3173 3891 3385 3962 itaque,
3415 3909 3548 3946 cum

1913 3990 1985 4044 sit
2039 3989 2329 4044 invisibilis
2395 3991 2452 4042 et
2499 3986 2788 4058 ingenitus
2845 3985 2906 4039 in
2962 4003 3042 4052 se,
3089 3986 3146 4039 in
3210 3985 3349 4040 Filio
3396 3985 3548 4039 visus

1912 4083 2160 4154 Apostoli
2202 4080 2528 4137 testimonio
2580 4079 3014 4150 comprobatur,
3044 4084 3100 4133 et
3138 4079 3196 4132 in
3240 4079 3375 4132 Filio
3420 4096 3453 4132 a
3491 4095 3549 4134 se

1912 4174 2366 4231 inenarrabiliter
2393 4173 2582 4244 genito
2612 4172 2885 4227 mansisse
2916 4188 2979 4226 ac
3017 4171 3354 4243 requievisse
3383 4189 3544 4226 mon-

1913 4273 2141 4338 stratur,
2171 4268 2292 4339 ipso
2332 4267 2470 4321 Filio
2500 4267 2559 4320 in
2590 4266 2872 4336 propheta
2913 4265 3182 4336 loquente
3219 4282 3231 4319 :
3265 4285 3291 4317 «
3320 4265 3426 4329 Qui
3454 4282 3546 4320 me

1914 4362 2134 4434 genuit,
2167 4359 2442 4432 requievit
2485 4359 2544 4413 in
2594 4359 2963 4414 tabernaculo
3007 4373 3135 4412 meo
3174 4358 3356 4426 (Eccli.
3396 4375 3544 4424 xxxv,

1916 4458 2020 4525 1'2);
2053 4475 2080 4505 »
2108 4459 2164 4508 et
2186 4454 2245 4508 in
2273 4452 2579 4524 Evangelio
2615 4469 2627 4505 :
2671 4473 2699 4500 ‹‹
2726 4453 2893 4505 Pater
2924 4450 2982 4504 in
3012 4467 3105 4504 me
3136 4467 3374 4504 manens
3407 4451 3546 4504 facit

1913 4564 2090 4619 opera
2129 4547 2247 4601 hac
2281 4549 2454 4613 (Joan.
2484 4561 2596 4610 x1v,
2629 4545 2733 4614 10),
2767 4563 2793 4594 ››
2835 4546 2911 4609 et,
2947 4565 2974 4592 ‹‹
3001 4544 3184 4596 Deum
3213 4559 3384 4596 nemo
3408 4543 3549 4597 vidit

1913 4656 2185 4712 unquam,
2218 4638 2324 4692 nisi
2354 4636 2682 4708 unigenitus
2714 4635 2883 4689 Filius
2919 4634 3014 4705 qui
3063 4638 3151 4688 est
3186 4635 3245 4689 in
3290 4635 3418 4690 sinu
3447 4637 3549 4690 Pa-

1913 4734 2010 4788 tris
2062 4734 2237 4804 (Joan.
2289 4749 2326 4799 1,
2378 4732 2499 4797 18);
2547 4752 2574 4778 ››
2623 4729 2667 4783 si
2718 4729 2871 4783 enim
2922 4728 2981 4782 in
3022 4727 3150 4782 sinu
3197 4727 3375 4782 Patris
3427 4732 3549 4784 erat

1911 4827 2082 4880 Filius
2126 4825 2197 4880 ab
2241 4824 2422 4890 initio,
2452 4827 2508 4878 et
2535 4839 2605 4877 ex
2635 4823 2804 4877 corde
2840 4821 3020 4876 Patris
3044 4821 3284 4876 verbum
3329 4821 3544 4876 bonum

1909 4923 2225 4975 eructatum
2265 4921 2367 4986 est,
2403 4915 2694 4988 quomodo
2724 4932 2836 4970 non
2867 4914 2928 4968 in
2957 4915 3126 4968 corde
3152 4917 3390 4985 paterno
3417 4932 3549 4968 con-

1910 5013 2108 5067 sistens
2139 5013 2322 5066 lucem
2360 5026 2491 5064 cum
2534 5009 2735 5064 eodem
2779 5007 3219 5062 inaccessibilem
3263 5008 3546 5062 habitasse

1908 5105 2221 5160 credendus
2246 5102 2373 5157 est?
2418 5101 2684 5173 Nunquid
2720 5103 2886 5155 Pater
2920 5100 3132 5170 absque
3173 5101 3289 5154 ulla
3325 5100 3450 5154 luce
3486 5100 3545 5153 in

1908 5198 2046 5252 Filio
2088 5196 2272 5269 potuit
2313 5210 2701 5260 commanere,
2754 5197 2856 5248 aut
2902 5194 2962 5247 in
3007 5193 3376 5248 tabernaculo
3422 5191 3543 5246 Filii

214 5286 305 5336 ctus
327 5287 541 5343 divinus
567 5294 656 5344 est.
679 5297 957 5363 praecepta
985 5293 1176 5348 divina
1213 5294 1514 5350 custodire.
1556 5296 1633 5350 Ea
1676 5312 1810 5367 quo-
1828 5292 1887 5364 D
1911 5291 2030 5346 sine
2057 5290 2256 5346 eadem
2285 5288 2468 5360 potuit
2492 5288 2868 5359 requiescere,
2889 5303 3020 5342 cum
3053 5286 3203 5341 idem
3231 5285 3400 5339 Filius
3418 5299 3542 5337 can-

213 5389 293 5442 que
317 5379 571 5436 deserere
597 5385 1098 5456 praesumptionem
1117 5386 1240 5441 ﬁeri
1269 5386 1409 5441 nulli
1435 5387 1675 5443 dubium
1701 5394 1803 5443 est.

213 5465 296 5521 Cur
316 5486 442 5543 ergo
467 5474 771 5546 indignum
798 5481 881 5533 est
909 5477 1186 5534 unitatem
1215 5480 1472 5535 Ecclesiae
1499 5481 1806 5535 custodiri?

212 5557 440 5635 idemque
451 5584 654 5623 omnes
665 5571 872 5641 pariter
883 5576 940 5626 et
952 5571 1343 5644 sentiamus,et
1352 5573 1803 5645 pronuntiemus.

214 5648 254 5703 Si
276 5657 411 5712 enim
438 5661 608 5715 aliter
636 5667 984 5736 praasumpta
1012 5665 1246 5733 fuerint,
1275 5667 1522 5738 perdunt
1553 5666 1805 5739 profecto

215 5742 292 5809 ipsi
309 5753 741 5822 transgressores
761 5758 974 5828 seipsos
993 5758 1128 5830 quia
1141 5759 1474 5831 semetipsos
1491 5759 1799 5830 decipiunt.

1907 5384 2010 5438 dor
2036 5383 2107 5436 sit
2135 5385 2365 5437 asternaa
2395 5380 2554 5447 lucis,
2585 5385 2643 5434 et
2670 5381 2962 5451 speculum
2993 5379 3113 5433 sine
3152 5376 3376 5432 macula
3414 5374 3539 5428 dei-

1905 5476 2058 5543 tatis,
2076 5492 2249 5547 quam
2271 5475 2536 5530 Salomon
2556 5489 2728 5544 super
2748 5473 2986 5526 salutem
3017 5487 3179 5524 suam
3200 5467 3463 5522 dilexisse
3481 5483 3540 5521 se

1908 5569 2062 5637 dicit,
2083 5569 2143 5622 in
2169 5568 2329 5639 cujus
2356 5583 2514 5638 spem
2540 5582 2768 5639 semper
2792 5562 3056 5619 delectari
3083 5560 3306 5632 gestivit
3328 5577 3341 5614 :
3366 5576 3540 5632 super

1905 5667 2142 5721 salutem
2186 5669 2242 5720 et
2285 5681 2440 5736 spem
2484 5664 2704 5737 (inquit)
2743 5660 2915 5717 dilexi
2964 5659 3139 5725 illam,
3171 5661 3228 5713 et
3270 5674 3374 5729 pro
3413 5657 3540 5714 luce

1906 5758 2173 5830 proposui
2218 5758 2428 5812 habere
2466 5774 2613 5822 eam,
2647 5753 2919 5826 quoniam
2965 5751 3423 5824 inexstinguibile
3455 5755 3539 5806 est
