4046 6188
455 309 520 364 83
1336 307 1622 362 APPEND.
1670 309 1755 362 AD
1797 308 1960 362 SxEC.
2006 309 2092 361 1Χ.

2223 307 2467 362 ISIDORI
2509 309 2935 364 MERCATORIS
3752 315 3816 369 84

451 417 652 473 lumen
681 415 820 487 ejus.
854 417 1007 471 Hanc
1037 430 1174 485 ergo
1208 415 1381 470 David
1415 417 1694 487 propheta
1729 415 1912 470 lucem
1939 415 2086 470 desi-
2114 427 2172 498 Α

455 510 660 564 derans
705 508 900 564 anxius
942 508 1272 580 proclamat,
1304 510 1539 565 dicens:
1583 532 1610 558 ι(
1656 508 1861 564 Emitte
1903 509 2088 563 lucem

450 608 609 656 tuam
656 606 711 657 et
749 600 1041 657 veritatem
1086 607 1248 658 tuam
1290 603 1454 673 (Psal.
1512 619 1640 669 XLII,
1691 603 1764 672 3),
1808 624 1836 651 »
1891 606 1947 655 et
1993 601 2090 655 ite-

450 709 613 748 rum:
641 716 668 744 «
699 696 759 748 In
782 694 997 750 lumine
1028 699 1124 750 tuo
1151 696 1470 751 videbimus
1501 697 1696 750 lumen
1727 696 1894 764 (Psal.
1922 711 2084 756 xxxv,

457 787 622 856 10).»
676 789 737 842 In
789 788 958 858 hujus
1008 789 1184 859 igitur
1228 789 1458 843 luminis
1497 787 1748 843 claritate
1792 787 1966 842 Filius
2007 803 2088 842 se-

449 879 639 948 ipsum
678 879 738 934 in
774 886 970 936 monte
1009 881 1190 935 tribus
1227 881 1512 951 discipulis
1561 880 1951 952 prmostendit,
1990 879 2086 950 qui

451 977 610 1026 metu
648 973 847 1027 mortis
878 973 1184 1043 perterriti,
1215 974 1590 1044 prostratique
1625 973 1682 1026 in
1729 973 1950 1040 faciem,
1983 973 2087 1027 sibi

451 1064 580 1120 vita:
608 1066 781 1120 finem
803 1065 997 1120 adesse
1019 1070 1346 1121 senserunt:
1365 1067 1528 1133 hanc,
1555 1067 1811 1138 inquam,
1828 1068 2010 1121 lucem
2028 1067 2086 1121 in

452 1174 515 1211 se
558 1157 729 1212 fuisse
771 1158 1170 1213 demonstrans
1207 1159 1376 1212 Filius
1412 1160 1820 1229 proclamabat,
1849 1163 1905 1214 et
1942 1164 2002 1214 ut
2030 1161 2088 1214 in

457 1250 660 1303 eadem
700 1249 1042 1319 incederent,
1073 1251 1378 1322 discipulos
1417 1253 1805 1322 praemonebat
1837 1269 1849 1307 :
1886 1273 1914 1301 ‹‹
1944 1255 2091 1308 Dum

457 1343 641 1396 lucem
668 1343 887 1397 habetis
921 1343 1161 1414 (inquit),
1190 1344 1476 1400 ambulate
1506 1345 1565 1399 in
1591 1346 1773 1400 lucem
1795 1345 1971 1416 (Joan.
1992 1363 2086 1412 xu,

459 1437 565 1505 35);
598 1457 624 1484 ››
653 1437 710 1490 et
741 1435 948 1489 iterum
980 1452 993 1491 :
1027 1457 1054 1488 «
1089 1438 1204 1507 Ego
1233 1453 1360 1490 sum
1387 1438 1484 1492 lux
1511 1437 1728 1492 mundi.
1758 1438 1867 1502 Qui
1896 1440 2087 1510 sequi-

457 1531 548 1582 tur
582 1545 672 1582 me
701 1545 815 1582 non
845 1529 1098 1584 ambulat
1123 1530 1181 1584 in
1211 1530 1479 1595 tenebris,
1518 1531 1613 1585 sed
1640 1531 1872 1585 habebit
1895 1532 2090 1586 lumen

456 1621 585 1676 vita:
617 1625 844 1676 aeterna:
878 1623 1312 1694 (Joan.viu,12);
1349 1645 1376 1672 »
1415 1629 1471 1678 et
1501 1625 1887 1694 evangelista:
1915 1626 2092 1678 «Erat

456 1714 552 1769 lux
591 1732 741 1782 vera,
775 1715 872 1783 ait,
905 1733 1032 1786 quae
1074 1716 1360 1771 illuminat
1400 1733 1633 1771 omnem
1676 1717 1966 1772 hominem
2002 1734 2092 1772 ve-

2266 438 2294 466 «
2321 417 2377 472 Si
2402 417 2792 472 testimonium
2820 418 2976 472 enim
3001 419 3297 474 hominum
3319 419 3648 492 accipimus,
3672 423 3820 477 testi'

2189 509 2447 564 monium
2465 510 2563 564 Dei
2585 509 2768 580 majus
2785 514 2897 564 est:
2919 511 3194 581 quoniam
3212 512 3320 567 hoc
3334 517 3418 568 est
3430 514 3818 570 testimonium

2187 603 2286 658 Dei
2329 602 2480 674 quod
2527 603 2715 673 majus
2755 607 2858 671 est,
2893 603 3023 675 quia
3067 603 3391 660 testificatus
3443 609 3529 662 est
3573 607 3643 662 de
3686 609 3818 663 Filio

2190 713 2312 750 suo.
2343 695 2447 759 Qui
2499 695 2679 749 credit
2720 695 2778 750 in
2823 696 3027 751 Filium
3073 697 3194 764 Dei,
3224 697 3402 752 habet
3426 699 3813 756 testimonium

2192 787 2291 844 Dei
2321 787 2378 842 in
2406 804 2494 853 se;
2530 787 2629 858 qui
2659 805 2774 842 non
2805 788 2987 844 credit
3014 789 3072 844 in
3103 789 3305 844 Filium
3331 791 3666 847 mendacem
3692 794 3821 848 facit

2189 897 2340 945 eum,
2371 881 2505 952 quia
2545 896 2661 934 non
2707 881 2886 936 credit
2924 881 2983 936 in
3012 883 3408 938 testimonium
3441 884 3594 955 quod
3625 886 3818 940 testiﬁ-

2189 976 2347 1026 catus
2372 979 2456 1028 est
2481 974 2630 1027 Deus
2661 974 2731 1028 de
2764 974 2902 1029 Filio
2925 993 3046 1030 suo.
3071 977 3138 1031 Et
3160 977 3265 1031 hoc
3288 977 3674 1032 testimonium
3709 983 3814 1047 est,

2191 1066 2465 1137 quoniam
2504 1065 2678 1120 vitam
2725 1070 3001 1123 aeternam
3049 1069 3202 1124 dedit
3253 1069 3434 1140 nobis,
3465 1074 3521 1124 et.
3567 1071 3684 1126 haec
3713 1072 3824 1126 vita

2192 1161 2276 1212 est
2319 1158 2379 1212 in
2428 1158 2563 1212 Filio
2609 1159 2777 1229 ejus:
2817 1161 2915 1231 qui
2962 1161 3131 1217 habet
3175 1162 3400 1232 Filium,
3436 1163 3606 1218 habet
3647 1164 3819 1219 vitam

2190 1255 2485 1320 aeternam,
2503 1251 2600 1322 qui
2620 1268 2732 1306 non
2753 1253 2923 1307 habet
2942 1253 3144 1308 Filium
3162 1255 3280 1322 Dei,
3301 1272 3416 1309 non
3441 1256 3608 1311 habet
3621 1257 3817 1313 vitam.

2192 1346 2317 1398 Haec
2364 1345 2547 1400 scribo
2597 1346 2772 1414 vobis,
2801 1350 2867 1400 ut
2907 1346 3095 1401 sciatis
3125 1347 3396 1418 quoniam
3426 1349 3598 1404 vitam
3647 1351 3820 1405 habe-

2193 1438 2260 1491 tis
2308 1442 2604 1505 aaternam,
2648 1438 2746 1509 qui
2790 1438 3020 1494 creditis
3064 1439 3124 1493 in
3171 1441 3406 1496 nomine
3444 1442 3567 1496 Filii
3618 1443 3730 1498 Dei.
3760 1446 3824 1499 Et

2191 1529 2312 1583 haec
2341 1533 2424 1584 est
2449 1530 2656 1584 ﬁducia
2680 1547 2854 1602 quam
2897 1531 3177 1586 habemus
3206 1533 3278 1586 ad
3303 1550 3454 1600 eum,
3485 1534 3616 1605 quia
3640 1535 3821 1606 quod-

2191 1637 2418 1692 cunque
2439 1623 2772 1694 petierimus
2793 1625 3109 1678 secundum
3134 1625 3485 1682 voluntatem
3515 1627 3637 1697 ejus
3663 1627 3825 1683 audit

2192 1731 2316 1782 nos,
2351 1719 2408 1769 et
2441 1715 2647 1770 scimus
2678 1717 2814 1788 quia
2839 1717 2995 1772 audit
3023 1734 3126 1772 nos
3157 1718 3437 1790 quidquid
3472 1720 3822 1790 petierimus,

459 1808 732 1864 nientiem
782 1809 841 1863 in
893 1809 1047 1864 hunc
1091 1811 1371 1865 mundum
1419 1809 1591 1879 (Joan.
1625 1828 1664 1877 ι,
1698 1812 1770 1882 9),
1800 1833 1827 1860 ››
1871 1811 1926 1866 Si
1969 1785 2168 1866 11ch
2191 1807 2399 1862 scimus
2417 1807 2690 1878 quoniam
2713 1809 3304 1881 habemuspetitiones
3320 1828 3458 1883 quas
3474 1814 3823 1884 postulamus

455 1903 572 1972 lux,
628 1919 755 1974 qua:
829 1902 1189 1958 credentibus
1261 1902 1632 1974 promittitur,
1674 1905 1733 1958 in
1786 1904 1921 1959 Filio
1970 1921 2091 1959 esse

455 1995 752 2066 probatur,
781 1999 838 2050 et
866 2012 996 2050 cum
1033 1999 1252 2052 aeterno
1295 2001 1510 2051 aeterna
1547 2013 1669 2052 esse
1701 1997 1926 2065 dicitur,
1955 2015 2095 2070 quo-

455 2089 628 2143 modo
669 2106 703 2142 a
745 2088 904 2142 vobis
951 2089 1321 2144 inaccessibili
1362 2089 1487 2144 luce
1514 2090 1695 2144 Patris
1731 2090 1900 2144 Filius
1929 2108 2089 2163 sepa-

451 2185 625 2234 ratur.
657 2180 712 2235 Si
739 2180 892 2234 enim
918 2181 1089 2234 Filius
1118 2183 1266 2235 Deus
1296 2197 1462 2236 verus
1493 2186 1548 2237 et
1583 2183 1696 2236 vita
1735 2186 1950 2238 aeterna
1988 2190 2088 2252 est,

456 2272 577 2326 sine
617 2271 790 2326 dubio
831 2272 892 2326 in
931 2274 1034 2326 hac
1077 2274 1202 2326 luce
1245 2273 1412 2328 simul
1450 2291 1580 2329 cum
1624 2277 1790 2330 Patre
1835 2275 2092 2330 habitare

457 2364 772 2420 credendus
809 2369 912 2432 est,
941 2382 1110 2437 quam
1140 2366 1330 2420 nullus
1381 2368 1552 2423 modo
1601 2373 1860 2422 nostrum
1901 2368 1956 2422 in
1988 2369 2094 2423 hoc

461 2457 690 2512 mortali
718 2475 954 2529 corpore
996 2459 1332 2514 constitutus
1373 2465 1554 2531 potest
1583 2461 1936 2532 aliquatenus
1958 2478 2089 2516 con-

460 2551 624 2606 tueri.
665 2551 770 2606 Sed
815 2552 950 2606 dum
989 2553 1336 2623 apparuerit,
1362 2557 1496 2608 tunc
1532 2571 1662 2610 vere
1689 2554 1850 2608 illum
1879 2554 2096 2609 videbit

459 2644 624 2699 sicuti
652 2648 754 2711 est,
785 2644 882 2716 qui
909 2646 1032 2716 ejus
1061 2646 1460 2717 conspectibus
1498 2647 1672 2703 fuerit
1699 2647 1909 2719 dignus
1933 2663 2095 2719 coap-

460 2737 586 2807 tari,
627 2742 684 2792 et
723 2755 836 2792 non
871 2738 1016 2793 sicut
1053 2739 1267 2810 Moyses
1308 2741 1610 2812 cacterique
1656 2743 1951 2812 prophetae
1991 2757 2096 2812 per

460 2829 769 2900 mnigmata
795 2833 853 2884 et
879 2830 1146 2900 ﬁguram,
1182 2833 1276 2886 sed
1308 2833 1491 2903 ipsam
1522 2833 1799 2888 veraciter
1837 2833 1896 2888 in
1937 2833 2090 2901 Filio,

459 2923 769 2978 secundum
821 2925 1167 2994 Apostolum,
1215 2925 1578 2980 contuebitur
1625 2926 1849 2980 deitatis
1887 2926 2091 2998 imagi-

459 3031 616 3070 nem.
676 3016 810 3070 Nam
867 3016 910 3070 si
969 3017 1121 3072 hunc
1187 3018 1587 3090 eumdemque,
1641 3019 1934 3090 prophetae
1990 3021 2094 3074 sub

457 3109 811 3175 testimonio,
835 3109 1216 3182 subsequente
1255 3127 1456 3166 sereno
1498 3111 1708 3166 mentis
1751 3112 1979 3175 intuitu,
2013 3113 2095 3167 in-

461 3202 740 3272 vestigare
772 3202 1038 3270 volueris,
1058 3203 1312 3260 invenies
1338 3205 1546 3260 Filium
1571 3222 1689 3260 non.
1716 3222 1876 3275 posse
1895 3205 1965 3259 ab
1986 3206 2094 3260 hac

461 3295 585 3349 luce
610 3295 792 3350 Patris
812 3296 1040 3367 penitus
1066 3297 1337 3369 separari,
1358 3299 1626 3369 quoniam
1649 3315 1776 3354 cum
1807 3299 1992 3353 solum
2012 3300 2096 3354 Fi-

461 3388 602 3442 lium
629 3387 835 3444 dixerit
862 3389 920 3444 in
952 3393 1106 3445 terra
1139 3407 1269 3446 cum
1309 3391 1640 3446 hominibus
1678 3395 2092 3458 conversatum,

466 3482 690 3536 Patrem
717 3481 786 3537 ab
821 3483 919 3539 illo
957 3500 1074 3539 non
1124 3487 1205 3540 est
1252 3483 1605 3540 credendum
1653 3484 1774 3540 ﬁeri
1820 3484 2091 3550 alienum,

2194 1900 2264 1954 ab
2313 1917 2402 1955 eo.
2447 1900 2553 1965 Qui
2597 1901 2701 1956 scit
2749 1903 2987 1974 fratrem
3027 1920 3196 1958 suum
3241 1921 3476 1975 peccare
3523 1909 3822 1978 peccatum

2195 2010 2311 2048 non
2341 1993 2415 2048 ad
2454 1997 2720 2064 mortem,
2749 1998 2926 2067 petat,
2954 1999 3011 2050 et
3049 1996 3279 2051 dabitur
3317 2002 3375 2052 et
3412 1997 3524 2053 vita
3566 2001 3826 2069 peccanti

2193 2103 2309 2141 non
2335 2087 2406 2142 ad
2431 2091 2698 2143 mortem.
2724 2090 2822 2144 Est
2853 2092 3150 2160 peccatum
3180 2090 3247 2144 ad
3276 2094 3548 2161 mortem,
3573 2109 3693 2146 non
3723 2110 3823 2164 pro

2193 2179 2288 2234 illo
2315 2180 2440 2234 dico
2470 2184 2530 2234 ut
2549 2184 2715 2251 roget
2728 2181 2854 2252 quis
2875 2181 3387 2253 :Omnisiniquitas
3409 2189 3705 2255 peccatum
3721 2189 3823 2252 est,

2193 2275 2250 2326 et
2278 2275 2362 2326 est
2390 2279 2685 2343 peceatum
2715 2274 2787 2328 ad
2820 2280 3086 2330 mortem.
3119 2275 3337 2330 Scimus
3367 2277 3499 2348 quia
3519 2278 3709 2332 omnis
3729 2280 3824 2351 qui

2195 2367 2362 2419 natus
2389 2370 2474 2421 est
2499 2383 2564 2420 ex
2596 2367 2713 2422 Deo
2741 2383 2857 2422 non
2887 2371 3099 2438 peccat,
3131 2369 3229 2424 sed
3258 2370 3553 2440 generatio
3582 2371 3681 2425 Dei
3698 2389 3829 2427 con~

2195 2462 2376 2512 servat
2417 2475 2569 2526 eum,
2611 2463 2669 2514 et
2709 2460 2997 2531 malignus
3025 2463 3140 2516 non
3186 2462 3368 2533 tangit
3416 2479 3572 2519 eum.
3606 2464 3827 2521 Scimus

2194 2551 2462 2623 quoniam
2491 2569 2556 2606 ex
2585 2553 2698 2607 Deo
2717 2569 2912 2607 sumus
2940 2556 2996 2608 et
3024 2555 3270 2609 mundus
3300 2557 3447 2610 totus
3479 2557 3536 2610 in
3569 2558 3827 2629 maligno

2194 2645 2414 2716 positus
2445 2649 2548 2700 est.
2587 2647 2656 2700 Et
2685 2645 2896 2701 scimus
2934 2647 3209 2718 quoniam
3249 2649 3418 2703 Filius
3448 2649 3548 2704 Dei
3573 2651 3745 2718 venit,
3773 2658 3832 2706 et

2195 2737 2356 2792 dedit
2383 2738 2546 2792 nobis
2570 2753 2821 2806 sensum,
2849 2744 2914 2794 ut
2939 2756 3357 2810 cognoscamus
3384 2758 3586 2797 verum
3626 2743 3825 2812 Deum,

2194 2836 2250 2886 et
2274 2830 2451 2885 simus
2479 2830 2536 2885 in
2564 2847 2697 2886 vero
2730 2831 2868 2886 Filio
2898 2832 3038 2903 ejus.
3065 2833 3165 2888 Hic
3188 2837 3273 2888 est
3291 2851 3456 2889 verus
3476 2837 3624 2890 Deus
3644 2840 3703 2890 et
3717 2837 3830 2892 vita

2196 2924 2632 2993 aaternaUJoan,
2653 2940 2706 2991 v,
2727 2926 2925 2994 9-20).»
2947 2926 3077 2979 Haec
3097 2941 3249 2993 vero,
3267 2927 3488 2995 fratres,
3501 2928 3829 2999 praedicata,

2195 3016 2316 3070 hzec
2342 3016 2605 3071 omnibus
2639 3016 2938 3083 nuntiate;
2973 3033 3068 3072 vos
3108 3035 3241 3074 vero
3279 3020 3526 3075 invicem
3565 3022 3833 3078 exhorta-

2194 3108 2358 3178 mini,
2378 3109 2617 3179 perfecti
2641 3113 2842 3179 estote,
2863 3127 3204 3184 semperque
3227 3114 3492 3184 gaudete,
3512 3131 3708 3186 pacem
3734 3133 3834 3170 au-

2194 3206 2311 3256 tem
2339 3201 2636 3256 sectamini
2664 3202 2721 3256 in
2745 3217 2964 3271 omnes,
2988 3209 3045 3259 et
3073 3206 3217 3260 Deus
3244 3207 3400 3277 pacis
3425 3210 3480 3262 et
3509 3207 3832 3263 dilectionis

2195 3293 2302 3349 erit
2326 3293 2648 3364 vobiscum;
2680 3296 2794 3350 Deo
2827 3299 3018 3351 autem
3047 3301 3104 3352 et
3139 3299 3289 3354 Patri
3329 3303 3524 3356 nostro
3554 3301 3738 3372 gloria
3772 3303 3830 3357 in

2196 3389 2397 3443 saecula
2427 3389 2789 3444 saeculorum.
2819 3392 3021 3444 Amen.

1343 3756 1572 3829 ITEM
1627 3756 2084 3828 EPISTOLA
2135 3755 2578 3826 EVARISTI
2630 3756 2938 3826 ΡΑΡλἘ.

465 3895 661 3973 Quod
688 3896 984 3961 Christus
1012 3898 1098 3960 sit
1138 3907 1339 3980 caput
1375 3907 1438 3961 et
1476 3916 1749 3980 sponsus
1790 3897 2119 3974 Ecclesiae,
2152 3905 2214 3959 et
2254 3896 2538 3977 qualiter
2579 3896 2938 3960 sacerdotes
2961 3914 3114 3960 suas
3143 3897 3438 3961 ecclesias
3466 3907 3526 3962 et
3555 3899 3838 3963 ecclesia:

530 4006 534 4011 ·
1658 4012 1885 4056 eorum
1914 4011 2017 4056 eos
2057 3993 2332 4057 debeant
2359 3993 2652 4075 diligere.

532 4131 832 4184 vamsrus
886 4127 1039 4180 urbis
1087 4129 1284 4182 Romae
1335 4128 1634 4199 episcopus
1677 4126 1942 4182 omnibus
1991 4143 2096 4199 per

461 4222 766 4292 Egyptnm
859 4219 1266 4290 conglutinatis
1365 4221 1632 4276 fratribus
1721 4221 1778 4274 in
1853 4220 2096 4276 Domino

463 4314 728 4368 salutem.

531 4406 719 4460 Unum
768 4422 888 4475 nos,
921 4406 1144 4474 fratres,
1176 4409 1386 4462 sentire
1431 4411 1655 4478 oportet
1699 4413 1756 4462 et
1807 4422 2002 4479 agere,
2032 4411 2098 4462 ut

463 4499 623 4570 (sicut
643 4499 903 4571 legimus)
932 4500 993 4554 in
1018 4500 1182 4556 nobis
1205 4517 1386 4556 unum
1416 4516 1515 4554 cor
1542 4504 1596 4555 et
1622 4517 1737 4555 una
1760 4500 1956 4556 anima
1976 4517 2096 4556 esse

461 4593 756 4663 probetur.
792 4593 1016 4648 Scimus
1042 4610 1313 4665 namque,
1349 4593 1494 4648 sicut
1525 4609 1558 4646 a
1585 4593 1842 4647 Patribus
1873 4593 2094 4664 accepi-

463 4702 612 4752 mus,
636 4685 922 4741 Christum
953 4703 1076 4741 esse
1107 4691 1294 4758 caput,
1323 4686 1481 4757 cujus
1510 4689 1566 4740 et
1595 4679 1853 4740 membra
1877 4703 2093 4740 sumus.

462 4781 585 4849 Ipse
614 4779 770 4834 enim
797 4783 882 4835 est
913 4797 1172 4850 sponsus,
1205 4784 1263 4834 et
1293 4778 1536 4835 Ecclesia
1567 4795 1795 4850 sponsa,
1815 4779 1975 4850 cujus
1997 4779 2098 4834 ﬁlii

463 4888 567 4926 nos
598 4889 810 4927 sumus.
847 4874 913 4927 Et
942 4873 1072 4928 ideo
1106 4891 1284 4928 unum
1311 4874 1533 4928 Patrem
1563 4872 1839 4927 habemus
1858 4872 1917 4926 in
1943 4872 2099 4927 caelis

461 4964 790 5022 Dominum.
843 4966 1179 5022 Sacerdotes
1215 4983 1350 5022 vero
1388 4967 1506 5021 vice
1555 4964 1763 5020 Christi
1810 4966 2100 5038 legatione

459 5057 782 5129 funguntur
807 5058 864 5113 in
896 5060 1158 5116 Ecclesia.
1188 5062 1255 5115 Et
1282 5059 1430 5115 sicut
1454 5059 1504 5114 ei
1537 5075 1636 5113 sua
1679 5059 1982 5130 conjuncta
2014 5062 2102 5114 est

461 5167 688 5222 sponsa,
748 5152 803 5207 id
859 5155 944 5206 est
998 5153 1261 5219 Ecclesia,
1319 5153 1395 5207 sic
1447 5153 1726 5224 episcopis
1775 5152 2102 5224 junguntur

2194 4128 2427 4184 obedire
2448 4144 2693 4200 eumque
2719 4128 2956 4201 diligere
2983 4133 3039 4184 et
3061 4145 3275 4200 amare,
3296 4135 3358 4185 ut
3383 4130 3638 4185 animam
3665 4145 3839 4186 suam

2197 4221 2386 4289 debet,
2412 4221 2544 4293 quia
2566 4222 2706 4277 illud
2728 4223 2793 4276 fit
2817 4223 3139 4291 carnaliter,
3155 4223 3305 4278 istud
3325 4223 3724 4294 spiritualiter;
3752 4229 3834 4294 et,

2196 4314 2338 4370 sicut
2355 4315 2440 4370 vir
2465 4332 2580 4370 non
2607 4316 2778 4371 debet
2807 4315 3126 4372 adulterare
3152 4333 3388 4372 uxorem
3420 4333 3600 4382 suam,
3621 4316 3701 4371 ita
3723 4333 3842 4373 nec

2195 4408 2492 4480 episcopus
2516 4409 2822 4464 Ecclesiam
2853 4425 3034 4476 suam,
3071 4409 3127 4463 id
3154 4414 3257 4478 est,
3290 4415 3350 4465 ut
3383 4410 3539 4464 illam
3577 4409 3844 4465 dimittat

2197 4501 2268 4556 ad
2294 4517 2466 4572 quam
2490 4505 2740 4556 sacratus
2763 4506 2866 4570 est,
2889 4501 3104 4573 absque
3131 4501 3439 4557 ine‘vitabili
3471 4501 3844 4568 necessitate,

2195 4598 2294 4648 aut
2322 4594 2652 4665 apostolica,
2685 4595 2773 4649 vel
2814 4595 3066 4666 regulari
3098 4595 3436 4662 mutatione,
3466 4598 3523 4650 et
3557 4594 3721 4649 alteri
3750 4613 3843 4660 se,

2197 4686 2438 4741 ambitus
2486 4703 2671 4752 causa,
2719 4687 3048 4758 conjungat.
3095 4689 3162 4741 Et
3203 4687 3346 4742 sicut
3384 4686 3547 4742 uxori
3598 4702 3713 4741 non
3765 4687 3846 4742 li-

2198 4781 2288 4833 cet
2315 4777 2439 4851 19
2471 4779 2757 4834 dimittere
2781 4779 2966 4834 virum
2997 4795 3182 4848 suum,
3214 4783 3275 4834 ut
3310 4779 3474 4834 alteri
3503 4795 3561 4834 se
3587 4779 3851 4851 (vivente

2199 4873 2285 4942 eo)
2314 4871 2682 4927 matrimonio
2708 4871 2900 4937 societ,
2934 4875 3033 4926 aut
3059 4888 3190 4926 eum
3221 4872 3520 4938 adulteret,
3551 4871 3681 4926 licet
3712 4872 3846 4927 for-

2202 4963 2421 5019 nicatus
2462 4963 2532 5018 sit
2562 4965 2646 5018 vir
2675 4965 2816 5035 ejus,
2849 4965 2951 5018 sed
2989 4965 3152 5035 juxta
3192 4965 3546 5036 Apostolum,
3579 4967 3678 5019 aut
3710 4965 3851 5020 viro

2201 5073 2300 5112 suo
2346 5057 2699 5112 reconciliari
2741 5057 2931 5127 debet,
2983 5062 3082 5112 aut
3127 5073 3361 5112 manere
3413 5057 3659 5128 innupta
3698 5073 3712 5111 :
3763 5057 3854 5111 ita

2203 5148 2456 5204 Ecclesiae
2505 5165 2622 5204 non
2665 5147 2800 5203 licet
2843 5149 3133 5204 dimittere
3165 5153 3264 5204 aut
3292 5149 3362 5202 ab
3403 5165 3472 5204 ea
3527 5165 3855 5220 segregare

461 5244 722 5300 Ecclesiae
762 5245 1066 5316 unicuique
1110 5263 1216 5317 pro
1259 5245 1527 5317 portione
1578 5262 1699 5299 sua.
1734 5246 1801 5298 Et
1842 5245 1987 5299 sicut
2015 5245 2101 5298 vir
2201 5243 2531 5313 episcopum
2576 5257 2764 5308 suum,
2803 5246 2863 5296 ut
2901 5241 3149 5296 alterum
3179 5243 3419 5312 (vivente
3456 5242 3544 5311 eo)
3571 5241 3854 5313 accipiat,

463 5355 578 5394 non
628 5338 799 5394 debet
844 5338 1136 5410 negligere
1192 5355 1428 5394 uxorem
1481 5354 1665 5405 suam,
1719 5337 1813 5392 sed
1859 5337 2170 5410 diligere“
2202 5336 2302 5390 sed
2341 5339 2437 5389 aut
2468 5335 2656 5405 ipsum
2692 5335 2922 5404 habeat,
2957 5339 3056 5390 aut
3088 5335 3330 5406 innupta
3358 5337 3610 5401 maneat,
3644 5334 3704 5389 id
3733 5339 3856 5402 est,

462 5436 519 5486 et
564 5434 714 5488 caste
767 5432 1069 5501 custodire,
1120 5433 1196 5486 sic
1239 5431 1536 5504 episcopus
1580 5434 1636 5486 et
1689 5431 1868 5486 multo
1916 5395 2178 5502 magisD
2203 5444 2274 5483 ne
2327 5428 2569 5482 alterum
2623 5426 2978 5499 episcopum,
3026 5443 3128 5482 suo
3171 5427 3412 5494 vivente,
3459 5426 3716 5497 accipiat,
3776 5443 3864 5483 ne

460 5526 764 5593 custodire,
793 5529 850 5581 et
881 5541 1096 5594 amare,
1126 5530 1297 5598 atque
1326 5525 1639 5596 prudenter
1682 5539 1884 5595 regere
1926 5523 2102 5578 debet
2199 5519 2597 5576 fornicationis
2617 5523 2716 5574 aut
2738 5520 3002 5575 adulterii
3026 5519 3112 5574 sui
3142 5519 3359 5575 crimen
3380 5519 3651 5574 incurrat.
3676 5519 3865 5588 Nam,

461 5617 789 5673 Ecclesiam.
823 5619 910 5688 Et,
941 5619 1093 5673 velut
1130 5635 1275 5674 uxor
1317 5633 1445 5689 quae
1487 5617 1590 5672 sub
1635 5633 1807 5672 manu
1849 5618 1936 5670 est
1972 5615 2096 5682 viri,
2203 5614 2248 5668 si
2297 5613 2618 5670 adulterata
2663 5613 2853 5684 fuerit,
2895 5613 2954 5668 id
3004 5617 3107 5680 est,
3146 5613 3193 5668 si
3249 5629 3308 5668 se
3356 5611 3522 5668 alteri
3570 5612 3866 5683 episcopo

459 5709 693 5764 obedire
723 5711 894 5766 debet
922 5712 1040 5767 viro
1069 5729 1190 5779 suo,
1221 5728 1471 5783 eumque
1503 5710 1742 5780 diligere
1783 5711 1839 5764 et
1879 5723 2095 5776 amare,
2194 5706 2470 5778 junxerit,
2497 5709 2597 5762 aut
2616 5723 2786 5779 super
2805 5723 2865 5762 se
2890 5707 3133 5761 alterum
3156 5705 3490 5778 episcopum
3509 5704 3860 5768 adduxerit,

459 5801 534 5854 ita
567 5801 753 5871 potius
782 5805 1027 5860 Ecclesia
1070 5805 1240 5861 etiam
1276 5805 1544 5878 episcopo
1587 5820 1686 5858 suo
1734 5802 1789 5858 in
1815 5796 2100 5857 omnibus
2201 5803 2298 5854 aut
2343 5815 2461 5854 esse
2509 5800 2708 5856 fecerit
2752 5800 2838 5856 vel
2883 5799 3308 5870 desideraverit,
3351 5814 3457 5872 per
3494 5797 3864 5854 acerrimam
