  <div class='ocr_page' id='page_1' title='image "/cluster/home/n/w/nwhite01/storage/ocr_20150623/130/hvd.32044054759915/072.png"; bbox 0 0 4046 6188; ppageno 0'>
   <div class='ocr_carea' id='block_1_1' title="bbox 249 259 3586 324">
    <p class='ocr_par' dir='ltr' id='par_1_1' title="bbox 249 259 3586 324">
     <span class='ocr_line' id='line_1_1' title="bbox 249 259 3586 324; baseline 0.003 -11"><span class='ocrx_word' id='word_1_1' title='bbox 249 260 313 313; x_wconf 78' lang='lat'>85</span> <span class='ocrx_word' id='word_1_2' title='bbox 1467 259 1938 315; x_wconf 79' lang='lat' dir='ltr'>DECRETALIUM</span> <span class='ocrx_word' id='word_1_3' title='bbox 1976 261 2360 317; x_wconf 86' lang='lat' dir='ltr'>COLLECTIO.</span> <span class='ocrx_word' id='word_1_4' title='bbox 3521 266 3586 324; x_wconf 77' lang='lat'>86</span> 
     </span>
    </p>
   </div>
   <div class='ocr_carea' id='block_1_2' title="bbox 246 382 1943 471">
    <p class='ocr_par' dir='ltr' id='par_1_2' title="bbox 246 382 1943 471">
     <span class='ocr_line' id='line_1_2' title="bbox 246 382 1943 471; baseline 0.002 -33"><span class='ocrx_word' id='word_1_5' title='bbox 246 382 650 456; x_wconf 65' lang='lat' dir='ltr'>penitentiam,</span> <span class='ocrx_word' id='word_1_6' title='bbox 694 387 793 439; x_wconf 91' lang='lat' dir='ltr'>aut</span> <span class='ocrx_word' id='word_1_7' title='bbox 840 399 943 438; x_wconf 90' lang='lat' dir='ltr'>suo</span> <span class='ocrx_word' id='word_1_8' title='bbox 990 383 1386 440; x_wconf 83' lang='lat' dir='ltr'>reconcilietur</span> <span class='ocrx_word' id='word_1_9' title='bbox 1435 385 1722 457; x_wconf 89' lang='lat' dir='ltr'>episcopo,</span> <span class='ocrx_word' id='word_1_10' title='bbox 1767 389 1864 441; x_wconf 90' lang='lat' dir='ltr'>aut</span> <span class='ocrx_word' id='word_1_11' title='bbox 1883 398 1943 471; x_wconf 77' lang='grc' dir='ltr'>Α</span> 
     </span>
    </p>
   </div>
   <div class='ocr_carea' id='block_1_3' title="bbox 247 478 1863 550">
    <p class='ocr_par' dir='ltr' id='par_1_3' title="bbox 247 478 1863 550">
     <span class='ocr_line' id='line_1_3' title="bbox 247 478 1863 550; baseline 0.001 -18"><span class='ocrx_word' id='word_1_12' title='bbox 247 479 477 550; x_wconf 84' lang='lat' dir='ltr'>innupta</span> <span class='ocrx_word' id='word_1_13' title='bbox 527 482 875 549; x_wconf 84' lang='lat' dir='ltr'>permaneat.</span> <span class='ocrx_word' id='word_1_14' title='bbox 907 478 1064 533; x_wconf 86' lang='lat' dir='ltr'><strong>Unde</strong></span> <span class='ocrx_word' id='word_1_15' title='bbox 1110 483 1166 533; x_wconf 90' lang='lat' dir='ltr'>et</span> <span class='ocrx_word' id='word_1_16' title='bbox 1208 478 1484 534; x_wconf 82' lang='lat' dir='ltr'>Dominus</span> <span class='ocrx_word' id='word_1_17' title='bbox 1522 479 1774 550; x_wconf 85' lang='lat' dir='ltr'>loquitur</span> <span class='ocrx_word' id='word_1_18' title='bbox 1804 480 1863 533; x_wconf 94' lang='lat' dir='ltr'>in</span> 
     </span>
    </p>
   </div>
   <div class='ocr_carea' id='block_1_4' title="bbox 242 571 1864 643">
    <p class='ocr_par' dir='ltr' id='par_1_4' title="bbox 242 571 1864 643">
     <span class='ocr_line' id='line_1_4' title="bbox 242 571 1864 643; baseline 0.001 -18"><span class='ocrx_word' id='word_1_19' title='bbox 242 571 561 643; x_wconf 82' lang='lat' dir='ltr'>Evangelio,</span> <span class='ocrx_word' id='word_1_20' title='bbox 591 571 826 626; x_wconf 87' lang='lat' dir='ltr'>dicens:</span> <span class='ocrx_word' id='word_1_21' title='bbox 863 593 891 621; x_wconf 89' lang='grc'>‹‹</span> <span class='ocrx_word' id='word_1_22' title='bbox 940 571 998 626; x_wconf 89' lang='lat' dir='ltr'>Si</span> <span class='ocrx_word' id='word_1_23' title='bbox 1039 571 1164 642; x_wconf 88' lang='lat' dir='ltr'>quis</span> <span class='ocrx_word' id='word_1_24' title='bbox 1202 571 1406 627; x_wconf 89' lang='lat' dir='ltr'>viderit</span> <span class='ocrx_word' id='word_1_25' title='bbox 1448 572 1748 627; x_wconf 89' lang='lat' dir='ltr'>mulierem</span> <span class='ocrx_word' id='word_1_26' title='bbox 1791 571 1864 626; x_wconf 90' lang='lat' dir='ltr'>ad</span> 
     </span>
    </p>
   </div>
   <div class='ocr_carea' id='block_1_5' title="bbox 241 664 1865 737">
    <p class='ocr_par' dir='ltr' id='par_1_5' title="bbox 241 664 1865 737">
     <span class='ocr_line' id='line_1_5' title="bbox 241 664 1865 737; baseline 0.002 -20"><span class='ocrx_word' id='word_1_27' title='bbox 241 664 767 736; x_wconf 88' lang='lat' dir='ltr'>concupiscendum,</span> <span class='ocrx_word' id='word_1_28' title='bbox 795 666 919 737; x_wconf 91' lang='lat' dir='ltr'>jam</span> <span class='ocrx_word' id='word_1_29' title='bbox 965 666 1279 721; x_wconf 66' lang='lat' dir='ltr'>moechatus</span> <span class='ocrx_word' id='word_1_30' title='bbox 1319 668 1403 719; x_wconf 90' lang='lat' dir='ltr'>est</span> <span class='ocrx_word' id='word_1_31' title='bbox 1439 681 1568 720; x_wconf 90' lang='lat' dir='ltr'>eam</span> <span class='ocrx_word' id='word_1_32' title='bbox 1598 665 1657 720; x_wconf 93' lang='lat' dir='ltr'>in</span> <span class='ocrx_word' id='word_1_33' title='bbox 1697 665 1865 720; x_wconf 90' lang='lat' dir='ltr'>corde</span> 
     </span>
    </p>
   </div>
   <div class='ocr_carea' id='block_1_6' title="bbox 238 759 1866 830">
    <p class='ocr_par' dir='ltr' id='par_1_6' title="bbox 238 759 1866 830">
     <span class='ocr_line' id='line_1_6' title="bbox 238 759 1866 830; baseline 0 -18"><span class='ocrx_word' id='word_1_34' title='bbox 238 775 332 812; x_wconf 88' lang='lat' dir='ltr'>suo</span> <span class='ocrx_word' id='word_1_35' title='bbox 357 759 574 826; x_wconf 77' lang='lat' dir='ltr'>(Matth.</span> <span class='ocrx_word' id='word_1_36' title='bbox 605 777 656 828; x_wconf 72' lang='grc' dir='ltr'><strong>ν,</strong></span> <span class='ocrx_word' id='word_1_37' title='bbox 685 761 792 829; x_wconf 81' lang='lat'>28).</span> <span class='ocrx_word' id='word_1_38' title='bbox 826 781 853 808; x_wconf 84' lang='lat'>»</span> <span class='ocrx_word' id='word_1_39' title='bbox 888 759 1228 830; x_wconf 89' lang='lat' dir='ltr'>Episcopum</span> <span class='ocrx_word' id='word_1_40' title='bbox 1255 775 1388 813; x_wconf 91' lang='lat' dir='ltr'>vero</span> <span class='ocrx_word' id='word_1_41' title='bbox 1414 761 1639 829; x_wconf 79' lang='lat' dir='ltr'>oportet</span> <span class='ocrx_word' id='word_1_42' title='bbox 1663 774 1866 829; x_wconf 90' lang='lat' dir='ltr'>oppor-</span> 
     </span>
    </p>
   </div>
   <div class='ocr_carea' id='block_1_7' title="bbox 237 851 1862 923">
    <p class='ocr_par' dir='ltr' id='par_1_7' title="bbox 237 851 1862 923">
     <span class='ocr_line' id='line_1_7' title="bbox 237 851 1862 923; baseline 0.001 -19"><span class='ocrx_word' id='word_1_43' title='bbox 237 857 363 904; x_wconf 91' lang='lat' dir='ltr'>tune</span> <span class='ocrx_word' id='word_1_44' title='bbox 412 857 588 923; x_wconf 89' lang='lat' dir='ltr'>atque</span> <span class='ocrx_word' id='word_1_45' title='bbox 625 852 745 907; x_wconf 87' lang='lat' dir='ltr'><strong>sine</strong></span> <span class='ocrx_word' id='word_1_46' title='bbox 783 852 1202 907; x_wconf 83' lang='lat' dir='ltr'>intermissione</span> <span class='ocrx_word' id='word_1_47' title='bbox 1234 851 1541 906; x_wconf 87' lang='lat' dir='ltr'>Ecclesiam</span> <span class='ocrx_word' id='word_1_48' title='bbox 1568 867 1727 906; x_wconf 91' lang='lat' dir='ltr'>suam</span> <span class='ocrx_word' id='word_1_49' title='bbox 1757 851 1862 905; x_wconf 83' lang='lat' dir='ltr'>do-</span> 
     </span>
    </p>
   </div>
   <div class='ocr_carea' id='block_1_8' title="bbox 239 944 1864 1016">
    <p class='ocr_par' dir='ltr' id='par_1_8' title="bbox 239 944 1864 1016">
     <span class='ocr_line' id='line_1_8' title="bbox 239 944 1864 1016; baseline 0.001 -19"><span class='ocrx_word' id='word_1_50' title='bbox 239 961 376 1008; x_wconf 89' lang='lat' dir='ltr'>cere,</span> <span class='ocrx_word' id='word_1_51' title='bbox 410 961 656 1016; x_wconf 82' lang='lat' dir='ltr'>eamque</span> <span class='ocrx_word' id='word_1_52' title='bbox 686 946 1002 1016; x_wconf 84' lang='lat' dir='ltr'>prudenter</span> <span class='ocrx_word' id='word_1_53' title='bbox 1028 961 1230 1016; x_wconf 89' lang='lat' dir='ltr'>regere</span> <span class='ocrx_word' id='word_1_54' title='bbox 1255 949 1312 1000; x_wconf 91' lang='lat' dir='ltr'>et</span> <span class='ocrx_word' id='word_1_55' title='bbox 1335 961 1547 1012; x_wconf 88' lang='lat' dir='ltr'>amare,</span> <span class='ocrx_word' id='word_1_56' title='bbox 1573 948 1632 998; x_wconf 93' lang='lat' dir='ltr'>ut</span> <span class='ocrx_word' id='word_1_57' title='bbox 1656 961 1689 999; x_wconf 89' lang='lat' dir='ltr'>a</span> <span class='ocrx_word' id='word_1_58' title='bbox 1718 944 1864 998; x_wconf 83' lang='lat' dir='ltr'>vitiis</span> 
     </span>
    </p>
   </div>
   <div class='ocr_carea' id='block_1_9' title="bbox 238 1037 1860 1109">
    <p class='ocr_par' dir='ltr' id='par_1_9' title="bbox 238 1037 1860 1109">
     <span class='ocr_line' id='line_1_9' title="bbox 238 1037 1860 1109; baseline 0.002 -20"><span class='ocrx_word' id='word_1_59' title='bbox 238 1053 290 1090; x_wconf 79' lang='lat' dir='ltr'>se</span> <span class='ocrx_word' id='word_1_60' title='bbox 320 1037 608 1093; x_wconf 78' lang='lat' dir='ltr'>abstineat</span> <span class='ocrx_word' id='word_1_61' title='bbox 652 1043 709 1092; x_wconf 90' lang='lat' dir='ltr'>et</span> <span class='ocrx_word' id='word_1_62' title='bbox 753 1040 989 1093; x_wconf 79' lang='lat' dir='ltr'>salutem</span> <span class='ocrx_word' id='word_1_63' title='bbox 1038 1038 1309 1109; x_wconf 88' lang='lat' dir='ltr'>consequi</span> <span class='ocrx_word' id='word_1_64' title='bbox 1353 1037 1532 1109; x_wconf 88' lang='lat' dir='ltr'>possit</span> <span class='ocrx_word' id='word_1_65' title='bbox 1569 1040 1860 1092; x_wconf 67' lang='lat' dir='ltr'>aeternam.</span> 
     </span>
    </p>
   </div>
   <div class='ocr_carea' id='block_1_10' title="bbox 236 1130 1864 1202">
    <p class='ocr_par' dir='ltr' id='par_1_10' title="bbox 236 1130 1864 1202">
     <span class='ocr_line' id='line_1_10' title="bbox 236 1130 1864 1202; baseline 0.002 -19"><span class='ocrx_word' id='word_1_66' title='bbox 236 1131 297 1183; x_wconf 83' lang='lat' dir='ltr'>Et</span> <span class='ocrx_word' id='word_1_67' title='bbox 325 1131 425 1185; x_wconf 88' lang='lat' dir='ltr'>illa</span> <span class='ocrx_word' id='word_1_68' title='bbox 451 1148 583 1186; x_wconf 91' lang='lat' dir='ltr'>cum</span> <span class='ocrx_word' id='word_1_69' title='bbox 615 1136 771 1186; x_wconf 89' lang='lat' dir='ltr'>tanta</span> <span class='ocrx_word' id='word_1_70' title='bbox 810 1130 1129 1186; x_wconf 89' lang='lat' dir='ltr'>reverentia</span> <span class='ocrx_word' id='word_1_71' title='bbox 1170 1131 1293 1202; x_wconf 86' lang='lat' dir='ltr'>ejus</span> <span class='ocrx_word' id='word_1_72' title='bbox 1337 1131 1659 1185; x_wconf 84' lang='lat' dir='ltr'>doctrinam</span> <span class='ocrx_word' id='word_1_73' title='bbox 1695 1130 1864 1186; x_wconf 85' lang='lat' dir='ltr'>debet</span> 
     </span>
    </p>
   </div>
   <div class='ocr_carea' id='block_1_11' title="bbox 237 1223 1861 1296">
    <p class='ocr_par' dir='ltr' id='par_1_11' title="bbox 237 1223 1861 1296">
     <span class='ocr_line' id='line_1_11' title="bbox 237 1223 1861 1296; baseline 0.001 -20"><span class='ocrx_word' id='word_1_74' title='bbox 237 1226 542 1296; x_wconf 88' lang='lat' dir='ltr'>suscipere,</span> <span class='ocrx_word' id='word_1_75' title='bbox 583 1240 829 1296; x_wconf 90' lang='lat' dir='ltr'>eumque</span> <span class='ocrx_word' id='word_1_76' title='bbox 873 1241 1064 1278; x_wconf 88' lang='lat' dir='ltr'>amare</span> <span class='ocrx_word' id='word_1_77' title='bbox 1109 1228 1166 1279; x_wconf 89' lang='lat' dir='ltr'>et</span> <span class='ocrx_word' id='word_1_78' title='bbox 1200 1223 1460 1296; x_wconf 78' lang='lat' dir='ltr'>diligere,</span> <span class='ocrx_word' id='word_1_79' title='bbox 1495 1228 1562 1278; x_wconf 91' lang='lat' dir='ltr'>ut</span> <span class='ocrx_word' id='word_1_80' title='bbox 1603 1224 1861 1295; x_wconf 89' lang='lat' dir='ltr'>legatum</span> 
     </span>
    </p>
   </div>
   <div class='ocr_carea' id='block_1_12' title="bbox 237 1317 1858 1389">
    <p class='ocr_par' dir='ltr' id='par_1_12' title="bbox 237 1317 1858 1389">
     <span class='ocr_line' id='line_1_12' title="bbox 237 1317 1858 1389; baseline 0.001 -19"><span class='ocrx_word' id='word_1_81' title='bbox 237 1318 324 1372; x_wconf 91' lang='lat' dir='ltr'>Dei</span> <span class='ocrx_word' id='word_1_82' title='bbox 353 1322 415 1372; x_wconf 90' lang='lat' dir='ltr'>et</span> <span class='ocrx_word' id='word_1_83' title='bbox 457 1333 779 1389; x_wconf 69' lang='lat' dir='ltr'>praeconem</span> <span class='ocrx_word' id='word_1_84' title='bbox 806 1317 1076 1384; x_wconf 80' lang='lat' dir='ltr'>veritatis,</span> <span class='ocrx_word' id='word_1_85' title='bbox 1109 1318 1263 1388; x_wconf 86' lang='lat' dir='ltr'>quia,</span> <span class='ocrx_word' id='word_1_86' title='bbox 1295 1321 1539 1373; x_wconf 83' lang='lat' dir='ltr'>testante</span> <span class='ocrx_word' id='word_1_87' title='bbox 1570 1317 1816 1372; x_wconf 91' lang='lat' dir='ltr'>Veritate</span> <span class='ocrx_word' id='word_1_88' title='bbox 1846 1333 1858 1372; x_wconf 92' lang='lat'><strong>:</strong></span> 
     </span>
    </p>
   </div>
   <div class='ocr_carea' id='block_1_13' title="bbox 241 1409 1860 1482">
    <p class='ocr_par' dir='ltr' id='par_1_13' title="bbox 241 1409 1860 1482">
     <span class='ocr_line' id='line_1_13' title="bbox 241 1409 1860 1482; baseline -0.001 -17"><span class='ocrx_word' id='word_1_89' title='bbox 241 1435 262 1459; x_wconf 72' lang='grc' dir='ltr'>η</span> <span class='ocrx_word' id='word_1_90' title='bbox 276 1411 646 1482; x_wconf 75' lang='lat' dir='ltr'>Quaecunque</span> <span class='ocrx_word' id='word_1_91' title='bbox 660 1411 921 1482; x_wconf 89' lang='lat' dir='ltr'>ligaverit</span> <span class='ocrx_word' id='word_1_92' title='bbox 932 1426 1103 1482; x_wconf 88' lang='lat' dir='ltr'>super</span> <span class='ocrx_word' id='word_1_93' title='bbox 1113 1414 1344 1479; x_wconf 89' lang='lat' dir='ltr'>terram,</span> <span class='ocrx_word' id='word_1_94' title='bbox 1361 1413 1530 1465; x_wconf 89' lang='lat' dir='ltr'>erunt</span> <span class='ocrx_word' id='word_1_95' title='bbox 1545 1411 1718 1480; x_wconf 87' lang='lat' dir='ltr'>ligata</span> <span class='ocrx_word' id='word_1_96' title='bbox 1732 1409 1860 1464; x_wconf 90' lang='lat' dir='ltr'>etin</span> 
     </span>
    </p>
   </div>
   <div class='ocr_carea' id='block_1_14' title="bbox 235 1503 1862 1575">
    <p class='ocr_par' dir='ltr' id='par_1_14' title="bbox 235 1503 1862 1575">
     <span class='ocr_line' id='line_1_14' title="bbox 235 1503 1862 1575; baseline -0.001 -17"><span class='ocrx_word' id='word_1_97' title='bbox 235 1507 390 1569; x_wconf 75' lang='lat' dir='ltr'>caelo,</span> <span class='ocrx_word' id='word_1_98' title='bbox 436 1510 494 1559; x_wconf 88' lang='lat' dir='ltr'>et</span> <span class='ocrx_word' id='word_1_99' title='bbox 540 1520 897 1575; x_wconf 73' lang='lat' dir='ltr'>quaecunque</span> <span class='ocrx_word' id='word_1_100' title='bbox 936 1503 1168 1558; x_wconf 90' lang='lat' dir='ltr'>solverit</span> <span class='ocrx_word' id='word_1_101' title='bbox 1207 1521 1379 1575; x_wconf 89' lang='lat' dir='ltr'>super</span> <span class='ocrx_word' id='word_1_102' title='bbox 1417 1508 1654 1572; x_wconf 91' lang='lat' dir='ltr'>terram,</span> <span class='ocrx_word' id='word_1_103' title='bbox 1695 1506 1862 1556; x_wconf 91' lang='lat' dir='ltr'>erunt</span> 
     </span>
    </p>
   </div>
   <div class='ocr_carea' id='block_1_15' title="bbox 235 1596 1862 1667">
    <p class='ocr_par' dir='ltr' id='par_1_15' title="bbox 235 1596 1862 1667">
     <span class='ocr_line' id='line_1_15' title="bbox 235 1596 1862 1667; baseline -0.002 -15"><span class='ocrx_word' id='word_1_104' title='bbox 235 1599 410 1653; x_wconf 86' lang='lat' dir='ltr'>soluta</span> <span class='ocrx_word' id='word_1_105' title='bbox 453 1602 512 1652; x_wconf 92' lang='lat' dir='ltr'>et</span> <span class='ocrx_word' id='word_1_106' title='bbox 554 1599 613 1652; x_wconf 91' lang='lat' dir='ltr'>in</span> <span class='ocrx_word' id='word_1_107' title='bbox 643 1598 780 1652; x_wconf 81' lang='lat' dir='ltr'>coelo</span> <span class='ocrx_word' id='word_1_108' title='bbox 807 1597 1023 1666; x_wconf 81' lang='lat' dir='ltr'>(Matth.</span> <span class='ocrx_word' id='word_1_109' title='bbox 1053 1613 1163 1666; x_wconf 69' lang='lat' dir='ltr'>xvr,</span> <span class='ocrx_word' id='word_1_110' title='bbox 1198 1598 1302 1667; x_wconf 73' lang='grc'>19).</span> <span class='ocrx_word' id='word_1_111' title='bbox 1337 1619 1362 1645; x_wconf 85' lang='grc'><strong>››</strong></span> <span class='ocrx_word' id='word_1_112' title='bbox 1396 1597 1572 1651; x_wconf 89' lang='lat' dir='ltr'>Nimis</span> <span class='ocrx_word' id='word_1_113' title='bbox 1609 1596 1862 1651; x_wconf 87' lang='lat' dir='ltr'>timenda</span> 
     </span>
    </p>
   </div>
   <div class='ocr_carea' id='block_1_16' title="bbox 236 1690 1862 1762">
    <p class='ocr_par' dir='ltr' id='par_1_16' title="bbox 236 1690 1862 1762">
     <span class='ocr_line' id='line_1_16' title="bbox 236 1690 1862 1762; baseline -0.001 -15"><span class='ocrx_word' id='word_1_114' title='bbox 236 1697 333 1758; x_wconf 84' lang='lat' dir='ltr'>est,</span> <span class='ocrx_word' id='word_1_115' title='bbox 379 1694 607 1758; x_wconf 87' lang='lat' dir='ltr'>fratres,</span> <span class='ocrx_word' id='word_1_116' title='bbox 658 1691 778 1746; x_wconf 57' lang='lat' dir='ltr'>haec</span> <span class='ocrx_word' id='word_1_117' title='bbox 836 1691 1140 1760; x_wconf 85' lang='lat' dir='ltr'>sententia,</span> <span class='ocrx_word' id='word_1_118' title='bbox 1185 1695 1242 1745; x_wconf 91' lang='lat' dir='ltr'>et</span> <span class='ocrx_word' id='word_1_119' title='bbox 1297 1690 1722 1762; x_wconf 66' lang='lat' dir='ltr'>praevidendum</span> <span class='ocrx_word' id='word_1_120' title='bbox 1778 1695 1862 1746; x_wconf 90' lang='lat' dir='ltr'>est</span> 
     </span>
    </p>
   </div>
   <div class='ocr_carea' id='block_1_17' title="bbox 2033 387 3591 462">
    <p class='ocr_par' dir='ltr' id='par_1_17' title="bbox 2033 387 3591 462">
     <span class='ocr_line' id='line_1_17' title="bbox 2033 387 3591 462; baseline 0.005 -22"><span class='ocrx_word' id='word_1_121' title='bbox 2033 387 2157 441; x_wconf 87' lang='lat' dir='ltr'>Non</span> <span class='ocrx_word' id='word_1_122' title='bbox 2187 389 2271 441; x_wconf 89' lang='lat' dir='ltr'>est</span> <span class='ocrx_word' id='word_1_123' title='bbox 2296 387 2485 458; x_wconf 86' lang='lat' dir='ltr'>itaque</span> <span class='ocrx_word' id='word_1_124' title='bbox 2511 405 2544 442; x_wconf 79' lang='grc' dir='ltr'>ει</span> <span class='ocrx_word' id='word_1_125' title='bbox 2575 387 2740 460; x_wconf 89' lang='lat' dir='ltr'>plebe</span> <span class='ocrx_word' id='word_1_126' title='bbox 2775 393 2874 445; x_wconf 90' lang='lat' dir='ltr'>aut</span> <span class='ocrx_word' id='word_1_127' title='bbox 2901 390 3226 462; x_wconf 83' lang='lat' dir='ltr'>vulgaribus</span> <span class='ocrx_word' id='word_1_128' title='bbox 3263 391 3591 448; x_wconf 87' lang='lat' dir='ltr'>hominibus</span> 
     </span>
    </p>
   </div>
   <div class='ocr_carea' id='block_1_18' title="bbox 1962 479 3591 556">
    <p class='ocr_par' dir='ltr' id='par_1_18' title="bbox 1962 479 3591 556">
     <span class='ocr_line' id='line_1_18' title="bbox 1962 479 3591 556; baseline 0.004 -23"><span class='ocrx_word' id='word_1_129' title='bbox 1962 479 2304 550; x_wconf 89' lang='lat' dir='ltr'>arguendus,</span> <span class='ocrx_word' id='word_1_130' title='bbox 2333 479 2420 534; x_wconf 91' lang='lat' dir='ltr'>vel</span> <span class='ocrx_word' id='word_1_131' title='bbox 2447 482 2794 536; x_wconf 84' lang='lat' dir='ltr'>accusandus</span> <span class='ocrx_word' id='word_1_132' title='bbox 2824 482 3140 556; x_wconf 90' lang='lat' dir='ltr'>episcopus,</span> <span class='ocrx_word' id='word_1_133' title='bbox 3177 486 3308 541; x_wconf 90' lang='lat' dir='ltr'>licet</span> <span class='ocrx_word' id='word_1_134' title='bbox 3343 485 3416 541; x_wconf 88' lang='lat' dir='ltr'>sit</span> <span class='ocrx_word' id='word_1_135' title='bbox 3440 485 3591 541; x_wconf 80' lang='lat' dir='ltr'>inor-</span> 
     </span>
    </p>
   </div>
   <div class='ocr_carea' id='block_1_19' title="bbox 1965 571 3592 650">
    <p class='ocr_par' dir='ltr' id='par_1_19' title="bbox 1965 571 3592 650">
     <span class='ocr_line' id='line_1_19' title="bbox 1965 571 3592 650; baseline 0.006 -25"><span class='ocrx_word' id='word_1_136' title='bbox 1965 571 2352 644; x_wconf 89' lang='lat' dir='ltr'>dinatus,quia</span> <span class='ocrx_word' id='word_1_137' title='bbox 2364 589 2466 644; x_wconf 89' lang='lat' dir='ltr'>pro</span> <span class='ocrx_word' id='word_1_138' title='bbox 2482 573 2700 629; x_wconf 90' lang='lat' dir='ltr'>meritis</span> <span class='ocrx_word' id='word_1_139' title='bbox 2713 575 3068 632; x_wconf 87' lang='lat' dir='ltr'>subditorum</span> <span class='ocrx_word' id='word_1_140' title='bbox 3087 578 3412 650; x_wconf 89' lang='lat' dir='ltr'>disponitur</span> <span class='ocrx_word' id='word_1_141' title='bbox 3428 595 3461 634; x_wconf 90' lang='lat' dir='ltr'>a</span> <span class='ocrx_word' id='word_1_142' title='bbox 3476 580 3592 634; x_wconf 91' lang='lat' dir='ltr'>Deo</span> 
     </span>
    </p>
   </div>
   <div class='ocr_carea' id='block_1_20' title="bbox 1962 664 3593 743">
    <p class='ocr_par' dir='ltr' id='par_1_20' title="bbox 1962 664 3593 743">
     <span class='ocr_line' id='line_1_20' title="bbox 1962 664 3593 743; baseline 0.006 -25"><span class='ocrx_word' id='word_1_143' title='bbox 1962 664 2077 719; x_wconf 82' lang='lat' dir='ltr'>vita</span> <span class='ocrx_word' id='word_1_144' title='bbox 2107 670 2419 733; x_wconf 89' lang='lat' dir='ltr'>rectorum,</span> <span class='ocrx_word' id='word_1_145' title='bbox 2447 667 2705 738; x_wconf 89' lang='lat' dir='ltr'>exemplo</span> <span class='ocrx_word' id='word_1_146' title='bbox 2737 669 2910 722; x_wconf 88' lang='lat' dir='ltr'>David</span> <span class='ocrx_word' id='word_1_147' title='bbox 2945 671 3230 742; x_wconf 89' lang='lat' dir='ltr'>peccantis</span> <span class='ocrx_word' id='word_1_148' title='bbox 3269 671 3342 726; x_wconf 88' lang='lat' dir='ltr'>ad</span> <span class='ocrx_word' id='word_1_149' title='bbox 3368 687 3593 743; x_wconf 80' lang='lat' dir='ltr'>compa-</span> 
     </span>
    </p>
   </div>
   <div class='ocr_carea' id='block_1_21' title="bbox 1962 758 3590 835">
    <p class='ocr_par' dir='ltr' id='par_1_21' title="bbox 1962 758 3590 835">
     <span class='ocr_line' id='line_1_21' title="bbox 1962 758 3590 835; baseline 0.005 -24"><span class='ocrx_word' id='word_1_150' title='bbox 1962 758 2242 813; x_wconf 86' lang='lat' dir='ltr'>rationem</span> <span class='ocrx_word' id='word_1_151' title='bbox 2275 759 2599 831; x_wconf 89' lang='lat' dir='ltr'>principum</span> <span class='ocrx_word' id='word_1_152' title='bbox 2637 760 2733 832; x_wconf 89' lang='lat' dir='ltr'>qui</span> <span class='ocrx_word' id='word_1_153' title='bbox 2763 777 2829 815; x_wconf 86' lang='lat' dir='ltr'>ex</span> <span class='ocrx_word' id='word_1_154' title='bbox 2867 763 3070 818; x_wconf 90' lang='lat' dir='ltr'>merito</span> <span class='ocrx_word' id='word_1_155' title='bbox 3109 764 3290 835; x_wconf 86' lang='lat' dir='ltr'>plebis</span> <span class='ocrx_word' id='word_1_156' title='bbox 3324 765 3590 835; x_wconf 59' lang='lat' dir='ltr'>praevari-</span> 
     </span>
    </p>
   </div>
   <div class='ocr_carea' id='block_1_22' title="bbox 1964 852 3593 928">
    <p class='ocr_par' dir='ltr' id='par_1_22' title="bbox 1964 852 3593 928">
     <span class='ocr_line' id='line_1_22' title="bbox 1964 852 3593 928; baseline 0.005 -24"><span class='ocrx_word' id='word_1_157' title='bbox 1964 856 2186 906; x_wconf 90' lang='lat' dir='ltr'>cantur.</span> <span class='ocrx_word' id='word_1_158' title='bbox 2220 852 2551 908; x_wconf 86' lang='lat' dir='ltr'>Sacerdotes</span> <span class='ocrx_word' id='word_1_159' title='bbox 2583 854 2741 908; x_wconf 90' lang='lat' dir='ltr'>enim</span> <span class='ocrx_word' id='word_1_160' title='bbox 2787 855 3081 925; x_wconf 84' lang='lat' dir='ltr'>exquirere</span> <span class='ocrx_word' id='word_1_161' title='bbox 3119 856 3329 912; x_wconf 91' lang='lat' dir='ltr'>debent</span> <span class='ocrx_word' id='word_1_162' title='bbox 3365 861 3593 928; x_wconf 82' lang='lat' dir='ltr'>peccata</span> 
     </span>
    </p>
   </div>
   <div class='ocr_carea' id='block_1_23' title="bbox 1963 946 3589 1022">
    <p class='ocr_par' dir='ltr' id='par_1_23' title="bbox 1963 946 3589 1022">
     <span class='ocr_line' id='line_1_23' title="bbox 1963 946 3589 1022; baseline 0.005 -25"><span class='ocrx_word' id='word_1_163' title='bbox 1963 946 2327 1015; x_wconf 91' lang='lat' dir='ltr'>populorum,</span> <span class='ocrx_word' id='word_1_164' title='bbox 2370 951 2426 1000; x_wconf 92' lang='lat' dir='ltr'>et</span> <span class='ocrx_word' id='word_1_165' title='bbox 2469 947 2658 1016; x_wconf 82' lang='lat' dir='ltr'>sagaci</span> <span class='ocrx_word' id='word_1_166' title='bbox 2701 947 3080 1003; x_wconf 89' lang='lat' dir='ltr'>sollicitudine</span> <span class='ocrx_word' id='word_1_167' title='bbox 3121 963 3589 1022; x_wconf 84' lang='lat' dir='ltr'>unumquemque</span> 
     </span>
    </p>
   </div>
   <div class='ocr_carea' id='block_1_24' title="bbox 1963 1036 3589 1108">
    <p class='ocr_par' dir='ltr' id='par_1_24' title="bbox 1963 1036 3589 1108">
     <span class='ocr_line' id='line_1_24' title="bbox 1963 1036 3589 1108; baseline 0.004 -18"><span class='ocrx_word' id='word_1_168' title='bbox 1963 1036 2226 1108; x_wconf 88' lang='lat' dir='ltr'>probare,</span> <span class='ocrx_word' id='word_1_169' title='bbox 2261 1037 2423 1108; x_wconf 82' lang='lat' dir='ltr'>juxta</span> <span class='ocrx_word' id='word_1_170' title='bbox 2467 1039 2856 1094; x_wconf 89' lang='lat' dir='ltr'>testimonium</span> <span class='ocrx_word' id='word_1_171' title='bbox 2894 1041 3123 1096; x_wconf 90' lang='lat' dir='ltr'>Domini</span> <span class='ocrx_word' id='word_1_172' title='bbox 3168 1041 3241 1095; x_wconf 90' lang='lat' dir='ltr'>ad</span> <span class='ocrx_word' id='word_1_173' title='bbox 3288 1043 3589 1098; x_wconf 84' lang='lat' dir='ltr'>Jeremiam</span> 
     </span>
    </p>
   </div>
   <div class='ocr_carea' id='block_1_25' title="bbox 1961 1130 3591 1205">
    <p class='ocr_par' dir='ltr' id='par_1_25' title="bbox 1961 1130 3591 1205">
     <span class='ocr_line' id='line_1_25' title="bbox 1961 1130 3591 1205; baseline 0.004 -22"><span class='ocrx_word' id='word_1_174' title='bbox 1961 1130 2243 1200; x_wconf 88' lang='lat' dir='ltr'>loquentis</span> <span class='ocrx_word' id='word_1_175' title='bbox 2273 1148 2284 1185; x_wconf 92' lang='lat'><strong>:</strong></span> <span class='ocrx_word' id='word_1_176' title='bbox 2313 1152 2339 1179; x_wconf 89' lang='grc'>‹‹</span> <span class='ocrx_word' id='word_1_177' title='bbox 2367 1131 2729 1188; x_wconf 89' lang='lat' dir='ltr'>Probatorem</span> <span class='ocrx_word' id='word_1_178' title='bbox 2751 1133 2972 1205; x_wconf 84' lang='lat' dir='ltr'>(inquit)</span> <span class='ocrx_word' id='word_1_179' title='bbox 2997 1133 3129 1188; x_wconf 89' lang='lat' dir='ltr'>dedi</span> <span class='ocrx_word' id='word_1_180' title='bbox 3148 1139 3203 1189; x_wconf 88' lang='lat' dir='ltr'>te</span> <span class='ocrx_word' id='word_1_181' title='bbox 3223 1135 3437 1205; x_wconf 90' lang='lat' dir='ltr'>populo</span> <span class='ocrx_word' id='word_1_182' title='bbox 3462 1151 3591 1190; x_wconf 92' lang='lat' dir='ltr'>meo</span> 
     </span>
    </p>
   </div>
   <div class='ocr_carea' id='block_1_26' title="bbox 1961 1222 3592 1297">
    <p class='ocr_par' dir='ltr' id='par_1_26' title="bbox 1961 1222 3592 1297">
     <span class='ocr_line' id='line_1_26' title="bbox 1961 1222 3592 1297; baseline 0.004 -21"><span class='ocrx_word' id='word_1_183' title='bbox 1961 1222 2278 1289; x_wconf 90' lang='lat' dir='ltr'>robustum,</span> <span class='ocrx_word' id='word_1_184' title='bbox 2323 1227 2381 1278; x_wconf 91' lang='lat' dir='ltr'>et</span> <span class='ocrx_word' id='word_1_185' title='bbox 2426 1224 2566 1279; x_wconf 89' lang='lat' dir='ltr'>scies</span> <span class='ocrx_word' id='word_1_186' title='bbox 2610 1229 2668 1279; x_wconf 91' lang='lat' dir='ltr'>et</span> <span class='ocrx_word' id='word_1_187' title='bbox 2713 1226 2979 1297; x_wconf 81' lang='lat' dir='ltr'>probabis</span> <span class='ocrx_word' id='word_1_188' title='bbox 3022 1227 3171 1281; x_wconf 90' lang='lat' dir='ltr'>viam</span> <span class='ocrx_word' id='word_1_189' title='bbox 3221 1242 3421 1282; x_wconf 88' lang='lat' dir='ltr'>eorum</span> <span class='ocrx_word' id='word_1_190' title='bbox 3467 1227 3592 1296; x_wconf 81' lang='lat' dir='ltr'>(Jer.</span> 
     </span>
    </p>
   </div>
   <div class='ocr_carea' id='block_1_27' title="bbox 1961 1316 3594 1392">
    <p class='ocr_par' dir='ltr' id='par_1_27' title="bbox 1961 1316 3594 1392">
     <span class='ocr_line' id='line_1_27' title="bbox 1961 1316 3594 1392; baseline 0.003 -23"><span class='ocrx_word' id='word_1_191' title='bbox 1961 1332 2036 1384; x_wconf 71' lang='lat' dir='ltr'>vx,</span> <span class='ocrx_word' id='word_1_192' title='bbox 2069 1316 2180 1385; x_wconf 83' lang='lat'>27).</span> <span class='ocrx_word' id='word_1_193' title='bbox 2207 1338 2233 1365; x_wconf 65' lang='grc' dir='ltr'>υ</span> <span class='ocrx_word' id='word_1_194' title='bbox 2269 1317 2397 1371; x_wconf 89' lang='lat' dir='ltr'>[deo</span> <span class='ocrx_word' id='word_1_195' title='bbox 2429 1316 2538 1372; x_wconf 89' lang='lat' dir='ltr'>ista</span> <span class='ocrx_word' id='word_1_196' title='bbox 2567 1318 2713 1386; x_wconf 91' lang='lat' dir='ltr'>dico,</span> <span class='ocrx_word' id='word_1_197' title='bbox 2743 1319 2878 1389; x_wconf 89' lang='lat' dir='ltr'>quia</span> <span class='ocrx_word' id='word_1_198' title='bbox 2903 1319 3198 1375; x_wconf 89' lang='lat' dir='ltr'>insidiator</span> <span class='ocrx_word' id='word_1_199' title='bbox 3221 1321 3374 1375; x_wconf 90' lang='lat' dir='ltr'>bona</span> <span class='ocrx_word' id='word_1_200' title='bbox 3401 1320 3594 1392; x_wconf 73' lang='lat' dir='ltr'>saepis-</span> 
     </span>
    </p>
   </div>
   <div class='ocr_carea' id='block_1_28' title="bbox 1961 1408 3598 1485">
    <p class='ocr_par' dir='ltr' id='par_1_28' title="bbox 1961 1408 3598 1485">
     <span class='ocr_line' id='line_1_28' title="bbox 1961 1408 3598 1485; baseline 0.004 -24"><span class='ocrx_word' id='word_1_201' title='bbox 1961 1408 2102 1462; x_wconf 91' lang='lat' dir='ltr'>sime</span> <span class='ocrx_word' id='word_1_202' title='bbox 2129 1409 2270 1463; x_wconf 89' lang='lat' dir='ltr'>solet</span> <span class='ocrx_word' id='word_1_203' title='bbox 2296 1414 2626 1466; x_wconf 86' lang='lat' dir='ltr'>convertere</span> <span class='ocrx_word' id='word_1_204' title='bbox 2663 1411 2721 1466; x_wconf 91' lang='lat' dir='ltr'>in</span> <span class='ocrx_word' id='word_1_205' title='bbox 2755 1412 2991 1479; x_wconf 90' lang='lat' dir='ltr'>malum,</span> <span class='ocrx_word' id='word_1_206' title='bbox 3023 1415 3081 1466; x_wconf 90' lang='lat' dir='ltr'>et</span> <span class='ocrx_word' id='word_1_207' title='bbox 3109 1413 3167 1467; x_wconf 92' lang='lat' dir='ltr'>in</span> <span class='ocrx_word' id='word_1_208' title='bbox 3201 1413 3393 1469; x_wconf 90' lang='lat' dir='ltr'>electis</span> <span class='ocrx_word' id='word_1_209' title='bbox 3432 1413 3598 1485; x_wconf 90' lang='lat' dir='ltr'>ponit</span> 
     </span>
    </p>
   </div>
   <div class='ocr_carea' id='block_1_29' title="bbox 1962 1502 3595 1577">
    <p class='ocr_par' dir='ltr' id='par_1_29' title="bbox 1962 1502 3595 1577">
     <span class='ocr_line' id='line_1_29' title="bbox 1962 1502 3595 1577; baseline 0.004 -23"><span class='ocrx_word' id='word_1_210' title='bbox 1962 1502 2266 1556; x_wconf 85' lang='lat' dir='ltr'>maculam.</span> <span class='ocrx_word' id='word_1_211' title='bbox 2295 1503 2453 1558; x_wconf 88' lang='lat' dir='ltr'>Unde</span> <span class='ocrx_word' id='word_1_212' title='bbox 2485 1504 2531 1558; x_wconf 91' lang='lat' dir='ltr'>si</span> <span class='ocrx_word' id='word_1_213' title='bbox 2563 1505 2660 1576; x_wconf 92' lang='lat' dir='ltr'>qui</span> <span class='ocrx_word' id='word_1_214' title='bbox 2702 1509 2837 1560; x_wconf 91' lang='lat' dir='ltr'>sunt</span> <span class='ocrx_word' id='word_1_215' title='bbox 2861 1505 3282 1577; x_wconf 86' lang='lat' dir='ltr'>vituperatores</span> <span class='ocrx_word' id='word_1_216' title='bbox 3307 1512 3405 1562; x_wconf 91' lang='lat' dir='ltr'>aut</span> <span class='ocrx_word' id='word_1_217' title='bbox 3431 1523 3595 1561; x_wconf 83' lang='lat' dir='ltr'>accu-</span> 
     </span>
    </p>
   </div>
   <div class='ocr_carea' id='block_1_30' title="bbox 1961 1595 3595 1670">
    <p class='ocr_par' dir='ltr' id='par_1_30' title="bbox 1961 1595 3595 1670">
     <span class='ocr_line' id='line_1_30' title="bbox 1961 1595 3595 1670; baseline 0.004 -23"><span class='ocrx_word' id='word_1_218' title='bbox 1961 1597 2179 1649; x_wconf 89' lang='lat' dir='ltr'>satores</span> <span class='ocrx_word' id='word_1_219' title='bbox 2218 1595 2643 1667; x_wconf 90' lang='lat' dir='ltr'>episcoporum,</span> <span class='ocrx_word' id='word_1_220' title='bbox 2674 1598 2760 1653; x_wconf 87' lang='lat' dir='ltr'>vel</span> <span class='ocrx_word' id='word_1_221' title='bbox 2808 1599 3165 1670; x_wconf 90' lang='lat' dir='ltr'>reliquorum</span> <span class='ocrx_word' id='word_1_222' title='bbox 3213 1599 3595 1664; x_wconf 90' lang='lat' dir='ltr'>sacerdotum,</span> 
     </span>
    </p>
   </div>
   <div class='ocr_carea' id='block_1_31' title="bbox 1966 1690 3594 1762">
    <p class='ocr_par' dir='ltr' id='par_1_31' title="bbox 1966 1690 3594 1762">
     <span class='ocr_line' id='line_1_31' title="bbox 1966 1690 3594 1762; baseline 0.004 -22"><span class='ocrx_word' id='word_1_223' title='bbox 1966 1703 2082 1741; x_wconf 91' lang='lat' dir='ltr'>non</span> <span class='ocrx_word' id='word_1_224' title='bbox 2108 1692 2336 1760; x_wconf 84' lang='lat' dir='ltr'>Oportet</span> <span class='ocrx_word' id='word_1_225' title='bbox 2363 1706 2459 1744; x_wconf 92' lang='lat' dir='ltr'>eos</span> <span class='ocrx_word' id='word_1_226' title='bbox 2501 1708 2534 1744; x_wconf 89' lang='lat' dir='ltr'>a</span> <span class='ocrx_word' id='word_1_227' title='bbox 2564 1690 2855 1762; x_wconf 89' lang='lat' dir='ltr'>judicibus</span> <span class='ocrx_word' id='word_1_228' title='bbox 2891 1692 3149 1746; x_wconf 69' lang='lat' dir='ltr'>Ecclesia:</span> <span class='ocrx_word' id='word_1_229' title='bbox 3193 1692 3400 1760; x_wconf 88' lang='lat' dir='ltr'>audiri,</span> <span class='ocrx_word' id='word_1_230' title='bbox 3435 1696 3594 1747; x_wconf 88' lang='lat' dir='ltr'>ante-</span> 
     </span>
    </p>
   </div>
   <div class='ocr_carea' id='block_1_32' title="bbox 233 1765 3596 1856">
    <p class='ocr_par' dir='ltr' id='par_1_32' title="bbox 233 1765 3596 1856">
     <span class='ocr_line' id='line_1_32' title="bbox 233 1765 3596 1856; baseline 0.001 -20"><span class='ocrx_word' id='word_1_231' title='bbox 233 1787 382 1840; x_wconf 80' lang='lat' dir='ltr'>vobis</span> <span class='ocrx_word' id='word_1_232' title='bbox 403 1803 479 1841; x_wconf 93' lang='lat' dir='ltr'>ne</span> <span class='ocrx_word' id='word_1_233' title='bbox 503 1785 808 1840; x_wconf 75' lang='lat' dir='ltr'>oﬁendatis</span> <span class='ocrx_word' id='word_1_234' title='bbox 837 1801 936 1839; x_wconf 87' lang='lat' dir='ltr'>eos</span> <span class='ocrx_word' id='word_1_235' title='bbox 957 1785 1057 1856; x_wconf 88' lang='lat' dir='ltr'>qui</span> <span class='ocrx_word' id='word_1_236' title='bbox 1083 1788 1298 1839; x_wconf 83' lang='lat' dir='ltr'>tantam</span> <span class='ocrx_word' id='word_1_237' title='bbox 1323 1801 1355 1838; x_wconf 87' lang='lat' dir='ltr'>a</span> <span class='ocrx_word' id='word_1_238' title='bbox 1387 1785 1626 1839; x_wconf 90' lang='lat' dir='ltr'>Domino</span> <span class='ocrx_word' id='word_1_239' title='bbox 1653 1785 1864 1839; x_wconf 88' lang='lat' dir='ltr'>habent</span> <span class='ocrx_word' id='word_1_240' title='bbox 1883 1765 1940 1838; x_wconf 85' lang='grc' dir='ltr'><strong>Β</strong></span> <span class='ocrx_word' id='word_1_241' title='bbox 1966 1795 2141 1850; x_wconf 86' lang='lat' dir='ltr'>quam</span> <span class='ocrx_word' id='word_1_242' title='bbox 2187 1797 2387 1835; x_wconf 91' lang='lat' dir='ltr'>eorum</span> <span class='ocrx_word' id='word_1_243' title='bbox 2437 1782 2773 1838; x_wconf 89' lang='lat' dir='ltr'>discutiatur</span> <span class='ocrx_word' id='word_1_244' title='bbox 2816 1783 3214 1839; x_wconf 71' lang='lat' dir='ltr'>aestimationis</span> <span class='ocrx_word' id='word_1_245' title='bbox 3241 1784 3482 1855; x_wconf 90' lang='lat' dir='ltr'>suspicio</span> <span class='ocrx_word' id='word_1_246' title='bbox 3511 1786 3596 1838; x_wconf 90' lang='lat' dir='ltr'>vel</span> 
     </span>
    </p>
   </div>
   <div class='ocr_carea' id='block_1_33' title="bbox 238 1877 1869 1949">
    <p class='ocr_par' dir='ltr' id='par_1_33' title="bbox 238 1877 1869 1949">
     <span class='ocr_line' id='line_1_33' title="bbox 238 1877 1869 1949; baseline -0.002 -15"><span class='ocrx_word' id='word_1_247' title='bbox 238 1883 602 1949; x_wconf 90' lang='lat' dir='ltr'>potestatem.</span> <span class='ocrx_word' id='word_1_248' title='bbox 631 1879 700 1932; x_wconf 87' lang='lat' dir='ltr'>Et</span> <span class='ocrx_word' id='word_1_249' title='bbox 734 1877 863 1932; x_wconf 91' lang='lat' dir='ltr'>ideo</span> <span class='ocrx_word' id='word_1_250' title='bbox 904 1877 1089 1948; x_wconf 89' lang='lat' dir='ltr'>potius</span> <span class='ocrx_word' id='word_1_251' title='bbox 1131 1877 1450 1946; x_wconf 90' lang='lat' dir='ltr'>obediendi,</span> <span class='ocrx_word' id='word_1_252' title='bbox 1485 1877 1778 1948; x_wconf 88' lang='lat' dir='ltr'>diligendi,</span> <span class='ocrx_word' id='word_1_253' title='bbox 1813 1881 1869 1931; x_wconf 93' lang='lat' dir='ltr'>et</span> 
     </span>
    </p>
   </div>
   <div class='ocr_carea' id='block_1_34' title="bbox 237 1969 1867 2044">
    <p class='ocr_par' dir='ltr' id='par_1_34' title="bbox 237 1969 1867 2044">
     <span class='ocr_line' id='line_1_34' title="bbox 237 1969 1867 2044; baseline -0.001 -18"><span class='ocrx_word' id='word_1_254' title='bbox 237 1989 600 2044; x_wconf 86' lang='lat' dir='ltr'>summopere</span> <span class='ocrx_word' id='word_1_255' title='bbox 621 1971 930 2027; x_wconf 88' lang='lat' dir='ltr'>venerandi</span> <span class='ocrx_word' id='word_1_256' title='bbox 950 1975 1100 2037; x_wconf 91' lang='lat' dir='ltr'>sunt,</span> <span class='ocrx_word' id='word_1_257' title='bbox 1124 1988 1240 2025; x_wconf 92' lang='lat' dir='ltr'>non</span> <span class='ocrx_word' id='word_1_258' title='bbox 1262 1969 1602 2025; x_wconf 88' lang='lat' dir='ltr'>detrahendi</span> <span class='ocrx_word' id='word_1_259' title='bbox 1622 1971 1704 2025; x_wconf 90' lang='lat' dir='ltr'>vel</span> <span class='ocrx_word' id='word_1_260' title='bbox 1727 1971 1867 2024; x_wconf 89' lang='lat' dir='ltr'>lace-</span> 
     </span>
    </p>
   </div>
   <div class='ocr_carea' id='block_1_35' title="bbox 240 2063 1867 2136">
    <p class='ocr_par' dir='ltr' id='par_1_35' title="bbox 240 2063 1867 2136">
     <span class='ocr_line' id='line_1_35' title="bbox 240 2063 1867 2136; baseline -0.003 -15"><span class='ocrx_word' id='word_1_261' title='bbox 240 2066 403 2121; x_wconf 80' lang='lat' dir='ltr'>randi</span> <span class='ocrx_word' id='word_1_262' title='bbox 442 2070 538 2120; x_wconf 85' lang='lat' dir='ltr'>aut</span> <span class='ocrx_word' id='word_1_263' title='bbox 582 2064 870 2136; x_wconf 90' lang='lat' dir='ltr'>ejiciendi,</span> <span class='ocrx_word' id='word_1_264' title='bbox 903 2066 1000 2120; x_wconf 89' lang='lat' dir='ltr'>sed</span> <span class='ocrx_word' id='word_1_265' title='bbox 1046 2064 1307 2136; x_wconf 77' lang='lat' dir='ltr'>portendi</span> <span class='ocrx_word' id='word_1_266' title='bbox 1353 2069 1409 2118; x_wconf 89' lang='lat' dir='ltr'>et</span> <span class='ocrx_word' id='word_1_267' title='bbox 1457 2063 1710 2129; x_wconf 84' lang='lat' dir='ltr'>amandi,</span> <span class='ocrx_word' id='word_1_268' title='bbox 1747 2063 1867 2134; x_wconf 91' lang='lat' dir='ltr'>ipso</span> 
     </span>
    </p>
   </div>
   <div class='ocr_carea' id='block_1_36' title="bbox 238 2155 1868 2226">
    <p class='ocr_par' dir='ltr' id='par_1_36' title="bbox 238 2155 1868 2226">
     <span class='ocr_line' id='line_1_36' title="bbox 238 2155 1868 2226; baseline -0.002 -13"><span class='ocrx_word' id='word_1_269' title='bbox 238 2159 460 2215; x_wconf 88' lang='lat' dir='ltr'>dicente</span> <span class='ocrx_word' id='word_1_270' title='bbox 502 2159 737 2214; x_wconf 91' lang='lat' dir='ltr'>Domino</span> <span class='ocrx_word' id='word_1_271' title='bbox 765 2176 778 2213; x_wconf 90' lang='lat'><strong>:</strong></span> <span class='ocrx_word' id='word_1_272' title='bbox 815 2179 842 2211; x_wconf 86' lang='grc'><em>‹‹</em></span> <span class='ocrx_word' id='word_1_273' title='bbox 871 2157 978 2222; x_wconf 88' lang='lat' dir='ltr'>Qui</span> <span class='ocrx_word' id='word_1_274' title='bbox 1014 2174 1110 2212; x_wconf 91' lang='lat' dir='ltr'>vos</span> <span class='ocrx_word' id='word_1_275' title='bbox 1154 2157 1330 2224; x_wconf 89' lang='lat' dir='ltr'>audit,</span> <span class='ocrx_word' id='word_1_276' title='bbox 1359 2173 1449 2211; x_wconf 93' lang='lat' dir='ltr'>me</span> <span class='ocrx_word' id='word_1_277' title='bbox 1481 2155 1657 2224; x_wconf 91' lang='lat' dir='ltr'>audit,</span> <span class='ocrx_word' id='word_1_278' title='bbox 1687 2161 1744 2210; x_wconf 90' lang='lat' dir='ltr'>et</span> <span class='ocrx_word' id='word_1_279' title='bbox 1770 2155 1868 2226; x_wconf 89' lang='lat' dir='ltr'>qui</span> 
     </span>
    </p>
   </div>
   <div class='ocr_carea' id='block_1_37' title="bbox 234 2247 1868 2323">
    <p class='ocr_par' dir='ltr' id='par_1_37' title="bbox 234 2247 1868 2323">
     <span class='ocr_line' id='line_1_37' title="bbox 234 2247 1868 2323; baseline 0 -22"><span class='ocrx_word' id='word_1_280' title='bbox 234 2269 327 2306; x_wconf 78' lang='lat' dir='ltr'>vos</span> <span class='ocrx_word' id='word_1_281' title='bbox 353 2253 594 2323; x_wconf 90' lang='lat' dir='ltr'>spernit,</span> <span class='ocrx_word' id='word_1_282' title='bbox 615 2268 711 2306; x_wconf 92' lang='lat' dir='ltr'>me</span> <span class='ocrx_word' id='word_1_283' title='bbox 737 2250 956 2322; x_wconf 89' lang='lat' dir='ltr'>spernit</span> <span class='ocrx_word' id='word_1_284' title='bbox 972 2249 1118 2319; x_wconf 88' lang='lat' dir='ltr'>(Luc.</span> <span class='ocrx_word' id='word_1_285' title='bbox 1144 2267 1198 2318; x_wconf 87' lang='lat' dir='ltr'>x,</span> <span class='ocrx_word' id='word_1_286' title='bbox 1232 2249 1332 2319; x_wconf 86' lang='grc'><strong>16).</strong></span> <span class='ocrx_word' id='word_1_287' title='bbox 1360 2270 1386 2298; x_wconf 81' lang='grc'><strong>››</strong></span> <span class='ocrx_word' id='word_1_288' title='bbox 1411 2249 1540 2304; x_wconf 91' lang='lat' dir='ltr'>Ideo</span> <span class='ocrx_word' id='word_1_289' title='bbox 1567 2249 1688 2302; x_wconf 72' lang='lat' dir='ltr'>haec</span> <span class='ocrx_word' id='word_1_290' title='bbox 1708 2247 1868 2302; x_wconf 89' lang='lat' dir='ltr'>vobis</span> 
     </span>
    </p>
   </div>
   <div class='ocr_carea' id='block_1_38' title="bbox 236 2341 1870 2410">
    <p class='ocr_par' dir='ltr' id='par_1_38' title="bbox 236 2341 1870 2410">
     <span class='ocr_line' id='line_1_38' title="bbox 236 2341 1870 2410; baseline -0.004 -10"><span class='ocrx_word' id='word_1_291' title='bbox 236 2350 286 2400; x_wconf 89' lang='lat' dir='ltr'>et</span> <span class='ocrx_word' id='word_1_292' title='bbox 312 2346 587 2400; x_wconf 90' lang='lat' dir='ltr'>omnibus</span> <span class='ocrx_word' id='word_1_293' title='bbox 631 2344 891 2399; x_wconf 84' lang='lat' dir='ltr'>ﬁdelibus</span> <span class='ocrx_word' id='word_1_294' title='bbox 930 2343 1246 2410; x_wconf 88' lang='lat' dir='ltr'>scribimus,</span> <span class='ocrx_word' id='word_1_295' title='bbox 1311 2343 1534 2408; x_wconf 88' lang='lat' dir='ltr'>fratres,</span> <span class='ocrx_word' id='word_1_296' title='bbox 1567 2345 1627 2394; x_wconf 93' lang='lat' dir='ltr'>ut</span> <span class='ocrx_word' id='word_1_297' title='bbox 1665 2341 1736 2394; x_wconf 92' lang='lat' dir='ltr'>ab</span> <span class='ocrx_word' id='word_1_298' title='bbox 1781 2341 1870 2394; x_wconf 91' lang='lat' dir='ltr'>his</span> 
     </span>
    </p>
   </div>
   <div class='ocr_carea' id='block_1_39' title="bbox 234 2434 1870 2507">
    <p class='ocr_par' dir='ltr' id='par_1_39' title="bbox 234 2434 1870 2507">
     <span class='ocr_line' id='line_1_39' title="bbox 234 2434 1870 2507; baseline -0.002 -18"><span class='ocrx_word' id='word_1_299' title='bbox 234 2456 323 2493; x_wconf 85' lang='lat' dir='ltr'>vos</span> <span class='ocrx_word' id='word_1_300' title='bbox 366 2437 643 2502; x_wconf 83' lang='lat' dir='ltr'>caveatis,</span> <span class='ocrx_word' id='word_1_301' title='bbox 686 2441 744 2491; x_wconf 91' lang='lat' dir='ltr'>et</span> <span class='ocrx_word' id='word_1_302' title='bbox 789 2436 1034 2507; x_wconf 86' lang='lat' dir='ltr'>posteris</span> <span class='ocrx_word' id='word_1_303' title='bbox 1079 2435 1278 2490; x_wconf 89' lang='lat' dir='ltr'>vestris</span> <span class='ocrx_word' id='word_1_304' title='bbox 1325 2451 1441 2489; x_wconf 92' lang='lat' dir='ltr'>non</span> <span class='ocrx_word' id='word_1_305' title='bbox 1490 2435 1728 2499; x_wconf 89' lang='lat' dir='ltr'>malum,</span> <span class='ocrx_word' id='word_1_306' title='bbox 1773 2434 1870 2487; x_wconf 91' lang='lat' dir='ltr'>sed</span> 
     </span>
    </p>
   </div>
   <div class='ocr_carea' id='block_1_40' title="bbox 232 2525 1872 2601">
    <p class='ocr_par' dir='ltr' id='par_1_40' title="bbox 232 2525 1872 2601">
     <span class='ocr_line' id='line_1_40' title="bbox 232 2525 1872 2601; baseline -0.003 -16"><span class='ocrx_word' id='word_1_307' title='bbox 232 2533 450 2586; x_wconf 91' lang='lat' dir='ltr'>bonum</span> <span class='ocrx_word' id='word_1_308' title='bbox 479 2531 814 2601; x_wconf 80' lang='lat' dir='ltr'>exemplum</span> <span class='ocrx_word' id='word_1_309' title='bbox 845 2528 1202 2600; x_wconf 86' lang='lat' dir='ltr'>relinquatis,</span> <span class='ocrx_word' id='word_1_310' title='bbox 1227 2528 1496 2599; x_wconf 90' lang='lat' dir='ltr'>quoniam</span> <span class='ocrx_word' id='word_1_311' title='bbox 1519 2526 1729 2597; x_wconf 89' lang='lat' dir='ltr'>injuria</span> <span class='ocrx_word' id='word_1_312' title='bbox 1757 2525 1872 2598; x_wconf 85' lang='lat' dir='ltr'>epi-</span> 
     </span>
    </p>
   </div>
   <div class='ocr_carea' id='block_1_41' title="bbox 233 2620 1874 2695">
    <p class='ocr_par' dir='ltr' id='par_1_41' title="bbox 233 2620 1874 2695">
     <span class='ocr_line' id='line_1_41' title="bbox 233 2620 1874 2695; baseline -0.004 -16"><span class='ocrx_word' id='word_1_313' title='bbox 233 2640 544 2695; x_wconf 85' lang='lat' dir='ltr'>scoporum</span> <span class='ocrx_word' id='word_1_314' title='bbox 569 2623 641 2677; x_wconf 90' lang='lat' dir='ltr'>ad</span> <span class='ocrx_word' id='word_1_315' title='bbox 671 2622 954 2677; x_wconf 89' lang='lat' dir='ltr'>Christum</span> <span class='ocrx_word' id='word_1_316' title='bbox 988 2620 1256 2693; x_wconf 89' lang='lat' dir='ltr'>pertinet,</span> <span class='ocrx_word' id='word_1_317' title='bbox 1285 2621 1444 2691; x_wconf 91' lang='lat' dir='ltr'>cujus</span> <span class='ocrx_word' id='word_1_318' title='bbox 1473 2620 1594 2674; x_wconf 90' lang='lat' dir='ltr'>vice</span> <span class='ocrx_word' id='word_1_319' title='bbox 1628 2620 1874 2691; x_wconf 84' lang='lat' dir='ltr'>fungun-</span> 
     </span>
    </p>
   </div>
   <div class='ocr_carea' id='block_1_42' title="bbox 233 2713 1874 2786">
    <p class='ocr_par' dir='ltr' id='par_1_42' title="bbox 233 2713 1874 2786">
     <span class='ocr_line' id='line_1_42' title="bbox 233 2713 1874 2786; baseline -0.002 -14"><span class='ocrx_word' id='word_1_320' title='bbox 233 2723 337 2772; x_wconf 89' lang='lat' dir='ltr'>tur.</span> <span class='ocrx_word' id='word_1_321' title='bbox 367 2715 716 2771; x_wconf 81' lang='lat' dir='ltr'>Audivimus</span> <span class='ocrx_word' id='word_1_322' title='bbox 747 2715 903 2770; x_wconf 91' lang='lat' dir='ltr'>enim</span> <span class='ocrx_word' id='word_1_323' title='bbox 933 2714 1210 2786; x_wconf 90' lang='lat' dir='ltr'>quosdam</span> <span class='ocrx_word' id='word_1_324' title='bbox 1239 2731 1272 2768; x_wconf 89' lang='lat' dir='ltr'>a</span> <span class='ocrx_word' id='word_1_325' title='bbox 1302 2713 1463 2768; x_wconf 89' lang='lat' dir='ltr'>vobis</span> <span class='ocrx_word' id='word_1_326' title='bbox 1490 2713 1796 2768; x_wconf 89' lang='lat' dir='ltr'>infamatos</span> <span class='ocrx_word' id='word_1_327' title='bbox 1816 2717 1874 2768; x_wconf 91' lang='lat' dir='ltr'>et</span> 
     </span>
    </p>
   </div>
   <div class='ocr_carea' id='block_1_43' title="bbox 232 2806 1869 2880">
    <p class='ocr_par' dir='ltr' id='par_1_43' title="bbox 232 2806 1869 2880">
     <span class='ocr_line' id='line_1_43' title="bbox 232 2806 1869 2880; baseline -0.005 -13"><span class='ocrx_word' id='word_1_328' title='bbox 232 2812 578 2866; x_wconf 85' lang='lat' dir='ltr'>dilaceratos</span> <span class='ocrx_word' id='word_1_329' title='bbox 599 2809 912 2880; x_wconf 86' lang='lat' dir='ltr'>episcopos,</span> <span class='ocrx_word' id='word_1_330' title='bbox 934 2824 1001 2862; x_wconf 92' lang='lat' dir='ltr'>ac</span> <span class='ocrx_word' id='word_1_331' title='bbox 1017 2825 1047 2861; x_wconf 93' lang='lat' dir='ltr'>e</span> <span class='ocrx_word' id='word_1_332' title='bbox 1064 2806 1382 2862; x_wconf 88' lang='lat' dir='ltr'>civitatibus</span> <span class='ocrx_word' id='word_1_333' title='bbox 1397 2806 1642 2878; x_wconf 83' lang='lat' dir='ltr'>propriis</span> <span class='ocrx_word' id='word_1_334' title='bbox 1661 2807 1869 2878; x_wconf 91' lang='lat' dir='ltr'>pulsos,</span> 
     </span>
    </p>
   </div>
   <div class='ocr_carea' id='block_1_44' title="bbox 231 2898 1870 2976">
    <p class='ocr_par' dir='ltr' id='par_1_44' title="bbox 231 2898 1870 2976">
     <span class='ocr_line' id='line_1_44' title="bbox 231 2898 1870 2976; baseline -0.005 -16"><span class='ocrx_word' id='word_1_335' title='bbox 231 2905 356 2976; x_wconf 87' lang='lat' dir='ltr'>quia</span> <span class='ocrx_word' id='word_1_336' title='bbox 411 2903 548 2958; x_wconf 86' lang='lat' dir='ltr'>alibi</span> <span class='ocrx_word' id='word_1_337' title='bbox 593 2903 844 2973; x_wconf 89' lang='lat' dir='ltr'>episcopi</span> <span class='ocrx_word' id='word_1_338' title='bbox 894 2899 1158 2956; x_wconf 89' lang='lat' dir='ltr'>constitui</span> <span class='ocrx_word' id='word_1_339' title='bbox 1205 2917 1320 2955; x_wconf 91' lang='lat' dir='ltr'>non</span> <span class='ocrx_word' id='word_1_340' title='bbox 1370 2902 1628 2970; x_wconf 89' lang='lat' dir='ltr'>possunt,</span> <span class='ocrx_word' id='word_1_341' title='bbox 1664 2898 1773 2952; x_wconf 90' lang='lat' dir='ltr'>nisi</span> <span class='ocrx_word' id='word_1_342' title='bbox 1813 2899 1870 2952; x_wconf 91' lang='lat' dir='ltr'>in</span> 
     </span>
    </p>
   </div>
   <div class='ocr_carea' id='block_1_45' title="bbox 230 2991 1870 3064">
    <p class='ocr_par' dir='ltr' id='par_1_45' title="bbox 230 2991 1870 3064">
     <span class='ocr_line' id='line_1_45' title="bbox 230 2991 1870 3064; baseline -0.004 -12"><span class='ocrx_word' id='word_1_343' title='bbox 230 2997 555 3054; x_wconf 81' lang='lat' dir='ltr'>civitatibus</span> <span class='ocrx_word' id='word_1_344' title='bbox 592 3013 708 3050; x_wconf 91' lang='lat' dir='ltr'>non</span> <span class='ocrx_word' id='word_1_345' title='bbox 753 2993 1029 3062; x_wconf 91' lang='lat' dir='ltr'>minimis,</span> <span class='ocrx_word' id='word_1_346' title='bbox 1056 2998 1112 3048; x_wconf 88' lang='lat' dir='ltr'>et</span> <span class='ocrx_word' id='word_1_347' title='bbox 1139 2993 1282 3048; x_wconf 90' lang='lat' dir='ltr'>alios</span> <span class='ocrx_word' id='word_1_348' title='bbox 1310 2992 1368 3046; x_wconf 91' lang='lat' dir='ltr'>in</span> <span class='ocrx_word' id='word_1_349' title='bbox 1402 2991 1482 3046; x_wconf 88' lang='lat' dir='ltr'>eis</span> <span class='ocrx_word' id='word_1_350' title='bbox 1517 2991 1652 3064; x_wconf 90' lang='lat' dir='ltr'>ipsis</span> <span class='ocrx_word' id='word_1_351' title='bbox 1680 2992 1870 3047; x_wconf 88' lang='lat' dir='ltr'>viven-</span> 
     </span>
    </p>
   </div>
   <div class='ocr_carea' id='block_1_46' title="bbox 231 3083 1950 3198">
    <p class='ocr_par' dir='ltr' id='par_1_46' title="bbox 231 3083 1950 3198">
     <span class='ocr_line' id='line_1_46' title="bbox 231 3083 1950 3198; baseline -0.004 -54"><span class='ocrx_word' id='word_1_352' title='bbox 231 3092 368 3146; x_wconf 84' lang='lat' dir='ltr'>tibus</span> <span class='ocrx_word' id='word_1_353' title='bbox 407 3089 761 3145; x_wconf 89' lang='lat' dir='ltr'>constitutos.</span> <span class='ocrx_word' id='word_1_354' title='bbox 795 3089 928 3143; x_wconf 91' lang='lat' dir='ltr'>ldeo</span> <span class='ocrx_word' id='word_1_355' title='bbox 960 3088 1082 3142; x_wconf 68' lang='lat' dir='ltr'>haec</span> <span class='ocrx_word' id='word_1_356' title='bbox 1109 3086 1269 3142; x_wconf 90' lang='lat' dir='ltr'>vobis</span> <span class='ocrx_word' id='word_1_357' title='bbox 1298 3085 1616 3151; x_wconf 88' lang='lat' dir='ltr'>scribimus,</span> <span class='ocrx_word' id='word_1_358' title='bbox 1643 3089 1706 3138; x_wconf 90' lang='lat' dir='ltr'>ut</span> <span class='ocrx_word' id='word_1_359' title='bbox 1731 3083 1872 3139; x_wconf 88' lang='lat' dir='ltr'>scia-</span> <span class='ocrx_word' id='word_1_360' title='bbox 1895 3125 1950 3198; x_wconf 64' lang='grc' dir='ltr'><strong>Ο</strong></span> 
     </span>
    </p>
   </div>
   <div class='ocr_carea' id='block_1_47' title="bbox 229 3177 1877 3251">
    <p class='ocr_par' dir='ltr' id='par_1_47' title="bbox 229 3177 1877 3251">
     <span class='ocr_line' id='line_1_47' title="bbox 229 3177 1877 3251; baseline -0.004 -13"><span class='ocrx_word' id='word_1_361' title='bbox 229 3186 294 3238; x_wconf 82' lang='lat' dir='ltr'>tis</span> <span class='ocrx_word' id='word_1_362' title='bbox 340 3185 464 3238; x_wconf 90' lang='lat' dir='ltr'>hoc</span> <span class='ocrx_word' id='word_1_363' title='bbox 517 3181 641 3236; x_wconf 83' lang='lat' dir='ltr'>ﬁeri</span> <span class='ocrx_word' id='word_1_364' title='bbox 684 3197 802 3235; x_wconf 89' lang='lat' dir='ltr'>non</span> <span class='ocrx_word' id='word_1_365' title='bbox 849 3181 1041 3248; x_wconf 89' lang='lat' dir='ltr'>licere,</span> <span class='ocrx_word' id='word_1_366' title='bbox 1075 3179 1172 3234; x_wconf 90' lang='lat' dir='ltr'>sed</span> <span class='ocrx_word' id='word_1_367' title='bbox 1210 3177 1474 3251; x_wconf 90' lang='lat' dir='ltr'>proprios</span> <span class='ocrx_word' id='word_1_368' title='bbox 1523 3177 1770 3232; x_wconf 91' lang='lat' dir='ltr'>revocari</span> <span class='ocrx_word' id='word_1_369' title='bbox 1820 3182 1877 3232; x_wconf 90' lang='lat' dir='ltr'>et</span> 
     </span>
    </p>
   </div>
   <div class='ocr_carea' id='block_1_48' title="bbox 233 3269 1875 3348">
    <p class='ocr_par' dir='ltr' id='par_1_48' title="bbox 233 3269 1875 3348">
     <span class='ocr_line' id='line_1_48' title="bbox 233 3269 1875 3348; baseline -0.004 -18"><span class='ocrx_word' id='word_1_370' title='bbox 233 3273 609 3348; x_wconf 77' lang='lat' dir='ltr'>integerrime</span> <span class='ocrx_word' id='word_1_371' title='bbox 631 3272 850 3328; x_wconf 91' lang='lat' dir='ltr'>restitui</span> <span class='ocrx_word' id='word_1_372' title='bbox 873 3273 1098 3340; x_wconf 91' lang='lat' dir='ltr'>debere,</span> <span class='ocrx_word' id='word_1_373' title='bbox 1118 3271 1244 3326; x_wconf 90' lang='lat' dir='ltr'>illos</span> <span class='ocrx_word' id='word_1_374' title='bbox 1266 3287 1400 3325; x_wconf 89' lang='lat' dir='ltr'>vero</span> <span class='ocrx_word' id='word_1_375' title='bbox 1427 3269 1523 3342; x_wconf 90' lang='lat' dir='ltr'>qui</span> <span class='ocrx_word' id='word_1_376' title='bbox 1553 3270 1875 3325; x_wconf 89' lang='lat' dir='ltr'>adulterina</span> 
     </span>
    </p>
   </div>
   <div class='ocr_carea' id='block_1_49' title="bbox 233 3363 1872 3438">
    <p class='ocr_par' dir='ltr' id='par_1_49' title="bbox 233 3363 1872 3438">
     <span class='ocr_line' id='line_1_49' title="bbox 233 3363 1872 3438; baseline -0.004 -15"><span class='ocrx_word' id='word_1_377' title='bbox 233 3370 470 3425; x_wconf 80' lang='lat' dir='ltr'>feditate</span> <span class='ocrx_word' id='word_1_378' title='bbox 502 3383 738 3438; x_wconf 89' lang='lat' dir='ltr'>sponsas</span> <span class='ocrx_word' id='word_1_379' title='bbox 769 3383 898 3420; x_wconf 90' lang='lat' dir='ltr'>suas</span> <span class='ocrx_word' id='word_1_380' title='bbox 925 3381 1066 3437; x_wconf 89' lang='lat' dir='ltr'>quas</span> <span class='ocrx_word' id='word_1_381' title='bbox 1103 3368 1160 3420; x_wconf 91' lang='lat' dir='ltr'>et</span> <span class='ocrx_word' id='word_1_382' title='bbox 1183 3380 1387 3419; x_wconf 83' lang='lat' dir='ltr'>uxores</span> <span class='ocrx_word' id='word_1_383' title='bbox 1413 3379 1613 3418; x_wconf 89' lang='lat' dir='ltr'>eorum</span> <span class='ocrx_word' id='word_1_384' title='bbox 1642 3363 1872 3434; x_wconf 71' lang='lat' dir='ltr'>praeﬁxo</span> 
     </span>
    </p>
   </div>
   <div class='ocr_carea' id='block_1_50' title="bbox 235 3456 1876 3530">
    <p class='ocr_par' dir='ltr' id='par_1_50' title="bbox 235 3456 1876 3530">
     <span class='ocr_line' id='line_1_50' title="bbox 235 3456 1876 3530; baseline -0.004 -14"><span class='ocrx_word' id='word_1_385' title='bbox 235 3470 430 3517; x_wconf 87' lang='lat' dir='ltr'>tenore</span> <span class='ocrx_word' id='word_1_386' title='bbox 480 3478 608 3516; x_wconf 89' lang='lat' dir='ltr'>esse</span> <span class='ocrx_word' id='word_1_387' title='bbox 648 3458 1040 3530; x_wconf 84' lang='lat' dir='ltr'>intelligimus,</span> <span class='ocrx_word' id='word_1_388' title='bbox 1073 3462 1293 3525; x_wconf 91' lang='lat' dir='ltr'>tenent,</span> <span class='ocrx_word' id='word_1_389' title='bbox 1329 3456 1453 3526; x_wconf 90' lang='lat' dir='ltr'>ejici</span> <span class='ocrx_word' id='word_1_390' title='bbox 1486 3458 1549 3510; x_wconf 92' lang='lat' dir='ltr'>ut</span> <span class='ocrx_word' id='word_1_391' title='bbox 1589 3456 1876 3511; x_wconf 90' lang='lat' dir='ltr'>adulteros</span> 
     </span>
    </p>
   </div>
   <div class='ocr_carea' id='block_1_51' title="bbox 236 3543 1872 3628">
    <p class='ocr_par' dir='ltr' id='par_1_51' title="bbox 236 3543 1872 3628">
     <span class='ocr_line' id='line_1_51' title="bbox 236 3543 1872 3628; baseline -0.004 -18"><span class='ocrx_word' id='word_1_392' title='bbox 236 3561 398 3628; x_wconf 88' lang='lat' dir='ltr'>atque</span> <span class='ocrx_word' id='word_1_393' title='bbox 447 3555 708 3609; x_wconf 81' lang='lat' dir='ltr'>infames</span> <span class='ocrx_word' id='word_1_394' title='bbox 749 3543 896 3620; x_wconf 76' lang='lat' dir='ltr'>fieri,</span> <span class='ocrx_word' id='word_1_395' title='bbox 925 3568 1136 3623; x_wconf 91' lang='lat' dir='ltr'>eosque</span> <span class='ocrx_word' id='word_1_396' title='bbox 1171 3551 1242 3605; x_wconf 89' lang='lat' dir='ltr'>ab</span> <span class='ocrx_word' id='word_1_397' title='bbox 1274 3549 1660 3605; x_wconf 87' lang='lat' dir='ltr'>ecclesiasticis</span> <span class='ocrx_word' id='word_1_398' title='bbox 1691 3549 1872 3603; x_wconf 84' lang='lat' dir='ltr'>hono-</span> 
     </span>
    </p>
   </div>
   <div class='ocr_carea' id='block_1_52' title="bbox 237 3641 1874 3717">
    <p class='ocr_par' dir='ltr' id='par_1_52' title="bbox 237 3641 1874 3717">
     <span class='ocr_line' id='line_1_52' title="bbox 237 3641 1874 3717; baseline -0.004 -15"><span class='ocrx_word' id='word_1_399' title='bbox 237 3651 382 3705; x_wconf 86' lang='lat' dir='ltr'>ribus</span> <span class='ocrx_word' id='word_1_400' title='bbox 406 3647 602 3704; x_wconf 87' lang='lat' dir='ltr'>arceri</span> <span class='ocrx_word' id='word_1_401' title='bbox 624 3647 916 3717; x_wconf 89' lang='lat' dir='ltr'>jubemus.</span> <span class='ocrx_word' id='word_1_402' title='bbox 935 3644 993 3700; x_wconf 91' lang='lat' dir='ltr'>Si</span> <span class='ocrx_word' id='word_1_403' title='bbox 1014 3647 1203 3698; x_wconf 90' lang='lat' dir='ltr'>autem</span> <span class='ocrx_word' id='word_1_404' title='bbox 1222 3643 1488 3698; x_wconf 89' lang='lat' dir='ltr'>adversus</span> <span class='ocrx_word' id='word_1_405' title='bbox 1511 3658 1604 3696; x_wconf 88' lang='lat' dir='ltr'>eos</span> <span class='ocrx_word' id='word_1_406' title='bbox 1621 3641 1874 3712; x_wconf 87' lang='lat' dir='ltr'>aliquam</span> 
     </span>
    </p>
   </div>
   <div class='ocr_carea' id='block_1_53' title="bbox 237 3735 1878 3813">
    <p class='ocr_par' dir='ltr' id='par_1_53' title="bbox 237 3735 1878 3813">
     <span class='ocr_line' id='line_1_53' title="bbox 237 3735 1878 3813; baseline -0.004 -17"><span class='ocrx_word' id='word_1_407' title='bbox 237 3744 534 3813; x_wconf 86' lang='lat' dir='ltr'>querelam</span> <span class='ocrx_word' id='word_1_408' title='bbox 558 3738 892 3803; x_wconf 89' lang='lat' dir='ltr'>habueritis,</span> <span class='ocrx_word' id='word_1_409' title='bbox 922 3737 1010 3792; x_wconf 90' lang='lat' dir='ltr'>his</span> <span class='ocrx_word' id='word_1_410' title='bbox 1040 3735 1304 3808; x_wconf 88' lang='lat' dir='ltr'>peractis,</span> <span class='ocrx_word' id='word_1_411' title='bbox 1333 3735 1740 3806; x_wconf 91' lang='lat' dir='ltr'>inquirendum</span> <span class='ocrx_word' id='word_1_412' title='bbox 1771 3735 1878 3790; x_wconf 89' lang='lat' dir='ltr'>erit</span> 
     </span>
    </p>
   </div>
   <div class='ocr_carea' id='block_1_54' title="bbox 238 3828 1873 3901">
    <p class='ocr_par' dir='ltr' id='par_1_54' title="bbox 238 3828 1873 3901">
     <span class='ocr_line' id='line_1_54' title="bbox 238 3828 1873 3901; baseline -0.004 -13"><span class='ocrx_word' id='word_1_413' title='bbox 238 3841 287 3889; x_wconf 83' lang='lat' dir='ltr'>et</span> <span class='ocrx_word' id='word_1_414' title='bbox 313 3833 664 3890; x_wconf 85' lang='lat' dir='ltr'>auctoritate</span> <span class='ocrx_word' id='word_1_415' title='bbox 691 3831 862 3901; x_wconf 90' lang='lat' dir='ltr'>hujus</span> <span class='ocrx_word' id='word_1_416' title='bbox 891 3834 1095 3885; x_wconf 61' lang='lat' dir='ltr'>sanctas</span> <span class='ocrx_word' id='word_1_417' title='bbox 1126 3829 1284 3885; x_wconf 90' lang='lat' dir='ltr'>Sedis</span> <span class='ocrx_word' id='word_1_418' title='bbox 1310 3828 1756 3883; x_wconf 90' lang='lat' dir='ltr'>terminandum.</span> <span class='ocrx_word' id='word_1_419' title='bbox 1786 3829 1873 3894; x_wconf 89' lang='lat' dir='ltr'>Et,</span> 
     </span>
    </p>
   </div>
   <div class='ocr_carea' id='block_1_55' title="bbox 236 3921 1875 3995">
    <p class='ocr_par' dir='ltr' id='par_1_55' title="bbox 236 3921 1875 3995">
     <span class='ocr_line' id='line_1_55' title="bbox 236 3921 1875 3995; baseline -0.005 -11"><span class='ocrx_word' id='word_1_420' title='bbox 236 3947 300 3984; x_wconf 90' lang='lat' dir='ltr'>ne</span> <span class='ocrx_word' id='word_1_421' title='bbox 340 3927 550 3984; x_wconf 91' lang='lat' dir='ltr'>omnia</span> <span class='ocrx_word' id='word_1_422' title='bbox 596 3941 747 3980; x_wconf 89' lang='lat' dir='ltr'>nunc</span> <span class='ocrx_word' id='word_1_423' title='bbox 790 3923 1077 3995; x_wconf 89' lang='lat' dir='ltr'>sigillatim</span> <span class='ocrx_word' id='word_1_424' title='bbox 1121 3922 1325 3989; x_wconf 90' lang='lat' dir='ltr'>dicam,</span> <span class='ocrx_word' id='word_1_425' title='bbox 1355 3938 1525 3976; x_wconf 91' lang='lat' dir='ltr'>omne</span> <span class='ocrx_word' id='word_1_426' title='bbox 1564 3921 1778 3976; x_wconf 86' lang='lat' dir='ltr'>bonum</span> <span class='ocrx_word' id='word_1_427' title='bbox 1810 3921 1875 3991; x_wconf 92' lang='lat' dir='ltr'>(si</span> 
     </span>
    </p>
   </div>
   <div class='ocr_carea' id='block_1_56' title="bbox 236 4015 1872 4093">
    <p class='ocr_par' dir='ltr' id='par_1_56' title="bbox 236 4015 1872 4093">
     <span class='ocr_line' id='line_1_56' title="bbox 236 4015 1872 4093; baseline -0.004 -19"><span class='ocrx_word' id='word_1_428' title='bbox 236 4023 351 4093; x_wconf 86' lang='lat' dir='ltr'>ipsa</span> <span class='ocrx_word' id='word_1_429' title='bbox 381 4037 496 4093; x_wconf 89' lang='lat' dir='ltr'>per</span> <span class='ocrx_word' id='word_1_430' title='bbox 532 4036 591 4072; x_wconf 93' lang='lat' dir='ltr'>se</span> <span class='ocrx_word' id='word_1_431' title='bbox 633 4018 690 4072; x_wconf 90' lang='lat' dir='ltr'>in</span> <span class='ocrx_word' id='word_1_432' title='bbox 726 4016 886 4072; x_wconf 91' lang='lat' dir='ltr'>vobis</span> <span class='ocrx_word' id='word_1_433' title='bbox 928 4015 1117 4086; x_wconf 88' lang='lat' dir='ltr'>fuerit)</span> <span class='ocrx_word' id='word_1_434' title='bbox 1151 4015 1396 4070; x_wconf 78' lang='lat' dir='ltr'>Charitas</span> <span class='ocrx_word' id='word_1_435' title='bbox 1425 4016 1611 4069; x_wconf 88' lang='lat' dir='ltr'>facere</span> <span class='ocrx_word' id='word_1_436' title='bbox 1639 4031 1738 4070; x_wconf 92' lang='lat' dir='ltr'>vos</span> <span class='ocrx_word' id='word_1_437' title='bbox 1773 4015 1872 4069; x_wconf 90' lang='lat' dir='ltr'>do-</span> 
     </span>
    </p>
   </div>
   <div class='ocr_carea' id='block_1_57' title="bbox 236 4107 1874 4180">
    <p class='ocr_par' dir='ltr' id='par_1_57' title="bbox 236 4107 1874 4180">
     <span class='ocr_line' id='line_1_57' title="bbox 236 4107 1874 4180; baseline -0.003 -14"><span class='ocrx_word' id='word_1_438' title='bbox 236 4115 399 4180; x_wconf 84' lang='lat' dir='ltr'>cebit,</span> <span class='ocrx_word' id='word_1_439' title='bbox 437 4113 593 4167; x_wconf 89' lang='lat' dir='ltr'>sicut</span> <span class='ocrx_word' id='word_1_440' title='bbox 629 4128 658 4165; x_wconf 92' lang='lat' dir='ltr'>e</span> <span class='ocrx_word' id='word_1_441' title='bbox 693 4109 978 4164; x_wconf 91' lang='lat' dir='ltr'>contrario</span> <span class='ocrx_word' id='word_1_442' title='bbox 1011 4125 1105 4163; x_wconf 91' lang='lat' dir='ltr'>eos</span> <span class='ocrx_word' id='word_1_443' title='bbox 1131 4109 1284 4180; x_wconf 90' lang='lat' dir='ltr'>quia</span> <span class='ocrx_word' id='word_1_444' title='bbox 1314 4108 1491 4162; x_wconf 83' lang='lat' dir='ltr'>salute</span> <span class='ocrx_word' id='word_1_445' title='bbox 1520 4107 1692 4162; x_wconf 89' lang='lat' dir='ltr'>alieni</span> <span class='ocrx_word' id='word_1_446' title='bbox 1724 4111 1874 4174; x_wconf 91' lang='lat' dir='ltr'>sunt,</span> 
     </span>
    </p>
   </div>
   <div class='ocr_carea' id='block_1_58' title="bbox 237 4200 1875 4272">
    <p class='ocr_par' dir='ltr' id='par_1_58' title="bbox 237 4200 1875 4272">
     <span class='ocr_line' id='line_1_58' title="bbox 237 4200 1875 4272; baseline -0.003 -13"><span class='ocrx_word' id='word_1_447' title='bbox 237 4225 404 4262; x_wconf 87' lang='lat' dir='ltr'>omne</span> <span class='ocrx_word' id='word_1_448' title='bbox 435 4205 663 4260; x_wconf 89' lang='lat' dir='ltr'>malum</span> <span class='ocrx_word' id='word_1_449' title='bbox 698 4204 898 4267; x_wconf 85' lang='lat' dir='ltr'>facere,</span> <span class='ocrx_word' id='word_1_450' title='bbox 928 4201 1124 4256; x_wconf 90' lang='lat' dir='ltr'>odium</span> <span class='ocrx_word' id='word_1_451' title='bbox 1161 4203 1347 4256; x_wconf 89' lang='lat' dir='ltr'>docet.</span> <span class='ocrx_word' id='word_1_452' title='bbox 1381 4201 1538 4256; x_wconf 91' lang='lat' dir='ltr'>Unde</span> <span class='ocrx_word' id='word_1_453' title='bbox 1568 4206 1632 4255; x_wconf 89' lang='lat' dir='ltr'>ut</span> <span class='ocrx_word' id='word_1_454' title='bbox 1655 4217 1755 4255; x_wconf 91' lang='lat' dir='ltr'>vos</span> <span class='ocrx_word' id='word_1_455' title='bbox 1780 4200 1875 4272; x_wconf 87' lang='lat' dir='ltr'>qui</span> 
     </span>
    </p>
   </div>
   <div class='ocr_carea' id='block_1_59' title="bbox 236 4293 1879 4366">
    <p class='ocr_par' dir='ltr' id='par_1_59' title="bbox 236 4293 1879 4366">
     <span class='ocr_line' id='line_1_59' title="bbox 236 4293 1879 4366; baseline -0.003 -14"><span class='ocrx_word' id='word_1_456' title='bbox 236 4301 351 4354; x_wconf 84' lang='lat' dir='ltr'>veri</span> <span class='ocrx_word' id='word_1_457' title='bbox 385 4299 496 4354; x_wconf 90' lang='lat' dir='ltr'>Dei</span> <span class='ocrx_word' id='word_1_458' title='bbox 541 4297 675 4352; x_wconf 88' lang='lat' dir='ltr'>estis</span> <span class='ocrx_word' id='word_1_459' title='bbox 719 4295 1002 4366; x_wconf 91' lang='lat' dir='ltr'>discipuli,</span> <span class='ocrx_word' id='word_1_460' title='bbox 1029 4294 1252 4366; x_wconf 84' lang='lat' dir='ltr'>abjicite</span> <span class='ocrx_word' id='word_1_461' title='bbox 1299 4311 1332 4348; x_wconf 90' lang='lat' dir='ltr'>a</span> <span class='ocrx_word' id='word_1_462' title='bbox 1373 4293 1637 4348; x_wconf 90' lang='lat' dir='ltr'>cordibus</span> <span class='ocrx_word' id='word_1_463' title='bbox 1683 4293 1879 4348; x_wconf 90' lang='lat' dir='ltr'>vestris</span> 
     </span>
    </p>
   </div>
   <div class='ocr_carea' id='block_1_60' title="bbox 241 4386 1880 4452">
    <p class='ocr_par' dir='ltr' id='par_1_60' title="bbox 241 4386 1880 4452">
     <span class='ocr_line' id='line_1_60' title="bbox 241 4386 1880 4452; baseline -0.005 -4"><span class='ocrx_word' id='word_1_464' title='bbox 241 4399 362 4448; x_wconf 85' lang='lat' dir='ltr'>ante</span> <span class='ocrx_word' id='word_1_465' title='bbox 389 4391 599 4447; x_wconf 86' lang='lat' dir='ltr'>omnia</span> <span class='ocrx_word' id='word_1_466' title='bbox 643 4388 955 4443; x_wconf 90' lang='lat' dir='ltr'>discordias</span> <span class='ocrx_word' id='word_1_467' title='bbox 999 4392 1054 4442; x_wconf 92' lang='lat' dir='ltr'>et</span> <span class='ocrx_word' id='word_1_468' title='bbox 1096 4387 1337 4442; x_wconf 88' lang='lat' dir='ltr'>aliorum</span> <span class='ocrx_word' id='word_1_469' title='bbox 1383 4386 1781 4452; x_wconf 89' lang='lat' dir='ltr'>dissensiones,</span> <span class='ocrx_word' id='word_1_470' title='bbox 1815 4403 1880 4440; x_wconf 87' lang='lat' dir='ltr'>ex</span> 
     </span>
    </p>
   </div>
   <div class='ocr_carea' id='block_1_61' title="bbox 1968 1872 3601 1949">
    <p class='ocr_par' dir='ltr' id='par_1_61' title="bbox 1968 1872 3601 1949">
     <span class='ocr_line' id='line_1_61' title="bbox 1968 1872 3601 1949; baseline 0.002 -23"><span class='ocrx_word' id='word_1_471' title='bbox 1968 1872 2184 1943; x_wconf 88' lang='lat' dir='ltr'>opinio,</span> <span class='ocrx_word' id='word_1_472' title='bbox 2219 1890 2329 1944; x_wconf 90' lang='lat' dir='ltr'>qua</span> <span class='ocrx_word' id='word_1_473' title='bbox 2369 1873 2706 1940; x_wconf 88' lang='lat' dir='ltr'>intentione,</span> <span class='ocrx_word' id='word_1_474' title='bbox 2740 1892 2854 1946; x_wconf 90' lang='lat' dir='ltr'>qua</span> <span class='ocrx_word' id='word_1_475' title='bbox 2895 1876 3025 1944; x_wconf 82' lang='lat' dir='ltr'>ﬁde,</span> <span class='ocrx_word' id='word_1_476' title='bbox 3058 1893 3170 1947; x_wconf 88' lang='lat' dir='ltr'>qua</span> <span class='ocrx_word' id='word_1_477' title='bbox 3199 1876 3454 1946; x_wconf 88' lang='lat' dir='ltr'>veritate,</span> <span class='ocrx_word' id='word_1_478' title='bbox 3485 1894 3601 1949; x_wconf 90' lang='lat' dir='ltr'>qua</span> 
     </span>
    </p>
   </div>
   <div class='ocr_carea' id='block_1_62' title="bbox 1967 1964 3601 2040">
    <p class='ocr_par' dir='ltr' id='par_1_62' title="bbox 1967 1964 3601 2040">
     <span class='ocr_line' id='line_1_62' title="bbox 1967 1964 3601 2040; baseline 0.002 -22"><span class='ocrx_word' id='word_1_479' title='bbox 1967 1964 2100 2034; x_wconf 89' lang='lat' dir='ltr'>vita,</span> <span class='ocrx_word' id='word_1_480' title='bbox 2133 1983 2245 2036; x_wconf 90' lang='lat' dir='ltr'>qua</span> <span class='ocrx_word' id='word_1_481' title='bbox 2271 1965 2635 2034; x_wconf 88' lang='lat' dir='ltr'>conscientia,</span> <span class='ocrx_word' id='word_1_482' title='bbox 2669 1984 2852 2038; x_wconf 90' lang='lat' dir='ltr'>quove</span> <span class='ocrx_word' id='word_1_483' title='bbox 2880 1968 3107 2036; x_wconf 89' lang='lat' dir='ltr'>merito,</span> <span class='ocrx_word' id='word_1_484' title='bbox 3137 1969 3181 2023; x_wconf 93' lang='lat' dir='ltr'>si</span> <span class='ocrx_word' id='word_1_485' title='bbox 3209 1985 3313 2040; x_wconf 90' lang='lat' dir='ltr'>pro</span> <span class='ocrx_word' id='word_1_486' title='bbox 3340 1969 3478 2038; x_wconf 90' lang='lat' dir='ltr'>Deo,</span> <span class='ocrx_word' id='word_1_487' title='bbox 3502 1973 3601 2023; x_wconf 89' lang='lat' dir='ltr'>aut</span> 
     </span>
    </p>
   </div>
   <div class='ocr_carea' id='block_1_63' title="bbox 1967 2059 3597 2132">
    <p class='ocr_par' dir='ltr' id='par_1_63' title="bbox 1967 2059 3597 2132">
     <span class='ocr_line' id='line_1_63' title="bbox 1967 2059 3597 2132; baseline 0.002 -20"><span class='ocrx_word' id='word_1_488' title='bbox 1967 2075 2070 2130; x_wconf 92' lang='lat' dir='ltr'>pro</span> <span class='ocrx_word' id='word_1_489' title='bbox 2095 2075 2242 2114; x_wconf 91' lang='lat' dir='ltr'>vana</span> <span class='ocrx_word' id='word_1_490' title='bbox 2271 2059 2472 2130; x_wconf 85' lang='lat' dir='ltr'>gloria,</span> <span class='ocrx_word' id='word_1_491' title='bbox 2507 2062 2604 2114; x_wconf 91' lang='lat' dir='ltr'>aut</span> <span class='ocrx_word' id='word_1_492' title='bbox 2647 2059 2968 2128; x_wconf 89' lang='lat' dir='ltr'>inimicitia,</span> <span class='ocrx_word' id='word_1_493' title='bbox 2999 2061 3088 2116; x_wconf 88' lang='lat' dir='ltr'>vel</span> <span class='ocrx_word' id='word_1_494' title='bbox 3116 2061 3268 2128; x_wconf 93' lang='lat' dir='ltr'>odio,</span> <span class='ocrx_word' id='word_1_495' title='bbox 3297 2066 3395 2116; x_wconf 88' lang='lat' dir='ltr'>aut</span> <span class='ocrx_word' id='word_1_496' title='bbox 3437 2062 3597 2132; x_wconf 80' lang='lat' dir='ltr'>cupi-</span> 
     </span>
    </p>
   </div>
   <div class='ocr_carea' id='block_1_64' title="bbox 1971 2152 3603 2224">
    <p class='ocr_par' dir='ltr' id='par_1_64' title="bbox 1971 2152 3603 2224">
     <span class='ocr_line' id='line_1_64' title="bbox 1971 2152 3603 2224; baseline 0.001 -19"><span class='ocrx_word' id='word_1_497' title='bbox 1971 2152 2148 2206; x_wconf 90' lang='lat' dir='ltr'>ditate</span> <span class='ocrx_word' id='word_1_498' title='bbox 2192 2152 2298 2207; x_wconf 91' lang='lat' dir='ltr'>ista</span> <span class='ocrx_word' id='word_1_499' title='bbox 2341 2153 2693 2224; x_wconf 89' lang='lat' dir='ltr'>sumpserint</span> <span class='ocrx_word' id='word_1_500' title='bbox 2722 2170 2920 2209; x_wconf 92' lang='lat' dir='ltr'>necne.</span> <span class='ocrx_word' id='word_1_501' title='bbox 2951 2155 3081 2209; x_wconf 65' lang='lat' dir='ltr'>Haec</span> <span class='ocrx_word' id='word_1_502' title='bbox 3117 2153 3313 2209; x_wconf 89' lang='lat' dir='ltr'>omnia</span> <span class='ocrx_word' id='word_1_503' title='bbox 3357 2153 3603 2209; x_wconf 83' lang='lat' dir='ltr'>ﬁdeliter</span> 
     </span>
    </p>
   </div>
   <div class='ocr_carea' id='block_1_65' title="bbox 1971 2234 3600 2318">
    <p class='ocr_par' dir='ltr' id='par_1_65' title="bbox 1971 2234 3600 2318">
     <span class='ocr_line' id='line_1_65' title="bbox 1971 2234 3600 2318; baseline 0.002 -20"><span class='ocrx_word' id='word_1_504' title='bbox 1971 2248 2103 2299; x_wconf 91' lang='lat' dir='ltr'>sunt</span> <span class='ocrx_word' id='word_1_505' title='bbox 2142 2245 2554 2316; x_wconf 87' lang='lat' dir='ltr'>perscrutanda</span> <span class='ocrx_word' id='word_1_506' title='bbox 2595 2250 2651 2300; x_wconf 94' lang='lat' dir='ltr'>et</span> <span class='ocrx_word' id='word_1_507' title='bbox 2679 2246 2982 2318; x_wconf 83' lang='lat' dir='ltr'>diligenter</span> <span class='ocrx_word' id='word_1_508' title='bbox 3018 2247 3433 2318; x_wconf 86' lang='lat' dir='ltr'>pertractanda.</span> <span class='ocrx_word' id='word_1_509' title='bbox 3461 2234 3600 2301; x_wconf 86' lang='lat' dir='ltr'>Nam</span> 
     </span>
    </p>
   </div>
   <div class='ocr_carea' id='block_1_66' title="bbox 1970 2338 3597 2414">
    <p class='ocr_par' dir='ltr' id='par_1_66' title="bbox 1970 2338 3597 2414">
     <span class='ocr_line' id='line_1_66' title="bbox 1970 2338 3597 2414; baseline 0.002 -22"><span class='ocrx_word' id='word_1_510' title='bbox 1970 2342 2104 2392; x_wconf 91' lang='lat' dir='ltr'>sunt</span> <span class='ocrx_word' id='word_1_511' title='bbox 2143 2338 2402 2394; x_wconf 91' lang='lat' dir='ltr'>nonnulli</span> <span class='ocrx_word' id='word_1_512' title='bbox 2453 2339 2551 2410; x_wconf 92' lang='lat' dir='ltr'>qui</span> <span class='ocrx_word' id='word_1_513' title='bbox 2598 2340 2930 2411; x_wconf 83' lang='lat' dir='ltr'>praepositos</span> <span class='ocrx_word' id='word_1_514' title='bbox 2960 2357 3092 2396; x_wconf 91' lang='lat' dir='ltr'>suos</span> <span class='ocrx_word' id='word_1_515' title='bbox 3119 2357 3380 2412; x_wconf 91' lang='lat' dir='ltr'>perverse</span> <span class='ocrx_word' id='word_1_516' title='bbox 3409 2357 3597 2414; x_wconf 77' lang='lat' dir='ltr'>repre~</span> 
     </span>
    </p>
   </div>
   <div class='ocr_carea' id='block_1_67' title="bbox 1971 2430 3599 2504">
    <p class='ocr_par' dir='ltr' id='par_1_67' title="bbox 1971 2430 3599 2504">
     <span class='ocr_line' id='line_1_67' title="bbox 1971 2430 3599 2504; baseline 0.001 -19"><span class='ocrx_word' id='word_1_517' title='bbox 1971 2430 2257 2501; x_wconf 87' lang='lat' dir='ltr'>hendunt,</span> <span class='ocrx_word' id='word_1_518' title='bbox 2308 2431 2354 2484; x_wconf 91' lang='lat' dir='ltr'>si</span> <span class='ocrx_word' id='word_1_519' title='bbox 2399 2433 2484 2486; x_wconf 89' lang='lat' dir='ltr'>vel</span> <span class='ocrx_word' id='word_1_520' title='bbox 2540 2449 2741 2502; x_wconf 88' lang='lat' dir='ltr'>parum</span> <span class='ocrx_word' id='word_1_521' title='bbox 2790 2433 2923 2504; x_wconf 90' lang='lat' dir='ltr'>ipsis</span> <span class='ocrx_word' id='word_1_522' title='bbox 2983 2433 3206 2488; x_wconf 89' lang='lat' dir='ltr'>molesti</span> <span class='ocrx_word' id='word_1_523' title='bbox 3265 2433 3599 2488; x_wconf 82' lang='lat' dir='ltr'>exstiterint.</span> 
     </span>
    </p>
   </div>
   <div class='ocr_carea' id='block_1_68' title="bbox 1972 2523 3600 2597">
    <p class='ocr_par' dir='ltr' id='par_1_68' title="bbox 1972 2523 3600 2597">
     <span class='ocr_line' id='line_1_68' title="bbox 1972 2523 3600 2597; baseline 0.001 -19"><span class='ocrx_word' id='word_1_524' title='bbox 1972 2523 2186 2578; x_wconf 87' lang='lat' dir='ltr'>Idcirco</span> <span class='ocrx_word' id='word_1_525' title='bbox 2219 2527 2372 2578; x_wconf 91' lang='lat' dir='ltr'>recto</span> <span class='ocrx_word' id='word_1_526' title='bbox 2404 2526 2567 2578; x_wconf 90' lang='lat' dir='ltr'>oculo</span> <span class='ocrx_word' id='word_1_527' title='bbox 2618 2525 2954 2596; x_wconf 88' lang='lat' dir='ltr'>primatibus</span> <span class='ocrx_word' id='word_1_528' title='bbox 2992 2526 3368 2580; x_wconf 89' lang='lat' dir='ltr'>Ecclesiarum</span> <span class='ocrx_word' id='word_1_529' title='bbox 3413 2526 3600 2597; x_wconf 92' lang='lat' dir='ltr'>provi-</span> 
     </span>
    </p>
   </div>
   <div class='ocr_carea' id='block_1_69' title="bbox 1973 2617 3604 2689">
    <p class='ocr_par' dir='ltr' id='par_1_69' title="bbox 1973 2617 3604 2689">
     <span class='ocr_line' id='line_1_69' title="bbox 1973 2617 3604 2689; baseline 0.001 -19"><span class='ocrx_word' id='word_1_530' title='bbox 1973 2617 2227 2670; x_wconf 91' lang='lat' dir='ltr'>dendum</span> <span class='ocrx_word' id='word_1_531' title='bbox 2259 2621 2362 2686; x_wconf 90' lang='lat' dir='ltr'>est,</span> <span class='ocrx_word' id='word_1_532' title='bbox 2389 2634 2458 2672; x_wconf 93' lang='lat' dir='ltr'>ne</span> <span class='ocrx_word' id='word_1_533' title='bbox 2489 2618 2785 2689; x_wconf 88' lang='lat' dir='ltr'>quisquam</span> <span class='ocrx_word' id='word_1_534' title='bbox 2823 2635 3022 2673; x_wconf 90' lang='lat' dir='ltr'>eorum</span> <span class='ocrx_word' id='word_1_535' title='bbox 3063 2619 3335 2673; x_wconf 89' lang='lat' dir='ltr'>innocens</span> <span class='ocrx_word' id='word_1_536' title='bbox 3377 2622 3604 2674; x_wconf 74' lang='lat' dir='ltr'>vexetur</span> 
     </span>
    </p>
   </div>
   <div class='ocr_carea' id='block_1_70' title="bbox 1975 2709 3604 2779">
    <p class='ocr_par' dir='ltr' id='par_1_70' title="bbox 1975 2709 3604 2779">
     <span class='ocr_line' id='line_1_70' title="bbox 1975 2709 3604 2779; baseline 0.002 -17"><span class='ocrx_word' id='word_1_537' title='bbox 1975 2713 2073 2763; x_wconf 90' lang='lat' dir='ltr'>aut</span> <span class='ocrx_word' id='word_1_538' title='bbox 2099 2709 2528 2779; x_wconf 85' lang='lat' dir='ltr'>scandalizetur,</span> <span class='ocrx_word' id='word_1_539' title='bbox 2565 2711 2993 2766; x_wconf 87' lang='lat' dir='ltr'>intendentibus</span> <span class='ocrx_word' id='word_1_540' title='bbox 3039 2712 3335 2766; x_wconf 67' lang='lat' dir='ltr'>sententiae</span> <span class='ocrx_word' id='word_1_541' title='bbox 3378 2711 3604 2766; x_wconf 91' lang='lat' dir='ltr'>Domini</span> 
     </span>
    </p>
   </div>
   <div class='ocr_carea' id='block_1_71' title="bbox 1975 2802 3606 2875">
    <p class='ocr_par' dir='ltr' id='par_1_71' title="bbox 1975 2802 3606 2875">
     <span class='ocr_line' id='line_1_71' title="bbox 1975 2802 3606 2875; baseline 0.002 -19"><span class='ocrx_word' id='word_1_542' title='bbox 1975 2819 2087 2873; x_wconf 90' lang='lat' dir='ltr'>qua</span> <span class='ocrx_word' id='word_1_543' title='bbox 2115 2802 2193 2856; x_wconf 86' lang='lat' dir='ltr'>ait</span> <span class='ocrx_word' id='word_1_544' title='bbox 2219 2819 2232 2856; x_wconf 89' lang='lat'>:</span> <span class='ocrx_word' id='word_1_545' title='bbox 2271 2825 2296 2850; x_wconf 87' lang='grc'><em>‹‹</em></span> <span class='ocrx_word' id='word_1_546' title='bbox 2327 2803 2379 2858; x_wconf 93' lang='lat' dir='ltr'>Si</span> <span class='ocrx_word' id='word_1_547' title='bbox 2415 2803 2540 2875; x_wconf 91' lang='lat' dir='ltr'>quis</span> <span class='ocrx_word' id='word_1_548' title='bbox 2583 2803 3046 2859; x_wconf 89' lang='lat' dir='ltr'>scandalizaverit</span> <span class='ocrx_word' id='word_1_549' title='bbox 3077 2820 3259 2859; x_wconf 90' lang='lat' dir='ltr'>unum</span> <span class='ocrx_word' id='word_1_550' title='bbox 3287 2805 3356 2860; x_wconf 92' lang='lat' dir='ltr'>de</span> <span class='ocrx_word' id='word_1_551' title='bbox 3387 2804 3606 2875; x_wconf 89' lang='lat' dir='ltr'>pusillis</span> 
     </span>
    </p>
   </div>
   <div class='ocr_carea' id='block_1_72' title="bbox 1974 2895 3607 2969">
    <p class='ocr_par' dir='ltr' id='par_1_72' title="bbox 1974 2895 3607 2969">
     <span class='ocr_line' id='line_1_72' title="bbox 1974 2895 3607 2969; baseline 0.002 -21"><span class='ocrx_word' id='word_1_552' title='bbox 1974 2895 2112 2962; x_wconf 86' lang='lat' dir='ltr'>istis,</span> <span class='ocrx_word' id='word_1_553' title='bbox 2156 2895 2357 2950; x_wconf 89' lang='lat' dir='ltr'>melius</span> <span class='ocrx_word' id='word_1_554' title='bbox 2399 2901 2484 2950; x_wconf 91' lang='lat' dir='ltr'>est</span> <span class='ocrx_word' id='word_1_555' title='bbox 2530 2896 2610 2951; x_wconf 93' lang='lat' dir='ltr'>illi</span> <span class='ocrx_word' id='word_1_556' title='bbox 2657 2901 2717 2951; x_wconf 91' lang='lat' dir='ltr'>ut</span> <span class='ocrx_word' id='word_1_557' title='bbox 2750 2898 3126 2969; x_wconf 88' lang='lat' dir='ltr'>suspendatur</span> <span class='ocrx_word' id='word_1_558' title='bbox 3165 2898 3314 2952; x_wconf 87' lang='lat' dir='ltr'>mola</span> <span class='ocrx_word' id='word_1_559' title='bbox 3358 2896 3607 2952; x_wconf 86' lang='lat' dir='ltr'>asinaria</span> 
     </span>
    </p>
   </div>
   <div class='ocr_carea' id='block_1_73' title="bbox 1974 2989 3601 3062">
    <p class='ocr_par' dir='ltr' id='par_1_73' title="bbox 1974 2989 3601 3062">
     <span class='ocr_line' id='line_1_73' title="bbox 1974 2989 3601 3062; baseline 0.001 -20"><span class='ocrx_word' id='word_1_560' title='bbox 1974 2989 2122 3043; x_wconf 90' lang='lat' dir='ltr'>collo</span> <span class='ocrx_word' id='word_1_561' title='bbox 2140 2989 2347 3060; x_wconf 89' lang='lat' dir='ltr'>ejus,et</span> <span class='ocrx_word' id='word_1_562' title='bbox 2366 2989 2804 3060; x_wconf 88' lang='lat' dir='ltr'>demergaturin</span> <span class='ocrx_word' id='word_1_563' title='bbox 2826 2991 3177 3062; x_wconf 86' lang='lat' dir='ltr'>profundum</span> <span class='ocrx_word' id='word_1_564' title='bbox 3200 2990 3376 3045; x_wconf 87' lang='lat' dir='ltr'>maris</span> <span class='ocrx_word' id='word_1_565' title='bbox 3390 2991 3601 3058; x_wconf 85' lang='lat' dir='ltr'>(Matth.</span> 
     </span>
    </p>
   </div>
   <div class='ocr_carea' id='block_1_74' title="bbox 1975 3083 3605 3156">
    <p class='ocr_par' dir='ltr' id='par_1_74' title="bbox 1975 3083 3605 3156">
     <span class='ocr_line' id='line_1_74' title="bbox 1975 3083 3605 3156; baseline 0.002 -21"><span class='ocrx_word' id='word_1_566' title='bbox 1975 3098 2127 3150; x_wconf 82' lang='lat' dir='ltr'>xvm,</span> <span class='ocrx_word' id='word_1_567' title='bbox 2177 3084 2248 3153; x_wconf 89' lang='lat'>6),</span> <span class='ocrx_word' id='word_1_568' title='bbox 2296 3105 2322 3130; x_wconf 90' lang='grc'><strong>››</strong></span> <span class='ocrx_word' id='word_1_569' title='bbox 2377 3086 2434 3136; x_wconf 88' lang='lat' dir='ltr'>et</span> <span class='ocrx_word' id='word_1_570' title='bbox 2489 3083 2723 3154; x_wconf 87' lang='lat' dir='ltr'>reliqua.</span> <span class='ocrx_word' id='word_1_571' title='bbox 2783 3084 2927 3138; x_wconf 89' lang='lat' dir='ltr'>Deus</span> <span class='ocrx_word' id='word_1_572' title='bbox 2981 3086 3172 3139; x_wconf 89' lang='lat' dir='ltr'>autem</span> <span class='ocrx_word' id='word_1_573' title='bbox 3227 3083 3605 3156; x_wconf 88' lang='lat' dir='ltr'>omnipotens,</span> 
     </span>
    </p>
   </div>
   <div class='ocr_carea' id='block_1_75' title="bbox 1975 3175 3602 3248">
    <p class='ocr_par' dir='ltr' id='par_1_75' title="bbox 1975 3175 3602 3248">
     <span class='ocr_line' id='line_1_75' title="bbox 1975 3175 3602 3248; baseline 0.001 -19"><span class='ocrx_word' id='word_1_574' title='bbox 1975 3180 2037 3230; x_wconf 90' lang='lat' dir='ltr'>ut</span> <span class='ocrx_word' id='word_1_575' title='bbox 2062 3191 2166 3230; x_wconf 92' lang='lat' dir='ltr'>nos</span> <span class='ocrx_word' id='word_1_576' title='bbox 2193 3192 2226 3229; x_wconf 89' lang='lat' dir='ltr'>a</span> <span class='ocrx_word' id='word_1_577' title='bbox 2256 3175 2622 3247; x_wconf 68' lang='lat' dir='ltr'>prmcipitatze</span> <span class='ocrx_word' id='word_1_578' title='bbox 2667 3176 2962 3232; x_wconf 67' lang='lat' dir='ltr'>sententiae</span> <span class='ocrx_word' id='word_1_579' title='bbox 3004 3177 3340 3248; x_wconf 89' lang='lat' dir='ltr'>probatione</span> <span class='ocrx_word' id='word_1_580' title='bbox 3372 3193 3602 3248; x_wconf 88' lang='lat' dir='ltr'>compe-</span> 
     </span>
    </p>
   </div>
   <div class='ocr_carea' id='block_1_76' title="bbox 1975 3269 3604 3342">
    <p class='ocr_par' dir='ltr' id='par_1_76' title="bbox 1975 3269 3604 3342">
     <span class='ocr_line' id='line_1_76' title="bbox 1975 3269 3604 3342; baseline 0.001 -20"><span class='ocrx_word' id='word_1_581' title='bbox 1975 3273 2153 3324; x_wconf 89' lang='lat' dir='ltr'>sceret</span> <span class='ocrx_word' id='word_1_582' title='bbox 2182 3269 2330 3339; x_wconf 92' lang='lat' dir='ltr'>(cum</span> <span class='ocrx_word' id='word_1_583' title='bbox 2360 3269 2558 3324; x_wconf 84' lang='lat' dir='ltr'>omnia</span> <span class='ocrx_word' id='word_1_584' title='bbox 2594 3270 2743 3324; x_wconf 91' lang='lat' dir='ltr'>nuda</span> <span class='ocrx_word' id='word_1_585' title='bbox 2782 3272 2839 3325; x_wconf 89' lang='lat' dir='ltr'>et</span> <span class='ocrx_word' id='word_1_586' title='bbox 2873 3273 3072 3342; x_wconf 89' lang='lat' dir='ltr'>aperta</span> <span class='ocrx_word' id='word_1_587' title='bbox 3099 3271 3214 3325; x_wconf 90' lang='lat' dir='ltr'>sint</span> <span class='ocrx_word' id='word_1_588' title='bbox 3238 3271 3412 3326; x_wconf 92' lang='lat' dir='ltr'>oculis</span> <span class='ocrx_word' id='word_1_589' title='bbox 3441 3269 3604 3342; x_wconf 90' lang='lat' dir='ltr'>ejus),</span> 
     </span>
    </p>
   </div>
   <div class='ocr_carea' id='block_1_77' title="bbox 1976 3363 3603 3435">
    <p class='ocr_par' dir='ltr' id='par_1_77' title="bbox 1976 3363 3603 3435">
     <span class='ocr_line' id='line_1_77' title="bbox 1976 3363 3603 3435; baseline 0 -19"><span class='ocrx_word' id='word_1_590' title='bbox 1976 3363 2129 3416; x_wconf 89' lang='lat' dir='ltr'>mala</span> <span class='ocrx_word' id='word_1_591' title='bbox 2156 3367 2347 3417; x_wconf 87' lang='lat' dir='ltr'>tamen</span> <span class='ocrx_word' id='word_1_592' title='bbox 2382 3363 2647 3418; x_wconf 64' lang='lat' dir='ltr'>Sodomae</span> <span class='ocrx_word' id='word_1_593' title='bbox 2675 3363 2860 3418; x_wconf 92' lang='lat' dir='ltr'>noluit</span> <span class='ocrx_word' id='word_1_594' title='bbox 2898 3363 3092 3418; x_wconf 83' lang='lat' dir='ltr'>audita</span> <span class='ocrx_word' id='word_1_595' title='bbox 3121 3363 3380 3435; x_wconf 89' lang='lat' dir='ltr'>judicare</span> <span class='ocrx_word' id='word_1_596' title='bbox 3420 3363 3603 3435; x_wconf 84' lang='lat' dir='ltr'>prius-</span> 
     </span>
    </p>
   </div>
   <div class='ocr_carea' id='block_1_78' title="bbox 1975 3455 3608 3528">
    <p class='ocr_par' dir='ltr' id='par_1_78' title="bbox 1975 3455 3608 3528">
     <span class='ocr_line' id='line_1_78' title="bbox 1975 3455 3608 3528; baseline 0.001 -19"><span class='ocrx_word' id='word_1_597' title='bbox 1975 3472 2149 3526; x_wconf 92' lang='lat' dir='ltr'>quam</span> <span class='ocrx_word' id='word_1_598' title='bbox 2180 3455 2478 3511; x_wconf 89' lang='lat' dir='ltr'>manifeste</span> <span class='ocrx_word' id='word_1_599' title='bbox 2521 3462 2854 3527; x_wconf 87' lang='lat' dir='ltr'>agnosceret</span> <span class='ocrx_word' id='word_1_600' title='bbox 2895 3473 3023 3528; x_wconf 69' lang='lat' dir='ltr'>quae</span> <span class='ocrx_word' id='word_1_601' title='bbox 3066 3456 3420 3523; x_wconf 90' lang='lat' dir='ltr'>dicebantur,</span> <span class='ocrx_word' id='word_1_602' title='bbox 3454 3455 3608 3510; x_wconf 90' lang='lat' dir='ltr'>unde</span> 
     </span>
    </p>
   </div>
   <div class='ocr_carea' id='block_1_79' title="bbox 1977 3547 3608 3618">
    <p class='ocr_par' dir='ltr' id='par_1_79' title="bbox 1977 3547 3608 3618">
     <span class='ocr_line' id='line_1_79' title="bbox 1977 3547 3608 3618; baseline 0.002 -17"><span class='ocrx_word' id='word_1_603' title='bbox 1977 3547 2096 3618; x_wconf 92' lang='lat' dir='ltr'>ipse</span> <span class='ocrx_word' id='word_1_604' title='bbox 2126 3547 2203 3601; x_wconf 89' lang='lat' dir='ltr'>ait</span> <span class='ocrx_word' id='word_1_605' title='bbox 2239 3565 2252 3602; x_wconf 90' lang='lat'>:</span> <span class='ocrx_word' id='word_1_606' title='bbox 2292 3571 2318 3597; x_wconf 90' lang='grc'><strong>‹‹</strong></span> <span class='ocrx_word' id='word_1_607' title='bbox 2353 3549 2705 3604; x_wconf 90' lang='lat' dir='ltr'>Descendam</span> <span class='ocrx_word' id='word_1_608' title='bbox 2743 3554 2799 3604; x_wconf 93' lang='lat' dir='ltr'>et</span> <span class='ocrx_word' id='word_1_609' title='bbox 2823 3550 3027 3606; x_wconf 89' lang='lat' dir='ltr'>videbo</span> <span class='ocrx_word' id='word_1_610' title='bbox 3063 3555 3256 3606; x_wconf 90' lang='lat' dir='ltr'>utrum</span> <span class='ocrx_word' id='word_1_611' title='bbox 3297 3551 3608 3605; x_wconf 89' lang='lat' dir='ltr'>clamorem</span> 
     </span>
    </p>
   </div>
   <div class='ocr_carea' id='block_1_80' title="bbox 1979 3640 3610 3714">
    <p class='ocr_par' dir='ltr' id='par_1_80' title="bbox 1979 3640 3610 3714">
     <span class='ocr_line' id='line_1_80' title="bbox 1979 3640 3610 3714; baseline 0.002 -21"><span class='ocrx_word' id='word_1_612' title='bbox 1979 3640 2075 3710; x_wconf 92' lang='lat' dir='ltr'>qui</span> <span class='ocrx_word' id='word_1_613' title='bbox 2105 3641 2260 3694; x_wconf 92' lang='lat' dir='ltr'>venit</span> <span class='ocrx_word' id='word_1_614' title='bbox 2285 3641 2353 3696; x_wconf 89' lang='lat' dir='ltr'>ad</span> <span class='ocrx_word' id='word_1_615' title='bbox 2386 3658 2502 3709; x_wconf 89' lang='lat' dir='ltr'>me,</span> <span class='ocrx_word' id='word_1_616' title='bbox 2524 3658 2696 3713; x_wconf 92' lang='lat' dir='ltr'>opere</span> <span class='ocrx_word' id='word_1_617' title='bbox 2723 3643 3150 3714; x_wconf 90' lang='lat' dir='ltr'>compleverint,</span> <span class='ocrx_word' id='word_1_618' title='bbox 3178 3660 3251 3698; x_wconf 90' lang='lat' dir='ltr'>an</span> <span class='ocrx_word' id='word_1_619' title='bbox 3283 3660 3399 3698; x_wconf 92' lang='lat' dir='ltr'>non</span> <span class='ocrx_word' id='word_1_620' title='bbox 3427 3647 3512 3698; x_wconf 91' lang='lat' dir='ltr'>est</span> <span class='ocrx_word' id='word_1_621' title='bbox 3530 3643 3610 3698; x_wconf 90' lang='lat' dir='ltr'>ita</span> 
     </span>
    </p>
   </div>
   <div class='ocr_carea' id='block_1_81' title="bbox 1978 3732 3610 3806">
    <p class='ocr_par' dir='ltr' id='par_1_81' title="bbox 1978 3732 3610 3806">
     <span class='ocr_line' id='line_1_81' title="bbox 1978 3732 3610 3806; baseline 0.002 -21"><span class='ocrx_word' id='word_1_622' title='bbox 1978 3736 2040 3785; x_wconf 91' lang='lat' dir='ltr'>ut</span> <span class='ocrx_word' id='word_1_623' title='bbox 2084 3732 2256 3787; x_wconf 89' lang='lat' dir='ltr'>sciam</span> <span class='ocrx_word' id='word_1_624' title='bbox 2301 3733 2450 3802; x_wconf 86' lang='lat' dir='ltr'>(Gen.</span> <span class='ocrx_word' id='word_1_625' title='bbox 2500 3749 2648 3800; x_wconf 81' lang='lat' dir='ltr'>XVIII,</span> <span class='ocrx_word' id='word_1_626' title='bbox 2681 3735 2849 3803; x_wconf 70' lang='lat'>21.)»</span> <span class='ocrx_word' id='word_1_627' title='bbox 2899 3736 3044 3790; x_wconf 93' lang='lat' dir='ltr'>Deus</span> <span class='ocrx_word' id='word_1_628' title='bbox 3094 3735 3478 3806; x_wconf 90' lang='lat' dir='ltr'>omnipotens,</span> <span class='ocrx_word' id='word_1_629' title='bbox 3518 3735 3610 3789; x_wconf 90' lang='lat' dir='ltr'>cui</span> 
     </span>
    </p>
   </div>
   <div class='ocr_carea' id='block_1_82' title="bbox 1979 3825 3608 3894">
    <p class='ocr_par' dir='ltr' id='par_1_82' title="bbox 1979 3825 3608 3894">
     <span class='ocr_line' id='line_1_82' title="bbox 1979 3825 3608 3894; baseline 0.001 -15"><span class='ocrx_word' id='word_1_630' title='bbox 1979 3825 2118 3880; x_wconf 89' lang='lat' dir='ltr'>nihil</span> <span class='ocrx_word' id='word_1_631' title='bbox 2146 3825 2540 3880; x_wconf 90' lang='lat' dir='ltr'>absconditum</span> <span class='ocrx_word' id='word_1_632' title='bbox 2565 3831 2667 3893; x_wconf 91' lang='lat' dir='ltr'>est,</span> <span class='ocrx_word' id='word_1_633' title='bbox 2701 3826 2800 3880; x_wconf 92' lang='lat' dir='ltr'>sed</span> <span class='ocrx_word' id='word_1_634' title='bbox 2825 3826 3020 3880; x_wconf 88' lang='lat' dir='ltr'>omnia</span> <span class='ocrx_word' id='word_1_635' title='bbox 3047 3828 3099 3882; x_wconf 94' lang='lat' dir='ltr'>ei</span> <span class='ocrx_word' id='word_1_636' title='bbox 3126 3827 3426 3882; x_wconf 90' lang='lat' dir='ltr'>manifesta</span> <span class='ocrx_word' id='word_1_637' title='bbox 3457 3832 3608 3894; x_wconf 90' lang='lat' dir='ltr'>sunt,</span> 
     </span>
    </p>
   </div>
   <div class='ocr_carea' id='block_1_83' title="bbox 1979 3918 3611 3991">
    <p class='ocr_par' dir='ltr' id='par_1_83' title="bbox 1979 3918 3611 3991">
     <span class='ocr_line' id='line_1_83' title="bbox 1979 3918 3611 3991; baseline 0.001 -18"><span class='ocrx_word' id='word_1_638' title='bbox 1979 3919 2154 3974; x_wconf 90' lang='lat' dir='ltr'>etiam</span> <span class='ocrx_word' id='word_1_639' title='bbox 2175 3923 2484 3991; x_wconf 90' lang='lat' dir='ltr'>antequam</span> <span class='ocrx_word' id='word_1_640' title='bbox 2505 3918 2667 3989; x_wconf 80' lang='lat' dir='ltr'>ﬁant,</span> <span class='ocrx_word' id='word_1_641' title='bbox 2687 3935 2800 3974; x_wconf 92' lang='lat' dir='ltr'>non</span> <span class='ocrx_word' id='word_1_642' title='bbox 2825 3920 2897 3975; x_wconf 94' lang='lat' dir='ltr'>ob</span> <span class='ocrx_word' id='word_1_643' title='bbox 2922 3920 3074 3974; x_wconf 89' lang='lat' dir='ltr'>aliud</span> <span class='ocrx_word' id='word_1_644' title='bbox 3091 3920 3211 3976; x_wconf 77' lang='lat' dir='ltr'>haec</span> <span class='ocrx_word' id='word_1_645' title='bbox 3232 3925 3286 3976; x_wconf 92' lang='lat' dir='ltr'>et</span> <span class='ocrx_word' id='word_1_646' title='bbox 3303 3920 3410 3974; x_wconf 89' lang='lat' dir='ltr'>alia</span> <span class='ocrx_word' id='word_1_647' title='bbox 3433 3920 3611 3975; x_wconf 87' lang='lat' dir='ltr'>multa</span> 
     </span>
    </p>
   </div>
   <div class='ocr_carea' id='block_1_84' title="bbox 1982 4012 3611 4085">
    <p class='ocr_par' dir='ltr' id='par_1_84' title="bbox 1982 4012 3611 4085">
     <span class='ocr_line' id='line_1_84' title="bbox 1982 4012 3611 4085; baseline 0.001 -18"><span class='ocrx_word' id='word_1_648' title='bbox 1982 4014 2125 4085; x_wconf 68' lang='lat' dir='ltr'>(qua:</span> <span class='ocrx_word' id='word_1_649' title='bbox 2157 4013 2246 4067; x_wconf 91' lang='lat' dir='ltr'>hic</span> <span class='ocrx_word' id='word_1_650' title='bbox 2274 4012 2655 4083; x_wconf 81' lang='lat' dir='ltr'>prolixitatem</span> <span class='ocrx_word' id='word_1_651' title='bbox 2682 4013 2926 4068; x_wconf 88' lang='lat' dir='ltr'>vitantes</span> <span class='ocrx_word' id='word_1_652' title='bbox 2964 4030 3078 4068; x_wconf 91' lang='lat' dir='ltr'>non</span> <span class='ocrx_word' id='word_1_653' title='bbox 3118 4013 3477 4084; x_wconf 90' lang='lat' dir='ltr'>inseruimus)</span> <span class='ocrx_word' id='word_1_654' title='bbox 3508 4030 3611 4085; x_wconf 89' lang='lat' dir='ltr'>per</span> 
     </span>
    </p>
   </div>
   <div class='ocr_carea' id='block_1_85' title="bbox 1979 4105 3610 4179">
    <p class='ocr_par' dir='ltr' id='par_1_85' title="bbox 1979 4105 3610 4179">
     <span class='ocr_line' id='line_1_85' title="bbox 1979 4105 3610 4179; baseline 0.001 -19"><span class='ocrx_word' id='word_1_655' title='bbox 1979 4123 2036 4160; x_wconf 91' lang='lat' dir='ltr'>se</span> <span class='ocrx_word' id='word_1_656' title='bbox 2063 4105 2353 4177; x_wconf 90' lang='lat' dir='ltr'>inquirere</span> <span class='ocrx_word' id='word_1_657' title='bbox 2384 4106 2652 4178; x_wconf 89' lang='lat' dir='ltr'>dignatus</span> <span class='ocrx_word' id='word_1_658' title='bbox 2679 4111 2782 4173; x_wconf 90' lang='lat' dir='ltr'>est,</span> <span class='ocrx_word' id='word_1_659' title='bbox 2818 4107 2924 4161; x_wconf 89' lang='lat' dir='ltr'>nisi</span> <span class='ocrx_word' id='word_1_660' title='bbox 2966 4112 3032 4162; x_wconf 89' lang='lat' dir='ltr'>ut</span> <span class='ocrx_word' id='word_1_661' title='bbox 3073 4107 3236 4163; x_wconf 89' lang='lat' dir='ltr'>nobis</span> <span class='ocrx_word' id='word_1_662' title='bbox 3281 4108 3610 4179; x_wconf 78' lang='lat' dir='ltr'>exemplum</span> 
     </span>
    </p>
   </div>
   <div class='ocr_carea' id='block_1_86' title="bbox 1981 4199 3614 4272">
    <p class='ocr_par' dir='ltr' id='par_1_86' title="bbox 1981 4199 3614 4272">
     <span class='ocr_line' id='line_1_86' title="bbox 1981 4199 3614 4272; baseline 0.001 -20"><span class='ocrx_word' id='word_1_663' title='bbox 1981 4199 2142 4253; x_wconf 89' lang='lat' dir='ltr'>daret</span> <span class='ocrx_word' id='word_1_664' title='bbox 2159 4215 2232 4254; x_wconf 91' lang='lat' dir='ltr'>ne</span> <span class='ocrx_word' id='word_1_665' title='bbox 2262 4199 2583 4271; x_wconf 71' lang='lat' dir='ltr'>praecipites</span> <span class='ocrx_word' id='word_1_666' title='bbox 2611 4200 2670 4254; x_wconf 93' lang='lat' dir='ltr'>in</span> <span class='ocrx_word' id='word_1_667' title='bbox 2697 4200 3064 4256; x_wconf 89' lang='lat' dir='ltr'>discutiendis</span> <span class='ocrx_word' id='word_1_668' title='bbox 3094 4204 3150 4256; x_wconf 92' lang='lat' dir='ltr'>et</span> <span class='ocrx_word' id='word_1_669' title='bbox 3171 4201 3496 4272; x_wconf 89' lang='lat' dir='ltr'>judicandis</span> <span class='ocrx_word' id='word_1_670' title='bbox 3517 4218 3614 4255; x_wconf 87' lang='lat' dir='ltr'>ne-</span> 
     </span>
    </p>
   </div>
   <div class='ocr_carea' id='block_1_87' title="bbox 1981 4290 3610 4366">
    <p class='ocr_par' dir='ltr' id='par_1_87' title="bbox 1981 4290 3610 4366">
     <span class='ocr_line' id='line_1_87' title="bbox 1981 4290 3610 4366; baseline 0.001 -20"><span class='ocrx_word' id='word_1_671' title='bbox 1981 4290 2148 4363; x_wconf 90' lang='lat' dir='ltr'>gotiis</span> <span class='ocrx_word' id='word_1_672' title='bbox 2159 4295 2576 4360; x_wconf 90' lang='lat' dir='ltr'>essemus,etne</span> <span class='ocrx_word' id='word_1_673' title='bbox 2589 4294 2736 4347; x_wconf 88' lang='lat' dir='ltr'>mala</span> <span class='ocrx_word' id='word_1_674' title='bbox 2749 4294 3127 4364; x_wconf 90' lang='lat' dir='ltr'>quorumdam</span> <span class='ocrx_word' id='word_1_675' title='bbox 3140 4295 3295 4366; x_wconf 89' lang='lat' dir='ltr'>prius</span> <span class='ocrx_word' id='word_1_676' title='bbox 3307 4294 3610 4366; x_wconf 89' lang='lat' dir='ltr'>quisquam</span> 
     </span>
    </p>
   </div>
   <div class='ocr_carea' id='block_1_88' title="bbox 1980 4385 3611 4458">
    <p class='ocr_par' dir='ltr' id='par_1_88' title="bbox 1980 4385 3611 4458">
     <span class='ocr_line' id='line_1_88' title="bbox 1980 4385 3611 4458; baseline 0.001 -20"><span class='ocrx_word' id='word_1_677' title='bbox 1980 4387 2290 4456; x_wconf 68' lang='lat' dir='ltr'>prazsumat</span> <span class='ocrx_word' id='word_1_678' title='bbox 2331 4385 2563 4440; x_wconf 89' lang='lat' dir='ltr'>credere</span> <span class='ocrx_word' id='word_1_679' title='bbox 2605 4402 2778 4456; x_wconf 89' lang='lat' dir='ltr'>quam</span> <span class='ocrx_word' id='word_1_680' title='bbox 2825 4385 3090 4457; x_wconf 91' lang='lat' dir='ltr'>probare.</span> <span class='ocrx_word' id='word_1_681' title='bbox 3131 4387 3302 4458; x_wconf 81' lang='lat' dir='ltr'>Cujus</span> <span class='ocrx_word' id='word_1_682' title='bbox 3349 4389 3611 4458; x_wconf 84' lang='lat' dir='ltr'>exemplo</span> 
     </span>
    </p>
   </div>
   <div class='ocr_carea' id='block_1_89' title="bbox 242 4478 3612 4558">
    <p class='ocr_par' dir='ltr' id='par_1_89' title="bbox 242 4478 3612 4558">
     <span class='ocr_line' id='line_1_89' title="bbox 242 4478 3612 4558; baseline -0.001 -20"><span class='ocrx_word' id='word_1_683' title='bbox 242 4487 446 4555; x_wconf 89' lang='lat' dir='ltr'>quibus</span> <span class='ocrx_word' id='word_1_684' title='bbox 476 4499 651 4538; x_wconf 91' lang='lat' dir='ltr'>omne</span> <span class='ocrx_word' id='word_1_685' title='bbox 679 4498 822 4554; x_wconf 88' lang='lat' dir='ltr'>opus</span> <span class='ocrx_word' id='word_1_686' title='bbox 843 4481 1083 4547; x_wconf 89' lang='lat' dir='ltr'>malum,</span> <span class='ocrx_word' id='word_1_687' title='bbox 1102 4478 1376 4550; x_wconf 90' lang='lat' dir='ltr'>procedit,</span> <span class='ocrx_word' id='word_1_688' title='bbox 1398 4483 1453 4534; x_wconf 91' lang='lat' dir='ltr'>et</span> <span class='ocrx_word' id='word_1_689' title='bbox 1473 4478 1880 4550; x_wconf 89' lang='lat' dir='ltr'>benignitatem</span> <span class='ocrx_word' id='word_1_690' title='bbox 1902 4485 1962 4558; x_wconf 78' lang='grc' dir='ltr'>Ι)</span> <span class='ocrx_word' id='word_1_691' title='bbox 1986 4493 2312 4545; x_wconf 89' lang='lat' dir='ltr'>monemur,</span> <span class='ocrx_word' id='word_1_692' title='bbox 2343 4495 2414 4532; x_wconf 90' lang='lat' dir='ltr'><strong>ne</strong></span> <span class='ocrx_word' id='word_1_693' title='bbox 2447 4479 2515 4533; x_wconf 90' lang='lat' dir='ltr'>ad</span> <span class='ocrx_word' id='word_1_694' title='bbox 2547 4479 2948 4550; x_wconf 81' lang='lat' dir='ltr'>proferendam</span> <span class='ocrx_word' id='word_1_695' title='bbox 2990 4480 3332 4534; x_wconf 88' lang='lat' dir='ltr'>sententiam</span> <span class='ocrx_word' id='word_1_696' title='bbox 3360 4496 3612 4551; x_wconf 90' lang='lat' dir='ltr'>unquam</span> 
     </span>
    </p>
   </div>
   <div class='ocr_carea' id='block_1_90' title="bbox 241 4573 1883 4649">
    <p class='ocr_par' dir='ltr' id='par_1_90' title="bbox 241 4573 1883 4649">
     <span class='ocr_line' id='line_1_90' title="bbox 241 4573 1883 4649; baseline -0.002 -19"><span class='ocrx_word' id='word_1_697' title='bbox 241 4595 295 4632; x_wconf 84' lang='lat' dir='ltr'>ac</span> <span class='ocrx_word' id='word_1_698' title='bbox 321 4577 760 4649; x_wconf 87' lang='lat' dir='ltr'>simplicitatem</span> <span class='ocrx_word' id='word_1_699' title='bbox 804 4577 921 4628; x_wconf 91' lang='lat' dir='ltr'>tota</span> <span class='ocrx_word' id='word_1_700' title='bbox 966 4576 1161 4628; x_wconf 89' lang='lat' dir='ltr'>mente</span> <span class='ocrx_word' id='word_1_701' title='bbox 1208 4574 1450 4626; x_wconf 89' lang='lat' dir='ltr'>servate.</span> <span class='ocrx_word' id='word_1_702' title='bbox 1485 4573 1883 4626; x_wconf 84' lang='lat' dir='ltr'>Verumtamen</span> 
     </span>
    </p>
   </div>
   <div class='ocr_carea' id='block_1_91' title="bbox 240 4663 1882 4740">
    <p class='ocr_par' dir='ltr' id='par_1_91' title="bbox 240 4663 1882 4740">
     <span class='ocr_line' id='line_1_91' title="bbox 240 4663 1882 4740; baseline -0.005 -14"><span class='ocrx_word' id='word_1_703' title='bbox 240 4672 441 4726; x_wconf 79' lang='lat' dir='ltr'>scitote</span> <span class='ocrx_word' id='word_1_704' title='bbox 470 4669 660 4723; x_wconf 91' lang='lat' dir='ltr'>cuncti</span> <span class='ocrx_word' id='word_1_705' title='bbox 686 4667 836 4740; x_wconf 91' lang='lat' dir='ltr'>quod</span> <span class='ocrx_word' id='word_1_706' title='bbox 868 4682 1042 4737; x_wconf 89' lang='lat' dir='ltr'>supra</span> <span class='ocrx_word' id='word_1_707' title='bbox 1068 4681 1265 4719; x_wconf 90' lang='lat' dir='ltr'>omnes</span> <span class='ocrx_word' id='word_1_708' title='bbox 1289 4680 1384 4718; x_wconf 90' lang='lat' dir='ltr'>vos</span> <span class='ocrx_word' id='word_1_709' title='bbox 1414 4663 1638 4718; x_wconf 91' lang='lat' dir='ltr'>laboret</span> <span class='ocrx_word' id='word_1_710' title='bbox 1667 4664 1882 4736; x_wconf 89' lang='lat' dir='ltr'>episco-</span> 
     </span>
    </p>
   </div>
   <div class='ocr_carea' id='block_1_92' title="bbox 244 4757 1889 4834">
    <p class='ocr_par' dir='ltr' id='par_1_92' title="bbox 244 4757 1889 4834">
     <span class='ocr_line' id='line_1_92' title="bbox 244 4757 1889 4834; baseline -0.003 -17"><span class='ocrx_word' id='word_1_711' title='bbox 244 4781 361 4833; x_wconf 87' lang='lat' dir='ltr'>pus,</span> <span class='ocrx_word' id='word_1_712' title='bbox 392 4763 534 4834; x_wconf 91' lang='lat' dir='ltr'>quia</span> <span class='ocrx_word' id='word_1_713' title='bbox 565 4760 956 4831; x_wconf 88' lang='lat' dir='ltr'>unusquisque</span> <span class='ocrx_word' id='word_1_714' title='bbox 983 4761 1235 4813; x_wconf 90' lang='lat' dir='ltr'>vestrum</span> <span class='ocrx_word' id='word_1_715' title='bbox 1265 4773 1427 4810; x_wconf 90' lang='lat' dir='ltr'>suum</span> <span class='ocrx_word' id='word_1_716' title='bbox 1455 4757 1750 4828; x_wconf 88' lang='lat' dir='ltr'>proprium</span> <span class='ocrx_word' id='word_1_717' title='bbox 1779 4758 1889 4812; x_wconf 86' lang='lat' dir='ltr'>fert</span> 
     </span>
    </p>
   </div>
   <div class='ocr_carea' id='block_1_93' title="bbox 238 4849 1885 4924">
    <p class='ocr_par' dir='ltr' id='par_1_93' title="bbox 238 4849 1885 4924">
     <span class='ocr_line' id='line_1_93' title="bbox 238 4849 1885 4924; baseline -0.004 -13"><span class='ocrx_word' id='word_1_718' title='bbox 238 4857 523 4924; x_wconf 86' lang='lat' dir='ltr'>laborem,</span> <span class='ocrx_word' id='word_1_719' title='bbox 556 4854 650 4908; x_wconf 93' lang='lat' dir='ltr'>ille</span> <span class='ocrx_word' id='word_1_720' title='bbox 676 4869 809 4908; x_wconf 90' lang='lat' dir='ltr'>vero</span> <span class='ocrx_word' id='word_1_721' title='bbox 839 4855 894 4908; x_wconf 91' lang='lat' dir='ltr'>et</span> <span class='ocrx_word' id='word_1_722' title='bbox 936 4867 1102 4906; x_wconf 91' lang='lat' dir='ltr'>suum</span> <span class='ocrx_word' id='word_1_723' title='bbox 1146 4855 1203 4906; x_wconf 89' lang='lat' dir='ltr'>et</span> <span class='ocrx_word' id='word_1_724' title='bbox 1245 4849 1620 4922; x_wconf 87' lang='lat' dir='ltr'>singulorum.</span> <span class='ocrx_word' id='word_1_725' title='bbox 1654 4851 1722 4903; x_wconf 90' lang='lat' dir='ltr'>Et</span> <span class='ocrx_word' id='word_1_726' title='bbox 1760 4850 1885 4905; x_wconf 89' lang='lat' dir='ltr'>ideo</span> 
     </span>
    </p>
   </div>
   <div class='ocr_carea' id='block_1_94' title="bbox 243 4944 1884 5018">
    <p class='ocr_par' dir='ltr' id='par_1_94' title="bbox 243 4944 1884 5018">
     <span class='ocr_line' id='line_1_94' title="bbox 243 4944 1884 5018; baseline -0.002 -18"><span class='ocrx_word' id='word_1_727' title='bbox 243 4951 383 5004; x_wconf 88' lang='lat' dir='ltr'>sicut</span> <span class='ocrx_word' id='word_1_728' title='bbox 411 4949 510 5003; x_wconf 91' lang='lat' dir='ltr'>ille</span> <span class='ocrx_word' id='word_1_729' title='bbox 541 4963 647 5018; x_wconf 92' lang='lat' dir='ltr'>pro</span> <span class='ocrx_word' id='word_1_730' title='bbox 673 4945 833 5000; x_wconf 90' lang='lat' dir='ltr'>vobis</span> <span class='ocrx_word' id='word_1_731' title='bbox 866 4944 1154 5012; x_wconf 90' lang='lat' dir='ltr'>omnibus,</span> <span class='ocrx_word' id='word_1_732' title='bbox 1182 4944 1261 4999; x_wconf 88' lang='lat' dir='ltr'>ita</span> <span class='ocrx_word' id='word_1_733' title='bbox 1290 4948 1347 4998; x_wconf 87' lang='lat' dir='ltr'>et</span> <span class='ocrx_word' id='word_1_734' title='bbox 1371 4960 1469 4998; x_wconf 87' lang='lat' dir='ltr'>vos</span> <span class='ocrx_word' id='word_1_735' title='bbox 1501 4959 1700 4998; x_wconf 88' lang='lat' dir='ltr'>omnes</span> <span class='ocrx_word' id='word_1_736' title='bbox 1729 4959 1884 4997; x_wconf 89' lang='lat' dir='ltr'>sum-</span> 
     </span>
    </p>
   </div>
   <div class='ocr_carea' id='block_1_95' title="bbox 242 5036 1885 5114">
    <p class='ocr_par' dir='ltr' id='par_1_95' title="bbox 242 5036 1885 5114">
     <span class='ocr_line' id='line_1_95' title="bbox 242 5036 1885 5114; baseline -0.004 -17"><span class='ocrx_word' id='word_1_737' title='bbox 242 5058 482 5114; x_wconf 87' lang='lat' dir='ltr'>mopere</span> <span class='ocrx_word' id='word_1_738' title='bbox 529 5040 793 5094; x_wconf 87' lang='lat' dir='ltr'>laborare</span> <span class='ocrx_word' id='word_1_739' title='bbox 845 5053 947 5108; x_wconf 90' lang='lat' dir='ltr'>pro</span> <span class='ocrx_word' id='word_1_740' title='bbox 993 5053 1060 5090; x_wconf 91' lang='lat' dir='ltr'>eo</span> <span class='ocrx_word' id='word_1_741' title='bbox 1106 5036 1342 5103; x_wconf 83' lang='lat' dir='ltr'>debetis,</span> <span class='ocrx_word' id='word_1_742' title='bbox 1392 5036 1677 5091; x_wconf 77' lang='lat' dir='ltr'>intentum</span> <span class='ocrx_word' id='word_1_743' title='bbox 1729 5040 1788 5090; x_wconf 88' lang='lat' dir='ltr'>ut</span> <span class='ocrx_word' id='word_1_744' title='bbox 1841 5037 1885 5091; x_wconf 91' lang='lat' dir='ltr'>si</span> 
     </span>
    </p>
   </div>
   <div class='ocr_carea' id='block_1_96' title="bbox 242 5129 1884 5200">
    <p class='ocr_par' dir='ltr' id='par_1_96' title="bbox 242 5129 1884 5200">
     <span class='ocr_line' id='line_1_96' title="bbox 242 5129 1884 5200; baseline -0.002 -13"><span class='ocrx_word' id='word_1_745' title='bbox 242 5136 417 5190; x_wconf 87' lang='lat' dir='ltr'>etiam</span> <span class='ocrx_word' id='word_1_746' title='bbox 445 5149 680 5188; x_wconf 89' lang='lat' dir='ltr'>necesse</span> <span class='ocrx_word' id='word_1_747' title='bbox 709 5129 902 5197; x_wconf 88' lang='lat' dir='ltr'>fuerit,</span> <span class='ocrx_word' id='word_1_748' title='bbox 933 5129 1153 5183; x_wconf 90' lang='lat' dir='ltr'>animas</span> <span class='ocrx_word' id='word_1_749' title='bbox 1178 5132 1395 5183; x_wconf 87' lang='lat' dir='ltr'>vestras</span> <span class='ocrx_word' id='word_1_750' title='bbox 1420 5146 1523 5200; x_wconf 85' lang='lat' dir='ltr'>pro</span> <span class='ocrx_word' id='word_1_751' title='bbox 1549 5146 1616 5184; x_wconf 90' lang='lat' dir='ltr'>eo</span> <span class='ocrx_word' id='word_1_752' title='bbox 1643 5129 1884 5200; x_wconf 87' lang='lat' dir='ltr'>ponatis,</span> 
     </span>
    </p>
   </div>
   <div class='ocr_carea' id='block_1_97' title="bbox 151 5222 1887 5296">
    <p class='ocr_par' dir='ltr' id='par_1_97' title="bbox 151 5222 1887 5296">
     <span class='ocr_line' id='line_1_97' title="bbox 151 5222 1887 5296; baseline -0.004 -11"><span class='ocrx_word' id='word_1_753' title='bbox 151 5274 163 5285; x_wconf 93' lang='lat'>.</span> <span class='ocrx_word' id='word_1_754' title='bbox 243 5229 386 5282; x_wconf 84' lang='lat' dir='ltr'>sicut</span> <span class='ocrx_word' id='word_1_755' title='bbox 433 5231 493 5282; x_wconf 91' lang='lat' dir='ltr'>et</span> <span class='ocrx_word' id='word_1_756' title='bbox 536 5226 658 5296; x_wconf 88' lang='lat' dir='ltr'>ipse</span> <span class='ocrx_word' id='word_1_757' title='bbox 699 5222 952 5278; x_wconf 90' lang='lat' dir='ltr'>animam</span> <span class='ocrx_word' id='word_1_758' title='bbox 997 5238 1161 5276; x_wconf 89' lang='lat' dir='ltr'>suam</span> <span class='ocrx_word' id='word_1_759' title='bbox 1206 5238 1309 5293; x_wconf 89' lang='lat' dir='ltr'>pro</span> <span class='ocrx_word' id='word_1_760' title='bbox 1355 5222 1531 5288; x_wconf 90' lang='lat' dir='ltr'>vobis,</span> <span class='ocrx_word' id='word_1_761' title='bbox 1568 5222 1612 5276; x_wconf 92' lang='lat' dir='ltr'>si</span> <span class='ocrx_word' id='word_1_762' title='bbox 1659 5239 1887 5278; x_wconf 88' lang='lat' dir='ltr'>necesse</span> 
     </span>
    </p>
   </div>
   <div class='ocr_carea' id='block_1_98' title="bbox 241 5313 1888 5390">
    <p class='ocr_par' dir='ltr' id='par_1_98' title="bbox 241 5313 1888 5390">
     <span class='ocr_line' id='line_1_98' title="bbox 241 5313 1888 5390; baseline -0.002 -18"><span class='ocrx_word' id='word_1_763' title='bbox 241 5319 435 5387; x_wconf 86' lang='lat' dir='ltr'>fuerit,</span> <span class='ocrx_word' id='word_1_764' title='bbox 455 5333 674 5390; x_wconf 88' lang='lat' dir='ltr'>ponere</span> <span class='ocrx_word' id='word_1_765' title='bbox 697 5315 886 5382; x_wconf 91' lang='lat' dir='ltr'>debet,</span> <span class='ocrx_word' id='word_1_766' title='bbox 909 5315 1032 5386; x_wconf 89' lang='lat' dir='ltr'>ipso</span> <span class='ocrx_word' id='word_1_767' title='bbox 1056 5314 1279 5368; x_wconf 90' lang='lat' dir='ltr'>dicente</span> <span class='ocrx_word' id='word_1_768' title='bbox 1301 5313 1587 5370; x_wconf 86' lang='lat' dir='ltr'>Salvatore</span> <span class='ocrx_word' id='word_1_769' title='bbox 1610 5331 1622 5368; x_wconf 90' lang='lat'><strong>:</strong></span> <span class='ocrx_word' id='word_1_770' title='bbox 1651 5339 1675 5363; x_wconf 86' lang='grc'>‹‹</span> <span class='ocrx_word' id='word_1_771' title='bbox 1701 5315 1888 5370; x_wconf 88' lang='lat' dir='ltr'>Bonus</span> 
     </span>
    </p>
   </div>
   <div class='ocr_carea' id='block_1_99' title="bbox 240 5408 1884 5481">
    <p class='ocr_par' dir='ltr' id='par_1_99' title="bbox 240 5408 1884 5481">
     <span class='ocr_line' id='line_1_99' title="bbox 240 5408 1884 5481; baseline -0.002 -14"><span class='ocrx_word' id='word_1_772' title='bbox 240 5417 440 5481; x_wconf 81' lang='lat' dir='ltr'>pastor</span> <span class='ocrx_word' id='word_1_773' title='bbox 467 5411 722 5466; x_wconf 90' lang='lat' dir='ltr'>animam</span> <span class='ocrx_word' id='word_1_774' title='bbox 766 5425 923 5463; x_wconf 89' lang='lat' dir='ltr'>suam</span> <span class='ocrx_word' id='word_1_775' title='bbox 963 5408 1062 5462; x_wconf 89' lang='lat' dir='ltr'>dat</span> <span class='ocrx_word' id='word_1_776' title='bbox 1101 5423 1205 5477; x_wconf 92' lang='lat' dir='ltr'>pro</span> <span class='ocrx_word' id='word_1_777' title='bbox 1246 5408 1444 5461; x_wconf 90' lang='lat' dir='ltr'>ovibus</span> <span class='ocrx_word' id='word_1_778' title='bbox 1474 5408 1588 5461; x_wconf 90' lang='lat' dir='ltr'>suis</span> <span class='ocrx_word' id='word_1_779' title='bbox 1621 5409 1797 5477; x_wconf 82' lang='lat' dir='ltr'>(Joan.</span> <span class='ocrx_word' id='word_1_780' title='bbox 1833 5425 1884 5476; x_wconf 70' lang='grc' dir='ltr'>Χ,</span> 
     </span>
    </p>
   </div>
   <div class='ocr_carea' id='block_1_100' title="bbox 249 5499 1884 5572">
    <p class='ocr_par' dir='ltr' id='par_1_100' title="bbox 249 5499 1884 5572">
     <span class='ocr_line' id='line_1_100' title="bbox 249 5499 1884 5572; baseline -0.001 -16"><span class='ocrx_word' id='word_1_781' title='bbox 249 5508 350 5572; x_wconf 81' lang='lat' dir='ltr'>lt),</span> <span class='ocrx_word' id='word_1_782' title='bbox 397 5527 427 5552; x_wconf 75' lang='grc' dir='ltr'><strong>ιι</strong></span> <span class='ocrx_word' id='word_1_783' title='bbox 475 5520 578 5559; x_wconf 87' lang='lat' dir='ltr'>vos</span> <span class='ocrx_word' id='word_1_784' title='bbox 619 5518 757 5556; x_wconf 90' lang='lat' dir='ltr'>vero</span> <span class='ocrx_word' id='word_1_785' title='bbox 805 5499 1032 5556; x_wconf 90' lang='lat' dir='ltr'>obedite</span> <span class='ocrx_word' id='word_1_786' title='bbox 1079 5499 1181 5567; x_wconf 88' lang='lat' dir='ltr'>eis,</span> <span class='ocrx_word' id='word_1_787' title='bbox 1230 5504 1286 5553; x_wconf 89' lang='lat' dir='ltr'>et</span> <span class='ocrx_word' id='word_1_788' title='bbox 1337 5499 1568 5570; x_wconf 87' lang='lat' dir='ltr'>vigilate</span> <span class='ocrx_word' id='word_1_789' title='bbox 1621 5517 1725 5571; x_wconf 90' lang='lat' dir='ltr'>pro</span> <span class='ocrx_word' id='word_1_790' title='bbox 1783 5501 1884 5568; x_wconf 92' lang='lat' dir='ltr'>eis,</span> 
     </span>
    </p>
   </div>
   <div class='ocr_carea' id='block_1_101' title="bbox 241 5591 1889 5668">
    <p class='ocr_par' dir='ltr' id='par_1_101' title="bbox 241 5591 1889 5668">
     <span class='ocr_line' id='line_1_101' title="bbox 241 5591 1889 5668; baseline -0.001 -18"><span class='ocrx_word' id='word_1_791' title='bbox 241 5598 380 5667; x_wconf 84' lang='lat' dir='ltr'>quia</span> <span class='ocrx_word' id='word_1_792' title='bbox 416 5597 523 5668; x_wconf 90' lang='lat' dir='ltr'>ipsi</span> <span class='ocrx_word' id='word_1_793' title='bbox 552 5612 659 5667; x_wconf 92' lang='lat' dir='ltr'>pro</span> <span class='ocrx_word' id='word_1_794' title='bbox 687 5595 844 5650; x_wconf 89' lang='lat' dir='ltr'>vobis</span> <span class='ocrx_word' id='word_1_795' title='bbox 870 5591 1124 5664; x_wconf 87' lang='lat' dir='ltr'>vigilant,</span> <span class='ocrx_word' id='word_1_796' title='bbox 1148 5592 1307 5664; x_wconf 89' lang='lat' dir='ltr'>quasi</span> <span class='ocrx_word' id='word_1_797' title='bbox 1338 5593 1618 5647; x_wconf 89' lang='lat' dir='ltr'>rationem</span> <span class='ocrx_word' id='word_1_798' title='bbox 1650 5611 1752 5664; x_wconf 92' lang='lat' dir='ltr'>pro</span> <span class='ocrx_word' id='word_1_799' title='bbox 1773 5594 1889 5648; x_wconf 90' lang='lat' dir='ltr'>ani-</span> 
     </span>
    </p>
   </div>
   <div class='ocr_carea' id='block_1_102' title="bbox 243 5685 1888 5757">
    <p class='ocr_par' dir='ltr' id='par_1_102' title="bbox 243 5685 1888 5757">
     <span class='ocr_line' id='line_1_102' title="bbox 243 5685 1888 5757; baseline 0.001 -15"><span class='ocrx_word' id='word_1_800' title='bbox 243 5689 458 5743; x_wconf 85' lang='lat' dir='ltr'>mabus</span> <span class='ocrx_word' id='word_1_801' title='bbox 483 5689 684 5743; x_wconf 89' lang='lat' dir='ltr'>vestris</span> <span class='ocrx_word' id='word_1_802' title='bbox 707 5685 1003 5752; x_wconf 89' lang='lat' dir='ltr'>reddituri,</span> <span class='ocrx_word' id='word_1_803' title='bbox 1036 5689 1101 5741; x_wconf 89' lang='lat' dir='ltr'>ut</span> <span class='ocrx_word' id='word_1_804' title='bbox 1128 5701 1254 5740; x_wconf 89' lang='lat' dir='ltr'>cum</span> <span class='ocrx_word' id='word_1_805' title='bbox 1293 5685 1503 5757; x_wconf 87' lang='lat' dir='ltr'>gaudio</span> <span class='ocrx_word' id='word_1_806' title='bbox 1530 5685 1640 5740; x_wconf 92' lang='lat' dir='ltr'>hoc</span> <span class='ocrx_word' id='word_1_807' title='bbox 1679 5687 1888 5743; x_wconf 87' lang='lat' dir='ltr'>faciant</span> 
     </span>
    </p>
   </div>
   <div class='ocr_carea' id='block_1_103' title="bbox 247 5784 799 5852">
    <p class='ocr_par' dir='ltr' id='par_1_103' title="bbox 247 5784 799 5852">
     <span class='ocr_line' id='line_1_103' title="bbox 247 5784 799 5852; baseline -0.002 -19"><span class='ocrx_word' id='word_1_808' title='bbox 247 5787 301 5834; x_wconf 84' lang='lat' dir='ltr'>et</span> <span class='ocrx_word' id='word_1_809' title='bbox 337 5799 457 5835; x_wconf 83' lang='lat' dir='ltr'>non</span> <span class='ocrx_word' id='word_1_810' title='bbox 487 5784 799 5852; x_wconf 76' lang='lat' dir='ltr'>gementes.</span> 
     </span>
    </p>
   </div>
   <div class='ocr_carea' id='block_1_104' title="bbox 1983 4570 3612 4644">
    <p class='ocr_par' dir='ltr' id='par_1_104' title="bbox 1983 4570 3612 4644">
     <span class='ocr_line' id='line_1_104' title="bbox 1983 4570 3612 4644; baseline 0.002 -20"><span class='ocrx_word' id='word_1_811' title='bbox 1983 4570 2300 4642; x_wconf 66' lang='lat' dir='ltr'>praecipites</span> <span class='ocrx_word' id='word_1_812' title='bbox 2344 4571 2538 4638; x_wconf 83' lang='lat' dir='ltr'>simus,</span> <span class='ocrx_word' id='word_1_813' title='bbox 2580 4576 2679 4625; x_wconf 90' lang='lat' dir='ltr'>aut</span> <span class='ocrx_word' id='word_1_814' title='bbox 2724 4577 2966 4641; x_wconf 90' lang='lat' dir='ltr'>temere,</span> <span class='ocrx_word' id='word_1_815' title='bbox 3007 4571 3484 4644; x_wconf 87' lang='lat' dir='ltr'>indiligenterque</span> <span class='ocrx_word' id='word_1_816' title='bbox 3525 4573 3612 4627; x_wconf 87' lang='lat' dir='ltr'>in-</span> 
     </span>
    </p>
   </div>
   <div class='ocr_carea' id='block_1_105' title="bbox 1985 4663 3613 4735">
    <p class='ocr_par' dir='ltr' id='par_1_105' title="bbox 1985 4663 3613 4735">
     <span class='ocr_line' id='line_1_105' title="bbox 1985 4663 3613 4735; baseline 0.002 -18"><span class='ocrx_word' id='word_1_817' title='bbox 1985 4663 2229 4718; x_wconf 89' lang='lat' dir='ltr'>discussa</span> <span class='ocrx_word' id='word_1_818' title='bbox 2271 4680 2514 4735; x_wconf 50' lang='lat' dir='ltr'>quaaque</span> <span class='ocrx_word' id='word_1_819' title='bbox 2563 4665 2968 4734; x_wconf 88' lang='lat' dir='ltr'>quoquomodo</span> <span class='ocrx_word' id='word_1_820' title='bbox 3015 4665 3360 4735; x_wconf 90' lang='lat' dir='ltr'>judicemus,</span> <span class='ocrx_word' id='word_1_821' title='bbox 3389 4666 3613 4722; x_wconf 88' lang='lat' dir='ltr'>dicente</span> 
     </span>
    </p>
   </div>
   <div class='ocr_carea' id='block_1_106' title="bbox 1986 4756 3613 4829">
    <p class='ocr_par' dir='ltr' id='par_1_106' title="bbox 1986 4756 3613 4829">
     <span class='ocr_line' id='line_1_106' title="bbox 1986 4756 3613 4829; baseline 0.002 -20"><span class='ocrx_word' id='word_1_822' title='bbox 1986 4756 2248 4810; x_wconf 90' lang='lat' dir='ltr'>Veritatis</span> <span class='ocrx_word' id='word_1_823' title='bbox 2276 4772 2411 4811; x_wconf 92' lang='lat' dir='ltr'>voce</span> <span class='ocrx_word' id='word_1_824' title='bbox 2442 4773 2453 4810; x_wconf 92' lang='lat'><strong>:</strong></span> <span class='ocrx_word' id='word_1_825' title='bbox 2491 4778 2516 4804; x_wconf 86' lang='lat'><strong>«</strong></span> <span class='ocrx_word' id='word_1_826' title='bbox 2542 4756 2722 4811; x_wconf 89' lang='lat' dir='ltr'>Nolite</span> <span class='ocrx_word' id='word_1_827' title='bbox 2743 4757 3001 4827; x_wconf 89' lang='lat' dir='ltr'>judicare</span> <span class='ocrx_word' id='word_1_828' title='bbox 3028 4763 3093 4812; x_wconf 90' lang='lat' dir='ltr'>ut</span> <span class='ocrx_word' id='word_1_829' title='bbox 3118 4776 3234 4814; x_wconf 91' lang='lat' dir='ltr'>non</span> <span class='ocrx_word' id='word_1_830' title='bbox 3255 4759 3613 4829; x_wconf 90' lang='lat' dir='ltr'>judicemini,</span> 
     </span>
    </p>
   </div>
   <div class='ocr_carea' id='block_1_107' title="bbox 1985 4849 3612 4922">
    <p class='ocr_par' dir='ltr' id='par_1_107' title="bbox 1985 4849 3612 4922">
     <span class='ocr_line' id='line_1_107' title="bbox 1985 4849 3612 4922; baseline 0.002 -20"><span class='ocrx_word' id='word_1_831' title='bbox 1985 4849 2044 4902; x_wconf 92' lang='lat' dir='ltr'>in</span> <span class='ocrx_word' id='word_1_832' title='bbox 2057 4865 2169 4920; x_wconf 94' lang='lat' dir='ltr'>quo</span> <span class='ocrx_word' id='word_1_833' title='bbox 2186 4849 2341 4904; x_wconf 91' lang='lat' dir='ltr'>enim</span> <span class='ocrx_word' id='word_1_834' title='bbox 2351 4849 2571 4919; x_wconf 89' lang='lat' dir='ltr'>judicio</span> <span class='ocrx_word' id='word_1_835' title='bbox 2583 4849 3380 4922; x_wconf 83' lang='lat' dir='ltr'>judicaveritisjudicabimini</span> <span class='ocrx_word' id='word_1_836' title='bbox 3399 4853 3612 4922; x_wconf 87' lang='lat' dir='ltr'>(Matth.</span> 
     </span>
    </p>
   </div>
   <div class='ocr_carea' id='block_1_108' title="bbox 1987 4941 3614 5012">
    <p class='ocr_par' dir='ltr' id='par_1_108' title="bbox 1987 4941 3614 5012">
     <span class='ocr_line' id='line_1_108' title="bbox 1987 4941 3614 5012; baseline 0.004 -18"><span class='ocrx_word' id='word_1_837' title='bbox 1987 4959 2080 5008; x_wconf 82' lang='lat' dir='ltr'>vn,</span> <span class='ocrx_word' id='word_1_838' title='bbox 2131 4943 2201 5011; x_wconf 79' lang='lat' dir='ltr'>t),</span> <span class='ocrx_word' id='word_1_839' title='bbox 2255 4965 2281 4992; x_wconf 85' lang='grc'><strong>››</strong></span> <span class='ocrx_word' id='word_1_840' title='bbox 2328 4945 2384 4996; x_wconf 93' lang='lat' dir='ltr'>et</span> <span class='ocrx_word' id='word_1_841' title='bbox 2432 4941 2673 5012; x_wconf 88' lang='lat' dir='ltr'>reliqua.</span> <span class='ocrx_word' id='word_1_842' title='bbox 2735 4944 2876 4998; x_wconf 88' lang='lat' dir='ltr'>Nam</span> <span class='ocrx_word' id='word_1_843' title='bbox 2930 4945 3081 4999; x_wconf 88' lang='lat' dir='ltr'>mala</span> <span class='ocrx_word' id='word_1_844' title='bbox 3144 4946 3337 5000; x_wconf 89' lang='lat' dir='ltr'>audita</span> <span class='ocrx_word' id='word_1_845' title='bbox 3389 4947 3614 5001; x_wconf 88' lang='lat' dir='ltr'>nullum</span> 
     </span>
    </p>
   </div>
   <div class='ocr_carea' id='block_1_109' title="bbox 1987 5035 3618 5110">
    <p class='ocr_par' dir='ltr' id='par_1_109' title="bbox 1987 5035 3618 5110">
     <span class='ocr_line' id='line_1_109' title="bbox 1987 5035 3618 5110; baseline 0.002 -21"><span class='ocrx_word' id='word_1_846' title='bbox 1987 5040 2274 5104; x_wconf 88' lang='lat' dir='ltr'>moveant,</span> <span class='ocrx_word' id='word_1_847' title='bbox 2302 5051 2407 5090; x_wconf 94' lang='lat' dir='ltr'>nec</span> <span class='ocrx_word' id='word_1_848' title='bbox 2433 5035 2643 5108; x_wconf 90' lang='lat' dir='ltr'>passim</span> <span class='ocrx_word' id='word_1_849' title='bbox 2672 5035 2824 5091; x_wconf 90' lang='lat' dir='ltr'>dicta</span> <span class='ocrx_word' id='word_1_850' title='bbox 2849 5036 3059 5109; x_wconf 86' lang='lat' dir='ltr'>absque</span> <span class='ocrx_word' id='word_1_851' title='bbox 3093 5042 3248 5093; x_wconf 86' lang='lat' dir='ltr'>certa</span> <span class='ocrx_word' id='word_1_852' title='bbox 3277 5038 3618 5110; x_wconf 88' lang='lat' dir='ltr'>probatione</span> 
     </span>
    </p>
   </div>
   <div class='ocr_carea' id='block_1_110' title="bbox 1989 5129 3620 5202">
    <p class='ocr_par' dir='ltr' id='par_1_110' title="bbox 1989 5129 3620 5202">
     <span class='ocr_line' id='line_1_110' title="bbox 1989 5129 3620 5202; baseline 0.001 -20"><span class='ocrx_word' id='word_1_853' title='bbox 1989 5129 2291 5200; x_wconf 91' lang='lat' dir='ltr'>quisquam</span> <span class='ocrx_word' id='word_1_854' title='bbox 2312 5145 2563 5200; x_wconf 88' lang='lat' dir='ltr'>unquam</span> <span class='ocrx_word' id='word_1_855' title='bbox 2582 5129 2802 5195; x_wconf 87' lang='lat' dir='ltr'>credat;</span> <span class='ocrx_word' id='word_1_856' title='bbox 2828 5130 2925 5184; x_wconf 92' lang='lat' dir='ltr'>sed</span> <span class='ocrx_word' id='word_1_857' title='bbox 2947 5136 3078 5186; x_wconf 90' lang='lat' dir='ltr'>ante</span> <span class='ocrx_word' id='word_1_858' title='bbox 3097 5131 3293 5186; x_wconf 89' lang='lat' dir='ltr'>audita</span> <span class='ocrx_word' id='word_1_859' title='bbox 3313 5132 3620 5202; x_wconf 90' lang='lat' dir='ltr'>diligenter</span> 
     </span>
    </p>
   </div>
   <div class='ocr_carea' id='block_1_111' title="bbox 1988 5221 3614 5296">
    <p class='ocr_par' dir='ltr' id='par_1_111' title="bbox 1988 5221 3614 5296">
     <span class='ocr_line' id='line_1_111' title="bbox 1988 5221 3614 5296; baseline 0.001 -21"><span class='ocrx_word' id='word_1_860' title='bbox 1988 5221 2263 5292; x_wconf 89' lang='lat' dir='ltr'>inquirat,</span> <span class='ocrx_word' id='word_1_861' title='bbox 2300 5238 2371 5276; x_wconf 89' lang='lat' dir='ltr'><strong>ne</strong></span> <span class='ocrx_word' id='word_1_862' title='bbox 2416 5221 2824 5292; x_wconf 67' lang='lat' dir='ltr'>praecipitando</span> <span class='ocrx_word' id='word_1_863' title='bbox 2866 5223 3176 5296; x_wconf 89' lang='lat' dir='ltr'>quidquam</span> <span class='ocrx_word' id='word_1_864' title='bbox 3217 5223 3420 5295; x_wconf 91' lang='lat' dir='ltr'>aliquis</span> <span class='ocrx_word' id='word_1_865' title='bbox 3465 5227 3614 5292; x_wconf 85' lang='lat' dir='ltr'>agat.</span> 
     </span>
    </p>
   </div>
   <div class='ocr_carea' id='block_1_112' title="bbox 1989 5313 3614 5385">
    <p class='ocr_par' dir='ltr' id='par_1_112' title="bbox 1989 5313 3614 5385">
     <span class='ocr_line' id='line_1_112' title="bbox 1989 5313 3614 5385; baseline -0.001 -17"><span class='ocrx_word' id='word_1_866' title='bbox 1989 5313 2046 5368; x_wconf 92' lang='lat' dir='ltr'>Si</span> <span class='ocrx_word' id='word_1_867' title='bbox 2074 5313 2227 5368; x_wconf 91' lang='lat' dir='ltr'>enim</span> <span class='ocrx_word' id='word_1_868' title='bbox 2264 5314 2534 5369; x_wconf 89' lang='lat' dir='ltr'>Dominus</span> <span class='ocrx_word' id='word_1_869' title='bbox 2569 5314 2824 5370; x_wconf 92' lang='lat' dir='ltr'>omnium</span> <span class='ocrx_word' id='word_1_870' title='bbox 2854 5315 3234 5372; x_wconf 94' lang='lat' dir='ltr'>Sodomorum</span> <span class='ocrx_word' id='word_1_871' title='bbox 3274 5316 3440 5381; x_wconf 89' lang='lat' dir='ltr'>mala,</span> <span class='ocrx_word' id='word_1_872' title='bbox 3476 5330 3614 5385; x_wconf 88' lang='lat' dir='ltr'>quo-</span> 
     </span>
    </p>
   </div>
   <div class='ocr_carea' id='block_1_113' title="bbox 1988 5406 3620 5480">
    <p class='ocr_par' dir='ltr' id='par_1_113' title="bbox 1988 5406 3620 5480">
     <span class='ocr_line' id='line_1_113' title="bbox 1988 5406 3620 5480; baseline 0.002 -21"><span class='ocrx_word' id='word_1_873' title='bbox 1988 5423 2116 5460; x_wconf 92' lang='lat' dir='ltr'>rum</span> <span class='ocrx_word' id='word_1_874' title='bbox 2162 5407 2373 5461; x_wconf 89' lang='lat' dir='ltr'>clamor</span> <span class='ocrx_word' id='word_1_875' title='bbox 2417 5407 2486 5462; x_wconf 91' lang='lat' dir='ltr'>ad</span> <span class='ocrx_word' id='word_1_876' title='bbox 2535 5409 2741 5462; x_wconf 88' lang='lat' dir='ltr'>coelum</span> <span class='ocrx_word' id='word_1_877' title='bbox 2793 5426 2967 5480; x_wconf 91' lang='lat' dir='ltr'>usque</span> <span class='ocrx_word' id='word_1_878' title='bbox 3012 5411 3366 5480; x_wconf 87' lang='lat' dir='ltr'>pervenerat,</span> <span class='ocrx_word' id='word_1_879' title='bbox 3423 5406 3620 5462; x_wconf 87' lang='lat' dir='ltr'>omnia</span> 
     </span>
    </p>
   </div>
   <div class='ocr_carea' id='block_1_114' title="bbox 1988 5499 3619 5572">
    <p class='ocr_par' dir='ltr' id='par_1_114' title="bbox 1988 5499 3619 5572">
     <span class='ocr_line' id='line_1_114' title="bbox 1988 5499 3619 5572; baseline 0 -18"><span class='ocrx_word' id='word_1_880' title='bbox 1988 5499 2188 5566; x_wconf 91' lang='lat' dir='ltr'>sciens,</span> <span class='ocrx_word' id='word_1_881' title='bbox 2218 5499 2375 5570; x_wconf 89' lang='lat' dir='ltr'>prius</span> <span class='ocrx_word' id='word_1_882' title='bbox 2401 5500 2631 5556; x_wconf 88' lang='lat' dir='ltr'>credere</span> <span class='ocrx_word' id='word_1_883' title='bbox 2671 5518 2774 5555; x_wconf 92' lang='lat' dir='ltr'>nec</span> <span class='ocrx_word' id='word_1_884' title='bbox 2812 5502 3068 5572; x_wconf 85' lang='lat' dir='ltr'>judicare</span> <span class='ocrx_word' id='word_1_885' title='bbox 3097 5500 3267 5554; x_wconf 86' lang='lat' dir='ltr'>voluit</span> <span class='ocrx_word' id='word_1_886' title='bbox 3297 5515 3467 5570; x_wconf 91' lang='lat' dir='ltr'>quam</span> <span class='ocrx_word' id='word_1_887' title='bbox 3501 5499 3619 5570; x_wconf 91' lang='lat' dir='ltr'>ipse</span> 
     </span>
    </p>
   </div>
   <div class='ocr_carea' id='block_1_115' title="bbox 1988 5593 3620 5666">
    <p class='ocr_par' dir='ltr' id='par_1_115' title="bbox 1988 5593 3620 5666">
     <span class='ocr_line' id='line_1_115' title="bbox 1988 5593 3620 5666; baseline 0 -18"><span class='ocrx_word' id='word_1_888' title='bbox 1988 5609 2056 5648; x_wconf 88' lang='lat' dir='ltr'>ea</span> <span class='ocrx_word' id='word_1_889' title='bbox 2075 5610 2206 5648; x_wconf 91' lang='lat' dir='ltr'>cum</span> <span class='ocrx_word' id='word_1_890' title='bbox 2226 5593 2486 5648; x_wconf 76' lang='lat' dir='ltr'>fidelibus</span> <span class='ocrx_word' id='word_1_891' title='bbox 2509 5594 2746 5650; x_wconf 90' lang='lat' dir='ltr'>testibus</span> <span class='ocrx_word' id='word_1_892' title='bbox 2775 5594 3076 5666; x_wconf 91' lang='lat' dir='ltr'>diligenter</span> <span class='ocrx_word' id='word_1_893' title='bbox 3102 5593 3469 5663; x_wconf 90' lang='lat' dir='ltr'>investigans,</span> <span class='ocrx_word' id='word_1_894' title='bbox 3490 5610 3620 5664; x_wconf 85' lang='lat' dir='ltr'>quae</span> 
     </span>
    </p>
   </div>
   <div class='ocr_carea' id='block_1_116' title="bbox 1988 5685 3620 5758">
    <p class='ocr_par' dir='ltr' id='par_1_116' title="bbox 1988 5685 3620 5758">
     <span class='ocr_line' id='line_1_116' title="bbox 1988 5685 3620 5758; baseline 0 -19"><span class='ocrx_word' id='word_1_895' title='bbox 1988 5685 2251 5740; x_wconf 90' lang='lat' dir='ltr'>audierat</span> <span class='ocrx_word' id='word_1_896' title='bbox 2261 5689 2317 5742; x_wconf 88' lang='lat' dir='ltr'>et</span> <span class='ocrx_word' id='word_1_897' title='bbox 2334 5703 2506 5758; x_wconf 89' lang='lat' dir='ltr'>opere</span> <span class='ocrx_word' id='word_1_898' title='bbox 2521 5687 2799 5742; x_wconf 90' lang='lat' dir='ltr'>veraciter</span> <span class='ocrx_word' id='word_1_899' title='bbox 2810 5687 3180 5757; x_wconf 89' lang='lat' dir='ltr'>cognosceret</span> <span class='ocrx_word' id='word_1_900' title='bbox 3203 5703 3216 5739; x_wconf 92' lang='lat'><strong>:</strong></span> <span class='ocrx_word' id='word_1_901' title='bbox 3238 5685 3420 5741; x_wconf 89' lang='lat' dir='ltr'>multo</span> <span class='ocrx_word' id='word_1_902' title='bbox 3436 5687 3620 5758; x_wconf 84' lang='lat' dir='ltr'>magis</span> 
     </span>
    </p>
   </div>
   <div class='ocr_carea' id='block_1_117' title="bbox 1991 5777 3623 5849">
    <p class='ocr_par' dir='ltr' id='par_1_117' title="bbox 1991 5777 3623 5849">
     <span class='ocr_line' id='line_1_117' title="bbox 1991 5777 3623 5849; baseline 0.001 -17"><span class='ocrx_word' id='word_1_903' title='bbox 1991 5795 2111 5848; x_wconf 91' lang='lat' dir='ltr'>nos,</span> <span class='ocrx_word' id='word_1_904' title='bbox 2136 5779 2372 5835; x_wconf 90' lang='lat' dir='ltr'>humani</span> <span class='ocrx_word' id='word_1_905' title='bbox 2395 5785 2450 5834; x_wconf 90' lang='lat' dir='ltr'>et</span> <span class='ocrx_word' id='word_1_906' title='bbox 2471 5787 2792 5849; x_wconf 85' lang='lat' dir='ltr'>peccatores</span> <span class='ocrx_word' id='word_1_907' title='bbox 2810 5777 3087 5847; x_wconf 90' lang='lat' dir='ltr'>homines,</span> <span class='ocrx_word' id='word_1_908' title='bbox 3110 5778 3314 5849; x_wconf 89' lang='lat' dir='ltr'>quibus</span> <span class='ocrx_word' id='word_1_909' title='bbox 3335 5779 3623 5849; x_wconf 84' lang='lat' dir='ltr'>incognita</span> 
     </span>
    </p>
   </div>
  </div>
