4046 6188
471 301 540 358 87
1368 306 1651 362 APPEND.
1694 305 1782 360 AD
1823 307 1980 361 SAEC.
2025 307 2108 359 ΙΧ.
2149 333 2215 344 -
2244 304 2489 359 lSlDORl
2528 302 2953 358 MERCATORIS
3769 295 3836 350 88

469 409 608 466 sunt
636 409 853 467 occulta
870 412 1086 483 judicia
1113 411 1233 479 Dei,
1265 418 1321 467 et
1363 413 1485 467 haec
1522 429 1864 484 przecavere,
1899 417 1955 466 ct
1983 414 2106 466 nul-
2127 427 2186 500 Α
2207 411 2337 466 dine
2367 410 2601 481 plenum
2631 414 2733 474 est,
2764 410 2983 462 veloces
3010 406 3182 478 pedes
3213 420 3418 461 eorum
3446 403 3519 459 ad
3547 402 3836 460 effunden-

471 504 593 558 lum
623 510 756 560 ante
783 521 975 561 veram
1009 505 1343 577 justamque
1387 505 1783 576 probationem
1824 505 2104 577 judicare,

476 603 576 653 aut
601 599 874 654 damnare
910 599 1205 666 debemus,
1238 598 1536 654 manifeste
1575 600 1839 670 Apostolo
1885 598 2106 655 dicente

481 691 652 747 Paulo
684 692 782 762 qui
811 692 927 747 ait:
957 694 1084 746 «Tu
1111 692 1236 763 quis
1264 709 1325 746 es
1355 692 1452 763 qui
1472 691 1696 762 judicas
1725 707 1952 746 servum
1979 691 2110 746 alie-

475 785 658 840 num?
681 802 783 840 suo
815 785 968 842 enim
1001 785 1446 842 Domino'stabit
1472 788 1570 838 aut
1603 784 1765 839 cadet
1789 784 1954 848 (Rom.
1993 800 2106 853 xxv,

475 879 551 948 4);
580 900 609 927 »
639 879 789 934 unde
827 881 884 933 et
915 894 1018 949 per
1050 878 1390 949 prophetam
1423 877 1595 932 David
1624 877 1900 932 Dominus
1922 876 2106 948 loqui-

478 973 573 1025 tur
617 971 810 1027 dicens
851 989 865 1024 :
911 991 938 1020 «
980 970 1159 1025 Nolite
1201 971 1447 1025 exaltare
1491 971 1550 1024 in
1598 971 1880 1025 excelsum
1930 985 2110 1024 cornu

474 1066 728 1118 vestrum
759 1062 926 1132 (Psal.
972 1078 1150 1131 Lxx1v,
1177 1063 1228 1132 6)
1257 1082 1286 1112 ››
1327 1063 1621 1133 loquentes
1662 1062 1721 1117 in
1767 1061 1977 1117 cervice
2009 1078 2108 1114 ve-

476 1154 603 1221 teri,
632 1153 765 1226 quia
795 1170 982 1225 neque
1006 1154 1077 1209 ab
1105 1154 1337 1222 oriente,
1371 1169 1555 1225 neque
1586 1153 1894 1221 occidente,
1923 1168 2111 1225 neque

479 1262 509 1299 a
525 1246 828 1303 solitudine
849 1247 1158 1314 montium,
1175 1245 1275 1301 sed
1293 1246 1565 1300 Dominus
1572 1246 1746 1319 judex
1765 1246 1918 1300 hunc
1928 1245 2112 1300 humi-

477 1338 640 1393 liabit
681 1343 739 1394 et
775 1339 1062 1407 exaltabit,
1096 1339 1232 1412 quia
1269 1339 1412 1393 calix
1458 1338 1516 1392 iu
1563 1354 1743 1394 manu
1787 1338 2014 1394 Domini
2045 1355 2112 1391 ex

474 1431 608 1486 vino
634 1446 856 1486 meraco
885 1433 957 1486 ad
983 1433 1221 1502 plenum
1247 1431 1468 1500 mistus,
1497 1437 1554 1486 et
1577 1431 1908 1503 propinabit
1931 1447 2001 1486 ex
2022 1447 2109 1499 eo,

479 1528 877 1579 verumtamen
925 1525 1091 1579 faeces
1144 1525 1264 1594 ejus
1303 1524 1582 1595 potabunt
1619 1524 1875 1580 bibentes
1914 1539 2113 1579 omnes

479 1615 641 1687 impii
660 1621 849 1672 terrae.
865 1618 981 1686 Ego
1004 1620 1196 1672 autem
1218 1617 1572 1672 annuntiabo
1595 1616 1652 1672 in
1675 1617 2110 1688 sempiternum,

476 1709 718 1778 psallam
759 1711 874 1764 Deo
921 1710 1108 1765 Jacob.
1160 1713 1227 1766 Et
1268 1709 1402 1764 alibi
1450 1709 1602 1784 idem
1653 1710 1732 1764 ait
1775 1709 2055 1780 PrOpheta
2096 1726 2109 1763 :

2207 504 2348 559 dum
2371 503 2728 573 sanguinem,
2748 500 3014 556 contritio
3042 505 3100 556 et
3115 497 3411 554 infelicitas
3427 497 3487 552 in
3514 498 3616 554 viis
3636 513 3834 553 eorum

2209 601 2267 651 et
2291 595 2438 650 viam
2478 595 2633 666 pacis
2671 610 2786 649 non
2831 595 3233 665 cognoverunt,
3263 607 3378 646 non
3403 593 3488 646 est
3526 590 3699 647 timor
3724 591 3834 644 Do-

2207 688 2351 744 mini
2397 693 2530 743 ante
2578 687 2772 743 oculos
2812 703 3029 741 eorum.
3077 684 3296 742 Scimus
3345 688 3535 739 autem
3565 684 3833 756 quoniam

2208 797 2563 852 quaecunque
2589 781 2682 836 lex
2704 779 2956 851 loquitur
2981 777 3070 834 his
3099 778 3196 849 qui
3227 778 3286 834 in
3332 777 3462 848 lege
3499 781 3631 831 sunt
3663 777 3838 848 loqui-

2209 879 2320 941 tur,
2348 877 2414 928 ut
2441 889 2613 928 omne
2641 890 2704 927 os
2739 873 3065 928 obstruatur
3107 875 3163 925 et
3209 869 3468 925 subditus
3512 870 3613 925 ﬁat
3655 869 3837 925 omnis

2208 966 2459 1021 mundus
2487 967 2618 1033 Deo,
2643 964 2919 1036 quoniam
2947 982 3014 1018 ex
3045 963 3312 1036 operibus
3337 963 3482 1034 legis
3506 978 3620 1017 non
3637 961 3837 1033 justifi-

2210 1058 2427 1114 cabitur
2451 1057 2640 1114 omnis
2664 1074 2792 1113 caro
2821 1073 3012 1112 coram
3041 1055 3172 1122 illo;
3207 1071 3311 1127 per
3340 1055 3531 1126 legem
3560 1055 3711 1111 enim
3737 1071 3836 1110 co-

2209 1150 2391 1222 gnitio
2425 1151 2662 1222 peccati.
2694 1152 2852 1205 Nunc
2900 1153 3095 1204 autem
3139 1148 3260 1203 sine
3306 1149 3433 1219 lege
3479 1147 3700 1218 justitia
3739 1146 3838 1201 Dei

2211 1244 2571 1299 manifestata
2613 1248 2699 1300 est
2744 1246 2803 1298 et
2847 1241 3143 1300 testiﬁcata
3185 1258 3218 1296 a
3255 1240 3384 1311 lege
3429 1242 3486 1296 et
3531 1239 3835 1312 prophetis.

2208 1335 2432 1392 iustitia
2477 1339 2672 1392 autem
2717 1335 2817 1390 Dei
2865 1350 2968 1407 per
3015 1333 3187 1390 ﬁdem
3237 1334 3368 1389 Jesu
3419 1332 3626 1388 Christi
3674 1347 3841 1403 super

2213 1444 2413 1485 omnes
2441 1427 2539 1500 qui
2567 1429 2823 1484 credunt.
2854 1427 2978 1484 Non
3003 1427 3157 1481 enim
3189 1429 3275 1484 est
3299 1425 3605 1482 distinctio.
3635 1425 3840 1482 Omnes

2213 1523 2366 1577 enim
2409 1524 2785 1594 peccaverunt
2834 1525 2891 1575 et
2946 1524 3120 1592 egent
3172 1518 3354 1591 gloria
3389 1519 3513 1585 Dei,
3553 1517 3840 1588 justiﬁcati

2213 1614 2387 1686 gratis
2410 1631 2516 1686 per
2541 1613 2780 1686 gratiam
2809 1612 3005 1685 ipsius,
3029 1628 3135 1684 per
3158 1611 3612 1684 redemptionem
3637 1627 3765 1683 qua:
3784 1611 3840 1666 in

2212 1707 2436 1764 Christo
2475 1709 2627 1776 Jesu,
2659 1722 2832 1778 quem
2885 1704 3184 1778 proposuit
3224 1705 3375 1760 Deus
3415 1703 3841 1776 propitiatorem

482 1821 510 1848 «
546 1801 630 1855 Ab
659 1801 1050 1872 increpatione
1084 1808 1184 1857 tua
1220 1805 1367 1856 Deus
1395 1802 1564 1856 Jacob
1597 1802 1759 1871 (Psal.
1790 1817 1950 1870 Lxxv,
1977 1802 2053 1872 7),
2079 1823 2108 1852 »
2131 1784 2189 1856 B
2213 1817 2315 1872 per
2337 1801 2512 1855 ﬁdem
2532 1799 2593 1854 in
2612 1798 2891 1870 sanguine
2910 1798 3105 1870 ipsius,
3123 1797 3196 1852 ad
3217 1797 3842 1868 ostensionemjustitiae

476 1894 802 1964 consopitus
841 1898 928 1949 est
974 1899 1031 1950 et
1068 1912 1264 1949 currus
1305 1899 1361 1949 et
1393 1910 1595 1964 equus.
1623 1896 1704 1948 Tu
1734 1894 2003 1950 terribilis
2032 1910 2110 1961 es,

476 1989 534 2039 et
561 1986 686 2058 quis
713 1987 884 2041 stabit
907 1987 1208 2042 adversum
1235 1987 1330 2041 te?
1357 1988 1437 2041 Ex
1459 1992 1593 2041 tunc
1616 1987 1701 2042 ira
1727 1991 1842 2056 tua,
1873 1987 1943 2042 de
1973 1987 2114 2041 coelo

473 2083 667 2134 autem
693 2079 871 2134 facisti
890 2080 1193 2150 judicium,
1225 2084 1377 2134 terra
1404 2079 1638 2147 timens,
1668 2084 1725 2134 et
1751 2079 1960 2135 tacebit
1983 2096 2114 2134 cum

477 2172 804 2240 surrexerit,
845 2173 918 2226 ad
951 2173 1327 2242 judicandum
1375 2173 1545 2238 Deus,
1586 2177 1649 2227 ut
1680 2172 1860 2227 salvos
1905 2173 2116 2227 faceret

477 2279 678 2318 omnes
718 2263 886 2317 mites
916 2268 1105 2317 terras.
1154 2265 1222 2316 Et
1263 2264 1562 2333 Apostolus
1590 2263 1670 2316 ait
1709 2279 1723 2315 :
1759 2285 1787 2312 ‹‹
1817 2262 1950 2318 Mihi
1989 2263 2112 2317 vin-

477 2355 705 2422 dictam,
736 2370 840 2425 ego
883 2355 1195 2409 retribuam
1225 2355 1392 2425 (Rom.
1425 2371 1521 2421 xu,
1553 2356 1659 2424 19).
1691 2377 1719 2402 ››
1751 2356 1820 2410 Et
1854 2355 1988 2410 alibi
2022 2355 2113 2410 in-

476 2447 602 2518 quit
619 2447 771 2502 idem
791 2449 1080 2519 apostolus
1104 2465 1117 2502 :
1145 2470 1172 2496 «
1195 2449 1416 2503 Sufﬁcit
1442 2447 1750 2519 unicuique
1794 2447 2115 2519 objurgatio

475 2556 602 2610 quin
631 2540 695 2596 ﬁt
725 2557 758 2595 a
783 2541 1063 2613 plurimis,
1096 2541 1173 2596 ita
1208 2546 1270 2596 ut
1307 2541 1491 2612 magis
1516 2541 1740 2596 donetis
1774 2543 1830 2595 et
1855 2541 2112 2596 console-

475 2633 637 2702 mini,
667 2650 738 2689 ne
769 2635 913 2689 forte
958 2634 1363 2689 abundantiori
1400 2634 1631 2689 tristitia
1667 2633 2040 2688 absorbeatur
2068 2634 2114 2688 is

471 2727 570 2798 qui
616 2727 675 2780 in
721 2727 986 2798 angustia
1029 2730 1132 2782 est.
1163 2729 1405 2798 Propter
1446 2727 1601 2799 quod
1646 2726 1880 2781 obsecro
1916 2743 2012 2780 vos
2055 2731 2116 2781 ut

476 2820 828 2874 conﬁrmetis
873 2820 932 2874 in
977 2821 1073 2874 illo
1117 2820 1451 2875 charitatem
1497 2820 1571 2889 (ΙΙ
1614 2822 1734 2878 Cor.
1779 2837 1836 2886 ιι,
1878 2820 2009 2890 6.)»
2048 2821 2116 2874 Et

475 2912 753 2967 Dominus
778 2913 838 2966 in
858 2913 1160 2984 Evangelio
1186 2914 1300 2968 ait:
1328 2934 1356 2963 «
1375 2912 1588 2984 Diliges
1607 2912 1913 2968 Dominum
1936 2913 2115 2966 Deum

475 3011 641 3060 tuum
690 3021 760 3058 ex
800 3009 921 3061 toto
967 3007 1134 3060 corde
1171 3009 1290 3075 tuo,
1321 3008 1377 3060 et
1413 3022 1482 3060 ex
1518 3008 1637 3060 tota
1681 3006 1878 3059 anima
1912 3008 2027 3071 tua,
2060 3007 2118 3059 et

2212 1910 2350 1961 suae,
2364 1895 2604 1965 propter
2615 1891 3008 1947 remissionem
3022 1890 3468 1962 praecedentium
3485 1889 3816 1946 delictorum
3826 1931 3839 1957 ,

2211 1987 2272 2041 in
2300 1985 2768 2042 sustentationem
2795 1985 2916 2054 Dei,
2945 1984 3018 2038 ad
3043 1982 3424 2039 ostensionem
3459 1983 3693 2054 justitiae
3724 1983 3843 2053 ejus

2213 2079 2272 2133 in
2303 2079 2412 2134 hoc
2437 2082 2719 2150 tempore,
2749 2082 2812 2132 ut
2835 2077 2909 2132 sit
2933 2077 3053 2148 ipse
3073 2077 3260 2148 justus
3291 2079 3350 2130 et
3367 2075 3686 2147 justiﬁcans
3714 2092 3843 2130 eum

2215 2172 2312 2242 qui
2362 2187 2432 2225 ex
2473 2170 2584 2225 ﬁde
2630 2175 2714 2226 est
2752 2172 2884 2225 Iesu
2928 2169 3137 2225 Christi
3185 2169 3352 2238 (Rom.
3394 2185 3474 2238 IlI,
3525 2169 3597 2238 3).
3635 2190 3663 2216 »
3710 2171 3844 2223 Item

2213 2263 2368 2318 idem
2404 2279 2417 2317 :
2453 2285 2481 2312 ‹‹
2511 2262 2647 2326 Quis
2677 2262 2966 2317 accusabit
2990 2263 3258 2317 adversus
3295 2263 3500 2317 electos
3537 2261 3679 2316 Dei?
3703 2262 3846 2316 Deus

2213 2356 2311 2427 qui
2331 2355 2622 2426 justiﬁcat.
2653 2355 2790 2420 Quis
2821 2358 2906 2410 est
2931 2355 3030 2426 qui
3055 2354 3445 2410 condemnet?
3473 2354 3726 2410 Christus
3750 2356 3842 2409 Je-

2215 2465 2306 2504 sus
2359 2448 2456 2518 qui
2505 2452 2764 2502 mortuus
2817 2451 2921 2514 est,
2975 2448 3091 2504 imo
3139 2450 3196 2504 et
3245 2447 3568 2515 resurrexit,
3616 2447 3712 2518 qui
3765 2451 3847 2501 est

2215 2541 2285 2595 ad
2316 2541 2604 2595 dexteram
2633 2540 2748 2608 Dei,
2779 2540 2876 2612 qui
2921 2540 3091 2595 etiam
3139 2540 3464 2610 interpellat
3507 2556 3612 2610 pro
3658 2539 3843 2594 nobis.

2217 2633 2353 2696 Quis
2379 2649 2518 2704 ergo
2551 2649 2657 2686 nos
2682 2632 2965 2704 separabit
3000 2649 3034 2686 a
3063 2632 3342 2687 charitate
3369 2631 3573 2688 Christi
3591 2632 3619 2685 ?
3646 2631 3844 2686 Tribu-

2215 2725 2368 2792 latio,
2395 2741 2466 2779 an
2497 2725 2778 2796 angustia,
2809 2742 2883 2779 an
2923 2725 3264 2796 persecutio,
3293 2741 3368 2779 an
3399 2725 3598 2792 fames,
3635 2741 3710 2779 an
3736 2741 3846 2779 nu-

2216 2818 2385 2885 ditas,
2409 2835 2481 2872 an
2508 2818 2848 2889 periculum,
2874 2834 2948 2872 an
2976 2817 3236 2889 gladius?
3259 2818 3403 2872 sicut
3428 2817 3702 2889 scriptum
3729 2822 3844 2872 est:

2211 2911 2352 2974 Quia
2401 2914 2635 2982 propter
2683 2915 2738 2966 te
2786 2909 3201 2966 mortiﬁcamur
3250 2914 3370 2965 tota
3418 2910 3529 2976 die,
3583 2909 3847 2965 aestimati

2215 3019 2409 3058 sumus
2433 3004 2578 3058 sicut
2605 3020 2736 3058 oves
2769 3002 3082 3070 occisionis,
3117 3003 3216 3058 sed
3251 3003 3311 3058 in
3341 3003 3430 3057 his
3461 3003 3724 3058 omnibus
3750 3020 3846 3058 su-

477 3113 547 3150 ex
585 3097 852 3152 omnibus
875 3097 1089 3152 viribus
1121 3098 1251 3167 tuis,
1281 3101 1340 3151 et
1385 3097 1711 3168 proximum
1761 3103 1925 3152 tuum
1969 3097 2116 3152 sicut
2135 3140 2185 3168 η
2213 3113 2481 3168 peramus
2517 3101 2750 3168 propter
2784 3113 2918 3151 eum
2961 3096 3060 3167 qui
3102 3096 3299 3151 dilexit
3340 3111 3465 3151 nos.
3497 3096 3694 3152 Certus
3724 3114 3848 3152 sum

479 3140 547 3150 ‘“‘
587 3140 852 3152 ‘”“““"“"’
887 3140 1089 3152 "‘“‘"""’
1125 3140 1251 3167 “'““"!
1283 3140 1340 3151 ""
1386 3140 1711 3168 ι’-νέιιωιυυ
1766 3140 1925 3152 “¹“⁴“⁸⁸“
1969 3140 2116 3152 ν⁸ν““’
2217 3140 2481 3168 t’"“"'“"‘“"
2519 3140 2739 3168 1""l""‘
2785 3140 2918 3151 ‘"‘“”
2962 3140 3060 3167 ‘1“
3103 3140 3299 3151 “““⁸⁸ν⁴⁸⁶“’
3340 3140 3465 3151 ⁸⁵⁷⁷⁸
3501 3140 3694 3152 “ν⁵““⁵“¹
3724 3140 3847 3152 ⁸⁸⁵⁸³⁵

477 3188 724 3259 teipsum
747 3190 870 3256 (Luc
913 3206 966 3255 x,
988 3189 1098 3259 27).
1125 3209 1151 3240 »
1185 3189 1413 3244 Dilectio
1441 3190 1596 3244 enim
1624 3189 1870 3260 proximi
1897 3190 2113 3244 malum
2133 3140 2189 3214 Ο
2213 3189 2365 3244 enim
2402 3189 2537 3261 quia
2581 3206 2769 3260 neque
2808 3205 2984 3256 mors,
3011 3205 3198 3261 neque
3244 3190 3378 3256 vita,
3404 3205 3592 3260 neque
3635 3191 3847 3260 angeli,

475 3297 593 3336 non
625 3287 914 3352 operatur.
946 3284 1181 3353 Propter
1214 3282 1365 3352 quod
1401 3283 1563 3353 juxta
1587 3283 1921 3353 Apostolum
1952 3282 2110 3337 inex-

476 3374 738 3429 cusabilis
763 3391 840 3442 es,
864 3392 897 3430 ο
924 3375 1098 3430 homo
1122 3374 1307 3429 omnis
1328 3375 1425 3446 qui
1449 3374 1705 3446 judicas;
1733 3375 1792 3429 in
1819 3391 1931 3446 quo
1959 3376 2112 3429 enim

468 3467 690 3537 judicas
714 3468 960 3522 alterum
995 3468 1244 3538 teipsum
1285 3468 1661 3534 condemnas,
1698 3468 1902 3522 eadem
1933 3483 2112 3538 agens

475 3576 606 3630 quae
621 3560 862 3630 judicas.
886 3560 1108 3616 Scimus
1135 3560 1291 3615 enim
1312 3560 1582 3631 quoniam
1603 3560 1884 3631 judicium
1909 3559 2008 3614 Dei
2029 3563 2115 3614 est

477 3653 791 3707 secundum
819 3653 1121 3709 veritatem
1157 3654 1217 3707 in
1247 3670 1346 3708 eos
1378 3654 1476 3724 qui
1510 3653 1645 3708 talia
1675 3658 1872 3724 agunt.
1909 3653 2110 3709 Existi-

473 3761 597 3800 mas
619 3748 812 3800 autem
837 3747 966 3816 hoc,
993 3763 1025 3801 ο
1053 3748 1226 3801 homo
1255 3746 1440 3801 omnis
1483 3746 1582 3818 qui
1621 3745 1841 3816 judicas
1881 3762 1974 3801 eos
2013 3747 2109 3818 qui

474 3837 610 3893 talia
636 3845 815 3909 agunt
830 3842 887 3894 et
906 3839 1043 3894 facis
1067 3856 1154 3906 ea,
1178 3839 1314 3910 quia
1332 3842 1395 3893 tu
1413 3839 1651 3910 effugies
1672 3839 1954 3909 judicium
1975 3839 2112 3893 Dei?

473 3934 559 3986 An
588 3931 808 3987 divitias
847 3933 1112 3988 bonitatis
1141 3933 1280 4003 ejus,
1316 3936 1374 3987 et
1412 3932 1723 4003 patientiae,
1755 3935 1813 3987 et
1853 3931 2110 4002 longani-

475 4023 688 4078 mitatis
713 4025 1071 4080 contemnis?
1095 4027 1326 4095 Ignoras
1352 4025 1623 4094 quoniam
1658 4023 1986 4093 benignitas
2012 4022 2114 4076 Dei

475 4116 550 4171 ad
575 4116 975 4186 paenitentiam
1001 4122 1057 4170 te
1089 4116 1346 4170 adduxit.
1382 4115 1706 4170 Secundum
1743 4121 1934 4170 autem
1954 4115 2110 4170 duri-

474 4208 617 4260 tiam
645 4210 826 4275 tuam,
856 4212 914 4262 et
936 4207 1302 4278 impoenitens
1331 4223 1430 4261 cor
1467 4206 1811 4262 thesaurizas
1836 4207 1940 4262 tibi
1965 4208 2113 4262 iram

475 4300 537 4354 in
563 4299 654 4354 die
685 4299 785 4354 irae
814 4304 869 4355 et
889 4299 1245 4354 revelationis
1267 4299 1412 4370 justi
1430 4299 1634 4370 judicii
1661 4300 1761 4355 Dei
1789 4301 1886 4371 qui
1913 4300 2115 4356 reddet

479 4392 780 4464 unicuique
824 4393 1136 4447 secundum
1184 4409 1362 4463 opera
1403 4393 1545 4464 ejus.
1597 4393 1689 4447 His
1735 4393 1971 4464 quidem
2016 4393 2115 4464 qui

2213 3298 2400 3353 neque
2426 3281 2794 3353 principatus,
2824 3298 3013 3354 neque
3043 3282 3302 3350 virtutes,
3335 3298 3520 3354 neque
3561 3283 3847 3349 instantia,

2210 3391 2398 3445 neque
2417 3375 2627 3442 futura,
2641 3390 2829 3445 neque
2853 3375 3152 3444 fortitudo,
3175 3391 3361 3446 neque
3382 3375 3639 3442 altitudo,
3660 3391 3851 3447 neque

2211 3467 2584 3539 profundum,
2618 3483 2808 3540 neque
2851 3471 3113 3523 creatura
3155 3469 3289 3536 alia,
3322 3468 3529 3539 poterit
3553 3484 3655 3523 nos
3679 3486 3849 3540 sepa-

2214 3576 2339 3615 rare
2369 3577 2403 3615 a
2423 3561 2693 3616 charitate
2723 3559 2826 3615 Dei
2854 3578 2982 3632 qua:
3012 3565 3098 3616 est
3123 3560 3182 3615 in
3205 3561 3426 3616 Christo
3449 3563 3577 3616 Jesu
3610 3562 3852 3617 Domino

2211 3657 2406 3709 nostro
2435 3654 2603 3723 (Rom.
2636 3671 2753 3724 VIII,
2787 3654 2897 3724 33).
2932 3675 2960 3704 »
2995 3654 3275 3709 Debemus
3300 3657 3495 3710 autem
3524 3671 3648 3720 nos,
3679 3659 3742 3708 ut
3770 3655 3853 3708 ait

2213 3747 2369 3802 idem
2396 3748 2699 3818 apostolus,
2727 3746 3027 3813 ﬁrmiores,
3053 3746 3469 3802 imbecillitates
3487 3747 3853 3802 inﬁrmorum

2213 3839 2510 3904 sustinere,
2542 3843 2600 3893 et
2649 3855 2764 3892 non
2810 3838 2974 3893 nobis
3021 3840 3264 3909 placere,
3307 3839 3699 3911 unusquisque
3748 3856 3852 3893 ve-

2214 3937 2394 3985 strum
2424 3931 2682 4000 proximo
2711 3947 2811 3985 suo
2839 3931 3063 4002 placeat
3094 3932 3154 3986 in
3182 3932 3398 3987 bonum
3425 3932 3496 3986 ad
3525 3932 3852 3987 aediﬁcatio-

2213 4038 2365 4076 nem.
2413 4022 2637 4078 Etenim
2677 4023 2929 4078 Christus
2973 4040 3088 4079 non
3134 4024 3239 4079 sibi
3282 4025 3510 4096 placuit,
3551 4025 3672 4094 sed,
3707 4024 3860 4080 sicut

2213 4115 2488 4186 scriptum
2533 4119 2664 4171 est:
2712 4138 2741 4165 «
2790 4117 3138 4189 lmproperia
3184 4117 3705 4190 improperantium
3749 4118 3858 4173 tibi

2213 4207 2541 4263 ceciderunt
2589 4225 2761 4280 super
2812 4225 2906 4265 me
2949 4210 3118 4279 (Rom.
3157 4227 3244 4277 xv,
3276 4212 3346 4282 1).
3379 4231 3406 4260 ››
3446 4232 3472 4259 ‹‹
3517 4210 3861 4265 Benedictus

2213 4302 2363 4356 Deus
2416 4306 2473 4356 et
2521 4303 2689 4357 Pater
2732 4302 2960 4358 Domini
3007 4303 3188 4358 nostri
3236 4305 3364 4358 Jesu
3413 4303 3644 4370 Christi,
3685 4304 3862 4358 Pater

2212 4393 2731 4450 misericordiarum
2776 4401 2833 4450 et
2881 4398 3026 4450 Deus
3080 4395 3254 4450 totius
3307 4395 3719 4460 consolationis,
3750 4396 3864 4466 qui

474 4487 788 4541 secundum
824 4485 1163 4558 patientiam
1203 4485 1339 4540 boni
1371 4486 1560 4557 operis
1587 4487 1825 4557 gloriam
1855 4491 1912 4541 et
1940 4487 2113 4540 hono-
2131 4500 2189 4572 ι)
2212 4487 2534 4542 consolatur
2564 4504 2665 4542 nos
2692 4488 2751 4542 in
2793 4488 2950 4542 omni
2987 4488 3352 4544 tribulatione
3381 4493 3593 4556 nostra,
3628 4493 3691 4542 ut.
3715 4505 3857 4559 pos-

476 4597 600 4635 rem
618 4586 674 4636 et
689 4579 1205 4650 incorruptionem,
1223 4579 1607 4650 quaerentibus
1623 4579 1795 4634 vitam
1812 4582 2108 4634 aeternam.

475 4673 570 4727 His
585 4679 780 4728 autem
800 4674 899 4745 qui
921 4690 987 4727 ex
1013 4672 1397 4738 contentione,
1414 4677 1472 4727 et
1491 4672 1589 4743 qui
1609 4688 1726 4727 non
1747 4673 2114 4743 acquiescunt

474 4766 716 4833 veritati,
749 4767 990 4821 credunt
1017 4770 1212 4821 autem
1237 4765 1546 4837 iniquitati,
1579 4765 1664 4820 ira
1688 4769 1745 4820 et
1768 4765 2109 4835 indignatio,

473 4858 762 4913 tribulatio
794 4865 850 4913 et
895 4859 1160 4929 angustia
1186 4859 1244 4913 in
1278 4874 1510 4913 omnem
1562 4857 1812 4912 animam
1858 4857 2110 4912 hominis

474 4951 760 5021 operantis
807 4952 1041 5018 malum,
1072 4951 1256 5006 Judaei
1297 4951 1548 5022 primum
1599 4955 1656 5004 et
1701 4950 1899 5005 Graeci.
1929 4950 2114 5005 Gloria

473 5048 666 5099 autem
707 5050 765 5100 et
802 5045 987 5100 honor
1016 5050 1074 5099 et
1116 5061 1221 5115 pax
1266 5045 1424 5098 omni
1471 5043 1732 5114 operanti
1780 5043 2020 5112 bonum,
2057 5048 2114 5098 et

474 5137 611 5192 alibi
637 5137 789 5192 idem
819 5137 1112 5208 apostolus
1142 5154 1153 5191 :
1191 5158 1217 5183 ‹‹
1246 5136 1473 5191 Causati
1501 5135 1654 5190 enim
1687 5152 1884 5190 sumus
1915 5152 2113 5190 omnes

474 5231 578 5285 sub
621 5234 852 5301 peccato
886 5209 1029 5296 esse,
1065 5230 1209 5285 sicut
1252 5228 1527 5300 scriptum
1573 5232 1675 5297 est,
1704 5229 1835 5299 quia
1876 5245 1990 5283 non
2029 5231 2114 5283 est

464 5325 653 5395 justus
675 5323 998 5395 quisquam,
1026 5340 1144 5378 non
1172 5326 1256 5377 est
1281 5321 1632 5392 intelligens,
1665 5337 1781 5375 non
1809 5325 1894 5376 est
1917 5321 2109 5392 requi-

473 5434 602 5472 rens
653 5419 856 5486 Deum,
906 5432 1106 5471 omnes
1161 5415 1606 5481 declinaverunt,
1651 5413 1824 5468 simul
1883 5413 2112 5468 inutiles

473 5510 606 5565 facti
631 5514 784 5577 sunt,
816 5526 931 5565 nou
964 5513 1051 5563 est
1076 5509 1175 5580 qui
1203 5507 1378 5563 faciat
1417 5506 1634 5561 bonum
1663 5522 1782 5560 non
1823 5510 1909 5560 est
1935 5521 2111 5577 usque

475 5602 548 5656 ad
576 5619 778 5658 unum.
812 5603 1150 5674 Sepulcrum
1185 5605 1387 5672 patens
1412 5604 1499 5654 est
1526 5602 1724 5670 guttur
1749 5615 1972 5665 eorum,
2001 5598 2110 5653 lin-

475 5695 604 5762 guis
655 5696 770 5751 suis
819 5696 1015 5751 dolose
1062 5695 1330 5767 agebant,
1359 5708 1648 5748 venenum
1697 5691 1960 5763 aspidum
2007 5691 2111 5746 sub

477 5787 638 5846 labiis
670 5804 887 5845 eorum.
919 5790 1175 5854 Quorum
1202 5805 1264 5844 os
1291 5785 1691 5844 maledictione
1739 5788 1796 5842 et
1839 5785 2108 5841 amaritu-

2213 4580 2389 4634 simus
2426 4582 2483 4635 et
2518 4579 2622 4650 ipsi
2665 4581 2948 4635 consolari
2992 4597 3090 4636 eos
3140 4581 3237 4652 qui
3277 4581 3340 4636 in
3386 4581 3542 4636 omni
3584 4596 3863 4652 pressura

2212 4677 2362 4740 sunt,
2386 4688 2488 4744 per
2514 4673 2968 4729 exhortationem
2995 4690 3105 4744 qua
3134 4673 3506 4729 exhortamur
3531 4673 3638 4745 ipsi
3655 4691 3690 4728 a
3711 4675 3861 4741 Deo,

2213 4765 2483 4836 quoniam
2514 4765 2657 4821 sicut
2682 4767 2974 4822 abundant
2999 4766 3284 4838 passiones
3310 4766 3516 4824 Christi
3564 4767 3623 4821 in
3660 4767 3864 4830 nobis,

2211 4858 2289 4912 ita
2317 4863 2374 4913 et
2399 4874 2504 4929 per
2525 4858 2810 4914 Christum
2837 4859 3088 4914 abundat
3133 4859 3441 4914 consolatio
3488 4864 3698 4926 nostra,
3734 4860 3866 4915 sive

2213 4953 2408 5005 autem
2435 4951 2777 5006 tribulamur
2798 4968 2902 5022 pro
2927 4954 3113 5006 vestra
3139 4951 3533 5007 exhortatione
3562 4957 3618 5007 et
3646 4952 3866 5017 salute,

2213 5044 2328 5097 sive
2357 5044 2726 5098 exhortamur
2767 5060 2872 5114 pro
2910 5047 3096 5098 vestra
3137 5045 3520 5100 exhortatione
3552 5061 3678 5114 quae
3709 5061 3866 5115 ope-

2212 5141 2372 5190 ratur
2389 5135 2514 5208 20
2535 5136 2594 5190 in
2606 5136 2760 5190 vobis
2779 5136 3136 5200 tolerantiam
3154 5137 3488 5193 earumdem
3514 5137 3867 5209 passionum

2212 5245 2348 5299 quas
2379 5233 2436 5282 et
2464 5245 2567 5282 nos
2596 5229 2847 5299 patimur
2880 5246 2893 5284 :
2925 5233 2981 5283 et
3006 5246 3133 5301 spes
3173 5233 3368 5284 nostra
3408 5230 3578 5284 ﬁrma
3615 5233 3704 5283 est
3750 5246 3874 5300 pro

2211 5321 2389 5388 vobis,
2419 5321 2660 5376 scientes
2688 5322 2958 5393 quoniam
2986 5323 3130 5378 sicut
3157 5323 3292 5378 socii
3323 5323 3645 5394 passionum
3693 5323 3873 5392 estis,
3981 5312 3987 5321 ’

2213 5414 2291 5469 sic
2342 5413 2498 5468 eritis
2547 5419 2605 5468 et
2648 5415 3053 5470 consolationis
3079 5416 3154 5486 (II
3180 5418 3299 5474 Cor.
3329 5432 3367 5482 ι,
3397 5418 3469 5485 3).
3504 5437 3532 5464 ››
3565 5437 3592 5464 ‹‹
3641 5414 3878 5469 Fidelis

2211 5512 2402 5561 autem
2434 5507 2582 5562 Deus
2620 5507 2718 5578 qui
2761 5524 2879 5562 non
2920 5509 3171 5578 patietur
3209 5525 3305 5562 vos
3350 5507 3558 5563 tentari
3587 5499 3774 5578 super
3808 5509 3878 5563 id

2211 5600 2362 5670 quod
2388 5599 2643 5671 potestis,
2671 5601 2766 5655 sed
2793 5600 2965 5655 faciet
2991 5617 3125 5656 cum
3153 5600 3472 5656 tentatione
3505 5600 3680 5655 etiam
3712 5617 3877 5672 pro-

2212 5697 2444 5748 ventum
2474 5697 2540 5748 ut
2568 5693 2793 5766 possitis
2818 5693 3099 5750 sustinere
3127 5695 3174 5765 (1
3195 5694 3313 5750 Cor.
3337 5710 3390 5761 x,
3418 5693 3524 5765 l3).
3555 5714 3582 5743 ››
3611 5695 3883 5764 Propter

2211 5785 2388 5857 quod,
2420 5787 2756 5856 charissimi,
2787 5787 3082 5842 sectamini
3117 5786 3455 5843 charitatem
3494 5785 3776 5854 invicem,
3810 5792 3886 5840 et
