4046 6188
247 249 312 299 89
1451 239 1922 298 DECRETALIUM
1959 242 2348 299 COLLECTIO.
3527 251 3592 301 90

246 358 584 415 aemulamini
627 357 862 413 meliora
902 361 959 413 et
996 357 1327 429 spiritualia,
1373 361 1430 412 et
1467 358 1726 428 adjuvate
1766 377 1863 415 vos
1885 363 2166 445 AAmen.
2225 362 2367 415 Data
2425 361 2657 415 Kalend.
2713 361 3072 432 Novembris,
3121 362 3298 418 Gallio
3348 367 3406 417 et
3456 363 3593 418 Bra-

242 459 509 522 invicem,
557 458 622 510 ut
659 456 771 510 Deo
819 471 1042 526 semper
1087 455 1147 509 in
1197 453 1465 510 omnibus
1513 457 1734 526 placere
1771 473 1866 511 va-
1970 454 2081 508 dua
2121 454 2223 510 CC.

237 546 414 601 leatis.
454 545 600 599 Deus
641 549 836 600 autem
885 543 1040 615 pacis
1077 544 1150 598 sit
1195 561 1326 598 cum
1377 545 1645 600 omnibus
1688 546 1866 601 vobis.

549 852 1126 946 INCIPIUNT
1193 854 1715 948 DECRETA
1784 853 2451 948 ALEXANDBI
2522 853 2839 948 PRIMI
2911 854 3275 946 PAPIE.

233 1039 321 1102 De
343 1039 813 1122 sacerdotibus,
844 1056 976 1122 non
1001 1038 1341 1122 uenandis.
1374 1057 1489 1101 nec
1516 1041 1772 1122 scriptis
1800 1040 1883 1102 ab
1911 1043 2002 1104 eis
2015 1059 2137 1122 per
2158 1047 2404 1103 metum
2425 1047 2542 1122 aut
2565 1039 2863 1122 aliquam
2877 1039 3189 1120 fraudem
3209 1041 3588 1122 erigendis:

307 1127 369 1180 et
396 1118 481 1180 de
497 1119 805 1201 passione
829 1119 1102 1181 Domini
1129 1119 1195 1180 in
1228 1118 1702 1182 consecratioize
1731 1118 2031 1200 corporis
2052 1122 2192 1201 ejus
2222 1119 2590 1198 miscenda;
2616 1118 2686 1182 et
2696 1119 2774 1182 de
2798 1118 2975 1200 aqua
3004 1139 3154 1182 cum
3179 1118 3592 1202 salepopulzls

306 1215 791 1294 benedicenda;
818 1223 880 1277 et
906 1215 985 1278 de
1004 1215 1054 1294 ﬁ
1057 1214 1134 1278 de
1161 1223 1398 1279 sanctae
1435 1215 1792 1280 Trinitatis.

1162 1357 1328 1416 (Anno
1356 1355 1584 1417 Domini,
1615 1358 1726 1418 119,
1755 1356 1852 1406 sub
1881 1356 2025 1406 Bello
2055 1355 2280 1407 Adriano
2309 1355 2662 1420 imperatore.)

287 1651 622 1700 ALEXANDER
659 1645 952 1716 episcopus
989 1645 1256 1701 omnibus
1284 1646 1612 1702 orthodoxis
1640 1664 1743 1718 per
1773 1648 1856 1702 di-
1879 1659 1935 1732 Β
1959 1645 2277 1716 apostolicae
2305 1644 2456 1698 sedis
2489 1644 2730 1716 apicem,
2766 1644 2857 1698 cui
2883 1659 3238 1698 summarum
3265 1644 3590 1716 dispositio-

224 1754 408 1792 versas
430 1738 751 1809 provincias
774 1738 996 1794 Christo
1018 1739 1260 1794 Domino
1286 1741 1715 1795 famulantibus.

289 1831 688 1901 Cogitantibus
729 1830 889 1886 nobis
931 1837 1151 1888 metum
1188 1832 1360 1887 divini
1385 1832 1617 1904 judicii,
1655 1835 1862 1889 fratres

224 1924 564 1992 cbarissimi,
595 1928 653 1979 et
676 1928 804 1996 post
826 1924 1001 1978 vitam
1029 1925 1174 1980 hanc
1199 1941 1662 1997 unumquemque
1691 1933 1862 1998 prout

223 2017 463 2087 gesserit
498 2021 884 2088 recepturum,
913 2018 1053 2088 quid
1086 2019 1280 2073 veniat
1315 2019 1376 2073 in
1419 2020 1732 2090 querelam,
1773 2024 1859 2074 ta-

223 2126 357 2165 cere
397 2126 512 2165 non
537 2109 714 2175 licuit,
737 2111 834 2166 sed
864 2110 1026 2165 nobis
1055 2111 1216 2166 vobis
1241 2111 1393 2183 loqui
1425 2112 1729 2166 necessitas
1753 2113 1860 2168 im-

218 2203 466 2272 peravit,
495 2202 718 2259 dicente
748 2204 1024 2274 propheta
1057 2222 1070 2257 :
1116 2226 1144 2253 ‹‹
1177 2205 1376 2260 Exalta
1404 2210 1464 2258 ut
1499 2205 1633 2259 tuba
1662 2221 1858 2262 vocem

218 2302 377 2350 tuam
412 2297 547 2362 (Isa.
579 2311 731 2361 LVIII,
774 2299 845 2365 1),
886 2315 913 2348 ››
956 2301 1013 2350 et
1049 2296 1140 2351 cui
1179 2297 1439 2353 omnium
1480 2297 1858 2354 Ecclesiarum

216 2389 532 2444 commissa
557 2395 642 2444 est
674 2405 826 2455 cura,
857 2389 902 2443 si
927 2389 1302 2458 dissimulem,
1332 2390 1585 2456 audiam,
1615 2391 1856 2446 Domino

214 2481 462 2550 dicente,
486 2481 762 2552 rejecistis
793 2483 1125 2537 mandatum
1153 2483 1269 2549 Dei,
1297 2489 1362 2538 ut
1392 2484 1648 2538 statuatis
1685 2484 1854 2537 tradi-

215 2575 401 2628 tiones
428 2579 668 2628 vestras.
697 2574 840 2638 Quid
874 2575 1029 2630 enim
1057 2575 1209 2629 aliud
1237 2580 1323 2630 est
1347 2576 1583 2646 rejicere
1613 2576 1854 2630 manda-

212 2673 332 2720 tum
361 2667 492 2733 Dei,
525 2683 699 2738 quam
731 2667 948 2738 privato
969 2668 1223 2735 consilio,
1244 2669 1460 2739 judicio
1485 2669 1739 2722 humano
1762 2685 1858 2723 no-

212 2760 288 2812 ris
322 2759 509 2814 rebus
545 2759 954 2816 constituendis
985 2761 1217 2815 liberius
1253 2761 1570 2816 delectari?
1604 2762 1761 2816 Unde
1800 2765 1857 2817 et

212 2853 344 2907 alibi
377 2853 668 2923 scriptum
699 2857 815 2907 est:
839 2876 867 2903 «
895 2854 974 2907 Ne
1001 2854 1438 2925 transgrediaris
1459 2854 1736 2909 terminos
1759 2873 1857 2908 an-

213 2947 408 3017 tiquos
436 2962 584 3017 quos
613 2949 930 3016 posuerunt
953 2951 1146 3017 patres
1173 2947 1260 3002 tui
1293 2950 1469 3017 (Prov.
1506 2963 1640 3016 xxu,
1672 2949 1782 3019 28).
1823 2970 1850 2997 »

1964 1755 2065 1792 nes
2105 1754 2408 1792 causarum
2448 1741 2505 1792 et
2543 1737 2803 1791 omnium
2846 1737 3078 1808 negotia
3108 1738 3479 1792 Ecclesiarum
3521 1739 3592 1792 ab

1960 1831 2082 1902 ipso
2130 1831 2374 1886 Domino
2410 1830 2619 1885 tradita
2660 1836 2822 1895 sunt,
2869 1830 3025 1901 quasi
3075 1830 3148 1884 ad
3190 1835 3387 1900 caput,
3437 1830 3588 1901 ipso-

1959 1925 2182 1978 dicente
2211 1923 2452 1994 principi
2473 1923 2858 1993 apostolorum
2887 1924 3053 1977 Petro
3079 1938 3091 1976 :
3121 1945 3147 1970 ‹‹
3174 1923 3254 1976 Tu
3281 1939 3340 1976 es
3369 1924 3588 1990 Petrus,

1960 2022 2018 2070 et
2059 2032 2230 2087 super
2269 2017 2418 2070 hanc
2455 2018 2677 2086 petram
2721 2015 3028 2070 Ecclesiam
3074 2031 3264 2069 meam
3301 2015 3594 2070 aedificabo

1961 2109 2174 2178 (Matth.
2205 2125 2314 2174 xvi,
2347 2108 2452 2178 18).
2480 2127 2507 2158 »
2535 2107 2695 2172 Quod
2722 2107 2955 2178 quidam
2980 2107 3169 2163 aemuli
3196 2107 3421 2176 Christi,
3447 2108 3593 2178 ejus-

1958 2218 2066 2272 quc
2095 2206 2299 2255 sanctae
2333 2201 2593 2255 Ecclesia:
2629 2200 3002 2268 insidiatores,
3036 2200 3352 2255 sacerdotes
3381 2203 3478 2255 Dei
3518 2201 3591 2255 ad

1951 2293 2173 2364 judices
2221 2293 2475 2363 publicos
2515 2309 2780 2348 accusare
2822 2297 3192 2364 praesumant,
3238 2307 3367 2348 cum
3410 2293 3593 2363 magis

1958 2391 2244 2460 apostolus
2273 2390 2724 2446 Christianorum
2757 2406 2953 2444 causas
2980 2389 3053 2443 ad
3084 2389 3358 2445 Ecclesias
3383 2390 3592 2445 deferri

1957 2489 2014 2540 et
2048 2484 2262 2539 ibidem
2305 2483 2603 2537 terminari
2639 2483 2946 2554 praecipiat.
2977 2482 3192 2536 Taliter
3225 2483 3593 2553 praevarican-

1955 2583 2042 2631 tes
2071 2576 2420 2648 prasvaricati
2449 2580 2582 2630 sunt
2608 2575 2666 2629 in
2694 2575 2998 2629 Dominum
3026 2591 3212 2642 suum,
3235 2580 3290 2630 et
3317 2591 3432 2630 non
3461 2575 3588 2630 obe-

1957 2670 2122 2724 diunt
2156 2669 2450 2740 praeceptis
2488 2669 2629 2739 ejus,
2661 2668 2730 2723 de
2761 2667 2965 2740 quibus
3001 2668 3275 2722 Dominus
3316 2685 3420 2738 per
3454 2685 3588 2738 pro-

1954 2763 2189 2834 phetam
2221 2763 2359 2817 Osee
2393 2761 2662 2832 loquitur,
2693 2759 2887 2815 dicens
2914 2777 2928 2814 :
2963 2783 2990 2810 ‹‹
3017 2761 3186 2824 Quasi
3211 2777 3395 2814 vaccae
3425 2761 3586 2816 lasci-

1955 2855 2168 2911 vientes
2199 2855 2625 2910 declinaverunt
2659 2855 2804 2923 (Osee
2843 2870 2916 2919 Iv,
2964 2855 3067 2924 16),
3105 2875 3133 2903 ››
3176 2855 3234 2906 et
3266 2853 3593 2910 dilexerunt

1953 2948 2154 3004 afferre
2203 2948 2582 3020 ignominiam
2636 2947 3049 3018 protectoribus
3090 2947 3243 3001 suis.‘
3269 2949 3337 3000 Et
3373 2947 3528 3002 idem
3571 2965 3586 3004 :

208 3040 519 3095 Terminos
548 3039 940 3094 indubitanter
962 3041 1378 3112 transgreditur
1398 3041 1499 3112 qui
1529 3017 1854 3112 statutapa-
1875 3017 1929 3094 Ο
1958 3063 1986 3091 ‹‹
2017 3043 2111 3096 Va:
2154 3017 2250 3098 eisi
2274 3041 2549 3112 quoniam
2589 3017 2948 3096 recesserunt
2983 3057 3016 3094 a
3055 3056 3172 3108 me,
3214 3039 3588 3095 vastabuntur

209 3137 360 3186 trum
380 3132 682 3203 postponit
699 3136 868 3203 atque
886 3133 1205 3190 confundit.
1233 3134 1490 3190 Pervenit
1508 3150 1758 3205 namque
1781 3134 1854 3188 ad

210 3225 627 3280 conscientiam
658 3226 977 3296 apostolicae
1019 3227 1206 3294 Sedis,
1240 3227 1394 3297 quod
1432 3227 1694 3282 nonnulli
1723 3231 1855 3283 sunt

212 3322 322 3372 tam
365 3317 567 3372 stolidi
607 3318 704 3388 qui
739 3318 1034 3374 Dominica
1063 3324 1342 3392 praecepta
1383 3324 1440 3374 et
1471 3321 1851 3390 apostolorum

213 3427 539 3482 eorumque
573 3427 963 3468 successorum
1003 3417 1209 3468 statuta
1246 3413 1486 3467 minime
1529 3413 1850 3482 observant,

212 3510 263 3559 et
285 3521 395 3561 eos
420 3504 493 3558 de
527 3503 737 3576 quibus
764 3506 1038 3561 Dominus
1063 3506 1141 3560 ait
1164 3523 1178 3560 :
1205 3527 1232 3555 ‹‹
1254 3506 1358 3570 Qui
1384 3522 1484 3560 vos
1506 3506 1708 3577 tangit,
1735 3510 1854 3562 tan-

215 3598 290 3667 git
309 3597 601 3668 pupillam
629 3598 775 3652 oculi
803 3599 916 3653 mei
938 3599 1114 3669 (Zach.
1138 3615 1196 3666 II,
1225 3600 1298 3668 8),
1327 3621 1355 3647 ››
1378 3616 1492 3654 non
1515 3601 1699 3654 solum
1722 3605 1850 3654 tan-

215 3707 353 3761 gere
385 3690 629 3746 minime
659 3691 942 3762 dubitant,
978 3691 1079 3746 sed
1105 3693 1280 3746 etiam
1303 3693 1568 3764 persequi
1593 3709 1705 3747 non
1735 3693 1848 3747 for-

212 3784 459 3839 midant.
504 3784 570 3837 Et
615 3783 742 3838 licet
789 3801 894 3840 nos
941 3787 1376 3855 persequantur,
1416 3785 1551 3856 quia
1601 3802 1702 3840 nec
1747 3802 1852 3840 nos

215 3877 332 3931 sine
369 3876 504 3944 illis,
541 3892 646 3930 nec
673 3877 796 3931 illos
820 3877 940 3932 sine
965 3877 1126 3932 nobis
1149 3878 1413 3949 persequi
1439 3885 1695 3949 possunt,
1718 3896 1853 3951 quo-

215 3971 379 4024 niam
418 3969 573 4025 illius
607 3987 804 4025 sumus
841 3970 1099 4041 discipuli
1137 3971 1235 4042 qui
1260 3971 1480 4026 animas
1519 3990 1623 4044 pro
1660 3973 1849 4028 fratri-

211 4063 317 4117 bus
353 4063 634 4133 praacepit
662 4079 898 4134 ponere,
933 4067 1124 4119 tamen
1164 4063 1245 4118 eis
1283 4065 1541 4136 pericula
1573 4070 1630 4120 et
1658 4066 1850 4137 perdi-

211 4156 412 4210 tiones
437 4171 638 4210 eorum
670 4173 787 4210 non
819 4173 1017 4210 sumus
1045 4156 1166 4210 ausi
1191 4157 1398 4223 celare,
1423 4175 1496 4213 ne
1520 4159 1854 4230 prophetica

215 4247 399 4319 (quod
423 4247 583 4318 absit)
610 4248 951 4304 damnemur
977 4249 1272 4315 sententia,
1305 4266 1431 4320 quae
1457 4251 1535 4305 ait
1559 4269 1572 4305 :
1609 4272 1636 4300 ‹‹
1661 4251 1718 4306 Si
1747 4268 1850 4304 an-

213 4340 574 4395 nuntiaveris
619 4341 816 4413 iniquo
875 4342 1233 4414 iniquitatem
1281 4361 1439 4397 suam
1493 4344 1704 4413 (Ezech.
1756 4361 1849 4410 III,

219 4438 326 4501 19),
366 4454 399 4480 ι)
428 4434 682 4488 animam
711 4439 866 4489 tuam
894 4435 1168 4491 liberasti.
1200 4435 1254 4490 Si
1280 4439 1469 4491 autem
1497 4453 1609 4492 non
1637 4454 1856 4492 annun-

217 4526 454 4580 tiaveris
483 4526 555 4594 ei,
587 4528 926 4598 sanguinem
956 4529 1077 4599 ejus
1104 4529 1172 4584 de
1209 4545 1388 4584 manu
1415 4535 1511 4585 tua
1540 4531 1852 4602 requiram.

1953 3135 2085 3206 quia
2110 3133 2462 3206 praevaricati
2488 3137 2622 3188 sunt
2655 3134 2712 3188 in
2753 3149 2867 3200 me,
2903 3137 2960 3187 et
2991 3149 3100 3204 ego
3133 3133 3352 3189 redemi
3378 3150 3496 3202 eos,
3531 3140 3591 3189 et

1953 3228 2061 3299 ipsi
2088 3228 2262 3283 locuti
2291 3232 2423 3283 sunt
2447 3231 2642 3283 contra
2675 3243 2765 3284 me
2793 3225 3113 3293 mendacia,
3146 3231 3202 3282 et
3228 3243 3340 3282 non
3370 3227 3582 3281 clama-

1952 3325 2157 3376 verunt
2187 3321 2263 3375 ad
2294 3337 2390 3375 me
2419 3320 2479 3377 in
2510 3320 2681 3376 corde
2717 3338 2840 3388 suo,
2873 3320 2970 3376 sed
3003 3319 3304 3375 ululabant
3333 3320 3392 3375 in
3424 3319 3583 3375 cubi-

1952 3415 2100 3470 libus
2136 3415 2273 3480 suis,
2303 3431 2474 3486 super
2503 3414 2754 3469 triticum
2785 3419 2843 3468 et
2875 3413 3073 3468 vinum
3104 3412 3486 3481 ruminabant,
3527 3417 3587 3468 et

1953 3510 2309 3563 recesserunt
2337 3523 2369 3560 a
2395 3523 2510 3562 me.
2539 3509 2658 3578 Ego
2685 3507 2903 3561 erudivi
2931 3509 2987 3562 et
3015 3505 3325 3560 confortavi
3352 3505 3588 3561 brachia

1953 3617 2186 3667 eorum,
2231 3606 2289 3656 et
2329 3602 2388 3655 in
2431 3616 2523 3655 me
2568 3601 2963 3670 cogitaverunt
3001 3599 3300 3654 malitiam.
3346 3600 3582 3654 Reversi

1951 3698 2082 3747 sunt
2118 3699 2178 3747 ut
2218 3697 2404 3748 essent
2443 3693 2656 3764 absque
2686 3693 2854 3762 jugo,
2891 3693 3020 3746 facti
3054 3697 3188 3746 sunt
3225 3693 3384 3763 quasi
3419 3709 3585 3747 arcus

1954 3786 2177 3840 dolosus
2207 3786 2351 3855 (Osee
2379 3802 2474 3852 Vll,
2512 3786 2615 3853 13).
2648 3806 2674 3833 ››
2719 3806 2747 3833 ‹‹
2779 3784 3016 3854 Abjiciet
3045 3801 3143 3839 eos
3183 3784 3456 3838 Dominus
3487 3785 3585 3853 (ait

1950 3879 2108 3934 idem
2139 3879 2454 3950 propheta),
2488 3877 2621 3948 quia
2648 3893 2762 3931 non
2805 3877 3111 3932 audierunt
3140 3893 3291 3944 eum,
3326 3881 3382 3930 et
3416 3883 3589 3933 erunt

1949 3973 2078 4043 vagi
2101 3973 2161 4027 in
2189 3972 2517 4027 nationibus
2543 3971 2687 4040 (Osee
2713 3987 2787 4039 1x,
2816 3973 2922 4040 l7).
2958 3992 2986 4019 ››
3019 3972 3094 4024 De
3123 3969 3208 4024 his
3238 3969 3393 4024 enim
3421 3970 3581 4024 cleri-

1953 4067 2031 4120 cis
2067 4067 2153 4121 vel
2195 4066 2352 4120 laicis
2387 4065 2485 4137 qui
2523 4065 2820 4136 episcopos
2853 4064 2942 4119 vel
2971 4063 3224 4134 reliquos
3265 4063 3586 4118 sacerdotes

1952 4160 2109 4230 prius
2136 4163 2252 4214 tam
2283 4159 2354 4214 ad
2391 4159 2662 4229 primates
2686 4174 2882 4212 eorum
2916 4173 3087 4229 quam
3121 4156 3192 4210 ad
3224 4156 3470 4227 reliquos
3497 4174 3587 4212 ac-

1955 4257 2151 4307 cusant
2173 4252 2410 4322 judices,
2456 4267 2632 4322 quam
2679 4250 2910 4305 auribus
2951 4266 3148 4305 eorum
3191 4267 3224 4302 a
3268 4249 3472 4320 quibus
3523 4267 3584 4303 se

1953 4346 2114 4400 laesos
2149 4344 2454 4412 aestimant,
2493 4344 2801 4413 inculcent,
2836 4346 2898 4397 ut
2935 4344 3006 4397 ab
3048 4343 3127 4397 eis
3165 4345 3265 4397 aut
3288 4343 3384 4413 jus
3419 4360 3589 4398 suum

1953 4443 2051 4493 aut
2071 4439 2286 4508 justam
2324 4437 2601 4508 recipiant
2633 4437 2976 4508 apologiam.
3011 4439 3150 4491 Item
3180 4453 3284 4507 per
3313 4436 3583 4490 eumdem

1955 4532 2033 4586 ait
2070 4531 2347 4586 Dominus
2383 4531 2725 4602 prophetam
2754 4547 2766 4584 :
2801 4552 2827 4578 α
2864 4529 3030 4598 Audi,
3065 4529 3271 4583 domus
3301 4529 3490 4596 Israel,
3527 4533 3589 4584 et.

215 4620 308 4673 Est
351 4619 529 4672 etiam
558 4625 616 4674 et
643 4621 752 4675 hoc
778 4622 848 4676 ad
876 4622 1019 4676 hanc
1047 4626 1300 4678 sanctam
1337 4623 1543 4679 Sedem
1575 4626 1856 4695 perlatum
1957 4626 2160 4680 domus
2185 4624 2356 4695 regis,
2387 4625 2669 4691 ausculta;
2695 4627 2751 4678 et
2771 4623 3069 4689 attendite,
3095 4622 3434 4691 sacerdotes,
3456 4622 3588 4694 quia

217 4711 402 4783 (quod
444 4712 621 4783 pudet
661 4713 867 4785 dicere)
907 4720 962 4770 et
993 4731 1106 4770 non
1151 4717 1335 4770 solum
1373 4717 1726 4787 sacerdotali,
1759 4719 1856 4773 sed
1956 4719 2246 4773 vobiscum
2277 4717 2559 4788 judicium
2589 4721 2694 4786 est,
2723 4715 2993 4788 quoniam
3024 4717 3260 4787 laqueus
3290 4715 3419 4771 facti
3458 4717 3593 4771 estis

218 4806 403 4858 etiam
429 4807 593 4859 omni
617 4807 936 4862 Christiano
966 4808 1186 4863 nomini
1213 4813 1300 4863 est
1328 4809 1641 4877 inimicum,
1668 4810 1727 4864 id
1751 4817 1853 4878 est,
1958 4811 2327 4882 speculationi
2360 4814 2418 4865 et
2449 4816 2568 4866 rete
2599 4827 2915 4882 expansum
2953 4825 3125 4881 super
3152 4809 3396 4878 Thabor,
3427 4810 3590 4866 victi-

219 4897 384 4967 quod
423 4899 727 4953 nonnullos
764 4901 1054 4972 episcopos
1088 4901 1174 4956 vel
1209 4901 1528 4958 sacerdotes
1561 4908 1658 4958 aut
1696 4909 1859 4959 metu
1958 4921 2192 4977 masque
2232 4904 2549 4959 declinastis
2590 4905 2649 4958 in
2693 4903 3039 4976 profundum
3083 4904 3229 4972 (Osee
3262 4921 3315 4972 v,
3349 4905 3420 4976 1).
3464 4927 3492 4954 ››
3526 4907 3593 4960 Et

219 4990 600 5061 compellunt,
623 4996 722 5046 aut
740 4993 793 5046 vi
821 4997 1184 5066 extorquent,
1206 4998 1303 5050 aut
1320 4995 1516 5050 fraude
1545 4996 1855 5068 decipiunt,
1959 5016 2067 5069 ego
2103 4999 2356 5053 eruditor
2393 4998 2655 5052 omnium
2697 5002 2967 5053 vestrum.
2996 4999 3063 5052 Et
3104 4998 3238 5052 alibi
3268 5015 3281 5052 :
3314 5016 3341 5050 ι(
3380 4998 3592 5053 Omnes

220 5086 450 5155 aliquas
493 5086 861 5141 confessionis
905 5105 1021 5142 sua:
1060 5087 1118 5141 in
1158 5089 1397 5144 alteram
1429 5093 1649 5160 partem
1687 5107 1859 5162 quam
1959 5092 2221 5146 calefacti
2248 5092 2380 5146 estis
2406 5092 2565 5163 quasi
2595 5091 2870 5159 clibanus,
2901 5091 3036 5162 quia
3065 5091 3349 5147 devoratis
3369 5091 3593 5162 judices

223 5177 721 5250 debeant,autpro
740 5197 1103 5236 suarumnon
1122 5182 1489 5253 requisitione
1506 5191 1856 5253 rerum,aut,
1958 5191 2167 5240 vestros
2209 5185 2355 5254 (Osee
2392 5203 2484 5251 νη,
2531 5189 2605 5255 7).
2647 5209 2676 5234 ››
2722 5185 2829 5256 Ipsi
2869 5190 3060 5240 autem
3104 5185 3392 5241 declinant
3437 5185 3591 5238 victi-

223 5271 384 5342 qnod
416 5271 667 5327 deterius
694 5279 795 5340 est,
818 5290 922 5345 pro
953 5275 1119 5330 alieni
1148 5276 1354 5330 erroris
1380 5281 1533 5331 secta
1557 5277 1862 5348 scripturas
1960 5296 2083 5334 mas
2105 5279 2332 5334 Domini
2359 5279 2416 5333 in
2443 5279 2818 5350 profundum,
2841 5279 2940 5349 qui
2963 5294 3062 5334 eos
3089 5279 3365 5334 devorant
3390 5280 3478 5331 vel
3505 5278 3590 5330 in-

224 5363 412 5418 facere
440 5369 497 5418 et
521 5365 768 5436 propriis
788 5367 1045 5422 manibus
1074 5367 1360 5438 roborare,
1385 5373 1442 5424 et
1466 5386 1655 5424 coram
1675 5387 1857 5441 popu-

225 5456 292 5509 lis
322 5459 560 5513 recitare
592 5463 761 5530 atque
801 5459 1077 5516 confiteri.
1120 5461 1351 5534 Aliquos
1386 5461 1584 5519 dicunt
1617 5464 1858 5518 carceri-

227 5549 332 5603 bus
361 5556 418 5606 et
449 5553 752 5622 ergastulis
788 5553 1020 5622 recludi,
1054 5558 1115 5609 ut
1154 5557 1354 5610 saltem
1392 5557 1477 5610 his
1503 5557 1687 5611 territi
1721 5556 1858 5611 insi-

233 5643 357 5711 diis,
383 5646 619 5700 devient
648 5647 876 5702 Domini
910 5647 1245 5717 sacerdotes,
1279 5653 1336 5703 et
1365 5650 1480 5705 suis
1507 5651 1735 5705 faveant
1762 5667 1860 5706 vo-

235 5735 563 5798 luntatibus.
594 5741 854 5802 Relatum
879 5741 1113 5814 insuper
1149 5747 1234 5800 est
1267 5743 1341 5798 ad
1368 5744 1537 5817 hujus
1565 5749 1775 5805 sanctae
1806 5753 1863 5804 et

1953 5374 2106 5445 juste
2136 5375 2420 5440 lacerant,
2456 5373 2591 5444 quia
2620 5373 2765 5426 oculi
2803 5372 3024 5427 Domini
3057 5373 3338 5427 dicuntur.
3371 5372 3510 5424 Nam
3541 5369 3588 5423 si

1962 5466 2132 5521 modo
2160 5467 2459 5538 quisquam
2486 5465 2758 5537 principis
2787 5466 3073 5520 saecularis
3099 5466 3290 5519 oculos
3315 5463 3592 5517 laceraret

1960 5564 2060 5615 aut
2096 5555 2404 5627 amoveret,
2442 5566 2588 5615 esset
2627 5577 2756 5615 reus
2786 5559 3096 5630 majestatis
3133 5573 3206 5609 an
3249 5556 3408 5609 non?
3450 5557 3588 5610 Pro-

1962 5654 2110 5710 fecto
2147 5657 2247 5709 aut
2284 5653 2454 5708 morti
2495 5653 2821 5708 traderetur
2849 5655 2946 5705 aut
2983 5653 3257 5720 perpetua
3298 5652 3594 5705 notaretur

1961 5748 2216 5805 infamia.
2245 5747 2299 5805 Si
2331 5764 2432 5823 pro
2460 5748 2648 5813 saeculi
2680 5743 3048 5822 potestatibus
3077 5742 3215 5798 talia
3254 5742 3324 5799 ab
3350 5743 3595 5803 homini-
