4046 6188
444 259 505 316 91
1323 263 1612 319 APPEND.
1653 263 1742 317 AD
1778 263 1944 318 SEC.
1984 264 2072 318 1X.
2101 291 2169 303 -—
2207 256 2451 320 lSlDORl
2488 262 2931 319 MERCATORIS.
3739 265 3807 316 9'2

447 367 552 422 bus
588 368 752 436 ﬁunt,
790 367 926 440 quid
965 384 1068 439 pro
1099 368 1189 422 his
1216 368 1338 424 ﬁeri
1371 371 1598 441 putatis,
1641 370 1711 425 de
1740 370 1945 442 quibus
1975 371 2079 425 Do—
2099 393 2158 464 Α
2178 387 2313 426 nem
2342 369 2486 441 ﬁeri,
2512 371 2644 441 quia
2667 371 2746 426 sic
2772 370 2891 426 odit
2910 370 3060 424 Deus
3089 384 3183 425 eos
3202 369 3304 441 qui
3328 369 3596 424 adversus
3618 372 3812 440 patres

447 461 640 515 minus
675 461 751 516 ait
783 478 796 514 ε
834 482 861 510 ‹‹
897 460 1001 524 Qui
1030 478 1130 516 vos
1168 462 1372 533 tangit,
1414 463 1599 533 tangit
1627 463 1901 534 pupillam
1932 462 2079 518 oculi

448 553 563 608 mei
596 555 769 623 (Zach.
804 570 862 619 ιι,
909 555 980 624 8).
1028 573 1056 605 ››
1091 555 1466 609 Proculdubio
1507 555 1567 609 hi
1604 554 1701 626 qui
1745 572 1838 610 eos
1881 572 2075 626 perse-

449 649 704 719 quuntur
730 651 786 702 et
813 663 1078 703 amovere
1103 647 1365 702 nituntur
1394 648 1602 718 injuste
1636 652 1830 703 contra
1861 653 2081 719 aposto-

449 741 614 794 licam
643 739 1034 795 auctoritatem
1068 740 1113 795 si
1144 757 1177 794 a
1212 745 1393 795 morte
1424 740 1823 811 prohibentur,
1859 740 2081 796 dicente

450 831 692 886 Domino
721 849 734 886 :
768 851 795 883 «
825 833 964 886 Nolo
991 836 1235 888 mortem
1265 832 1592 903 peccatoris,
1622 833 1723 887 sed
1750 836 1816 887 ut
1846 849 2079 888 conver-

450 930 602 980 tatur
640 930 697 980 et
731 925 880 979 vivat
913 926 1118 993 (Ezech.
1159 941 1347 995 xxxm,
1392 928 1499 997 il);
1528 945 1555 978 »
1590 930 1867 997 perpetua
1893 930 2084 980 tamen

451 1020 720 1073 notantur
737 1018 991 1088 infamia,
1009 1023 1064 1073 et
1079 1018 1270 1073 exsilio
1293 1018 1450 1089 digni
1465 1017 1797 1088 judicantur
1813 1017 2082 1088 ﬁnitimo,

454 1111 523 1166 de
538 1110 740 1182 quibus
759 1127 792 1164 a
803 1110 1154 1182 temporibus
1168 1111 1553 1182 apostolorum
1567 1114 1625 1164 et
1641 1110 1788 1165 infra
1807 1111 1913 1166 ista
1929 1115 2086 1166 tene-

456 1220 584 1258 mus
606 1206 775 1274 atque
800 1201 1021 1258 decreta
1049 1204 1326 1259 habemus
1344 1203 1549 1275 quibus
1570 1219 1768 1258 eorum
1788 1203 2088 1259 accusandi

456 1295 753 1367 episcopos
780 1297 866 1349 vel
897 1296 1234 1352 testiﬁcandi
1261 1297 1318 1350 in
1354 1313 1451 1351 eos
1484 1313 1680 1351 vocem
1718 1297 2085 1364 obstruimus,

457 1404 600 1459 quos
627 1404 743 1442 non
768 1389 1055 1458 humanis,
1079 1390 1175 1445 sed
1200 1389 1408 1444 divinis
1435 1389 1652 1444 actibus
1682 1394 1940 1444 mortuos
1968 1404 2089 1443 esse

456 1481 687 1551 scimus;
702 1481 772 1534 de
787 1482 989 1552 quibus
1003 1483 1279 1536 Dominus
1298 1482 1551 1553 loquitur
1561 1499 1664 1553 per
1678 1481 1945 1537 eumdem
1961 1498 2089 1552 pro-

456 1573 689 1645 phetam
724 1590 736 1628 :
772 1595 798 1623 «
825 1574 1180 1629 Calumniam
1210 1575 1431 1647 patiens
1460 1575 1732 1646 Ephraim
1759 1575 1970 1629 fractus
2004 1577 2092 1628 est

450 1666 688 1738 judicio,
717 1665 994 1737 quoniam
1024 1667 1191 1738 coepit
1227 1667 1383 1722 abire
1410 1670 1555 1738 'post
1594 1667 1844 1737 sordem,
1887 1672 1944 1721 et
1984 1683 2090 1738 ego

2180 467 2479 519 armantur
2508 469 2570 520 ut
2597 467 2823 536 patrum
2854 464 3132 518 invasores
3162 459 3249 516 vel
3279 463 3675 517 destructores.
3705 460 3811 525 Qui

2179 557 2306 611 ideo
2337 557 2586 612 infames
2615 557 2956 625 efﬁciuntur,
2987 556 3120 627 quia
3143 561 3334 626 patres
3369 559 3808 626 persequuntur.

2180 651 2336 715 Quod
2374 651 2421 704 si
2448 667 2550 706 nec
2587 651 2743 721 loqui
2774 651 2854 704 eis
2883 650 3033 718 licet,
3069 648 3274 720 quibus
3311 649 3567 702 doctores
3603 646 3810 701 summi

2183 746 2344 814 (quos
2386 744 2684 816 episcopos
2731 744 3017 814 vocamus)
3065 747 3300 813 propter
3355 757 3552 796 eorum
3603 741 3814 795 scelera

2181 836 2573 904 adversantur,
2595 841 2806 908 quanto
2831 836 3013 908 magis
3038 835 3117 891 eis
3140 835 3238 907 qui
3267 851 3364 890 eos
3388 834 3681 901 infestant,
3706 849 3811 886 nec
3865 906 3888 919 ς

2183 928 2661 986 consentiendum
2697 933 2800 1001 est,
2841 946 2944 984 nec
2983 928 3358 1000 loquendum,
3397 943 3470 982 ne
3510 926 3812 998 participes

2186 1039 2387 1077 eorum
2419 1023 2777 1078 inveniantur
2805 1021 3143 1091 sceleribus;
3178 1021 3311 1093 quia
3344 1036 3460 1076 non
3494 1020 3679 1074 solum
3715 1019 3813 1090 qui

2186 1117 2420 1184 faciunt,
2471 1116 2569 1172 sed
2614 1116 2713 1188 qui
2756 1115 3117 1172 consentiunt
3158 1114 3492 1169 facientibus
3528 1113 3612 1168 rei
3659 1117 3811 1166 sunt.

2186 1210 2346 1265 Unde
2373 1213 2431 1264 et
2453 1210 2654 1264 beatus
2680 1210 2946 1281 princeps
2976 1207 3365 1279 apostolorum
3390 1208 3607 1274 Petrus,
3634 1205 3694 1259 in
3721 1222 3814 1259 or-

2187 1301 2481 1357 dinatione
2502 1303 2681 1356 sancti
2711 1300 3139 1374 praedecessoris
3166 1300 3348 1355 nostri
3379 1298 3703 1367 Clementis,
3735 1297 3818 1351 in-

2188 1397 2409 1450 struens
2451 1396 2665 1450 clerum
2704 1399 2762 1449 et
2789 1395 3066 1466 populum
3096 1394 3174 1449 ait
3213 1411 3225 1448 :
3270 1394 3322 1449 Si
3354 1392 3615 1447 inimicus
3648 1390 3818 1446 fuerit

2188 1489 2450 1544 Clemens
2469 1487 2636 1542 alicui
2655 1505 2758 1558 pro
2777 1489 2995 1542 actibus
3016 1487 3150 1555 suis,
3169 1503 3265 1541 vos
3293 1486 3468 1540 nolite
3491 1489 3813 1556 exspectare

2190 1586 2252 1636 ut
2278 1581 2400 1652 ipse
2429 1581 2583 1635 vobis
2618 1580 2766 1635 dicat
2795 1598 2808 1635 :
2846 1581 2990 1636 Cum
3018 1580 3113 1634 illo
3140 1579 3317 1634 nolite
3349 1578 3518 1632 amici
3547 1593 3689 1645 esse,
3721 1577 3818 1630 sed

2188 1668 2501 1740 prudenter
2521 1669 2818 1724 observare
2841 1667 3077 1738 debetis,
3093 1672 3150 1723 et
3167 1666 3445 1722 voluntati
3465 1667 3587 1737 ejus
3607 1665 3818 1736 absque

459 1759 624 1831 quasi
653 1759 807 1814 tinea
831 1759 1125 1830 Ephraim,
1157 1763 1214 1814 et
1241 1761 1402 1831 quasi
1429 1760 1674 1832 putredo
1703 1759 1899 1815 domui
1924 1760 2086 1816 Juda.
2109 1752 2165 1824 B
2190 1762 2699 1817 communicatione
2726 1761 3134 1831 obsecundare,
3166 1763 3225 1816 et
3253 1765 3505 1816 avertere
3529 1775 3626 1814 vos
3655 1758 3724 1813 ab
3754 1775 3820 1812 eo

406 1895 410 1898 .
461 1853 528 1907 Et
565 1851 706 1906 vidit
738 1853 1012 1924 Ephraim
1054 1855 1389 1925 languorem
1419 1870 1587 1908 suum
1619 1858 1674 1909 et
1709 1853 1854 1908 Juda
1889 1852 2086 1908 vincu-

459 1945 576 1998 lum
614 1961 800 2013 suum,
839 1949 897 1999 et
934 1946 1074 2000 abiit
1115 1946 1386 2018 Ephraim
1415 1945 1488 2000 ad
1519 1949 1712 2016 Assur,
1745 1950 1804 2000 et
1834 1946 1989 2000 misit
2021 1946 2092 2000 ad

460 2053 658 2109 regem
683 2039 953 2108 ultorem,
982 2043 1040 2094 et
1076 2039 1196 2110 ipse
1233 2056 1349 2094 non
1385 2039 1596 2110 poterit
1623 2055 1823 2096 sanare
1863 2055 1959 2093 vos
1987 2055 2091 2094 nec

459 2131 675 2185 solvere
725 2132 937 2202 poterit
983 2149 1016 2185 a
1063 2132 1223 2186 vobis
1269 2132 1559 2186 vinculum
1605 2132 1750 2202 (Osee
1794 2149 1850 2200 v,
1903 2133 2008 2202 11).
2060 2155 2086 2180 ››

460 2223 565 2286 Qui
591 2223 748 2277 enim
770 2224 1040 2294 sacrilega
1068 2229 1488 2296 persequuntur
1522 2225 1893 2295 persuasione
1921 2227 1978 2278 et
2004 2224 2087 2278 la-

462 2330 653 2368 cerare
674 2315 936 2369 nituntur
963 2315 1279 2386 episcopos,
1301 2317 1388 2371 vel
1420 2333 1520 2371 eos
1545 2317 1645 2387 qui
1667 2318 1909 2371 Domino
1937 2321 2091 2373 recte

467 2406 802 2476 sacriﬁcant,
833 2408 1222 2463 indubitanter
1259 2425 1393 2465 eum
1429 2412 1850 2480 persequuntur
1879 2413 1937 2464 et
1964 2410 2095 2464 dila-

468 2501 629 2554 niant
665 2500 824 2572 cujus
856 2501 977 2556 vice
1011 2502 1349 2573 funguntur,
1387 2502 1534 2558 unde
1574 2501 1652 2557 ait
1682 2502 1955 2557 Dominus
1993 2519 2097 2574 per

468 2595 587 2649 Joel
628 2593 972 2666 prophetam
1015 2613 1029 2650 :
1073 2616 1102 2645 «
1137 2596 1407 2667 Nunquid
1451 2595 1725 2651 ultionem
1771 2595 2095 2651 reddidistis

468 2688 646 2742 mihi?
671 2689 738 2743 Et
761 2688 806 2742 si
835 2687 1167 2743 ulciscimini
1193 2705 1288 2743 vos
1313 2692 1510 2744 contra
1536 2706 1651 2758 me,
1671 2689 1800 2756 cito,
1830 2688 2098 2743 velociter

467 2781 701 2836 reddam
743 2780 1190 2836 vicissitudinem
1230 2781 1386 2836 vobis
1426 2798 1596 2853 super
1634 2785 1803 2853 caput
1843 2785 2096 2836 vestrum

468 2874 601 2944 (Joel
640 2889 718 2943 ιιι,
760 2874 832 2944 4).
881 2893 908 2926 ››
957 2875 1023 2929 Et
1059 2891 1164 2945 per
1195 2874 1398 2928 Oseam
1435 2875 1775 2946 prophetam
1823 2874 2100 2929 Dominus

467 2966 654 3036 inquit
679 2983 692 3020 :
723 2987 751 3016 ‹‹
783 2965 919 3030 Quis
947 2966 1186 3037 sapiens,
1222 2970 1278 3021 et
1307 2967 1590 3037 intelliget
1620 2968 1745 3035 ista,
1773 2967 2098 3039 intelligens

473 3061 530 3112 et
557 3059 692 3114 sciet
712 3060 812 3114 ea?
837 3059 979 3124 Quia
1010 3065 1178 3116 rectae
1206 3059 1313 3114 via:
1337 3060 1582 3127 Domini,
1607 3065 1665 3115 et
1681 3060 1821 3131 justi
1844 3060 2098 3115 ambula-

468 3151 613 3206 bunt
649 3153 708 3207 in
758 3153 839 3208 eis
881 3153 1023 3221 (Osee
1065 3170 1178 3221 xw,
1231 3155 1335 3225 10),
1377 3175 1404 3202 ››
1458 3153 1916 3224 praevaricatores
1964 3113 2172 3208 veroC

471 3248 739 3300 corruent
763 3245 826 3300 in
854 3245 956 3300 eis.
973 3247 1042 3302 Et
1066 3246 1189 3318 ipsa
1208 3259 1320 3318 per
1346 3263 1404 3300 se
1436 3246 1654 3301 Veritas
1681 3245 1796 3301 ait:
1830 3268 1858 3296 ί(
1879 3246 1985 3310 Qui
2005 3263 2100 3300 vos

471 3338 628 3393 audit
653 3355 745 3394 me
774 3339 954 3411 audit,
990 3344 1046 3394 et
1083 3339 1181 3410 qui
1210 3355 1302 3394 vos
1339 3340 1557 3410 spernit
1586 3356 1678 3393 me
1707 3339 1924 3410 spernit
1953 3340 2099 3409 (Luc.

471 3447 525 3499 x,
571 3432 673 3502 16).
713 3451 740 3484 ››
779 3432 873 3486 His
905 3435 962 3486 et
995 3432 1117 3486 aliis
1150 3431 1281 3486 fulti
1322 3431 1758 3503 quamplurimis
1794 3431 2102 3488 Dominicis

469 3525 786 3596 praeceptis,
802 3526 1038 3580 vitantes
1053 3525 1354 3580 hominum
1373 3525 1745 3596 perditiones,
1761 3541 1894 3580 cum
1916 3525 2098 3582 omni-

473 3618 578 3673 bus
607 3618 778 3689 hujus
803 3623 1013 3673 sanctae
1037 3618 1218 3686 Sedis,
1238 3634 1414 3690 quam
1439 3618 1708 3673 Dominus
1734 3623 1906 3690 caput
1931 3619 2104 3674 totius

473 3711 732 3767 Ecclesiae
755 3712 1061 3780 constituit,
1084 3711 1376 3780 membris,
1410 3712 1542 3767 talia
1567 3712 1693 3768 ﬁeri
1717 3712 2100 3784 prohibemus,

474 3821 545 3861 ne
580 3805 965 3860 confundatur
994 3807 1236 3878 populus
1274 3805 1502 3861 Domini
1539 3805 1600 3860 in
1628 3808 1930 3862 aeternum.
1960 3807 2104 3861 Nam

473 3905 530 3955 et
559 3916 593 3954 a
623 3899 1130 3972 praedecessoribus
1165 3899 1370 3956 nostris
1404 3899 1714 3955 inhibitum
1748 3900 2010 3971 legimus,
2041 3904 2106 3954 ut

476 4009 644 4049 nemo
675 3993 971 4048 contristet
1004 3993 1283 4060 doctores,
1324 4009 1510 4064 neque
1553 3993 1974 4048 accusationem
2011 3992 2106 4046 ad-

475 4101 666 4141 versus
688 4103 783 4139 eos
807 4085 1095 4156 suscipiat.
1119 4088 1239 4156 Ipse
1268 4100 1521 4155 namque
1541 4086 1934 4156 apostolorum
1954 4085 2107 4156 prin‘

478 4173 608 4250 ceps
654 4178 715 4232 in
756 4177 1117 4232 ordinatione
1159 4177 1310 4232 beati
1353 4177 1662 4233 Clementis
1706 4179 1982 4250 populum
2025 4178 2108 4234 in-

477 4277 718 4339 struens,
744 4269 823 4324 ait
850 4287 863 4325 :
894 4269 1225 4341 Quicunque
1256 4271 1670 4327 contristaverit
1696 4272 1990 4328 doctorem
2017 4289 2106 4329 ve-

477 4362 660 4420 ritatis
724 4369 921 4437 peccat
967 4364 1028 4419 in
1076 4363 1396 4433 Christum,
1440 4370 1497 4421 et
1557 4366 1785 4421 Patrem
1848 4367 2105 4422 omnium

2191 1855 2284 1910 cui
2312 1855 2500 1927 ipsum
2527 1854 2746 1910 sentitis
2771 1854 3093 1924 adversum,
3126 1854 3226 1910 sed
3250 1871 3356 1909 nec
3385 1853 3542 1925 loqui
3571 1852 3662 1907 his
3691 1853 3819 1922 qui-

2189 1949 2296 2004 bus
2324 1948 2444 2020 ipse
2482 1965 2596 2005 non
2633 1949 2907 2019 loquitur,
2937 1952 3002 2004 ut
3027 1947 3413 2018 unusquisque
3443 1946 3539 2018 qui
3571 1946 3628 2000 in
3657 1946 3822 2015 culpa

2193 2045 2298 2112 est,
2355 2041 2495 2097 dum
2538 2041 2796 2097 omnium
2846 2046 3096 2096 vestrum
3144 2041 3299 2112 cupit
3339 2039 3612 2094 amicitias
3649 2039 3820 2106 ferre,

2191 2135 2419 2191 festinet
2443 2135 2607 2190 citius
2636 2135 2987 2190 reconciliari
3015 2135 3069 2189 ei
3093 2134 3191 2206 qui
3215 2133 3483 2188 omnibus
3507 2137 3733 2203 praeest,
3761 2135 3822 2184 ut

2193 2244 2296 2299 per
2341 2229 2450 2283 hoc
2487 2229 2684 2283 redeat
2720 2229 2792 2283 ad
2839 2229 3097 2294 salutem,
3142 2243 3274 2281 cum
3319 2225 3549 2281 obedire
3593 2225 3826 2295 coeperit

2193 2320 2420 2375 monitis
2447 2320 2826 2392 praesidentis.
2859 2321 2915 2376 Si
2953 2337 3088 2375 vero
3125 2321 3254 2393 quis
3283 2320 3499 2374 amicus
3530 2318 3702 2372 fuerit
3737 2318 3824 2371 his

2193 2413 2395 2484 quibus
2421 2414 2640 2468 amicus
2671 2431 2788 2469 non
2822 2401 2927 2481 est,
2955 2419 3010 2468 et
3039 2415 3261 2468 locutus
3289 2411 3461 2466 fuerit
3494 2411 3583 2465 bis
3620 2409 3826 2481 quibus

2194 2507 2313 2577 ipse
2340 2523 2456 2561 non
2479 2507 2753 2578 loquitur,
2779 2523 2927 2562 unus
2959 2513 3044 2562 est
3069 2512 3125 2562 et
3150 2507 3272 2578 ipse
3296 2521 3366 2560 ex
3392 2505 3502 2558 illis
3522 2504 3620 2575 qui
3647 2507 3827 2558 exter-

2195 2600 2415 2654 minare
2443 2599 2748 2654 Ecclesiam
2778 2600 2875 2655 Dei
2903 2600 3117 2668 volunt;
3141 2603 3200 2655 et
3226 2615 3357 2654 cum
3385 2613 3620 2669 corpore
3650 2597 3826 2650 vobis-

2196 2709 2326 2748 cum
2360 2709 2479 2748 esse
2508 2693 2784 2761 videatur,
2816 2698 3012 2750 mente
3052 2697 3111 2747 et
3148 2693 3341 2748 animo
3370 2695 3571 2746 contra
3594 2706 3693 2744 vos
3722 2695 3825 2757 est,

2198 2790 2256 2840 et
2283 2791 2369 2840 est
2406 2787 2586 2841 multo
2627 2787 2872 2858 nequior
2901 2787 3077 2842 hostis
3111 2787 3221 2854 hic,
3255 2801 3425 2858 quam
3458 2784 3537 2839 illi
3570 2783 3666 2855 qui
3697 2783 3830 2838 foris

2197 2877 2350 2942 sunt,
2378 2877 2436 2930 et
2460 2875 2752 2931 evidenter
2777 2876 2993 2930 inimici
3011 2880 3162 2930 sunt.
3187 2875 3286 2929 Hic
3315 2873 3470 2928 enim
3498 2889 3600 2944 per
3623 2873 3828 2926 amici—

2196 2963 2405 3019 tiarum
2429 2965 2675 3036 speciem
2697 2981 2824 3036 quae
2851 2965 3083 3019 inimica
3105 2969 3236 3019 sunt
3255 2963 3420 3035 gerit,
3444 2968 3501 3018 et
3520 2963 3829 3018 Ecclesiam

2200 3056 2477 3129 dispergit
2499 3074 2562 3111 ac
2589 3062 2792 3113 vastat.
2823 3057 3098 3114 Similiter
3132 3058 3178 3111 si
3216 3055 3543 3127 hujusmodi
3569 3056 3834 3126 personis

2199 3151 2464 3221 quaedam
2506 3151 2802 3222 scripturas
2845 3151 3251 3222 quoquomodo
3292 3167 3397 3221 per
3437 3156 3690 3219 metum,
3733 3153 3834 3203 aut

2201 3243 2481 3310 fraudem,
2499 3249 2598 3299 aut
2622 3261 2726 3315 per
2744 3245 2858 3298 vim
2886 3248 3122 3300 extortae
3152 3245 3386 3313 fuerint,
3415 3243 3505 3298 vel
3532 3248 3592 3299 ut
3613 3259 3670 3298 se
3700 3243 3838 3298 libe-

2199 3353 2326 3391 rare
2353 3336 2592 3407 possint,
2621 3353 2961 3409 quocunque
2985 3339 3155 3394 modo
3183 3339 3253 3393 ab
3279 3337 3359 3393 eis
3386 3336 3715 3408 conscripta
3743 3337 3835 3391 vel

2201 3430 2477 3485 roboratus
2491 3430 2706 3486 fuerint
2719 3430 2979 3502 ingenio,
2999 3432 3072 3486 ad
3091 3431 3311 3486 nullum
3335 3431 3418 3485 eis
3435 3429 3836 3502 praejudicium

2201 3527 2297 3578 aut
2323 3528 2736 3580 nocumentum
2772 3524 3066 3596 pervenire
3095 3541 3410 3593 censemus,
3441 3540 3629 3596 neque
3658 3524 3837 3579 ullam

2204 3617 2326 3687 ejus
2353 3617 2646 3672 infamiam
2672 3618 2758 3672 vel
2788 3619 3149 3688 calumniam,
3180 3622 3278 3673 aut
3307 3635 3341 3672 a
3373 3617 3488 3673 suis
3517 3623 3836 3688 sequestra-

2203 3710 2413 3766 tionem
2455 3711 2622 3766 bonis
2671 3728 2946 3783 unquam,
2979 3717 3208 3768 auctore
3243 3711 3505 3781 Domino,
3537 3716 3593 3766 et
3625 3711 3842 3766 sanctis

2204 3805 2466 3876 apostolis
2494 3821 2805 3877 eorumque
2839 3805 3254 3861 successoribus
3290 3805 3565 3860 sustinere
3597 3804 3838 3875 permit-

2205 3896 2400 3951 timus.
2433 3897 2721 3952 Confessio
2752 3914 2882 3953 vero
2918 3899 2978 3952 in
3019 3899 3226 3953 talibus
3254 3915 3369 3954 non
3393 3898 3703 3968 compulsa,
3735 3896 3843 3951 sed

2203 3992 2517 4060 spontanea
2544 3991 2665 4045 ﬁeri
2693 3991 2878 4061 debet,
2915 3992 3039 4063 ipso
3069 3994 3386 4063 attestante,
3417 3990 3513 4062 qui
3544 3991 3621 4045 ait
3653 4007 3667 4044 :
3699 4009 3727 4042 α
3761 3991 3842 4044 Ex

2205 4083 2370 4137 corde
2395 4081 2550 4138 enim
2580 4085 2896 4156 procedunt
2914 4085 3238 4153 homicidia,
3267 4084 3566 4155 adulteria,
3597 4083 3847 4138 fornica.

2206 4175 2409 4243 tiones,
2436 4176 2797 4248 blasphemiae
2825 4179 3042 4248 (Matth.
3081 4195 3170 4248 xv,
3209 4180 3288 4249 19)
3332 4197 3360 4229 »
3394 4184 3449 4233 et
3480 4181 3678 4232 uetera
3708 4192 3847 4248 quae

2205 4274 2336 4325 sunt
2374 4269 2448 4324 ad
2486 4271 2606 4325 haec
2648 4271 3014 4342 pertinentia.
3065 4272 3177 4326 Nec
3220 4275 3443 4351 tantum
3490 4270 3850 4327 attendenda

2206 4365 2339 4417 sunt
2375 4380 2506 4435 quae
2530 4364 2674 4419 ﬁunt
2705 4367 2986 4436 quantum
3018 4381 3131 4436 quo
3171 4366 3361 4420 animo
3399 4365 3558 4433 ﬁant,
3589 4380 3847 4436 quorum

478 4458 776 4514 exacerbat
799 4457 998 4529 Deum,
1017 4464 1254 4530 propter
1269 4458 1427 4530 quod
1446 4458 1559 4513 vita
1579 4460 1813 4530 carebit;
1837 4466 1893 4516 et
1913 4461 2108 4516 doctor
2125 4478 2184 4550 D
2208 4458 2482 4529 exempla,
2529 4457 2572 4512 si
2617 4457 2810 4513 omnia
2853 4458 3097 4514 scribere
3141 4459 3505 4530 coeperimus,
3549 4461 3681 4513 ante
3719 4457 3851 4512 dies

480 4553 738 4624 gentium
783 4552 969 4624 inquit
1007 4568 1020 4606 :
1057 4572 1085 4604 «
1111 4552 1165 4608 Si
1191 4557 1616 4624 praeoccupatus
1639 4553 1813 4608 fuerit
1841 4554 2014 4610 homo
2046 4554 2105 4609 in
2126 4549 2163 4550 ί
2210 4567 2381 4621 quam
2407 4551 2667 4622 exempla
2693 4551 2977 4606 deﬁcient.
3003 4552 3159 4608 Unde
3186 4555 3245 4607 et
3269 4551 3406 4607 illud
3438 4555 3523 4606 est
3547 4549 3700 4622 quod
3729 4550 3848 4604 Do-

478 4645 665 4717 aliquo
707 4646 928 4716 delicto,
973 4663 1072 4702 vos
1113 4647 1213 4719 qui
1256 4646 1576 4718 spirituales
1614 4644 2108 4718 estis,'sustentate

479 4737 641 4794 illum
670 4737 728 4794 in
754 4740 952 4811 spiritu
980 4740 1244 4811 lenitatis,
1272 4740 1640 4796 considerans
1667 4741 1932 4814 teipsum,
1954 4758 2027 4798 ne
2053 4747 2109 4799 et

482 4839 542 4888 tu
575 4833 830 4904 tenteris,
868 4834 1011 4888 alter
1042 4835 1271 4889 alterius
1306 4851 1483 4890 onera
1517 4839 1759 4906 portate,
1800 4841 1856 4891 et
1895 4835 1972 4892 sic
2004 4836 2103 4892 ad-

481 4926 787 4999 implebitis
813 4927 1002 4998 legem
1031 4927 1238 4984 Christi
1264 4928 1405 4998 (Gal.
1439 4946 1512 4997 v1,
1549 4930 1618 5000 1).
1649 4948 1677 4981 ››

553 5021 660 5075 Has
702 5019 1128 5076 considerantes
1174 5022 1434 5093 pietates,
1479 5028 1538 5078 et
1579 5022 1828 5094 pericula
1870 5023 2109 5080 vitantes

482 5111 824 5182 animarum,
856 5131 969 5168 una
1003 5131 1132 5169 cum
1173 5115 1434 5171 omnibus
1468 5116 1694 5171 Domini
1731 5116 2110 5172 sacerdotibus

484 5209 579 5281 qui
617 5205 915 5263 nobiscum
943 5206 1003 5262 in
1035 5207 1180 5262 hanc
1209 5225 1428 5264 sacram
1468 5215 1858 5266 convenerunt
1883 5210 2106 5278 urbem,

483 5309 693 5360 etcum
724 5301 991 5358 omnibus
1019 5301 1187 5372 hujus
1213 5302 1410 5374 capitis
1433 5303 1724 5373 membris,
1752 5304 1894 5358 sicut
1919 5321 1954 5359 a
1978 5304 2111 5358 bea-

482 5397 553 5454 tis
579 5395 868 5469 apostolis,
893 5398 951 5450 et
979 5411 1013 5451 a
1038 5394 1268 5466 reliquis
1295 5396 1503 5452 sanctis
1532 5396 1814 5468 Patribus,
1843 5402 1900 5453 et
1929 5414 1964 5451 a
1991 5414 2111 5452 suc-
2161 5395 2164 5398 ’

483 5491 799 5547 cessoribus
823 5505 1020 5546 eorum
1047 5489 1386 5560 accepimus,
1415 5493 1726 5546 statuentes
1753 5489 2111 5547 decernimus

486 5601 682 5641 omnes
715 5584 811 5656 qui
851 5587 1073 5640 sanctos
1107 5583 1301 5640 Patres
1339 5589 1780 5656 persequuntur,
1815 5587 1914 5640 aut
1949 5600 2108 5640 amo-

403 5701 410 5706 -
485 5694 636 5748 vere,
659 5679 746 5734 vel
767 5678 1072 5735 dilacerare
1094 5677 1396 5734 manifeste
1421 5677 1702 5749 nituntur,
1723 5679 1968 5735 infames
1989 5694 2111 5736 esse

488 5777 543 5829 et
573 5770 781 5828 alienos
807 5789 840 5828 a
863 5773 1152 5830 liminibus
1186 5773 1437 5829 Ecclesiae
1457 5788 1636 5848 usque
1669 5773 1742 5830 ad
1773 5773 2107 5830 satisfactio-

2206 4644 2395 4700 minus
2434 4643 2506 4698 ad
2552 4661 2791 4700 munera
2834 4645 2973 4700 Abel
3019 4645 3269 4717 respexit
3311 4649 3368 4700 et
3419 4661 3533 4699 non
3570 4645 3640 4698 ad
3677 4642 3850 4712 Cain,

2207 4737 2338 4809 quia
2371 4736 2557 4807 magis
2586 4737 2837 4793 intendit
2865 4739 2935 4794 ad
2965 4738 3254 4794 offerentis
3281 4737 3537 4793 animum
3563 4752 3737 4808 quam
3773 4736 3856 4790 ad

2207 4848 2277 4886 ea
2299 4847 2424 4903 quae
2449 4830 2785 4887 offeruntur.
2814 4831 2950 4887 lnde
2977 4837 3036 4888 et
3063 4832 3338 4887 Dominus
3365 4847 3468 4903 per
3493 4830 3855 4901 Prophetam

2206 4925 2394 4997 inquit
2421 4941 2435 4980 :
2461 4944 2490 4978 «
2517 4925 2800 4982 Dominus
2825 4926 2927 4981 scit
2950 4927 3321 4998 cogitationes
3340 4924 3641 4980 hominum
3672 4923 3856 4993 (Psal.

2208 5034 2354 5087 xcm,
2389 5018 2491 5089 11).
2533 5037 2561 5070 ››
2604 5019 2672 5074 Et
2712 5035 2817 5091 per
2855 5018 2992 5074 Osee
3029 5019 3109 5074 ait
3146 5037 3159 5073 :
3208 5041 3236 5070 «
3276 5021 3340 5075 In
3373 5020 3605 5089 gutture
3641 5021 3744 5072 tuo
3780 5017 3866 5070 sit

2206 5112 2344 5167 tuba
2368 5112 2530 5184 quasi
2562 5111 2752 5184 aquila
2778 5128 2950 5184 super
2989 5112 3225 5168 domum
3264 5111 3493 5168 Domini
3525 5112 3690 5182 (Osee,
3726 5125 3865 5177 VIII,

2213 5207 2281 5276 1),
2310 5226 2338 5255 ››
2381 5208 2436 5260 et
2469 5205 2708 5277 reliqua.
2756 5206 2822 5260 Et
2861 5205 3132 5261 Dominus
3167 5206 3354 5278 inquit
3397 5205 3458 5259 in
3486 5203 3810 5275 Evangelio
3846 5221 3862 5258 :

2212 5319 2239 5351 α
2278 5299 2358 5353 Tu
2404 5303 2594 5353 autem
2631 5315 2764 5353 cum
2817 5299 3081 5367 oraveris,
3116 5299 3266 5354 intra
3303 5299 3362 5353 in
3404 5297 3755 5367 cubiculum,
3803 5302 3872 5352 et

2208 5392 2398 5448 clauso
2423 5393 2564 5448 ostio
2593 5409 2691 5448 ora
2714 5395 2938 5449 Patrem
2960 5397 3122 5448 tuum
3151 5391 3369 5466 (Matth.
3393 5408 3466 5463 γι,
3489 5392 3563 5464 6).
3589 5414 3617 5442 »
3646 5391 3874 5446 Omnis

2211 5486 2366 5542 enim
2393 5486 2672 5542 confessio
2705 5504 2832 5560 quae
2858 5488 2924 5543 ﬁt
2955 5503 3018 5541 ex
3049 5488 3382 5543 necessitate
3416 5485 3557 5541 ﬁdes
3587 5501 3705 5540 non
3740 5487 3872 5540 est.

2212 5581 2277 5635 Et
2318 5581 2622 5653 Apostolus
2656 5580 2735 5636 ait
2769 5597 2784 5635 :
2818 5601 2845 5631 «
2879 5579 3062 5637 Corde
3102 5581 3256 5635 enim
3294 5579 3543 5635 creditur
3573 5579 3645 5634 ad
3683 5578 3882 5649 justi-

2210 5673 2370 5742 tiam,
2417 5691 2514 5730 ore
2559 5680 2750 5732 autem
2787 5675 3064 5731 confessio
3092 5673 3156 5730 ﬁt
3194 5674 3268 5731 ad
3301 5673 3543 5730 salutem
3577 5673 3750 5744 (Rom.
3807 5688 3876 5742 Χ,

2215 5769 2323 5844 10.)
2355 5789 2380 5821 ››
2415 5770 2675 5843 Amplius
2703 5772 2890 5828 autem
2927 5768 3154 5843 respicit
3191 5769 3338 5826 Deus
3365 5768 3436 5824 ad
3473 5767 3884 5840 cogitationes
