4046 6188
219 247 279 298 93
1117 243 1124 252 ’
1421 238 1794 294 DECRETALI
1802 237 1895 294 ΗΜ
1933 237 2319 293 COLLECTIO.
3502 239 3570 292 94

213 356 267 405 et
285 352 615 420 spontaneas
638 347 980 416 voluntates,
1005 360 1176 417 quam
1197 344 1269 399 ad
1293 349 1450 400 actus
1468 345 1566 417 qui
1585 361 1686 417 per
1706 347 1834 400 sim-
1855 357 1913 430 Α
1935 344 2151 414 (Matth.
2195 358 2341 410 xxvr,
2378 343 2494 405 26).
2538 366 2564 393 ››
2614 345 2864 400 Crimina
2903 345 3058 402 enim
3107 348 3275 416 atque
3320 347 3572 416 peccata,

209 442 510 515 plicitatem
535 442 632 493 aut
659 456 765 510 per
784 439 1180 494 necessitatem
1200 437 1362 494 ﬁunt.
1376 439 1658 494 Confessio
1681 440 1834 494 enim

207 552 320 591 non
357 532 678 604 extorqueri
723 532 896 587 debet
933 532 990 587 in
1022 532 1247 601 talibus,
1279 533 1378 586 sed
1413 532 1599 604 potius
1635 538 1833 604 sponte

205 627 476 701 proﬁteri,
505 626 818 697 pessimum
854 629 940 680 est
972 625 1125 680 enim
1155 625 1226 680 de
1265 626 1579 697 suspicione
1609 630 1707 680 aut
1732 643 1830 680 ex-

204 727 345 777 torta
387 720 739 774 confessione
774 736 1124 791 quemquam
1158 719 1436 790 judicare,
1475 736 1608 774 cum
1651 719 1836 790 magis

202 811 483 880 inspector
527 808 710 862 cordis
753 806 869 880 21
923 809 991 861 sit
1031 807 1305 861 Dominus
1337 824 1509 878 quam
1541 807 1744 880 operis,
1780 811 1836 862 et

203 903 385 974 potius
435 901 679 973 requirit
715 901 994 955 Dominus
1028 900 1401 972 cogitationes
1437 917 1604 971 puras
1645 906 1702 956 et
1747 917 1836 954 vo-

200 997 451 1050 luntates
490 994 683 1062 bonas,
709 1010 882 1066 quam
913 993 1068 1048 labia
1100 993 1414 1049 mendacia.
1447 994 1605 1049 Unde
1634 997 1691 1048 et
1723 995 1832 1049 Do-

199 1088 390 1142 minus
427 1103 532 1158 per
565 1087 907 1158 prophetam
945 1087 1186 1157 loquens
1224 1087 1303 1140 ait
1334 1105 1347 1140 :
1381 1106 1408 1138 «
1446 1087 1692 1158 Populus
1730 1087 1835 1142 iste

199 1181 356 1235 labiis
389 1197 487 1234 me
517 1181 782 1247 honorat,
811 1196 906 1234 cor
927 1196 1128 1234 eorum
1160 1183 1355 1234 autem
1381 1181 1554 1250 longe
1581 1185 1667 1234 est
1691 1196 1724 1234 a
1744 1196 1836 1234 me

201 1276 344 1341 (1εαὶ.
391 1290 542 1342 xxxx,
589 1274 693 1344 l3.)
742 1293 770 1323 ››
823 1273 992 1344 Pejus
1029 1273 1248 1328 malum
1283 1273 1403 1327 fore
1446 1289 1560 1327 non
1594 1272 1834 1343 testimo,

196 1383 366 1438 quam
405 1365 756 1420 Christianos
785 1366 900 1419 suis
933 1365 1190 1420 invidere
1224 1365 1632 1420 sacerdotibus.
1675 1366 1840 1420 Novit

195 1461 342 1514 enim
372 1459 660 1514 Dominus
683 1459 781 1531 qui
809 1463 942 1513 sunt
970 1459 1111 1529 ejus.
1145 1459 1265 1513 Non
1296 1461 1484 1530 potest
1511 1461 1708 1513 autem
1737 1460 1840 1513 hu-

195 1570 366 1607 mano
386 1552 768 1608 condemnari
789 1551 1074 1620 examine,
1095 1568 1269 1624 quem
1291 1553 1440 1606 Deus
1459 1569 1560 1608 suo
1584 1568 1836 1608 reserva-

194 1646 268 1700 vit
299 1646 549 1716 judicio.
578 1645 637 1701 Si
672 1646 863 1700 omnia
892 1660 1143 1716 namque
1181 1645 1239 1699 in
1277 1646 1382 1699 hoc
1425 1646 1630 1699 saeculo
1664 1644 1839 1700 vindi-

1933 436 2132 491 oblatis
2175 436 2546 494 hisDomino
2593 438 2895 507 sacriﬁciis,
2935 439 3225 506 delentur,
3265 437 3475 493 idcirco
3515 441 3575 493 et

1932 529 2116 602 passio
2142 529 2262 600 ejus
2288 528 2347 582 in
2373 528 2462 583 his
2486 532 2987 587 commemoranda
3019 535 3124 598 est,
3154 548 3265 602 qua
3290 531 3575 604 redempti

1934 639 2151 690 sumus,
2175 625 2232 677 et
2256 622 2462 694 saepius
2486 623 2798 692 recitanda,
2820 627 2992 696 atque
3021 626 3144 679 haec
3172 625 3413 680 Domino
3441 625 3576 680 offe-

1933 717 2129 783 renda,
2189 715 2394 770 talibus
2449 716 2647 771 hostiis
2707 717 3099 786 delectabitur,
3147 720 3206 771 et
3256 717 3574 788 placabitur

1936 809 2227 878 Dominus,
2261 813 2316 864 et
2354 813 2582 880 peccata
2623 809 2873 864 dimittet
2913 809 3186 880 ingentia.
3225 810 3374 865 Nihil
3419 811 3573 865 enim

1937 902 1996 957 in
2021 902 2306 958 sacriﬁciis
2337 903 2518 974 majus
2551 918 2670 959 esse
2702 907 2891 975 potest
2915 919 3093 974 quam
3123 919 3326 974 corpus
3356 907 3415 958 et
3443 920 3569 958 san-

1939 996 2062 1067 guis
2108 995 2333 1051 Christi.
2363 997 2475 1050 Nec
2523 996 2641 1050 ulla
2693 996 2903 1051 oblatio
2947 995 3053 1050 hac
3101 996 3289 1067 potior
3327 1001 3430 1066 est,
3476 997 3575 1053 sed

1936 1089 2060 1143 hinc
2088 1105 2286 1144 omnes
2310 1087 2602 1159 praecellit.
2631 1089 2768 1153 Quae.
2797 1105 2938 1160 pura
2968 1088 3310 1144 conscientia
3337 1089 3576 1144 Domino

1939 1181 2230 1236 offerenda
2253 1187 2356 1249 est,
2380 1187 2438 1238 et
2461 1198 2606 1254 pura
2632 1185 2823 1238 mente
2851 1183 3149 1251 sumenda,
3171 1187 3342 1253 atque
3368 1181 3437 1236 ab
3463 1197 3578 1236 om-

1937 1274 2104 1329 nibus
2135 1275 2484 1331 veneranda.
2514 1277 2581 1330 Et
2611 1275 2754 1330 sicut
2784 1276 2976 1347 potior
3005 1279 3090 1331 est
3115 1275 3353 1345 caeteris,
3382 1275 3462 1330 ita
3484 1292 3579 1346 po-

1936 1367 2046 1421 tius
2100 1369 2276 1423 excoli
2331 1372 2388 1424 et
2441 1369 2698 1424 venerari
2755 1369 2944 1424 debet.
2995 1373 3217 1440 Aquam
3263 1368 3417 1423 enim
3467 1368 3581 1424 sale

1938 1477 2307 1531 conspersam
2369 1461 2597 1532 populis
2654 1461 3078 1531 benedicimus,
3144 1466 3210 1516 ut
3259 1477 3329 1516 ea
3391 1459 3580 1516 cuncti

1937 1553 2151 1624 aspersi
2186 1553 2612 1609 sanctiﬁcentur
2649 1571 2714 1608 ac
2744 1554 3137 1626 puriﬁcentur,
3182 1554 3334 1625 quod
3366 1557 3424 1609 et
3455 1570 3578 1608 om-

1936 1645 2104 1701 nibus
2132 1647 2516 1702 sacerdotibus
2541 1647 2867 1702 faciendum
2896 1665 3017 1702 esse
3045 1647 3406 1702 mandamus.
3437 1647 3580 1702 Nam

191 1745 312 1795 cata
338 1744 556 1808 essent,
575 1740 767 1793 locum
786 1738 974 1794 divina
992 1754 1110 1792 non
1128 1737 1412 1793 haberent
1421 1737 1659 1808 judicia.
1677 1738 1836 1801 Quod
1856 1733 1913 1805 B
1937 1738 1983 1792 si
2021 1739 2160 1794 cinis
2194 1739 2382 1795 vitulaa
2429 1757 2691 1811 aspersus
2733 1741 3007 1812 sanguine
3048 1741 3328 1812 populum
3371 1741 3580 1796 sancti-

193 1839 389 1888 autem
421 1833 497 1886 ad
523 1832 660 1886 alios
679 1831 902 1902 judices
929 1831 1086 1903 prius
1118 1848 1235 1886 non
1267 1830 1534 1898 debeant,
1569 1847 1741 1902 quam
1768 1831 1842 1886 ad

191 1927 515 1981 sacerdotes
563 1925 651 1979 vel
704 1925 994 1980 auditores
1040 1924 1296 1980 Ecclesiae
1342 1925 1626 1991 accusari,
1689 1925 1765 1980 ita
1809 1941 1842 1978 a

192 2025 456 2090 tempore
481 2017 876 2090 apostolorum
901 2021 959 2071 et
988 2017 1139 2072 infra
1164 2017 1530 2072 observatum
1558 2022 1614 2071 et
1635 2017 1842 2071 difﬁni-

193 2118 326 2166 tum
351 2111 694 2166 invenimus.
729 2111 789 2166 Si
823 2110 948 2183 quis
985 2127 1124 2183 erga
1153 2110 1483 2182 episcopum
1515 2110 1600 2166 vel
1625 2115 1843 2166 actores

193 2205 471 2258 Ecclesiae
500 2204 810 2275 quamlibet
837 2204 1130 2274 querelam
1157 2208 1254 2258 aut
1288 2203 1573 2259 actionem
1603 2204 1758 2274 juste
1785 2219 1843 2258 se

195 2297 419 2352 habere
447 2297 769 2367 crediderit,
798 2296 918 2368 ipse
951 2296 1344 2368 Redemptoris
1370 2297 1458 2350 sui
1493 2296 1672 2367 (cuius
1699 2295 1842 2350 actio

195 2396 392 2446 nostra
423 2395 513 2445 est
542 2389 847 2461 institutio)
879 2390 1099 2443 viarum
1130 2406 1243 2444 non
1277 2389 1601 2457 immemor,
1631 2390 1726 2444 sed
1755 2405 1841 2443 se-

197 2489 383 2538 ctator
415 2483 706 2556 egregius,
737 2483 838 2554 qui
876 2499 1006 2538 cum
1042 2483 1479 2538 malediceretur
1510 2499 1627 2538 non
1663 2482 1841 2537 male-

197 2577 447 2644 dicebat,
473 2577 575 2631 sed
599 2581 876 2648 tanquam
904 2577 1019 2630 ovis
1047 2593 1239 2631 coram
1268 2577 1538 2631 tondente
1564 2592 1622 2630 se
1641 2576 1842 2640 obmu-

197 2672 326 2740 tuit,
361 2687 430 2724 ac
469 2686 573 2741 pro
602 2670 714 2724 suis
743 2670 1200 2741 persecutoribus
1235 2669 1296 2723 in
1332 2685 1556 2725 crucem
1593 2669 1846 2740 pendens

198 2763 357 2835 apud
398 2765 632 2818 Patrem
662 2763 999 2831 intercessit,
1035 2779 1148 2817 non
1178 2762 1338 2834 prius
1371 2761 1642 2834 primates
1675 2778 1842 2834 supe-

198 2858 386 2912 riores
420 2861 523 2910 aut
555 2856 696 2911 alios
725 2855 952 2927 judices
981 2855 1146 2912 adeat
1177 2872 1351 2927 quam
1381 2857 1537 2927 ipsos
1573 2872 1606 2909 a
1642 2856 1847 2928 quibus

201 2967 261 3004 se
292 2952 506 3006 laesum
539 2950 801 3016 aestimat,
830 2949 1126 3004 conveniat
1151 2948 1524 3017 familiariter,
1548 2953 1604 3004 et
1627 2965 1746 3004 non
1765 2966 1848 3003 se-

201 3044 335 3114 mel,
367 3043 473 3097 sed
505 3043 835 3114 saepissime,
865 3047 929 3097 ut
953 3043 1023 3096 ab
1055 3042 1136 3096 eis
1164 3046 1262 3096 aut
1282 3058 1443 3096 suam
1457 3041 1740 3113 justitiam
1761 3031 1868 3096 ac:

201 3137 397 3208 cipiat,
428 3139 535 3190 aut
565 3136 721 3206 juste
753 3135 1191 3190 excusationem.
1231 3135 1368 3189 Boni
1399 3151 1605 3206 nempe
1635 3140 1692 3190 et
1718 3151 1848 3190 vere

202 3229 519 3284 Christiani
547 3229 792 3283 hominis
824 3233 908 3283 est
933 3245 1056 3284 rem
1082 3229 1263 3300 ipsam
1291 3227 1558 3283 omnibus
1587 3228 1849 3284 amicitiae

209 3340 273 3376 ac
305 3322 464 3394 pacis
491 3321 716 3393 legibus
752 3322 910 3394 prius
953 3325 1170 3376 tentare
1205 3337 1378 3392 quam
1406 3320 1464 3375 in
1489 3321 1702 3392 judicio
1733 3321 1848 3392 (ubi

206 3416 546 3487 frequenter
591 3414 980 3469 amarissimus
1020 3414 1230 3469 animae
1269 3431 1476 3469 rancor
1512 3413 1848 3485 innascitur)

209 3525 380 3562 suum
415 3509 515 3578 jus
557 3507 922 3579 pertinaciter
961 3507 1222 3578 experiri.
1264 3507 1322 3562 Si
1360 3506 1486 3579 quis
1526 3507 1678 3562 enim
1719 3523 1851 3562 cum

211 3602 341 3670 Deo,
392 3602 494 3674 qui
541 3601 695 3673 pacis
739 3606 825 3655 est
866 3605 1081 3670 auctor,
1127 3600 1379 3655 habitare
1417 3600 1624 3671 cupiat,
1661 3600 1711 3655 ei
1758 3616 1852 3655 ne-

215 3712 364 3751 cesse
409 3699 496 3750 est
537 3698 598 3748 ut
633 3711 828 3766 pacem
865 3693 1134 3766 inquirat.
1164 3693 1221 3748 Si
1263 3709 1401 3765 ergo
1447 3709 1606 3748 secus
1645 3694 1848 3764 egerit,

215 3789 281 3841 ab
317 3788 456 3859 ipsis
499 3793 558 3844 et
594 3787 664 3843 ab
700 3787 821 3842 aliis
853 3787 1260 3842 communione
1291 3787 1544 3858 privetur
1575 3790 1853 3858 tanquam

217 3882 602 3952 apostolorum
654 3882 999 3952 Petrumque
1055 3880 1298 3935 aliorum
1348 3884 1722 3952 contemptor.
1777 3881 1854 3935 De

220 3975 421 4048 quibus
449 3975 532 4030 ait
553 3976 830 4047 propheta
858 3992 872 4030 :
907 3996 936 4024 «
965 3976 1144 4030 Erunt
1169 3975 1330 4046 quasi
1354 3991 1468 4029 non
1495 3974 1626 4042 sint,
1650 3979 1706 4029 et
1733 3990 1855 4046 per-

218 4069 381 4124 ibunt
403 4069 515 4123 viri
542 4069 642 4140 qui
671 4068 1067 4124 contradicunt
1086 4068 1239 4123 vobis
1270 4067 1422 4141 (Isai.
1455 4085 1560 4136 XLI,
1599 4069 1702 4139 ll).
1729 4087 1756 4119 »

288 4164 348 4216 in
370 4166 866 4216 sacramentorum
889 4178 1114 4234 quoque
1137 4161 1538 4232 oblationibus,
1559 4177 1686 4233 quae
1707 4160 1856 4216 inter

221 4256 525 4310 missarum
563 4255 842 4310 solemnia
883 4256 1119 4310 Domino
1159 4255 1497 4323 offeruntur,
1533 4254 1716 4326 passio
1749 4254 1856 4308 Do-

223 4349 360 4404 mini
388 4349 682 4404 miscenda
710 4353 814 4419 est,
853 4354 918 4404 ut
947 4349 1088 4421 ejus,
1121 4350 1284 4421 cujus
1311 4365 1515 4420 corpus
1543 4353 1601 4403 et
1629 4348 1858 4419 sanguis

1943 1830 2142 1886 ﬁcabat
2193 1838 2362 1904 atque
2415 1833 2763 1900 mundabat,
2817 1834 2999 1888 multo
3048 1834 3229 1904 magis
3276 1849 3422 1904 aqua
3468 1833 3584 1887 sale

1941 1941 2166 1995 aspersa
2208 1925 2525 1998 divinisque
2567 1926 2829 1997 precibus
2857 1931 3096 1995 sacrata,
3137 1927 3418 1997 populum
3457 1943 3584 1980 san-

1943 2017 2150 2072 ctiﬁcat
2185 2021 2354 2089 atque
2398 2018 2655 2073 mundat.
2692 2020 2778 2086 Et,
2824 2019 2869 2072 si
2907 2019 3024 2074 sale
3054 2035 3284 2090 asperso
3319 2035 3427 2090 per
3467 2019 3581 2073 Eli-

1944 2126 2121 2164 saaum
2140 2110 2502 2182 prOphetam,
2530 2110 2792 2166 sterilitas
2819 2127 2983 2182 aqua:
3015 2114 3216 2165 sanata
3243 2116 3344 2178 est,
3368 2114 3582 2182 quanto
3634 2161 3641 2166 .

1942 2203 2124 2274 magis
2157 2203 2361 2258 divinis
2388 2204 2650 2275 precibus
2683 2207 2954 2269 sacratus,
2997 2203 3350 2259 sterilitatem
3389 2219 3584 2260 rerum

1943 2297 2128 2351 aufert
2159 2296 2570 2366 humanarum,
2609 2301 2665 2351 et
2705 2297 3102 2369 coinquinatos
3133 2296 3462 2366 sanctiﬁcat,
3491 2301 3581 2352 at-

1943 2405 2054 2461 que
2085 2390 2344 2457 mundat,
2376 2395 2432 2445 et
2471 2395 2772 2461 expurgat,
2807 2394 2863 2444 et
2891 2394 3095 2444 caetera
3123 2389 3270 2444 bona
3311 2389 3583 2460 multipli-

1945 2487 2051 2553 cat,
2098 2487 2155 2537 et
2197 2483 2429 2537 insidias
2472 2482 2680 2538 diaboli
2723 2483 2944 2550 avertit,
2993 2487 3049 2538 et
3091 2499 3125 2536 a
3169 2483 3587 2553 phantasmatis

1946 2574 2206 2630 versutiis
2249 2575 2543 2630 hominem
2583 2575 2870 2630 defendit!
2905 2575 3047 2628 Nam
3087 2574 3133 2628 si
3163 2579 3316 2630 tactu
3345 2574 3586 2629 ﬁmbriae

1946 2667 2267 2723 vestimenti
2321 2667 2622 2724 Salvatoris
2671 2669 2906 2723 salvatos
2957 2667 3221 2723 infirmos
3283 2684 3406 2722 esse
3471 2684 3586 2722 non

1948 2761 2296 2830 dubitamus,
2357 2765 2570 2833 quanto
2622 2761 2809 2832 magis
2862 2761 3068 2815 virtute
3123 2777 3416 2817 sacrorum
3467 2761 3589 2831 ejus

1947 2855 2249 2910 verborum
2279 2855 2549 2911 divinitus
2571 2860 2866 2910 sacrantur
2883 2855 3191 2925 elementa,
3213 2854 3421 2926 quibus
3447 2854 3592 2908 sani~

1945 2953 2126 3003 tatem
2156 2948 2406 3019 corporis
2432 2954 2488 3004 et
2507 2948 2713 3002 animae
2739 2949 2991 3003 humana
3016 2947 3258 3020 percipit
3276 2946 3586 3019 fragilitas!

1948 3041 2041 3096 His
2067 3057 2203 3113 ergo
2238 3046 2293 3097 et
2323 3041 2448 3095 aliis
2473 3041 2732 3096 instructi
2764 3041 3140 3107 documentis,
3178 3044 3310 3095 vota
3335 3040 3589 3111 singulo-

1947 3151 2078 3190 rum
2097 3133 2318 3189 Domini
2347 3134 2662 3190 sacerdotes
2688 3134 2973 3206 respicite,
3006 3137 3064 3190 et
3097 3133 3155 3188 in
3181 3135 3390 3189 virtute
3420 3132 3592 3204 Spiri-

1948 3231 2039 3283 tus
2078 3227 2257 3283 sancti
2295 3227 2498 3282 divinis
2539 3227 2823 3298 precibus,
2866 3243 2969 3298 per
3005 3226 3387 3282 ministerium
3431 3226 3592 3281 vobis

1951 3321 2219 3376 divinitus
2245 3322 2534 3390 collatum,
2565 3320 2840 3392 perﬁcere
2871 3323 3106 3376 certate.
3123 3321 3422 3376 Elementa
3447 3336 3590 3391 quo-

1951 3431 2080 3486 que,
2126 3418 2244 3470 tam
2275 3432 2344 3470 ea
2379 3431 2507 3487 quae
2548 3415 2918 3486 praediximus
2947 3430 3118 3486 quam
3157 3417 3361 3469 caetera
3391 3413 3596 3468 divinis

1952 3512 2083 3580 apta
2112 3507 2306 3563 usibus
2333 3513 2388 3562 et
2412 3508 2674 3562 humanis
2699 3507 3017 3562 necessaria
3045 3505 3472 3562 inﬁrmitatibus
3512 3523 3594 3561 sa-

1951 3606 2121 3671 crate,
2164 3601 2421 3655 inﬁrmos
2451 3604 2662 3671 curate,
2696 3606 2752 3657 et
2788 3607 2996 3656 caetera
3025 3616 3156 3672 quae
3185 3600 3259 3654 ad
3287 3617 3387 3656 vos
3417 3602 3594 3672 perti-

1953 3699 2092 3748 nent
2137 3693 2446 3765 diligenter
2487 3693 2764 3764 perﬁcite,
2812 3693 2932 3764 ipse
2983 3693 3141 3748 enim
3192 3693 3449 3749 Salvator
3502 3693 3598 3749 tri-

1951 3786 2179 3842 buendo
2219 3787 2380 3841 nobis
2421 3787 2765 3857 exemplum,
2813 3786 3103 3857 discipulis
3143 3787 3257 3839 suis
3296 3787 3418 3841 ait:
3463 3808 3491 3836 «
3533 3789 3596 3841 In

1951 3880 2185 3935 nomine
2206 3896 2334 3935 meo
2351 3879 2638 3934 daemonia
2658 3877 2872 3949 ejicite,
2892 3877 3155 3932 inﬁrmos
3175 3882 3388 3948 curate,
3412 3894 3596 3950 aegros

1953 3978 2168 4042 sanate,
2197 3974 2448 4044 leprosos
2478 3972 2776 4040 mundate,
2801 3976 2904 4026 etc.
2937 3971 3119 4043 Super
3143 3969 3399 4025 inﬁrmos
3425 3972 3596 4028 etiam

1953 4083 2160 4122 manus
2188 4067 2483 4138 imponite,
2519 4069 2576 4121 et
2603 4066 2748 4120 bene
2783 4065 3078 4119 habebunt
3107 4065 3300 4136 (Marc.
3329 4081 3442 4135 xv1,
3487 4067 3596 4137 l7).

2026 4161 2223 4216 Fidem
2263 4175 2489 4232 quoque
2525 4163 2733 4214 sanctae
2769 4157 3057 4213 Trinitatis
3095 4157 3173 4212 sic
3211 4158 3532 4213 docendam
3568 4176 3602 4214 a

1956 4253 2213 4309 Patribus
2262 4253 2620 4326 accepimus,
2673 4251 2939 4323 vobisque
2973 4251 3320 4306 tradendam
3363 4251 3603 4307 subditis

1957 4347 2332 4404 destinamus.
2384 4347 2552 4401 Isaias
2599 4362 2847 4417 namque
2901 4345 3183 4416 prOpheta
3226 4345 3306 4399 ait
3354 4362 3366 4399 :
3413 4366 3442 4395 «
3481 4343 3604 4401 Vidi

225 4443 540 4513 conﬁcitur,
565 4442 752 4514 passio
781 4442 1117 4514 celebretur,
1150 4444 1228 4499 ita
1255 4447 1338 4513 ut,
1370 4443 1614 4515 repulsis
1643 4442 1859 4514 opinio-
1878 4463 1937 4536 D
1960 4441 2267 4497 Dominum
2298 4440 2548 4496 Sabaoth
2577 4439 2876 4494 sedentem
2905 4455 3077 4510 super
3109 4438 3382 4493 thronum
3415 4439 3603 4494 excel-

224 4537 390 4592 nibus
429 4535 901 4608 superstitionum
933 4537 1096 4607 panis
1137 4542 1360 4594 tantum
1400 4541 1458 4592 et
1490 4536 1688 4592 vinum
1716 4553 1860 4609 aqua

228 4630 564 4702 permistum
592 4630 652 4685 in
678 4629 955 4685 sacriﬁcio
982 4629 1314 4687 offerantur.
1339 4631 1461 4686 Non
1482 4630 1650 4687 debet
1679 4630 1858 4701 enim,

229 4727 288 4778 ut
312 4741 348 4777 a
371 4724 632 4779 Patribus
656 4723 978 4796 accepimus
1003 4727 1060 4780 et
1082 4725 1203 4796 ipsa
1222 4725 1368 4780 ratio
1397 4725 1580 4795 docet,
1606 4725 1667 4779 in
1693 4723 1862 4779 calice

231 4818 474 4886 Domini,
503 4823 604 4873 aut
628 4818 824 4873 vinum
851 4819 1052 4890 solum,
1077 4824 1177 4874 aut
1203 4835 1351 4891 aqua
1377 4819 1495 4874 sola
1523 4817 1734 4887 oﬁ‘erri,
1762 4817 1862 4874 sed

234 4911 542 4977 utrumque
576 4907 936 4979 permistum,
959 4908 1090 4980 quia
1113 4912 1421 4981 utrumque
1450 4925 1517 4963 ex
1539 4909 1713 4965 latere
1741 4907 1864 4979 ejus

237 4999 288 5054 in
311 5002 579 5072 passione
601 5017 703 5056 sua
728 5001 1066 5073 proﬂuxisse
1093 5002 1317 5074 legitur;
1341 5002 1465 5075 ipsa
1490 5019 1624 5057 vero
1645 5001 1866 5057 Veritas

235 5105 333 5143 nos
353 5089 586 5144 instruit
613 5090 851 5146 calicem
874 5096 931 5147 et
954 5108 1166 5164 panem
1185 5092 1247 5148 in
1268 5097 1616 5147 sacramento
1637 5090 1863 5162 offerre,

238 5182 462 5252 quando
493 5183 572 5238 ait
601 5200 614 5237 :
640 5204 667 5235 α
698 5185 924 5256 Accepit
947 5187 1103 5240 Jesus
1125 5201 1336 5258 panem
1361 5189 1418 5241 et
1445 5184 1754 5254 benedixit,
1775 5185 1867 5240 de—

239 5274 424 5347 ditque
467 5275 757 5350 discipulis
795 5279 927 5350 suis,
971 5278 1204 5336 dicens:
1243 5278 1490 5350 Accipite
1530 5283 1587 5334 et
1622 5278 1865 5333 mandu-

243 5373 381 5435 cate,
418 5370 530 5425 hoc
568 5376 654 5426 est
695 5371 848 5426 enim
887 5389 1090 5445 corpus
1125 5389 1339 5443 meum,
1369 5373 1526 5445 quod
1566 5389 1670 5446 pro
1711 5373 1870 5428 vobis

244 5462 543 5519 tradetur.»
576 5463 855 5520 Similiter
882 5472 1180 5538 postquam
1209 5467 1463 5535 ccenavit,
1491 5467 1709 5539 accepit
1733 5466 1868 5522 cali-

244 5571 377 5624 cem,
409 5557 680 5630 deditque
713 5558 1001 5632 discipulis
1039 5561 1172 5632 suis,
1209 5561 1400 5618 dicens
1433 5578 1446 5616 :
1484 5583 1511 5610 ‹‹
1540 5560 1787 5632 Accipite
1814 5566 1872 5615 et

245 5646 408 5707 bibite
429 5668 496 5707 ex
518 5669 589 5708 eo
618 5669 840 5722 omnes,
869 5653 1005 5727 quia
1029 5654 1122 5709 hic
1149 5659 1233 5711 est
1258 5655 1396 5710 calix
1416 5654 1713 5727 sanguinis
1733 5653 1868 5726 mei,

244 5745 336 5815 qui
371 5763 473 5817 pro
507 5746 665 5801 vobis
695 5747 964 5802 fundetur
1000 5748 1054 5803 in
1087 5749 1478 5806 remissionem
1508 5755 1869 5822 peccatorum

1961 4552 2110 4604 sum,
2148 4539 2206 4590 et
2235 4532 2516 4606 Seraphin
2555 4533 2777 4588 stabant
2803 4532 2862 4587 in
2901 4531 3138 4586 circuitu
3178 4532 3317 4602 ejus,
3356 4547 3456 4586 sex
3497 4530 3605 4586 alte

1959 4629 2081 4698 uni,
2110 4631 2168 4684 et
2190 4643 2287 4684 sex
2313 4627 2419 4683 alae
2447 4625 2637 4696 alteri,
2674 4624 2896 4680 duabus
2933 4623 3196 4679 velabant
3222 4623 3430 4680 faciem
3461 4624 3604 4695 ejus,

1961 4723 2178 4778 duabus
2202 4721 2488 4789 volabant,
2513 4724 2572 4775 et
2599 4717 2924 4774 clamabant
2945 4717 3018 4772 ad
3039 4718 3397 4787 alterutrum,
3421 4717 3611 4774 dicen-

1962 4821 2047 4871 tes
2083 4833 2097 4870 :
2145 4816 2400 4885 Sanctus,
2443 4817 2686 4882 sanctus,
2741 4814 2970 4866 sanctus
3007 4811 3277 4867 Dominus
3316 4813 3462 4868 Deus
3505 4811 3606 4869 Sa-

1963 4909 2134 4965 baoth
2166 4910 2312 4980 (Is'ai.
2353 4924 2426 4978 VI,
2464 4907 2530 4977 l).
2570 4928 2598 4956 »
2639 4905 2693 4961 Si
2730 4905 2977 4960 Trinitas
3010 4921 3124 4961 non
3152 4910 3252 4974 est,
3283 4921 3462 4978 quare
3491 4912 3606 4962 ter-

1965 5003 2042 5059 tio
2067 5007 2293 5058 sanctus
2313 4999 2605 5056 dixerunt?
2627 5001 2727 5054 aut
2752 4999 2798 5054 si
2823 4999 3011 5054 unitas
3035 5017 3153 5055 non
3177 5003 3282 5070 est,
3306 5016 3481 5072 quare
3506 5001 3610 5055 sub

1964 5097 2114 5152 trina
2138 5095 2478 5169 repetitione
2515 5110 2696 5149 unum
2732 5095 2912 5149 Deum
2943 5109 3009 5148 ac
3042 5093 3352 5149 Dominum
3377 5094 3609 5149 intima-

1966 5191 2204 5247 verunt?
2233 5190 2289 5245 Si
2329 5188 2573 5244 Trinitas
2602 5203 2718 5243 non
2758 5191 2862 5255 est,
2905 5203 3010 5242 cur
3052 5186 3112 5242 in
3149 5188 3432 5243 Geneseos
3469 5187 3612 5241 libro

1968 5284 2214 5340 dicitur:
2247 5282 2395 5337 Dixit
2438 5283 2603 5352 Deus,
2645 5281 2782 5337 fecit
2824 5282 2979 5336 Deus
3022 5285 3079 5337 et
3105 5281 3392 5337 benedixit
3427 5279 3615 5334 Deus?

1969 5377 2026 5433 Si
2063 5378 2247 5433 unitas
2277 5392 2392 5432 non
2433 5380 2537 5444 est,
2569 5391 2746 5448 quare
2782 5375 2953 5431 tertio
2997 5374 3141 5430 dixit
3170 5392 3183 5429 :
3215 5375 3364 5428 Deus
3394 5377 3450 5427 et
3479 5373 3614 5427 deos

1969 5471 2174 5544 plurali
2213 5485 2451 5527 numero
2489 5485 2606 5525 non
2646 5468 3112 5525 commendavit?
3142 5467 3202 5524 Si
3229 5466 3468 5522 Trinitas
3496 5481 3613 5521 non

1972 5569 2075 5635 est,
2112 5581 2284 5637 quare
2313 5565 2371 5618 in
2405 5563 2598 5618 Exodo
2626 5564 2839 5619 dictum
2878 5565 2962 5618 est
3001 5559 3167 5615 tertio
3199 5575 3213 5614 :
3244 5558 3477 5613 Domine
3510 5561 3613 5614 Do-

1973 5659 2148 5728 mine,
2192 5658 2490 5714 miserator
2529 5662 2586 5713 et
2628 5656 2990 5712 misericors?
3030 5654 3088 5709 Si
3131 5652 3315 5708 unitas
3349 5668 3464 5708 non
3505 5659 3608 5724 est,

1975 5770 2148 5826 quare
2177 5752 2314 5808 dum
2346 5753 2535 5824 tertio,
2569 5769 2601 5805 ο
2631 5750 2888 5816 Domine,
2935 5748 3167 5816 diceret,
3201 5752 3391 5818 postea
3421 5749 3615 5822 singu-
