4046 6188
428 266 496 319 95
1323 257 1607 313 APPEND.
1650 256 1739 311 AD
1778 256 1939 311 S/EC.
1984 256 2068 310 IX.
2103 281 2170 297 --
2202 254 2446 311 lSlDORl
2486 252 2908 308 MERCATORIS
3724 252 3794 302 96

429 369 628 424 lariter
653 367 948 423 miserator
973 364 1131 434 dixit,
1156 367 1212 418 et
1235 379 1353 418 non
1379 363 1753 433 miseratores,
1780 369 1846 418 ut
1868 363 2063 435 plures
2083 364 2276 448 Ανὶῐῖ
2323 362 2374 418 Si
2418 361 2657 416 Trinitas
2699 376 2818 414 non
2862 362 2965 427 est,
3012 374 3184 430 quare
3232 358 3291 412 in
3331 356 3536 411 eodem
3582 355 3799 410 dicitur

430 462 780 529 ostenderet,
844 458 1161 513 intimavit?
1215 457 1271 512 Si
1320 457 1564 511 Trinitas
1615 473 1731 512 non
1781 459 1894 524 est,
1962 473 2063 510 cur

427 556 711 611 Abraham
748 552 819 606 ad
862 551 1047 606 ilicem
1097 549 1348 605 Mambre
1382 549 1592 605 'sedens
1629 550 1921 620 tribusque
1964 565 2062 603 oc-

427 662 679 715 currens,
703 645 824 713 uni,
849 644 1107 713 Domine,
1139 643 1301 712 dixit,
1327 645 1383 698 et
1415 659 1531 697 non
1560 647 1622 696 ut
1645 642 1860 696 viderat
1885 641 2062 695 tribus

427 737 773 795 salutationis
803 736 1137 808 obsequium
1177 735 1470 791 reddidit?
1500 735 1557 790 Si
1588 734 1775 789 unitas
1805 751 1919 789 non
1955 739 2058 802 est,

426 848 526 886 cur
555 847 685 886 cum
705 831 875 901 Moysi
903 831 1049 884 Deus
1075 829 1361 884 Abraham
1393 832 1448 885 et
1476 829 1624 882 Deus
1653 829 1802 882 Isaac
1831 831 1886 882 et
1913 829 2061 882 Deus

426 923 610 991 Jacob,
632 923 802 979 tertio
835 922 1068 991 diceret,
1092 922 1375 977 unitatem
1407 921 1708 976 ostendens
1739 937 1751 975 :
1781 921 1887 975 hoc
1916 921 2059 975 mihi

425 1032 640 1072 nomen
666 1031 806 1082 esse,
834 1015 996 1082 dixit,
1027 1020 1081 1069 et
1109 1031 1244 1083 non,
1273 1015 1396 1068 haec
1425 1019 1555 1068 sunt
1582 1017 1775 1068 nostra
1803 1014 2058 1082 nomina,

337 1150 344 1156 -
428 1107 787 1180 designavit?
818 1107 876 1162 Si
913 1107 1158 1162 Trinitas
1197 1123 1312 1162 non
1352 1112 1455 1174 est,
1489 1123 1664 1178 quare
1695 1107 1871 1160 David
1895 1107 2062 1161 tertio

428 1201 604 1258 dixit:
641 1220 669 1252 ‹‹
700 1200 1000 1255 Benedicat
1025 1217 1130 1255 nos
1155 1201 1324 1268 Deus,
1347 1201 1494 1254 Deus
1519 1204 1732 1269 noster,
1761 1199 2064 1254 benedicat

431 1312 534 1349 nos
563 1295 708 1349 Deus
739 1294 906 1365 (Psal.
940 1309 1084 1362 va1,
1121 1294 1202 1364 8)?
1225 1314 1252 1342 ››
1285 1293 1343 1348 Si
1372 1293 1562 1348 unitas
1590 1308 1704 1346 non
1747 1296 1851 1360 est,
1884 1308 2061 1363 quare

429 1403 560 1442 cum
587 1386 753 1440 tertio
780 1387 956 1441 Deum
980 1386 1350 1455 nominasset,
1373 1385 1670 1440 benedicat
1687 1383 1848 1454 dixit,
1873 1388 1931 1438 et
1947 1401 2061 1439 non

429 1480 787 1547 benedicant,
814 1479 1114 1550 adjunxit?
1140 1479 1193 1534 Si
1221 1479 1464 1534 Trinitas
1492 1495 1607 1533 non
1635 1482 1738 1548 est,
1771 1494 1872 1532 cur
1896 1477 2063 1532 Isaias

430 1574 616 1629 denuo
645 1572 824 1627 dixit:
861 1592 886 1624 «
918 1573 1192 1629 Dominus
1228 1573 1377 1626 Deus
1415 1571 1684 1638 Sabaoth,
1723 1571 1865 1625 Deus
1893 1571 2063 1626 Israel

429 1668 528 1739 qui
571 1666 733 1721 sedes
775 1682 947 1737 super
983 1664 1288 1722 Cherubim
1333 1667 1479 1735 (1εαὶ.
1519 1680 1725 1731 xxxvn,
1770 1664 1895 1735 l8)?
1933 1683 1960 1712 »
2005 1663 2060 1718 Si

2162 457 2308 510 libro
2334 473 2346 510 :
2375 475 2402 507 «
2431 455 2706 509 Dominus
2727 453 2871 507 Deus
2897 457 3048 519 tuus,
3072 453 3219 506 Deus
3243 467 3490 522 magnus
3511 451 3567 503 et
3585 452 3798 521 potens

2161 549 2284 604 est?
2326 571 2353 598 »
2393 549 2450 604 Si
2489 546 2678 601 unitas
2715 563 2829 600 non
2868 551 2970 615 est,
3000 562 3177 618 quare
3214 560 3461 615 magnus
3495 545 3552 596 et
3593 546 3800 613 potens

2159 642 2452 713 pluraliter
2477 657 2594 695 non
2624 639 3002 695 nominatur?
3036 639 3090 694 Si
3123 638 3361 692 Trinitas
3400 653 3514 691 non
3555 639 3659 703 est,
3691 652 3798 690 cur

2160 736 2359 791 Tobias
2403 750 2534 788 cum
2580 733 2761 788 ﬁlium
2807 749 2972 786 suum
3014 731 3072 786 in
3117 732 3298 803 Rages
3333 730 3620 784 civitatem
3656 745 3794 784 cum

2163 828 2415 900 Raphael
2456 827 2800 898 archangelo
2841 826 3124 891 mitteret,
3162 823 3505 879 benedicens
3545 840 3669 887 eos,
3714 822 3798 876 ita

2161 921 2366 976 dixisse
2393 921 2630 976 docetur
2662 937 2675 975 :
2706 939 2733 970 «
2762 919 2911 973 Deus
2942 918 3245 984 Abraham,
3279 921 3337 971 et
3366 918 3514 972 Deus
3542 917 3709 984 Isaac,
3740 920 3800 968 et

2162 1016 2306 1070 Deus
2347 1015 2515 1070 Jacob
2559 1014 2680 1086 ipse
2731 1012 2966 1083 impleat
3009 1010 3472 1066 benedictionem
3520 1025 3678 1064 suam
3735 1009 3796 1062 in

2160 1108 2314 1163 vobis
2331 1107 2360 1161 ?
2386 1129 2413 1156 ››
2445 1106 2499 1162 Si
2531 1107 2721 1162 unitas
2746 1122 2862 1159 non
2893 1109 2996 1171 est,
3024 1120 3201 1175 quare
3227 1103 3346 1174 ipse
3372 1103 3602 1173 impleat
3624 1101 3796 1165 dixit,

2162 1205 2220 1256 et
2249 1217 2364 1256 non
2395 1199 2503 1272 ipsi
2527 1199 2806 1270 impleant
2831 1196 3147 1252 intimavit?
3173 1198 3458 1251 Postremo
3479 1195 3522 1249 si
3548 1195 3798 1249 Trinitas

2160 1310 2275 1349 non
2320 1296 2442 1362 est,
2486 1309 2660 1365 quare
2710 1290 2986 1345 Dominus
3033 1290 3341 1360 discipulos
3393 1305 3522 1343 suos
3579 1287 3637 1341 in
3684 1303 3793 1341 no-

2161 1386 2316 1442 mine
2358 1385 2555 1453 Patris,
2600 1388 2657 1439 et
2703 1383 2846 1450 Filii,
2890 1387 2945 1438 et
2989 1382 3231 1454 Spiritus
3272 1381 3453 1436 sancti
3501 1380 3797 1435 universas

2163 1484 2360 1551 gentes
2387 1479 2541 1534 misit
2577 1476 2905 1550 baptizare?
2929 1475 2984 1531 Si
3014 1474 3201 1530 unitas
3236 1491 3353 1529 non
3382 1479 3484 1541 est,
3519 1489 3693 1544 quare
3735 1473 3795 1526 in

2163 1573 2396 1628 nomine
2427 1572 2588 1640 dixit,
2608 1576 2664 1627 et
2685 1588 2798 1626 non
2827 1570 2885 1624 in
2915 1569 3238 1624 nominibus
3263 1566 3642 1638 praecipiendo
3661 1582 3794 1636 per-

2162 1665 2375 1721 docuit.
2410 1664 2469 1719 Si
2499 1663 2739 1718 Trinitas
2767 1679 2881 1718 non
2913 1665 3027 1727 est,
3061 1677 3239 1733 quare
3266 1659 3471 1714 Paulus
3505 1658 3799 1730 apostolus

431 1760 615 1816 unitas
652 1776 767 1815 non
811 1761 923 1829 est,
977 1775 1081 1814 cur
1134 1758 1231 1829 qui
1281 1759 1440 1814 sedes
1485 1757 1628 1814 dixit
1679 1761 1737 1812 et
1796 1759 1908 1811 non
1963 1743 2282 1828 quiBait:
2320 1779 2347 1807 «
2381 1758 2460 1811 Ex
2503 1757 2645 1828 ipso,
2687 1759 2744 1810 et
2781 1773 2886 1826 per
2927 1754 3111 1825 ipsum
3144 1757 3201 1808 et
3238 1753 3296 1808 in
3339 1753 3462 1824 ipso
3501 1757 3633 1806 sunt
3670 1767 3795 1805 om-

431 1853 640 1908 sedetis
677 1852 953 1908 astruxit?
992 1852 1051 1908 Si
1087 1851 1334 1906 Trinitas
1376 1868 1489 1907 non
1531 1855 1634 1919 est,
1677 1866 1778 1906 cur
1819 1850 1878 1904 in
1914 1849 2059 1904 libro

432 1947 758 2016 Regnorum
773 1945 981 2000 dicitur
995 1963 1011 1999 :
1029 1964 1057 1996 α
1078 1943 1341 2014 Domine,
1362 1945 1509 1999 Deus
1525 1943 2061 2015 omnipotens,Deus

427 2038 620 2106 Israel,
645 2054 936 2095 sermones
955 2037 1040 2092 tui
1065 2036 1262 2091 ﬁdeles
1287 2036 1504 2090 sunt?»
1528 2036 1587 2090 Si
1614 2037 1798 2091 unitas
1817 2053 1933 2092 non
1955 2039 2059 2104 est,

431 2146 532 2186 cur
567 2131 651 2186 tui
693 2131 898 2185 dicitur
927 2133 984 2186 et
1024 2147 1138 2184 non
1183 2129 1352 2184 vestri
1396 2130 1582 2199 potius
1627 2129 1973 2184 intimatur?
2007 2127 2060 2183 Si

430 2223 670 2278 Trinitas
717 2239 831 2278 non
883 2228 992 2288 est,
1049 2239 1151 2275 cur
1203 2223 1264 2276 in
1321 2222 1538 2292 psalmo
1591 2221 2063 2293 quinquagesimo

433 2323 626 2370 octavo
674 2317 957 2381 cantatur,
1005 2334 1031 2365 ‹‹
1077 2313 1316 2368 Domine
1369 2315 1517 2368 Deus
1562 2313 1869 2381 virtutum,
1920 2315 2064 2370 Deus

433 2404 621 2472 Israel,
669 2403 900 2459 intende
943 2402 1014 2456 ad
1061 2401 1364 2456 visitandas
1409 2417 1604 2457 omnes
1648 2403 1889 2473 gentes?
1932 2422 1959 2454 »
2009 2402 2063 2457 Si

433 2497 619 2552 unitas
647 2513 760 2551 non
792 2499 894 2565 est,
925 2512 1028 2550 cur
1054 2495 1284 2550 intende
1314 2495 1502 2564 posuit
1536 2499 1593 2550 et
1619 2511 1734 2550 non
1766 2495 2060 2564 intendite,

429 2595 495 2646 ut
522 2590 864 2662 praedicatus
889 2593 973 2644 est
998 2588 1280 2643 intimavit
1297 2589 1323 2642 ?
1349 2587 1400 2644 Si
1432 2588 1671 2643 Trinitas
1699 2605 1812 2642 non
1838 2591 1942 2654 est,
1965 2604 2065 2642 cur

432 2685 490 2739 in
517 2683 853 2756 Apocalypsi
876 2682 1046 2738 tertio
1075 2681 1213 2738 dixit
1240 2699 1252 2737 :
1286 2704 1313 2731 ‹‹
1346 2682 1580 2738 Sanctus
1614 2682 1888 2736 Dominus
1917 2683 2064 2738 Deus

432 2777 830 2848 omnipotens,
889 2776 986 2848 qui
1043 2781 1154 2843 est,
1215 2780 1272 2832 et
1319 2775 1416 2846 qui
1479 2776 1640 2829 erat?
1689 2796 1716 2824 »
1765 2775 1819 2831 Si
1874 2775 2064 2829 unitas

2159 1850 2303 1906 nia?
2345 1871 2374 1899 »
2415 1850 2472 1905 Si
2511 1849 2702 1904 unitas
2742 1864 2858 1902 non
2901 1851 3006 1914 est,
3046 1862 3220 1918 quare
3259 1862 3328 1901 ex
3366 1846 3489 1916 ipso
3519 1843 3710 1916 posuit
3742 1850 3802 1898 et

2160 1961 2278 2000 non
2305 1960 2373 1999 ex
2399 1943 2535 2014 ipsis
2564 1941 2841 1997 astruxit?
2873 1940 2932 1995 Si
2958 1939 3114 1996 enim
3141 1943 3295 1994 certo
3327 1939 3532 1993 certius
3558 1936 3803 1992 volueri-

2161 2037 2234 2093 tis
2271 2037 2547 2092 unitatem
2581 2034 2869 2090 Trinitatis
2905 2049 3234 2104 agnoscere,
3269 2049 3301 2086 a
3329 2047 3477 2102 saepe
3508 2030 3659 2085 dicto
3690 2029 3800 2083 do-

2162 2135 2316 2186 ctore
2344 2129 2598 2200 gentium
2627 2127 2897 2199 Apostolo
2925 2125 3160 2198 potestis
3183 2125 3448 2180 universa
3471 2124 3802 2178 condiscere

2164 2228 2220 2281 et
2255 2224 2413 2297 sequi
2446 2221 2781 2278 catholicam
2813 2220 3008 2287 fidem,
3037 2224 3094 2274 et
3124 2220 3331 2274 horum
3361 2234 3631 2289 respuere
3661 2233 3797 2287 pra-

2161 2317 2413 2372 vitatem.
2456 2315 2644 2370 Gratia
2682 2313 2903 2370 Domini
2941 2313 3118 2368 nostri
3149 2314 3278 2367 Jesu
3321 2311 3525 2366 Christi
3571 2309 3798 2380 (inquit)

2163 2416 2218 2465 et
2244 2410 2486 2464 Charitas
2505 2407 2609 2463 Dei
2639 2410 2722 2461 est
2747 2405 3190 2461 communicatio
3217 2404 3393 2458 sancti
3415 2403 3657 2475 Spiritus
3676 2403 3803 2473 ipsa

2164 2507 2220 2558 et
2268 2503 2446 2557 Patris
2492 2506 2549 2558 et
2590 2500 2732 2570 Filii,
2775 2504 2833 2554 et
2876 2499 3114 2570 Spiritus
3155 2498 3331 2553 sancti
3381 2497 3578 2568 gratia,
3621 2501 3678 2551 et
3721 2497 3803 2549 sic

2162 2596 2335 2652 fidem
2362 2599 2566 2650 sancta:
2593 2593 2878 2650 Trinitatis
2908 2596 2964 2646 et
2991 2591 3310 2662 intelligere
3342 2595 3398 2646 et
3432 2591 3656 2657 docere,
3684 2589 3801 2643 Do-

2162 2689 2319 2744 mino
2343 2688 2670 2759 adjuvante,
2702 2685 2950 2757 pleniter
2974 2685 3222 2756 potestis.

2236 2782 2448 2837 Idcirco
2484 2779 2677 2851 igitur,
2706 2777 3045 2846 charissimi,
3079 2777 3215 2831 fidei
3244 2777 3473 2848 regulas
3493 2775 3654 2846 juxta
3683 2775 3801 2831 hu-

431 2886 550 2926 non
587 2874 690 2938 est,
736 2885 912 2942 quare
952 2868 1051 2940 qui
1089 2873 1176 2924 est
1211 2873 1268 2923 et
1303 2883 1420 2924 non
1462 2867 1560 2939 qui
1599 2871 1730 2922 sunt
1767 2868 2066 2939 pluraliter
2155 2877 2252 2947 jus
2282 2873 2533 2945 epistolas
2561 2874 2735 2928 ﬁnem
2761 2871 3073 2942 posuimus,
3103 2874 3167 2925 ut
3203 2870 3260 2926 in
3291 2871 3413 2940 ejus
3438 2869 3802 2924 confessione

435 2961 806 3033 designatur?
844 2961 898 3016 Si
937 2961 1178 3016 Trinitas
1209 2977 1326 3016 non
1364 2965 1464 3028 est,
1499 2976 1670 3033 quare
1702 2961 1760 3016 in
1800 2962 2063 3016 Deutero-

2165 2967 2406 3024 ﬁdeliter
2437 2982 2881 3038 perseveremus,
2922 2969 2997 3031 et,
3036 2963 3277 3018 Domino
3323 2962 3649 3029 auxiliante,
3689 2963 3802 3016 bo—

433 3056 628 3111 nomio
654 3054 868 3110 dictum
897 3060 982 3112 est
1008 3071 1021 3109 :
1054 3073 1082 3106 «
1110 3055 1379 3109 Dominus
1408 3055 1555 3109 Deus
1591 3060 1720 3110 tuus
1747 3054 2064 3110 misericors
2087 3105 2135 3128 η
2163 3078 2301 3117 nam
2329 3061 2500 3116 fidem
2526 3059 2735 3114 habere
2763 3074 3110 3114 mereamur.
3142 3077 3168 3108 «
3197 3057 3530 3128 Quicunque
3556 3055 3807 3112 voluerit

1064 3105 1067 3106 κ
1110 3105 1374 3109 ____--_-_-
1408 3105 1550 3109 --ψ
2165 3105 2301 3117 .......
2329 3105 2500 3116 ηπ...
2527 3105 2735 3114 ..-μη
2763 3105 3110 3114 ------_---_-.
3148 3105 3168 3108 ..
3203 3105 3529 3128 ,ρης-γ-

434 3152 522 3204 est
541 3151 597 3205 et
619 3149 810 3204 audiet
833 3164 1032 3204 vocem
1055 3147 1258 3202 tuam?
1282 3169 1310 3197 »
1331 3147 1384 3204 Si
1408 3147 1596 3204 unitas
1620 3164 1738 3203 non
1761 3153 1864 3217 est,
1889 3163 2065 3219 quare
2083 3105 2138 3179 Ο
2165 3170 2285 3210 esse
2312 3153 2528 3209 amicus
2553 3153 2745 3207 saeculi
2775 3152 2964 3222 hujus,
2995 3149 3256 3204 inimicus
3284 3149 3383 3204 Dei
3409 3148 3802 3204 constituitur.

432 3242 624 3316 posuit
649 3241 861 3312 audiet,
897 3246 953 3299 et
993 3258 1106 3297 non
1133 3241 1366 3298 audient
1393 3240 1712 3297 intimavit?
1745 3241 1800 3297 Si
1823 3241 2065 3297 Trinitas
2163 3251 2245 3304 An
2283 3247 2496 3319 putatis
2540 3246 2676 3318 quia
2717 3245 2967 3301 inaniter
3000 3243 3289 3314 scriptura
3319 3242 3460 3297 dixit
3489 3258 3502 3296 ε
3541 3241 3612 3296 ad
3652 3241 3803 3296 invi-

433 3352 548 3392 non
568 3341 670 3406 est,
699 3352 872 3407 quare
895 3335 952 3391 in
973 3337 1105 3391 Jesu
1129 3336 1278 3390 Nave
1300 3334 1510 3390 dicitur
1528 3334 1673 3391 libro
1702 3353 1716 3389 :
1745 3354 1772 3386 «
1798 3335 2065 3390 Dominus
2166 3340 2322 3395 diam
2359 3337 2707 3409 concupiscit
2737 3337 2968 3409 spiritus
3000 3336 3097 3407 qui
3125 3335 3342 3390 habitat
3368 3334 3427 3389 in
3456 3334 3654 3389 vobis?
3682 3335 3803 3389 Ma-

431 3431 580 3486 Deus
600 3429 840 3485 deorum
860 3429 990 3485 est?
1013 3451 1040 3478 »
1059 3429 1119 3484 Si
1135 3429 1326 3484 unitas
1341 3444 1454 3484 non
1473 3433 1578 3496 est,
1601 3444 1779 3500 quare
1801 3433 1884 3486 est
1899 3427 2061 3499 dixit,
2158 3434 2345 3504 jorem
2366 3438 2560 3487 autem
2583 3432 2677 3486 dat
2691 3430 2956 3502 gratiam,
2976 3433 3210 3501 prOpter
3224 3428 3376 3499 quod
3398 3427 3606 3483 dicitur
3622 3444 3634 3481 :
3651 3429 3804 3482 Deus

434 3529 491 3580 et
526 3541 644 3579 non
681 3529 832 3594 sunt,
876 3539 1038 3578 more
1077 3522 1402 3590 locutionis,
1429 3521 1697 3576 induxit?
1725 3521 1786 3577 Si
1822 3521 2065 3576 Trinitas

432 3634 548 3673 non
589 3620 692 3685 est,
733 3632 906 3688 quare
950 3616 1095 3670 Elias
1136 3615 1425 3688 loquendo
1462 3616 1522 3670 in
1564 3615 1849 3684 oratione;
1892 3634 1920 3666 α
1957 3616 2061 3669 Do-

434 3711 609 3781 mine,
639 3710 876 3765 Domine
901 3710 1046 3764 Deus
1076 3710 1244 3764 Israel
1279 3709 1536 3777 ostende,
1565 3709 1698 3781 quia
1737 3711 1794 3762 tu
1837 3725 1895 3764 es
1919 3709 2066 3764 Deus

433 3821 596 3860 meus
628 3803 800 3859 dixit?
841 3825 868 3853 »
901 3803 952 3859 Si
984 3803 1172 3858 unitas
1208 3819 1325 3858 non
1362 3807 1464 3870 est,
1497 3819 1672 3875 quare
1701 3803 1935 3858 ostende
1961 3819 2063 3874 po-

434 3898 576 3969 suit,
624 3901 681 3953 et
725 3913 840 3952 non
895 3896 1221 3954 ostendite?
1265 3896 1320 3952 Si
1363 3895 1603 3951 Trinitas
1641 3912 1758 3951 non
1807 3901 1921 3961 est,
1967 3912 2067 3948 cur

431 3991 815 4047 Mardochzeus
841 3991 1054 4045 orando
1085 4006 1098 4044 :
1137 4011 1164 4037 ‹‹
1193 3988 1432 4044 Domine
1460 3989 1721 4058 Domine,
1753 3989 1900 4041 Deus
1936 4003 2063 4040 om-

432 4084 719 4155 nipotens,
765 4083 960 4136 omnia
999 4082 1057 4135 in
1099 4083 1378 4151 potestate
1424 4082 1519 4133 tua
1558 4084 1689 4133 sunt
1729 4078 1912 4133 dixit?
1943 4098 1971 4129 »
2010 4078 2066 4133 Si

435 4176 621 4230 unitas
645 4190 761 4228 non
793 4178 896 4240 est,
923 4189 1098 4244 quare
1125 4173 1183 4226 in
1209 4175 1306 4226 tua
1332 4171 1542 4243 posuit,
1573 4175 1630 4225 et
1652 4187 1769 4226 non
1797 4173 1855 4226 in
1881 4175 2066 4225 vestra

435 4267 722 4339 signavit?
775 4265 830 4321 Si
877 4265 1118 4320 Trinitas
1175 4281 1290 4320 non
1333 4267 1447 4334 est,
1503 4281 1606 4319 cur
1651 4264 1820 4320 etiam
1873 4265 2065 4320 Judith

434 4361 647 4416 orando
687 4359 830 4414 dixit
878 4376 891 4414 :
940 4382 967 4409 ‹‹
1015 4358 1271 4428 Domine,
1318 4357 1577 4427 Domine,
1620 4358 1766 4413 Deus
1804 4357 2063 4413 omnium

2163 3525 2420 3598 superbis
2440 3524 2670 3594 resistit,
2695 3523 3006 3580 humilibus
3026 3524 3218 3577 autem
3248 3521 3347 3576 dat
3367 3521 3629 3592 gratiam.
3653 3520 3799 3575 Sub-

2165 3620 2268 3675 diti
2302 3619 2478 3690 igitur
2521 3621 2700 3673 estote
2750 3619 2885 3684 Deo,
2931 3615 3174 3671 resistite
3227 3619 3416 3670 autem
3463 3613 3691 3669 diabolo
3745 3618 3804 3668 et

2166 3714 2344 3785 fugiet
2371 3729 2403 3766 a
2426 3711 2602 3766 vobis.
2633 3710 3102 3782 Appropinquate
3133 3707 3374 3764 Domino
3401 3712 3457 3762 et
3483 3707 3800 3779 appropin-

2165 3807 2365 3879 quabit
2390 3805 2562 3860 vobis.
2587 3803 2905 3858 Emundate
2932 3802 3090 3857 vobis
3118 3818 3342 3868 manus,
3369 3804 3710 3872 peccatores,
3744 3805 3806 3855 et

2166 3898 2459 3970 puriﬁcate
2499 3898 2684 3968 corda,
2735 3896 2988 3968 duplices
3032 3895 3248 3950 animo.
3292 3895 3475 3949 Miseri
3520 3897 3695 3948 estote
3745 3899 3804 3947 et

2166 3992 2358 4063 lugete
2399 3997 2454 4046 et
2489 3992 2733 4062 plorate,
2766 3990 2912 4044 risus
2949 3993 3133 4045 vester
3162 3989 3219 4042 in
3261 3989 3476 4042 luctum
3516 3989 3806 4041 converte-

2167 4090 2280 4154 tur,
2307 4090 2363 4141 et
2392 4084 2668 4156 gaudium
2702 4084 2759 4138 in
2785 4099 3120 4152 maerorem,
3156 4080 3540 4136 humiliamini
3572 4080 3631 4133 in
3660 4096 3802 4134 con-

2166 4181 2360 4250 spectu
2404 4177 2661 4244 Domini,
2703 4179 2762 4231 et
2797 4175 3068 4231 exaltabit
3107 4191 3222 4230 vos.
3270 4175 3447 4229 Nolite
3492 4173 3803 4228 detrahere

2166 4271 2324 4326 vobis
2372 4272 2728 4338 alterutrum,
2784 4271 2987 4325 fratres
3029 4269 3174 4338 mei,
3228 4268 3362 4340 quia
3415 4267 3513 4338 qui
3554 4265 3808 4321 detrahit

2165 4365 2324 4420 fratri
2355 4368 2455 4420 aut
2479 4364 2577 4436 qui
2604 4363 2823 4435 judicat
2853 4365 3086 4420 fratrem
3109 4378 3298 4432 suum,
3328 4360 3576 4416 detrahit
3602 4358 3721 4431 legi
3747 4365 3806 4414 et

436 4455 730 4526 Virtutum,
767 4452 982 4525 respice
1014 4453 1072 4507 in
1107 4452 1422 4507 orationem
1452 4469 1639 4508 meam
1660 4452 1688 4507 ?
1720 4472 1747 4503 ι)
1781 4453 1837 4508 Si
1877 4452 2065 4508 unitas
2083 4471 2142 4543 D
2158 4458 2381 4532 judicat
2404 4458 2613 4529 legem.
2642 4457 2696 4512 Si
2723 4461 2912 4512 autem
2925 4455 3152 4527 judicas
3171 4456 3376 4528 legem,
3399 4470 3516 4509 non
3541 4470 3601 4508 es
3619 4453 3806 4507 factor

434 4563 549 4606 non
577 4553 680 4616 est,
715 4564 892 4621 quare
928 4546 1143 4618 respice
1178 4551 1235 4602 et
1261 4563 1379 4602 non
1419 4546 1680 4618 respicite
1713 4546 2066 4619 designavit?

435 4643 491 4698 Si
516 4643 757 4698 Trinitas
784 4657 900 4697 non
931 4645 1034 4711 est,
1064 4657 1238 4712 quare
1268 4640 1328 4694 in
1355 4640 1594 4695 Ieremia
1624 4639 1869 4695 dicitur:
1904 4661 1931 4692 «
1961 4640 2067 4694 Do-

434 4736 626 4791 minus
657 4737 802 4792 Deus
838 4740 1042 4805 vester,
1073 4735 1220 4789 Deus
1252 4749 1422 4788 verax
1447 4734 1574 4788 est?
1602 4753 1631 4785 ››
1662 4733 1716 4789 Si
1744 4734 1927 4788 unitas
1952 4749 2065 4788 non

435 4832 542 4900 est,
573 4845 746 4902 quare
776 4845 940 4883 verax
977 4831 1061 4882 est
1093 4827 1251 4899 dixit,
1283 4830 1340 4883 et
1368 4843 1483 4882 non
1514 4843 1745 4882 veraces
1771 4827 1958 4898 potius
1989 4827 2068 4881 in-

436 4922 698 4977 timavit?
727 4921 782 4978 Si
819 4921 1062 4976 Trinitas
1101 4937 1219 4976 non
1261 4924 1364 4991 est,
1407 4937 1584 4993 quare
1628 4921 1688 4974 in
1730 4919 2068 4992 Apocalypsi

434 5017 711 5087 scriptum
742 5019 824 5071 est
857 5031 870 5069 :
904 5034 931 5066 (ι
956 5013 1228 5068 Dominus
1253 5015 1400 5068 Deus
1425 5019 1483 5069 et
1510 5013 1740 5085 spiritus
1765 5014 2068 5085 propheta-

435 5127 585 5179 rum,
603 5109 763 5164 misit
789 5107 1062 5179 angelum
1092 5123 1260 5162 suum
1285 5107 1588 5162 ostendere
1609 5107 1783 5162 servis
1803 5107 1919 5161 suis
1937 5123 2066 5182 qua:

435 5196 662 5276 oportet
679 5202 800 5257 fieri
821 5201 930 5256 cito
943 5201 971 5255 ?
991 5223 1017 5250 ››
1032 5201 1087 5256 Si
1109 5200 1297 5255 unitas
1313 5217 1427 5255 non
1450 5206 1551 5269 est,
1571 5217 1672 5256 cur
1692 5217 1820 5255 cum
1839 5202 2067 5256 Patrem

437 5302 496 5354 et
535 5297 740 5352 Filium
783 5300 841 5350 et
882 5293 1153 5366 Spiritum
1199 5298 1454 5350 sanctum
1497 5294 1866 5363 nominasset,
1913 5294 2068 5349 misit

437 5391 600 5461 dixit,
633 5395 691 5445 et
721 5405 834 5444 non
875 5387 1160 5442 miserunt
1192 5387 1298 5441 sub
1330 5389 1638 5459 prmtaxato
1670 5387 1842 5442 trium
1879 5403 2067 5458 perso-

436 5501 643 5542 narum
676 5489 734 5539 et
767 5482 1066 5537 nominum
1093 5496 1333 5536 numero
1361 5481 1694 5536 introduxit.
1727 5481 1784 5536 Si
1821 5481 2066 5536 Trinitas

441 5596 551 5634 non
592 5582 696 5647 est,
737 5593 914 5650 quare
952 5575 1010 5630 in
1047 5574 1487 5630 Deuteronomio
1520 5573 1654 5629 dicit
1689 5591 1702 5630 :
1740 5575 2066 5630 «Dominus

437 5672 587 5728 Deus
621 5675 804 5728 vester
827 5671 921 5726 hic
951 5672 1054 5726 est.
1096 5689 1123 5721 ››
1162 5668 1215 5725 Si
1251 5668 1436 5724 unitas
1473 5685 1591 5724 non
1629 5674 1730 5739 est,
1765 5685 1938 5741 quare
1975 5669 2065 5724 hic

439 5770 523 5830 est
554 5765 710 5838 dixit,
752 5769 810 5822 et
849 5782 964 5822 non
1004 5763 1064 5820 hi
1107 5768 1240 5820 sunt
1276 5762 1482 5842 plurali
1532 5779 1773 5818 numero
1813 5763 2065 5840 designa-

2165 4551 2328 4624 legis,
2370 4551 2468 4607 sed
2501 4551 2697 4622 judex,
2737 4568 2884 4606 unus
2920 4550 3074 4604 enim
3101 4552 3185 4604 est
3210 4547 3502 4620 legislator
3523 4545 3801 4617 etjudex,

2165 4646 2263 4718 qui
2310 4648 2498 4717 potest
2543 4644 2782 4716 perdere
2827 4648 2883 4700 et
2919 4643 3176 4698 liberare.
3219 4644 3298 4697 Tu
3337 4645 3531 4696 autem
3579 4639 3706 4711 quis
3741 4656 3804 4693 es

2166 4739 2264 4811 qui
2296 4739 2520 4811 judicas
2556 4737 2884 4809 proximum
2920 4742 3083 4792 tuum
3129 4738 3256 4807 (Jac.
3301 4752 3374 4803 ιν,
3417 4735 3590 4805 4-13).
3633 4733 3803 4803 Agite

2165 4848 2338 4901 nunc,
2379 4831 2598 4901 divites,
2635 4833 2853 4903 plorate
2892 4831 3177 4886 ululantes
3216 4830 3274 4884 in
3319 4827 3564 4883 miseriis
3599 4826 3804 4880 vestris

2166 4943 2294 4998 qua:
2360 4926 2661 4981 advenient
2720 4925 2894 4980 vobis.
2942 4924 3158 4978 Divitiae
3219 4925 3420 4978 vestras
3469 4920 3805 4994 putrefactm

2166 5025 2296 5074 sunt
2343 5023 2400 5075 et
2442 5019 2776 5074 vestimenta
2824 5022 3007 5072 vestra
3052 5035 3084 5071 a
3123 5016 3293 5071 tineis
3339 5020 3593 5071 comesta
3642 5018 3800 5068 sunt.

2165 5116 2382 5168 Aurum
2413 5118 2469 5169 et
2506 5115 2808 5184 argentum
2842 5114 3093 5166 vestrum
3124 5109 3484 5182 mruginavit,
3511 5114 3567 5164 et
3599 5122 3804 5177 aerugo

2167 5222 2363 5261 eorum
2410 5207 2470 5261 in
2519 5205 2910 5261 testimonium
2955 5203 3112 5259 vobis
3158 5203 3283 5270 erit,
3331 5205 3388 5258 et
3430 5200 3806 5256 manducabit

2167 5315 2363 5355 carnes
2401 5303 2613 5355 vestras
2653 5299 2796 5354 sicut
2833 5297 3002 5370 ignis.
3038 5295 3442 5352 Thesaurizatis
3471 5294 3623 5350 vobis
3654 5293 3804 5348 iram

2166 5394 2226 5449 in
2277 5392 2595 5449 novissimis
2643 5392 2863 5447 diebus.
2910 5393 3045 5446 Ecce
3095 5407 3312 5447 merces
3362 5387 3799 5462 operariorum,

2165 5487 2262 5560 qui
2302 5489 2659 5542 messuerunt
2697 5485 2958 5558 regiones
2995 5489 3226 5554 vestras,
3267 5499 3394 5556 quas
3425 5481 3679 5538 fraudata
3717 5486 3806 5535 est

2165 5598 2197 5636 a
2227 5581 2400 5653 vobis,
2427 5581 2653 5648 clamat,
2676 5579 2981 5635 vindictam
3004 5595 3238 5651 poscens
3261 5576 3472 5632 retenti
3496 5573 3721 5640 laboris,
3747 5579 3804 5628 et

2166 5675 2382 5730 clamor
2429 5690 2626 5730 eorum
2665 5673 2722 5728 in
2768 5690 2933 5728 aures
2977 5671 3201 5730 Domini
3242 5670 3485 5728 Sabaoth
3525 5667 3801 5724 introivit.

2165 5769 2384 5841 Epulati
2423 5769 2554 5825 estis
2591 5785 2760 5843 super
2797 5773 3024 5836 terram,
3053 5770 3109 5824 et
3148 5767 3205 5823 in
3231 5765 3473 5822 luxuriis
3510 5760 3804 5826 enutristis
