4046 6188
204 287 263 337 97
1449 281 1920 339 DECRETALIUM
1957 279 2340 337 COLLECTIO.
3481 289 3548 341 98

202 405 425 460 corpora
451 390 657 446 vestra.
701 391 764 444 In
798 388 892 446 die
919 388 1217 445 occisionis
1259 388 1590 458 adduxistis,
1622 389 1825 445 occidi-
1848 388 2146 477 A(Matth.
2179 402 2236 457 v,
2270 388 2378 458 l0),
2413 408 2440 437 »
2483 392 2540 443 et
2581 385 2714 442 alibi
2749 403 2762 441 :
2811 408 2838 435 «
2877 386 3030 441 Beati
3071 387 3226 443 eritis
3273 404 3404 444 cum
3449 407 3550 446 vos

200 483 288 538 stis
314 484 554 554 justum,
597 485 656 538 et
697 500 812 539 non
853 484 1062 539 restitit
1096 483 1256 539 vobis
1289 483 1423 554 (Jac.
1461 500 1518 552 v,
1551 484 1674 553 1-6).
1712 485 1820 550 Vae,

196 576 406 644 fratres,
434 576 524 631 bis
552 576 653 648 qui
677 577 958 632 tribulant
992 595 1111 645 vos,
1140 593 1238 632 vos
1278 594 1412 632 vero
1439 579 1656 649 quanto
1697 593 1822 631 am-

1928 481 2153 538 oderint
2180 479 2460 548 homines,
2494 483 2553 535 et
2582 479 2863 552 persecuti
2898 496 2994 534 vos
3031 481 3249 537 fuerint
3283 485 3341 537 et
3370 483 3551 554 ejece-

1923 577 2039 630 rint
2078 590 2288 630 nomen
2319 579 2574 629 vestrum
2615 576 2885 645 tanquam
2926 573 3163 629 malum.
3211 575 3460 631 Gaudete
3490 578 3550 632 in

195 669 334 740 plius
361 669 743 740 tribulamini,
767 673 927 726 tanto
951 671 1316 744 purgatiores
1343 674 1514 743 atque
1540 670 1824 726 beatiores
1923 669 2020 724 illa
2051 668 2141 724 die
2173 672 2231 723 et
2269 668 2563 735 exsultate,
2591 666 2859 738 quoniam
2902 682 3118 723 merces
3151 673 3333 724 vestra
3372 670 3553 725 multa

195 762 536 830 eﬂiciemini,
566 763 613 818 si
648 766 839 820 tamen
865 765 992 836 ipsa
1019 765 1311 820 tribulatio
1338 764 1628 836 patienter
1652 762 1826 819 fuerit
1924 766 2007 817 est
2031 762 2094 816 in
2125 762 2261 818 coelo
2285 761 2498 832 (Matth.
2521 777 2574 830 v,
2601 759 2706 832 ll).
2726 780 2755 810 »
2781 761 2922 815 Data
2946 776 3000 817 1x
3025 761 3266 817 Kalend.
3285 763 3549 834 Augusti,

194 860 544 928 supportata.
581 857 746 912 Unde
774 858 894 930 ipsa
915 859 1141 914 Veritas
1167 875 1272 931 per
1299 875 1360 914 se
1391 858 1536 913 dixit
1563 875 1576 914 :
1609 878 1638 911 ‹‹
1667 855 1826 912 Beati
1923 856 2162 928 Trajano
2192 860 2247 914 et
2278 855 2510 913 Heliano
2546 871 2626 910 cc.
2659 853 2873 910 consul.

192 951 280 1022 qui
339 949 844 1022 persecutionem,
883 951 1180 1024 patiuntur
1235 953 1474 1025 propter
1540 950 1826 1024 justitiam

846 1203 972 1279 22
1025 1207 1485 1282 EPISTOLA
1563 1207 1841 1282 PRIMA

1948 1205 2517 1280 ALEXANDRI
2596 1205 2904 1277 ΡΑΡΛΕ.

1142 1351 1237 1414 De
1273 1352 1487 1414 causis
1514 1350 1622 1414 vel
1652 1349 2150 1432 gravatz'om'bus
2176 1348 2610 1412 sacerdotum.

252 1507 652 1564 Dilectissimis
693 1509 961 1566 fratribus
1002 1511 1267 1568 omnibus
1312 1512 1591 1586 episcopis
1615 1530 1718 1586 per
1743 1514 1826 1570 di-

188 1617 370 1657 versas
401 1602 734 1658 constitutis
763 1604 1046 1675 regiones,
1075 1608 1402 1663 ALEXANDER
1433 1607 1752 1679 episcopus.

249 1695 425 1762 Nulli,
449 1696 677 1765 fratres,
704 1697 943 1753 dubium
970 1701 1074 1768 est,
1105 1699 1242 1772 quia
1269 1700 1407 1756 boni
1436 1718 1469 1756 a
1495 1701 1656 1756 malis
1685 1717 1831 1756 sem-

185 1803 280 1860 per
305 1792 744 1861 persequuntur
772 1793 831 1846 et
869 1791 1234 1848 tribulantur.
1261 1795 1502 1866 Pr0pter
1528 1795 1680 1866 quod
1721 1795 1828 1849 hu-

184 1881 479 1938 miliemur
507 1883 614 1937 sub
654 1883 875 1956 potenti
913 1901 1090 1941 manu
1127 1885 1250 1955 Dei,
1283 1890 1347 1942 ut
1373 1887 1582 1942 liberet
1620 1904 1722 1943 nos
1770 1887 1831 1941 in

185 1978 448 2048 tempore
479 1977 881 2034 tribulationis.
912 1980 1078 2048 Nam,
1110 1980 1256 2036 sicut
1306 1982 1397 2036 leo
1439 1981 1676 2053 rugiens
1719 1981 1828 2036 cir-

182 2069 302 2124 cuit
331 2087 597 2142 quaerens
637 2087 812 2143 quem
849 2072 1098 2141 devoret,
1129 2073 1208 2128 sic
1251 2073 1512 2130 diabolus
1556 2091 1674 2130 non
1714 2089 1830 2130 ces-

1929 1513 2180 1570 mabitur
2205 1512 2392 1568 omnis
2422 1512 2524 1584 qui
2550 1509 2768 1566 habitat
2789 1510 2850 1564 in
2878 1525 2945 1564 ea
2972 1508 3031 1563 in
3060 1507 3238 1565 bestia
3258 1508 3385 1580 agri
3414 1513 3472 1564 et
3498 1510 3560 1566 in

1928 1608 2159 1663 volucre
2190 1605 2337 1676 coeli,
2371 1605 2472 1661 sed
2512 1608 2569 1659 et
2603 1603 2786 1676 pisces
2812 1603 2986 1657 maris
3025 1601 3555 1674 congregabantur;

1929 1703 2322 1756 verumtamen
2347 1697 2739 1770 unusquisque
2759 1712 2877 1751 non
2897 1694 3136 1766 judicet,
3156 1697 3346 1760 etoon
3364 1710 3564 1766 argua-

1929 1798 2024 1849 tur
2048 1793 2152 1864 vir,
2174 1793 2420 1865 populus
2445 1790 2600 1847 enim
2630 1794 2761 1844 tuus
2783 1789 2927 1844 sicut
2957 1789 3017 1842 hi
3040 1788 3140 1858 qui
3164 1788 3564 1844 contradicunt

1931 1886 2240 1955 sacerdoti;
2269 1888 2326 1941 et
2355 1901 2582 1940 corrues
2624 1882 2811 1950 hodie,
2844 1886 2902 1937 et
2939 1883 3162 1937 corruet
3203 1881 3375 1937 etiam
3420 1897 3559 1952 pro-

1931 1979 2103 2051 pheta
2130 1983 2340 2034 tecum.
2374 1979 2545 2033 Nocte
2574 1975 2684 2032 feci
2717 1979 2906 2030 tacere
2933 1975 3176 2029 matrem
3202 1978 3392 2042 tuam;
3423 1989 3559 2028 con-

1932 2072 2094 2128 ticuit
2127 2071 2374 2144 p0pulus
2401 2085 2562 2126 meus
2594 2085 2661 2124 eo
2693 2067 2845 2140 quod
2875 2083 2991 2122 non
3019 2065 3216 2122 habuit
3243 2065 3558 2134 scientiam,

183 2166 276 2217 sat
303 2163 548 2219 circuire
571 2168 627 2219 et
651 2181 909 2236 quterere
940 2182 1084 2238 quos
1122 2183 1188 2222 ex
1226 2166 1486 2223 ﬁdelibus
1521 2168 1744 2240 perdat,
1776 2169 1906 2240 et“
1935 2166 2069 2236 quia
2105 2169 2167 2221 tu
2209 2163 2504 2219 scientiam
2547 2161 2832 2234 repulisti,
2866 2160 3140 2232 repellam
3170 2162 3249 2228 te,
3280 2175 3353 2216 ne
3376 2175 3561 2215 sacer-

181 2257 443 2312 maxime
470 2257 594 2311 illos
621 2216 766 2329 quos
793 2216 1148 2316 arderitiores
1173 2260 1233 2315 in
1254 2261 1480 2317 servitio
1507 2216 1830 2330 Salvatoris,
1851 2216 1909 2290 B
1933 2216 2086 2314 dotio
2113 2257 2369 2329 fungaris
2594 2216 2661 2310 Et
2686 2216 2864 2310 oblita
2898 2216 2957 2308 es
2993 2252 3136 2324 legis
3159 2216 3260 2308 Dei
3286 2253 3389 2320 tui,
3416 2252 3561 2308 obli-

187 2350 350 2422 eique
388 2350 714 2405 familiares
743 2353 1046 2422 invenerit,
1074 2354 1380 2410 familiares
1410 2354 1538 2410 dico
1569 2372 1664 2410 eos
1690 2371 1833 2426 quos

182 2443 286 2498 sibi
314 2443 540 2498 sacrari
567 2447 624 2499 et
651 2445 710 2499 in
738 2445 937 2502 ordine
966 2449 1317 2518 apostolatus
1345 2448 1608 2504 constitui
1633 2448 1830 2504 voluit.

186 2537 288 2607 Ipsi
313 2538 481 2592 enim
509 2553 615 2608 pro
640 2540 848 2609 populo
874 2538 1261 2611 interpellant,
1293 2544 1352 2596 et
1376 2542 1573 2612 populi
1603 2544 1835 2612 peccata

181 2631 524 2694 comedunt,
557 2630 694 2702 quia
718 2633 982 2703 precibus
1007 2635 1123 2689 suis
1153 2637 1210 2690 et
1243 2635 1625 2690 oblationibus
1652 2652 1721 2690 ea
1743 2635 1835 2690 de-

181 2723 303 2777 lent
325 2727 513 2795 atque
537 2729 900 2780 consumunt.
924 2725 1028 2790 Qui
1049 2731 1261 2798 quanto
1287 2727 1578 2800 digniores
1598 2728 1831 2797 fuerint,

183 2819 343 2871 tanto
411 2817 635 2872 facilius
688 2835 791 2889 pro
841 2820 1272 2876 necessitatibus
1325 2821 1529 2893 quibus
1591 2822 1838 2877 clamant

184 2910 605 2965 exaudiuntur.
638 2931 665 2963 α
693 2912 931 2967 Multum
958 2913 1113 2968 enim
1149 2913 1232 2984 (ut
1264 2915 1343 2968 ait
1370 2914 1571 2969 beatus
1598 2915 1835 2970 Jacobus

181 3003 507 3074 apostolus)
526 3003 672 3058 valet
694 3004 1018 3076 deprecatio
1033 3006 1174 3077 justi
1195 3007 1425 3064 assidua
1442 3007 1573 3079 (Jac.
1606 3025 1658 3076 v,
1679 3009 1784 3078 l6).
1805 3029 1833 3057 »

185 3096 288 3160 Qui
307 3098 481 3150 enim
498 3113 601 3151 vos
621 3099 987 3169 persequitur
1010 3099 1198 3170 ipsmn
1226 3101 1312 3172 cuj
1323 3100 1685 3172 uslegatione
1709 3101 1839 3155 fun-

186 3189 393 3261 gimini
409 3191 798 3261 persequitur,
819 3192 950 3263 quia
966 3192 1109 3248 sicut
1123 3193 1242 3264 ipse
1259 3194 1430 3248 Filius
1447 3195 1547 3249 Dei
1562 3194 1840 3249 mediator

184 3278 290 3332 fuit
321 3279 432 3332 Dei
461 3282 519 3332 et
550 3279 873 3348 hominum,
898 3280 979 3335 ita
1007 3285 1064 3337 et
1087 3298 1187 3337 vos
1213 3282 1336 3352 ejus
1362 3282 1480 3337 vice
1513 3282 1571 3337 in
1598 3283 1840 3338 Ecclesia

187 3373 324 3426 estis
352 3372 671 3440 constituti,
699 3376 766 3426 ut
792 3373 942 3429 inter
970 3375 1274 3430 Dominum
1311 3378 1367 3431 et
1395 3375 1652 3431 homines
1682 3376 1837 3448 lega-

186 3464 342 3519 tione
384 3464 734 3536 fungamini.
765 3467 820 3521 Si
850 3467 976 3538 quis
1003 3473 1198 3523 autem
1225 3469 1572 3540 legationem
1597 3474 1840 3524 vestram

191 3556 459 3629 impedit,
481 3573 602 3612 non
625 3557 797 3613 unius
817 3560 913 3616 sed
936 3562 1254 3616 multorum
1275 3562 1595 3633 profectum
1615 3562 1836 3618 evertit.

192 3651 279 3718 Et,
308 3652 463 3705 sicut
488 3651 685 3706 multis
713 3658 900 3718 nocet,
930 3653 1008 3708 ita
1026 3672 1059 3708 a
1078 3655 1274 3710 multis
1298 3655 1629 3728 arguendus
1659 3658 1761 3723 est,
1785 3658 1842 3710 et

192 3743 485 3799 bonorum
532 3744 793 3801 societate
837 3747 1132 3803 arcendus.
1180 3749 1250 3804 Et
1290 3749 1421 3820 quia
1472 3749 1571 3804 Dei
1615 3765 1841 3804 causam

195 3837 448 3909 ilupedit
486 3840 548 3890 et
585 3841 794 3892 statum
837 3841 1141 3896 conturbat
1181 3842 1459 3913 Ecclesiae,
1487 3842 1732 3913 ideoque
1771 3842 1840 3896 ab

199 3930 319 3999 ejus
345 3929 654 3984 liminibus
669 3931 924 3988 Ecclesia-
953 3935 1232 3990 arceatur.
1252 3933 1338 3989 Ab
1359 3935 1685 3990 hominibus
1705 3951 1843 4007 quo-

195 4038 306 4094 que
331 4023 464 4077 talis
491 4026 581 4077 est
610 4025 888 4079 cavendus
914 4031 969 4082 et
997 4043 1116 4082 non
1154 4027 1214 4081 in
1256 4028 1656 4084 communione
1701 4027 1839 4084 fide-

199 4116 342 4170 lium
377 4131 565 4188 usque
595 4117 666 4171 ad
691 4117 1128 4175 satisfactionem
1156 4121 1537 4193 recipiendus.
1569 4123 1664 4176 Est
1690 4122 1845 4176 enim

200 4213 482 4264 statutum
516 4209 674 4279 olim,
693 4216 760 4266 ut
784 4212 882 4283 qui
901 4216 1112 4269 statum
1142 4214 1442 4270 conturbat
1470 4214 1752 4283 Ecclesiae,
1775 4215 1845 4269 ab

203 4303 326 4373 ejus
355 4302 659 4357 liminibus
685 4309 965 4375 arceatur,
993 4324 1067 4363 ne
1102 4325 1233 4363 cum
1278 4308 1536 4364 ﬁdelibus
1583 4324 1844 4363 commu-

207 4396 360 4451 nicet
385 4395 490 4468 qui
519 4412 720 4452 eorum
760 4397 908 4454 bona
932 4401 1154 4456 avertit.
1184 4402 1290 4456 Vos
1321 4417 1478 4473 ergo,
1507 4401 1553 4455 si
1593 4401 1846 4457 dilectio-

209 4505 345 4544 nem
361 4489 682 4544 habueritis
694 4491 1012 4548 adinvicem
1031 4499 1088 4550 et
1107 4495 1406 4550 unanimes
1426 4494 1668 4565 fueritis,
1687 4494 1848 4550 facile

213 4583 353 4639 tales
385 4599 659 4655 superare
688 4586 965 4656 poteritis.
999 4587 1054 4642 Si
1081 4604 1216 4643 vero
1245 4588 1419 4661 (quod
1445 4588 1608 4661 absit)
1634 4587 1848 4644 discor-

217 4676 314 4731 des
343 4675 594 4748 fueritis,
617 4681 675 4732 et
699 4679 903 4734 canino
927 4681 1092 4736 dente
1119 4698 1217 4738 vos
1246 4681 1522 4738 derodere
1549 4681 1850 4754 coeperitis,

218 4786 338 4825 non
384 4770 572 4825 solum
611 4787 706 4827 eos
742 4789 861 4828 non
907 4775 1260 4846 superabitis,
1293 4776 1390 4830 sed
1429 4781 1486 4832 et
1519 4776 1678 4831 vobis
1718 4775 1854 4847 ipsis

221 4863 502 4918 nocebitis
544 4868 713 4936 atque
748 4867 818 4921 ab
857 4867 938 4922 eis
975 4868 1406 4941 superabimini,
1437 4873 1495 4925 et
1522 4869 1857 4925 innocenter

1933 2353 2112 2407 viscar
2136 2351 2385 2406 ﬁliorum
2410 2355 2641 2405 tuorum
2667 2352 2724 2404 et
2749 2363 2876 2419 ego.
2900 2347 3225 2403 Secundum
3252 2345 3568 2402 multitudi-

1932 2461 2068 2502 nem
2097 2461 2299 2500 eorum
2330 2443 2408 2498 sic
2429 2445 2804 2515 peccaverunt
2822 2440 2985 2510 mihi,
3008 2439 3247 2511 gloriam
3273 2455 3471 2495 eorum
3489 2439 3564 2496 ad

1932 2538 2308 2611 ignominiam
2363 2535 2744 2592 commutabo.
2795 2536 3024 2589 Peccata
3075 2533 3271 2604 populi
3313 2533 3428 2588 mei
3469 2549 3562 2589 co-

1935 2633 2184 2701 medent,
2216 2636 2272 2686 et
2304 2629 2378 2685 ad
2403 2629 2765 2701 iniquitatem
2813 2642 3014 2682 eorum
3042 2625 3416 2681 sublevabunt
3439 2628 3562 2683 ani-

1937 2742 2062 2780 mas
2107 2740 2326 2779 eorum.
2378 2725 2447 2778 Et
2489 2723 2599 2778 erit
2638 2721 2783 2776 sicut
2822 2720 3063 2792 populus
3098 2720 3175 2774 sic
3203 2720 3482 2790 sacerdos,
3510 2726 3567 2778 et

1935 2818 2172 2874 visitabo
2222 2832 2394 2889 super
2435 2832 2568 2871 eum
2605 2815 2723 2870 vias
2764 2814 2905 2885 ejus,
2935 2815 2993 2868 et
3035 2812 3402 2883 cogitationes
3445 2813 3567 2885 ejus

1936 2912 2171 2967 reddam
2200 2911 2272 2966 ei.
2296 2911 2364 2964 Et
2387 2909 2690 2965 comedent
2723 2909 2780 2962 et
2809 2923 2929 2962 non
2955 2906 3381 2976 saturabuntur,
3399 2907 3570 2964 fomi-

1936 3005 2046 3061 cati
2081 3007 2215 3059 sunt
2259 3007 2316 3060 et
2356 3019 2473 3058 non
2523 3004 2903 3068 cessaverunt,
2934 3000 3208 3072 quoniam
3259 3000 3568 3057 Dominum

1936 3098 2365 3170 dereliquerunt
2408 3097 2469 3151 in
2512 3112 2630 3151 non
2674 3093 3039 3149 custodiendo
3085 3092 3250 3164 (Osee.
3298 3110 3374 3164 1v,
3420 3096 3494 3164 3).
3535 3114 3564 3150 ιο

1936 3192 2064 3246 Haec
2090 3195 2298 3260 cavete,
2323 3189 2544 3259 fratres,
2577 3193 2634 3244 et
2657 3188 2805 3243 bona
2835 3203 3061 3258 semper
3087 3202 3259 3258 agere
3285 3187 3566 3258 festinate,

1938 3285 2071 3357 quia
2093 3284 2156 3339 in
2176 3283 2282 3339 hoc
2310 3286 2654 3354 cognoscent
2684 3297 2907 3348 omnes,
2940 3280 3077 3336 dicit
3110 3280 3400 3348 Dominus,
3427 3298 3568 3354 quo-

1937 3378 2095 3433 niam
2125 3377 2239 3432 mei
2279 3377 2412 3432 estis
2457 3375 2714 3447 discipuli
2758 3375 2803 3429 si
2851 3375 3213 3430 dilectionem
3256 3375 3572 3430 habueritis

1937 3470 2270 3526 adinvicem.
2309 3471 2526 3524 Bonum
2553 3472 2637 3523 est
2662 3484 2914 3540 namque
2943 3466 3334 3539 proculdubio,
3362 3471 3420 3524 et
3446 3483 3568 3523 om-

1938 3563 2108 3618 nibus
2136 3562 2466 3619 timentibus
2507 3562 2688 3618 Deum
2733 3559 3124 3627 desiderabile,
3154 3559 3416 3618 cohibere
3455 3561 3570 3617 dis-

1940 3656 2228 3713 sensiones
2273 3659 2332 3710 et
2371 3655 2790 3723 altercationes,
2826 3653 3206 3726 fratribusque
3251 3655 3570 3728 subvenire,

1941 3755 1999 3805 et
2022 3749 2264 3804 invicem
2294 3765 2414 3804 non
2446 3748 2722 3816 invidere,
2746 3747 2845 3802 sed
2870 3747 3158 3817 adjuvare.
3178 3747 3290 3802 Nos
3316 3764 3454 3818 ergo
3475 3750 3576 3820 qui

1944 3842 2203 3914 discipuli
2237 3841 2466 3896 Domini
2508 3843 2565 3896 et
2608 3839 2719 3894 dici
2763 3842 2821 3894 et
2865 3854 2986 3894 esse
3030 3838 3310 3910 cupimus,
3341 3845 3574 3910 portare

1945 3952 2174 3992 crucem
2195 3933 2402 3991 Christi
2429 3937 2487 3990 et
2505 3932 2751 4004 compati
2765 3931 3036 3988 fratribus
3062 3931 3361 4002 debemus,
3379 3936 3438 3989 et
3456 3949 3576 3990 non

1945 4045 2313 4103 quascunque
2339 4028 2418 4084 eis
2444 4026 2671 4083 insidias
2709 4031 2808 4082 aut
2846 4025 3033 4082 foveas
3075 4042 3411 4098 praeparare,
3442 4028 3580 4100 quia

1945 4124 2218 4196 talionem
2260 4127 2518 4178 meretur
2555 4121 2653 4192 qui
2696 4119 2964 4175 fratribus
3008 4119 3232 4175 foveam
3271 4127 3575 4193 praeparat.

1945 4217 2131 4273 Nolite
2151 4232 2358 4283 errare,
2381 4215 2600 4282 fratres,
2618 4214 2754 4286 quia
2771 4214 2920 4269 Deus
2945 4229 3063 4269 non
3088 4213 3377 4270 irridetur.
3401 4216 3578 4288 Hujus

1947 4311 2032 4367 rei
2058 4310 2240 4382 gratia
2269 4308 2548 4364 Dominus
2574 4307 2730 4363 vobis
2755 4307 3040 4364 commisit
3065 4308 3369 4363 Ecclesiam
3394 4325 3576 4378 suam,

1954 4406 2018 4459 ut
2046 4419 2149 4476 pro
2178 4401 2444 4458 omnibus
2470 4401 2754 4470 laboretis,
2781 4405 2838 4456 et
2863 4401 3078 4456 cunctis
3107 4402 3390 4473 oppressis
3415 4419 3584 4475 opem

1950 4497 2099 4554 ferre
2127 4513 2246 4552 non
2273 4495 2606 4568 negligatis:
2634 4495 2786 4550 unde
2813 4495 3090 4550 Dominus
3117 4511 3219 4566 per
3243 4497 3580 4567 prophetam

1950 4590 2203 4662 loquitur
2221 4589 2414 4645 dicens
2435 4605 2448 4644 :
2467 4611 2494 4638 «
2511 4590 2639 4644 Hmc
2654 4587 2797 4643 dixit
2810 4588 3081 4643 Dominus
3103 4604 3116 4644 :
3138 4588 3388 4644 Judicate
3409 4605 3583 4647 mane

1948 4684 2234 4756 judicium
2257 4686 2316 4739 et
2345 4682 2528 4738 eruite
2549 4681 2602 4736 vi
2627 4697 2922 4754 oppressos
2941 4682 3011 4737 de
3029 4697 3206 4737 manu
3233 4683 3584 4741 calumnian-

1953 4778 2046 4847 tis,
2068 4793 2140 4832 ne
2159 4778 2307 4832 forte
2333 4775 2661 4848 egrediatur
2675 4776 2834 4847 quasi
2853 4774 3001 4846 ignis
3019 4775 3338 4847 indignatio
3357 4793 3508 4849 mea,
3527 4782 3586 4834 et

1957 4870 2333 4927 succendatur
2357 4873 2414 4925 et
2431 4885 2550 4924 non
2571 4868 2642 4924 sit
2662 4868 2760 4940 qui
2781 4868 3109 4940 exstinguat
3132 4872 3256 4940 (Jer.
3284 4887 3398 4939 xxx,
3423 4872 3531 4944 l2).
3553 4894 3582 4923 ››

225 4956 367 5012 forte
408 4957 687 5028 peribitis.
717 4959 822 5023 Qui
851 4966 1044 5017 autem
1083 4980 1154 5019 ex
1192 4968 1378 5022 vestro
1416 4964 1656 5037 collegio
1686 4961 1938 5036 fueritD
1959 4966 2067 5020 Vos
2093 4980 2231 5036 ergo
2257 4963 2356 5036 qui
2380 4963 2441 5018 in
2471 4979 2696 5018 summo
2722 4963 2948 5033 speculo
2977 4979 3010 5018 a
3034 4963 3276 5019 Domino
3302 4965 3589 5022 constituti

229 5053 284 5103 et
313 5050 390 5104 ab
425 5051 638 5106 auxilio
668 5057 854 5108 vestro
883 5070 943 5109 se
977 5056 1340 5130 subtraxerit,
1369 5057 1552 5129 magis
1588 5057 1858 5112 schisma-

233 5143 374 5198 ticus
413 5148 471 5198 et
511 5161 626 5199 non
665 5147 925 5202 sacerdos
968 5165 1088 5205 esse
1131 5152 1484 5223 probabitur.
1521 5173 1548 5202 «
1583 5152 1743 5220 Ecce,
1773 5151 1861 5205 in-

236 5237 356 5307 quit
383 5238 683 5309 propheta,
706 5256 880 5311 quam
910 5241 1129 5300 bonum
1155 5249 1212 5300 et
1239 5261 1411 5318 quam
1433 5244 1752 5318 jucundum
1771 5244 1866 5299 ha-

235 5327 412 5384 bitare
449 5331 660 5386 fratres
701 5331 764 5387 in
804 5350 984 5391 unum
1023 5338 1186 5407 (Psal.
1221 5354 1424 5410 cxxxn,
1455 5343 1526 5411 1).
1561 5361 1589 5389 ››
1622 5339 1706 5394 Illi
1729 5353 1864 5394 vero

239 5421 293 5476 in
336 5439 522 5479 unum
565 5441 683 5480 non
731 5426 1006 5498 habitant,
1052 5431 1151 5503 qui
1195 5449 1228 5486 a
1270 5433 1514 5489 fratrum
1562 5431 1762 5488 solatio
1809 5447 1868 5486 se

243 5515 598 5588 subtrahunt,
621 5523 741 5591 aut,
769 5521 920 5593 quod
946 5523 1194 5580 deterius
1223 5531 1326 5596 est,
1348 5525 1616 5582 fratribus
1640 5524 1871 5580 insidias

244 5618 559 5683 praeparant
596 5619 696 5671 aut
733 5615 965 5688 laqueos
1001 5621 1240 5689 ponunt.
1270 5621 1346 5676 De
1383 5619 1471 5676 his
1497 5619 1652 5676 enim
1679 5621 1738 5675 et
1768 5633 1867 5673 eo-

247 5719 368 5760 mm
404 5707 691 5763 similibus
728 5709 1002 5766 Dominus
1067 5729 1170 5784 per
1213 5713 1356 5770 Osee
1403 5715 1746 5787 prophetam
1789 5712 1870 5767 lo-

252 5799 430 5870 quitur
456 5801 653 5858 dicens
685 5819 700 5858 :
732 5823 759 5855 α
787 5805 1026 5876 Propter
1053 5822 1149 5861 vos
1183 5808 1403 5880 lugebit
1431 5812 1579 5865 terra
1619 5814 1674 5866 et
1713 5808 1871 5863 intir~

649 5900 922 5969 PATROL.
974 5903 1201 5972 CXXX.

1964 5058 2117 5127 estis,
2133 5057 2427 5113 attendere
2445 5071 2539 5112 eos
2555 5059 2612 5111 et
2627 5055 2953 5128 opprimere
2968 5059 3194 5128 oportet
3207 5058 3306 5130 qui
3317 5057 3375 5114 in
3388 5058 3590 5115 fratres

1965 5150 2271 5208 seditiones
2309 5152 2365 5205 et
2405 5149 2670 5205 scandala
2715 5149 2986 5218 excitant,
3017 5165 3090 5204 ne
3129 5150 3300 5206 simul
3341 5168 3471 5208 cum
3512 5151 3592 5207 eis

1964 5243 2231 5318 pereatis.
2260 5244 2509 5299 Salutate
2531 5258 2731 5299 omnes
2754 5241 2853 5315 qui
2878 5247 3029 5299 recte
3059 5242 3319 5300 laborant
3335 5245 3397 5300 in
3418 5247 3593 5301 Evan-

1968 5337 2116 5411 gelio
2138 5336 2346 5394 Christi
2372 5340 2428 5394 et
2446 5337 2599 5408 juste
2628 5337 2950 5408 gubernant
2972 5353 3175 5393 navem
3193 5338 3315 5409 ejus
3335 5353 3406 5393 ne
3431 5337 3597 5392 coha-

1965 5431 2212 5488 bitantes
2237 5431 2298 5486 in
2327 5447 2396 5486 ea
2424 5431 2833 5502 demergantur
2853 5435 2950 5486 aut
2981 5431 3345 5486 suﬂ‘ocentur.
3384 5428 3600 5485 Salutat

1969 5541 2066 5580 vos
2111 5524 2296 5580 omnis
2338 5523 2646 5596 apostolica
2688 5523 2934 5580 Ecclesia
2980 5524 3043 5580 in
3090 5523 3352 5580 Domino.
3391 5524 3595 5578 Amen.

1969 5621 2108 5677 Data
2153 5633 2227 5675 vn
2280 5618 2517 5678 Kalend.
2573 5617 2903 5676 Novembris
2948 5617 3184 5691 Traiano
3236 5619 3293 5673 et
3344 5615 3597 5690 Heliano,

1973 5730 2056 5772 cc.
2088 5712 2303 5772 consul.

3177 5913 3216 5981 4
