4046 6188
499 267 566 318 99
1397 261 1680 318 APPEND.
1724 261 1812 319 ΑΙ)
1850 263 2012 319 ΒέΕΟ.
2055 265 2140 320 ΙΧ.

2222 293 2239 302 -
2281 265 2525 321 lSlDORl
2563 264 2987 321 MERCATORIS

3756 265 3866 318 100

1175 391 1632 464 EPISTULA
1709 394 2276 466 ALEXANDRI
2354 397 2633 466 PAPzE
2712 394 3176 466 SECUNDA.

1346 505 1426 568 Ut
1453 507 1737 568 vitentur
1764 506 2188 570 detractiones
2216 515 2280 570 et
2307 508 2565 589 z’njustav
2596 507 3016 589 pulsatz’ones.

565 620 887 674 ALmNDER
932 617 1228 690 episcopus
1271 622 1537 677 omnibus
1585 623 1771 677 divino
1808 623 2120 679 sacerdotio

494 711 866 780 fungentibus
892 728 1002 782 pax
1027 718 1084 768 et
1107 713 1492 771 misericordia
1513 716 1940 788 multiplicetur,
1963 722 2019 772 et
2037 734 2122 771 sa-

2219 625 2338 696 puli
2357 624 2470 680 mei
2491 628 2840 679 commutata
2861 628 2962 678 est.
2987 621 3280 687 Quomodo
3303 619 3536 676 recedet
3555 635 3584 673 a
3607 635 3700 673 me
3722 634 3863 673 cum

2219 723 2553 784 revertatur,
2586 719 2685 790 qui
2728 718 2990 789 regiones
3037 719 3249 770 vestras
3292 712 3572 769 devorat?
3617 714 3862 783 Propter

491 803 708 875 pientia
735 807 907 876 atque
933 805 1082 861 bona
1102 806 1362 862 voluntas
1390 810 1449 864 in
1475 809 1740 865 omnibus
1765 815 2042 882 augeatur
2067 814 2125 864 et
2144 807 2204 880 Α
2223 812 2376 882 quod
2404 829 2520 866 non
2551 812 2657 866 erit
2682 811 2787 874 tibi
2811 811 3048 864 mittens
3078 807 3399 863 funiculum
3427 805 3590 860 sortis
3617 806 3676 860 in
3704 811 3865 860 coetu

493 896 864 954 fructiﬁcetur
892 898 952 952 in
981 900 1240 955 Domino.

567 991 755 1046 Gratia
795 991 894 1046 Dei
943 1009 1171 1061 sumus,
1226 995 1428 1049 fratres
1476 997 1810 1065 Charissimi,
1854 996 1911 1050 id
1967 996 2121 1066 quod

492 1099 708 1138 sumus.
753 1083 966 1139 Idcirco
1014 1087 1176 1141 nobis
1224 1088 1638 1158 providendum
1686 1094 1770 1144 est
1809 1092 1866 1144 et
1911 1089 2120 1160 Oppido

494 1177 901 1232 decertandum
921 1194 992 1233 ne
1016 1178 1075 1234 in
1101 1195 1166 1234 ea
1185 1180 1345 1235 vacui
1365 1181 1743 1250 inveniamur,
1774 1182 1895 1248 sed,
1918 1181 2122 1236 eadem

494 1269 660 1323 nobis
689 1277 1030 1342 cooperante
1059 1274 1257 1344 gratia,
1280 1274 1528 1329 fructum
1550 1275 1788 1330 Domino
1808 1273 2122 1345 plurimum

495 1365 872 1434 reportemus.
919 1365 1078 1428 Quod
1118 1365 1284 1420 aliter
1311 1367 1435 1421 fieri
1483 1383 1597 1422 non
1650 1369 1852 1438 potest,
1883 1365 1994 1421 nisi
2032 1383 2120 1420 sa-

492 1454 770 1526 pientiam
801 1459 1085 1524 sectando,
1117 1459 1350 1531 ejusque
1379 1466 1664 1531 prtecepta
1705 1459 2042 1514 lectionibus
2069 1463 2125 1512 et

492 1548 723 1619 hymnis
760 1550 1126 1619 meditando,
1167 1555 1337 1624 atque
1393 1570 1458 1608 eo
1507 1553 1954 1607 adminiculante
2013 1551 2121 1606 im-

489 1640 718 1712 plendo,
766 1643 1002 1710 orando,
1031 1643 1331 1714 vigilando,
1378 1651 1435 1700 et
1476 1646 1827 1700 voluntatem
1875 1646 1996 1716 ejus
2042 1644 2122 1716 (in

493 1739 766 1806 quantum
779 1727 915 1807 ’pse
951 1737 1185 1807 largitus
1211 1738 1426 1809 fuerit),
1457 1739 1729 1810 perﬁcere
1774 1739 2117 1793 studeamus.

489 1828 603 1882 Nec
643 1829 906 1884 eamdem
949 1830 1355 1902 negligendam
1386 1831 1635 1902 gratiam
1665 1831 1826 1887 nobis
1853 1831 2124 1886 Dominus

491 1920 666 1989 dedit,
689 1921 787 1977 sed
807 1921 1051 1978 ﬁdeliter
1069 1925 1448 1980 exercendam
1471 1925 1692 1980 tribuit.
1715 1924 1946 1980 Dilectio
1967 1923 2122 1979 enim

489 2014 609 2070 sine
650 2015 1016 2072 simulatione
1055 2017 1117 2072 in
1160 2019 1324 2072 nobis
1361 2035 1502 2088 esse,
1533 2022 1589 2073 et
1615 2035 1892 2090 apparere
1929 2018 2119 2085 debet,

485 2107 625 2179 quia
651 2108 838 2163 omnis
864 2109 964 2180 qui
985 2109 1110 2165 odit
1132 2109 1368 2166 fratrem
1393 2129 1560 2166 suum
1582 2111 1863 2167 homicida
1893 2116 1996 2166 est.
2016 2110 2121 2174 Qui

487 2217 620 2256 vero
647 2200 832 2272 diligit
857 2218 1007 2269 eum,
1033 2202 1095 2257 in
1119 2204 1231 2258 Deo
1258 2209 1471 2272 manet,
1502 2209 1560 2259 et
1586 2205 1733 2260 Deus
1763 2205 1823 2259 in
1851 2221 1937 2271 eo,
1964 2203 2121 2258 unde
2141 2170 2197 2242 B

489 2298 546 2350 et
567 2295 864 2364 Apostolus
889 2295 1002 2349 ait:
1033 2317 1061 2345 «
1087 2295 1268 2352 Nolite
1287 2297 1572 2367 judicare,
1597 2297 1821 2364 fratres,
1848 2296 2110 2365 invicem,

490 2386 587 2443 sed
607 2386 714 2441 hoc
726 2386 981 2457 judicate
1004 2388 1212 2460 magis,
1235 2404 1308 2444 ne
1330 2389 1558 2460 ponatis
1583 2389 1990 2446 offendiculum
2015 2390 2123 2444 fra-

487 2480 562 2535 tri
579 2480 662 2535 vel
685 2480 1049 2551 scandalum;
1079 2503 1108 2532 »
1132 2487 1188 2537 et
1214 2481 1486 2538 Dominus
1512 2482 1699 2554 inquit
1731 2499 1745 2538 :
1777 2505 1804 2533 «
1833 2481 1996 2546 Quod
2016 2481 2120 2537 tibi

487 2589 603 2628 non
631 2573 715 2628 vis
742 2573 885 2643 ﬁeri,
910 2575 1072 2630 alteri
1096 2592 1170 2630 ne
1200 2576 1397 2644 facias;
1424 2594 1452 2628 »
1481 2579 1538 2632 et
1567 2575 1719 2631 alibi.
1751 2597 1777 2625 ‹‹
1805 2577 1866 2632 In
1897 2575 2003 2630 hoc
2029 2592 2119 2630 co-

489 2669 762 2738 gnoscent
789 2683 986 2722 omnes
1011 2667 1149 2740 quia
1173 2669 1290 2724 mei
1322 2668 1452 2724 estis
1481 2667 1760 2740 discipuli,
1792 2667 1837 2723 si
1865 2668 2120 2724 dilectio-

487 2776 622 2815 nem
642 2759 954 2816 habueritis
975 2761 1048 2816 ad
1066 2760 1341 2829 invicem;
1367 2766 1424 2817 et
1450 2760 1712 2817 Salomon
1740 2762 1822 2816 ait
1850 2778 1863 2816 :
1891 2783 1918 2811 «
1941 2761 2123 2816 Sacri-

485 2852 684 2908 ficium
711 2855 956 2908 salutare
987 2858 1072 2909 est
1098 2854 1391 2910 attendere
1419 2855 1704 2910 mandatis
1736 2858 1794 2909 et
1827 2855 2120 2910 discedere

487 2945 557 2999 ab
582 2944 742 2999 omni
766 2945 1084 3018 iniquitate.
1110 2967 1138 2996 »
1167 2946 1406 3002 Summa
1431 2948 1585 3003 enim
1612 2947 1882 3018 iniquitas
1908 2951 1994 3003 est
2012 2949 2125 3001 fra-

487 3041 602 3094 tres
653 3037 975 3108 detrahere,
1023 3043 1081 3095 et
1122 3056 1403 3108 accusare,
1447 3040 1605 3095 unde
1655 3039 1929 3111 scriptum
1979 3045 2064 3095 est
2105 3057 2118 3095 :

491 3152 520 3181 «ι
550 3130 747 3187 Omnis
772 3131 872 3203 qui
898 3131 1145 3187 detrahit
1172 3133 1408 3188 fratrem
1440 3149 1608 3187 suum
1636 3132 1928 3188 homicida
1957 3137 2061 3188 est.
2093 3154 2119 3182 »

487 3225 556 3279 Et
567 3223 750 3279 omnis
766 3224 1052 3280 homicida
1066 3242 1183 3280 non
1201 3225 1372 3280 habet
1381 3231 1603 3297 partem
1615 3233 1714 3281 aut
1727 3225 2121 3281 haereditatem

489 3317 548 3372 in
575 3332 752 3389 regno
779 3317 900 3386 Dei,
931 3321 991 3372 et
1014 3317 1149 3372 alibi
1175 3334 1189 3372 :
1228 3339 1257 3366 «
1286 3320 1490 3374 Cavete
1524 3335 1640 3387 vos,
1667 3320 1873 3373 fratres
1909 3319 2121 3373 charis-

487 3409 636 3480 simi,
681 3425 756 3465 ne
803 3409 1111 3482 participes
1157 3409 1489 3465 efﬁciamini
1530 3411 1706 3482 (quod
1748 3411 1910 3483 absit)
1961 3411 2124 3466 malis

490 3519 712 3571 eorum,
743 3525 770 3553 ››
810 3505 867 3558 et
891 3519 1012 3558 non
1038 3503 1224 3558 solum
1247 3519 1347 3558 vos
1372 3509 1565 3559 cavete
1603 3521 1637 3558 a
1674 3504 1901 3571 talibus,
1929 3504 2028 3559 sed
2068 3507 2125 3558 et
2142 3531 2198 3606 Ο

489 3610 684 3650 cavere
708 3595 846 3650 alios
873 3595 945 3650 ab
971 3597 1070 3664 eis,
1098 3600 1156 3652 et
1197 3600 1454 3652 avertere
1499 3597 1718 3667 docete,
1751 3597 1820 3652 de
1850 3597 1941 3652 his
1968 3596 2124 3652 enim

490 3687 764 3743 Dominus
804 3688 879 3744 ait
926 3705 1031 3761 per
1065 3691 1411 3761 prophetam
1461 3689 1751 3745 Michream
1785 3707 1799 3744 :
1837 3712 1864 3740 «
1893 3690 1986 3744 Vas
2025 3689 2123 3761 qui

491 3781 760 3853 cogitatis
787 3782 1012 3853 inutile,
1046 3787 1104 3838 et
1130 3783 1447 3855 operamini
1481 3784 1700 3838 malum
1743 3783 1804 3838 in
1849 3783 2126 3839 cubilibus

491 3875 709 3931 vestris.
738 3876 798 3930 In
823 3875 949 3932 luce
973 3876 1256 3932 matutina
1284 3877 1496 3931 facient
1519 3877 1660 3932 illud
1688 3877 1956 3948 quoniam
1985 3893 2121 3931 con-

491 3973 583 4024 tra
612 3971 792 4024 Deum
821 3974 906 4024 est
929 3986 1134 4025 manus
1158 3986 1383 4024 eorum.
1408 3971 1475 4024 Et
1495 3969 1909 4040 concupierunt
1935 3985 2123 4038 agros,

491 4065 552 4117 et
571 4061 848 4116 violenter
871 4062 1146 4128 tulerunt,
1173 4067 1230 4115 et
1253 4061 1452 4115 domos
1479 4067 1812 4132 rapuerunt,
1835 4066 1893 4115 et
1917 4061 2128 4116 calum-

494 4153 803 4207 niabantur
825 4153 1034 4220 virum,
1053 4158 1110 4207 et
1128 4153 1360 4207 domum
1381 4152 1520 4223 ejus,
1544 4152 1728 4206 virum
1751 4156 1807 4207 et
1831 4153 2129 4208 haeredita-

493 4249 609 4300 tem
629 4245 770 4316 ejus.
793 4243 1003 4299 Idcirco
1025 4244 1161 4300 dicit
1180 4243 1450 4300 Dominus
1471 4245 1623 4300 haec:
1649 4247 1785 4302 Ecce
1807 4262 1914 4319 ego
1936 4247 2124 4318 cogito

495 4353 667 4409 super
714 4336 994 4393 familiam
1036 4337 1207 4393 istam
1250 4339 1491 4405 malum,
1522 4339 1675 4394 unde
1713 4355 1831 4394 non
1861 4340 2128 4396 auferetis

491 4431 635 4487 colla
669 4434 875 4501 vestra,
909 4435 967 4488 et
1013 4447 1126 4486 non
1171 4429 1532 4487 ambulabitis
1575 4433 1824 4504 superbi,
1853 4432 2126 4505 quoniam

493 4531 724 4598 tempus
750 4525 1067 4598 pessimum
1094 4530 1200 4584 est.
1225 4527 1288 4580 ln
1310 4525 1401 4581 die
1432 4525 1531 4581 illa
1556 4531 1813 4583 sumetur
1833 4543 2006 4599 super
2025 4543 2128 4582 vos

494 4620 783 4692 parabola,
814 4623 872 4676 et
897 4617 1218 4676 cantabunt
1247 4619 1534 4675 canticum
1560 4635 1690 4675 cum
1717 4620 2008 4688 suavitate,
2037 4620 2126 4676 di-

495 4713 750 4769 centium
796 4730 810 4768 :
852 4713 1305 4785 Depopulatione
1357 4711 1559 4768 vastati
1603 4729 1820 4784 sumus,
1849 4729 1980 4784 pars
2020 4730 2126 4786 po-

2223 905 2475 972 Domini,
2504 923 2536 959 ο
2570 905 2758 959 Israel.
2790 905 2869 958 Ne
2892 901 3209 975 loquamini
3237 902 3559 973 loquentes.
3584 900 3708 954 Non
3738 899 3863 953 stil-

2223 997 2361 1051 labit
2388 1014 2558 1069 super
2583 997 2734 1065 istos,
2769 1012 2881 1050 non
2928 995 3378 1065 comprehendet
3415 991 3686 1060 confusio,
3723 991 3868 1045 dicit

2222 1090 2516 1157 Dominus,
2547 1089 2713 1144 Jacob
2738 1106 2751 1142 :
2781 1088 3069 1158 Numquid
3107 1086 3466 1141 abbreviatus
3505 1090 3588 1140 est
3624 1086 3866 1155 spiritus

2224 1183 2470 1249 Domini,
2502 1188 2600 1236 aut
2642 1182 2787 1237 tales
2834 1187 2967 1236 sunt
3013 1180 3388 1252 cogitationes
3441 1177 3609 1248 ejus?
3656 1179 3865 1232 Nonne

2223 1276 2393 1330 verba
2422 1291 2549 1328 mea
2576 1275 2730 1329 bona
2757 1279 2909 1340 sunt,
2939 1290 3072 1327 cum
3111 1289 3177 1326 eo
3217 1272 3317 1343 qui
3357 1274 3513 1325 recte
3554 1270 3816 1340 graditur
3836 1271 3869 1324 ?

2221 1369 2291 1422 Et
2319 1373 2567 1435 econtra,
2599 1368 2848 1438 p0pulus
2892 1383 3053 1420 meus
3095 1366 3153 1419 in
3194 1363 3577 1418 adversarium
3617 1379 3863 1416 consur-

2224 1461 2384 1529 rexit,
2412 1462 2660 1532 desuper
2684 1460 2938 1514 tunicam
2968 1458 3206 1530 pallium
3233 1457 3532 1512 sustulistis
3552 1460 3608 1510 et
3634 1473 3731 1510 eos
3759 1455 3868 1526 qui

2224 1554 2542 1608 transibant
2569 1553 2921 1625 simpliciter,
2953 1550 3308 1606 convertistis
3345 1550 3416 1604 ad
3460 1549 3694 1604 bellum.
3724 1571 3755 1597 »
3792 1550 3869 1602 Et

2225 1653 2452 1702 econtra
2482 1665 2494 1701 :
2527 1649 2600 1701 De
2627 1647 2714 1700 his
2740 1646 2840 1717 qui
2867 1648 3204 1700 accusantur
3240 1643 3326 1698 vel
3369 1642 3714 1696 tribulantur
3756 1658 3869 1712 per

2223 1742 2447 1796 Nahum
2469 1741 2804 1812 prophetam
2827 1738 3158 1793 confortans
3184 1753 3281 1790 eos
3301 1735 3381 1790 sic
3399 1734 3647 1807 loquitur
3667 1735 3868 1789 Domi-

2223 1852 2349 1904 nus,
2378 1834 2572 1889 dicens
2602 1851 2614 1888 :
2651 1857 2677 1883 «
2708 1835 2776 1887 Et
2801 1833 3128 1888 confortans
3159 1830 3218 1885 in
3249 1829 3341 1885 die
3372 1827 3780 1896 tribulationis,
3803 1833 3870 1882 et

2224 1927 2402 1982 sciens
2418 1932 2709 1999 sperantes
2729 1927 2787 1980 in
2810 1943 2891 1982 se.
2916 1928 2982 1980 Et
3005 1926 3065 1979 in
3087 1924 3298 1979 diluvio
3320 1926 3701 1994 praetereunte
3724 1938 3870 1977 con-

2223 2019 2660 2075 summationem
2678 2019 2845 2074 faciet
2865 2019 2969 2073 loci
2990 2017 3131 2088 ejus,
3155 2020 3213 2071 et
3234 2017 3493 2071 inimicos
3514 2016 3638 2086 ejus
3657 2031 3862 2087 perse-

2223 2115 2472 2186 quentur
2496 2112 2772 2168 tenebrae.
2799 2111 2947 2176 Quid
2972 2110 3230 2182 cogitatis
3269 2112 3470 2164 contra
3498 2109 3814 2163 Dominum
3834 2108 3864 2163 ?

2220 2206 2726 2263 Conﬁrmationem
2769 2205 2892 2275 ipse
2937 2204 3124 2259 faciet.
3159 2205 3280 2258 Non
3317 2207 3621 2274 consurget
3648 2201 3866 2274 duplex

2220 2298 2530 2366 tribulatio,
2561 2299 2694 2370 quia
2726 2297 2868 2352 sicut
2893 2297 3073 2368 spina
3103 2313 3160 2353 se
3191 2295 3436 2352 invicem
3463 2294 3863 2366 complectun-

2221 2397 2334 2459 tur,
2365 2391 2443 2446 sic
2473 2391 2793 2446 convivium
2819 2407 3017 2446 eorum
3038 2389 3256 2461 pariter
3282 2389 3626 2460 potentium,
3647 2403 3863 2442 consu-

2223 2487 2457 2538 mentur
2480 2483 2638 2556 quasi
2660 2483 2869 2555 stipula
2886 2481 3149 2536 ariditate
3169 2481 3360 2552 plena.
3389 2481 3467 2534 Ex
3490 2485 3548 2534 te
3571 2479 3754 2534 exibit
3775 2496 3873 2534 co-

2222 2578 2412 2648 gitans
2427 2582 2623 2632 contra
2639 2576 2945 2631 Dominum
2967 2575 3264 2642 malitiam,
3283 2578 3478 2629 mente
3499 2577 3869 2645 pertractans

2221 2670 2764 2743 praevaricationem.
2792 2670 2921 2724 Hinc
2967 2668 3111 2724 dixit
3153 2668 3425 2723 Dominus
3457 2683 3470 2721 :
3508 2667 3568 2721 Si
3616 2667 3869 2738 perfecti

2221 2763 2451 2832 fuerint,
2479 2764 2558 2818 ita
2583 2768 2638 2818 et
2662 2765 2875 2834 plures,
2897 2761 2975 2817 sic
3001 2778 3230 2834 quoque
3251 2759 3626 2816 attondentur
3648 2765 3705 2814 et
3732 2776 3872 2830 per-

2223 2855 2507 2912 transibit.
2535 2856 2726 2910 Afflixi
2753 2861 2808 2911 te
2834 2859 2892 2910 et
2918 2872 3032 2910 non
3058 2854 3311 2927 afﬂigam
3338 2859 3393 2908 te
3420 2853 3585 2907 ultra.
3613 2873 3642 2903 ››
3673 2853 3871 2908 Facile

2221 2954 2324 3018 est,
2357 2949 2579 3013 fratres,
2605 2949 2782 3003 verbo
2807 2949 3006 3003 fallere
3034 2947 3354 3014 hominem,
3383 2946 3482 3000 sed
3508 2961 3624 3000 non
3650 2946 3867 3001 Deum.

2219 3042 2452 3114 Sapiens
2478 3059 2594 3097 non
2620 3045 2706 3096 est
2735 3041 2830 3113 qui
2860 3045 3043 3110 nocet,
3071 3057 3175 3096 nec
3205 3040 3292 3095 vir
3317 3040 3611 3110 linguosus
3636 3037 3695 3092 in
3723 3055 3864 3093 ma-

2219 3135 2342 3190 lum
2383 3150 2442 3188 se
2487 3134 2695 3205 diriget
2739 3133 2799 3188 in
2850 3138 3023 3203 terra,
3051 3133 3193 3188 nihil
3235 3149 3371 3187 vero
3417 3131 3555 3186 mali
3588 3131 3870 3205 vultuqui

2221 3228 2402 3284 fidelis
2429 3232 2532 3282 est.
2559 3228 2698 3281 Malo
2725 3225 2879 3281 enim
2906 3232 2963 3280 et
3001 3243 3175 3298 pravo
3225 3225 3453 3296 ingenio
3481 3223 3626 3278 ﬁdes
3667 3224 3872 3278 aliena

2222 3325 2324 3389 est,
2341 3322 2422 3375 ait
2439 3320 2592 3375 enim
2612 3320 2913 3390 Apostolus
2936 3319 3007 3373 de
3032 3319 3346 3374 infidelium
3366 3317 3691 3388 ignorantia
3716 3333 3731 3372 :
3757 3339 3787 3366 «
3805 3317 3868 3372 Si

2221 3415 2378 3470 enim
2397 3413 2795 3486 cognovissent
2816 3428 3114 3483 nunquam
3140 3411 3445 3466 Dominum
3472 3411 3662 3482 gloriae
3679 3410 3870 3465 cruci-

2222 3507 2493 3563 fixissent.
2528 3529 2556 3557 »
2591 3505 2944 3576 Cruciﬁgunt
2972 3505 3127 3560 enim
3165 3505 3472 3559 Dominum
3499 3504 3594 3575 qui
3635 3519 3770 3558 eum
3801 3504 3868 3558 in

2223 3600 2603 3656 sacerdotibus
2619 3599 2734 3654 suis
2759 3602 3178 3670 persequuntur
3200 3614 3213 3652 :
3239 3597 3376 3670 quia
3395 3613 3532 3652 crux
3551 3613 3584 3651 a
3603 3597 3869 3652 cruciatu

2223 3693 2445 3748 dicitur.
2474 3694 2742 3765 Magnum
2766 3707 2900 3747 vero
2941 3707 3164 3745 sacrum
3207 3690 3446 3745 sustinet
3487 3689 3586 3762 qui
3624 3705 3868 3760 compa-

2223 3782 2363 3837 titur
2385 3798 2398 3836 :
2419 3782 2541 3850 sed,
2561 3786 2751 3836 tamen
2776 3781 2930 3835 beati
2954 3780 3055 3851 qui
3076 3779 3533 3851 persecutionem
3554 3778 3866 3850 patiuntur

2219 3879 2452 3946 pr0pter
2467 3875 2772 3946 justitiam.
2791 3874 2929 3930 Ecce
2949 3872 3028 3927 ait
3051 3873 3220 3928 Judas
3238 3873 3538 3943 Apostolus
3562 3889 3576 3926 :
3605 3893 3632 3919 «
3648 3871 3862 3926 Veniet

2223 3967 2497 4022 Dominus
2517 3967 2577 4021 in
2597 3967 2848 4022 millibus
2867 3967 2982 4020 suis
3007 3965 3191 4022 facere
3210 3965 3510 4037 judicium,
3534 3969 3590 4019 et
3611 3963 3866 4035 perdere

2223 4077 2424 4115 omnes
2449 4059 2674 4131 impios,
2696 4064 2753 4114 et
2768 4075 3010 4131 arguere
3040 4075 3270 4114 omnem
3296 4074 3546 4125 carnem,
3570 4057 3638 4112 de
3660 4057 3865 4111 omni-

2223 4153 2330 4208 bus
2375 4153 2756 4224 impietatibus
2799 4169 3022 4208 eorum.
3059 4175 3086 4202 »
3134 4153 3283 4219 Haec,
3325 4152 3546 4218 fratres,
3577 4149 3735 4204 valde
3783 4149 3863 4204 ti-

2223 4245 2436 4301 menda
2453 4250 2586 4300 sunt
2598 4249 2655 4301 et
2673 4244 3096 4316 perpendenda,
3116 4261 3190 4299 ne
3206 4244 3441 4300 veniens
3462 4242 3863 4314 unusquisque

2226 4339 2593 4410 adjudicium
2618 4325 2848 4411 pae'nam
2886 4354 3016 4393 cum
3056 4337 3249 4410 impiis
3291 4337 3541 4408 recipiat,
3577 4335 3675 4390 sed
3717 4351 3866 4391 cum

2216 4432 2383 4504 justis
2397 4432 2635 4504 gloriam
2645 4473 2658 4487 .
2674 4431 2839 4495 Quod
2852 4431 2980 4502 pius
2994 4430 3266 4485 Dominus
3275 4433 3543 4502 praestare
3561 4429 3862 4500 dignetur,

2225 4526 2324 4598 qui
2352 4525 2486 4581 vivit
2510 4529 2568 4580 et
2595 4528 2801 4597 regnat
2829 4541 2932 4596 per
2957 4524 3164 4580 smcula
3187 4528 3412 4578 cuncta.
3443 4524 3578 4578 Data
3611 4520 3863 4576 Kalend.

2223 4618 2369 4687 Maii,
2396 4617 2630 4674 Heliano
2656 4622 2714 4674 et
2738 4619 2936 4675 Vetere
2969 4633 3051 4673 cc.
3077 4616 3423 4673 consulibus.

1008 4895 1591 4982 INCIPIUNT
1661 4873 2177 4983 DECRETA
2248 4895 2538 4982 SIXTI
2607 4893 2920 4978 PAP/E
2989 4892 3345 4978 PRIMI.

1576 5021 1758 5090 (Anno
1796 5020 2024 5076 Domini
2065 5023 2185 5083 l29,
2216 5024 2475 5089 tempore
2513 5016 2786 5089 Adriani.)

566 5131 843 5189 Omnibus
887 5132 946 5189 in
988 5133 1105 5188 Deo
1151 5136 1336 5205 Patre,
1366 5141 1424 5192 et
1468 5137 1710 5193 Domino
1761 5143 1950 5194 nostro
1991 5139 2199 5222 JesuD
2223 5141 2328 5193 est.
2360 5136 2557 5192 Fidem
2581 5135 2737 5192 enim
2764 5140 2975 5191 rectam
3011 5151 3107 5190 vos
3146 5137 3340 5189 tenere
3369 5136 3615 5202 oportet,
3644 5134 3709 5184 ut
3738 5130 3866 5186 dis-

495 5227 717 5284 Christo
747 5226 966 5282 dilectis
993 5227 1264 5284 fratribus
1290 5230 1350 5285 in
1389 5231 1666 5287 charitate
1690 5233 1915 5288 Domini
1941 5231 2122 5288 nostri

492 5323 624 5378 Jesu
649 5319 877 5392 Christi,
908 5320 1103 5377 Sixrrs
1133 5322 1408 5380 Romanae
1447 5324 1707 5380 Ecclesiae
1742 5325 2120 5398 archiepisco-

494 5432 602 5488 pus
625 5415 890 5471 salutem.

566 5509 921 5576 Charissimi,
953 5507 1196 5565 fideliter
1225 5510 1378 5582 agite
1418 5511 1477 5567 in
1509 5513 1796 5580 omnibus,
1826 5515 1893 5568 ut
1926 5511 2123 5568 ﬁdeles

497 5607 553 5658 et
581 5619 699 5658 non
729 5603 985 5658 infideles
1016 5602 1404 5660 inveniamini.
1437 5606 1618 5662 Nolite
1649 5607 1857 5662 imitari
1884 5607 2120 5674 malum,

495 5695 590 5749 sed
618 5697 767 5767 quod
793 5697 1011 5752 bonum
1041 5700 1127 5751 est
1149 5698 1319 5769 agite,
1343 5699 1478 5770 quia
1507 5701 1604 5771 qui
1629 5717 1693 5756 ex
1720 5702 1836 5756 Deo
1865 5705 1950 5756 est
1977 5700 2124 5755 bene

496 5786 645 5852 facit,
681 5789 776 5858 qui
806 5797 998 5846 autem
1025 5792 1198 5859 male,
1232 5809 1347 5848 non
1382 5810 1447 5848 ex
1479 5795 1610 5864 Deo,
1642 5793 1740 5849 sed
1784 5811 1849 5847 ex
1900 5793 2122 5849 diabolo

2222 5230 2532 5287 sentientes
2575 5229 2645 5284 ab
2688 5227 2990 5300 apostolica
3027 5245 3143 5284 non
3191 5226 3313 5281 sitis
3353 5222 3630 5280 doctrina.
3664 5223 3867 5280 Unum

2223 5324 2380 5380 enim
2405 5339 2604 5378 verum
2631 5323 2809 5378 Deum
2835 5323 3055 5378 Patrem
3094 5324 3151 5375 et
3184 5319 3387 5374 Filium
3413 5336 3447 5373 a
3474 5315 3770 5389 prophetis
3801 5323 3870 5372 et

2221 5417 2485 5490 apostolis
2526 5415 2883 5472 ostendimus
2931 5414 3322 5486 praedicatum,
3361 5429 3396 5466 a
3433 5411 3636 5483 quibus
3682 5410 3867 5466 etiam

2222 5511 2498 5584 Spiritum
2551 5515 2813 5566 sanctum
2867 5508 3152 5564 credimus
3192 5522 3310 5560 non
3359 5520 3477 5560 esse
3520 5503 3862 5571 discretum,

2225 5602 2361 5660 lsaia
2391 5604 2672 5676 propheta
2701 5603 2925 5658 dicente
2958 5618 2972 5656 :
3009 5623 3037 5652 «
3064 5601 3181 5670 Ego
3206 5615 3332 5654 sum
3363 5598 3506 5652 Deus
3536 5599 3594 5651 et
3623 5611 3741 5650 non
3772 5601 3866 5652 est

2223 5699 2365 5754 alius
2393 5704 2601 5769 praeter
2629 5713 2738 5752 me.
2788 5698 2854 5751 Et
2895 5712 3000 5766 per
3032 5693 3314 5764 meipsum
3334 5691 3488 5762 juro,
3514 5689 3647 5762 quia
3688 5689 3869 5745 exivit

2225 5808 2293 5846 ex
2321 5808 2418 5846 ore
2447 5807 2579 5846 meo
2609 5790 2842 5857 veritas;
2873 5794 2930 5843 et
2961 5803 3146 5843 sermo
3190 5801 3350 5840 meus
3394 5800 3511 5839 non
3555 5781 3861 5854 avertitur,
