4046 6188
173 280 262 331 {Oi

1405 275 1883 329 DECRETALIUM
1922 275 2307 329 COLLEC'I‘IO.

3432 279 3530 329 102

166 384 301 454 quia
328 383 469 437 mihi
499 381 865 438 inclinabitur
891 397 1058 438 omne
1090 399 1261 454 genu,
1291 387 1347 436 et
1378 384 1565 438 omnis
1597 383 1796 452 lingua
1818 383 2060 468 Abetur
2091 399 2102 435 :
2132 405 2159 431 ‹‹
2203 381 2464 436 Miserere
2502 382 2663 436 nobis
2699 383 2846 437 Deus
2893 381 3155 436 omnium
3196 385 3254 435 et
3296 382 3532 436 ostende

164 476 533 530 conﬁtebitur
560 493 661 547 per
690 477 1017 544 Dominum,
1041 477 1233 532 dicens
1259 494 1270 530 :
1293 477 1517 532 Iustitia
1539 480 1596 530 et
1614 477 1797 546 gloria

163 570 232 623 ad
261 586 399 623 eum
421 570 633 624 veniet.
665 592 692 619 »
727 573 793 626 Et
815 575 878 625 ut
907 571 965 624 in
997 571 1102 625 hoc
1129 569 1460 624 testimonio
1485 572 1712 623 Patrem
1745 572 1802 622 et

160 662 365 715 Filium
400 663 574 716 simul
612 661 785 718 fuisse
825 664 1174 734 cognoscatis
1211 663 1447 718 Paulum
1477 663 1797 733 apostolum

160 755 353 809 audite
376 755 667 810 dicentem
691 773 702 810 :
733 777 760 808 «
793 759 860 812 Iit
887 757 945 810 in
965 757 1220 822 nomine,
1246 756 1453 826 inquit,
1474 758 1605 810 Iesu
1627 772 1796 809 omne

157 865 310 919 genu
326 847 596 902 ﬂectatur
607 850 939 919 caelestium,
955 849 1307 904 terrestrium
1319 892 1331 916 ,
1349 849 1794 917 etinfernorum,

157 942 416 995 etomnis
435 942 633 1012 lingua
649 944 1007 1012 conﬁteatur,
1029 943 1162 1014 quia
1180 943 1455 997 Dominus
1467 945 1490 997 J
1499 959 1626 996 esus
1642 942 1797 996 Chri-

157 1040 270 1088 stus
303 1036 361 1089 in
393 1036 586 1106 gloria
613 1041 698 1090 est
723 1037 825 1090 Dei
855 1037 1034 1091 Patris
1061 1036 1488 1107 omnipotentis.
1519 1056 1546 1085 »
1571 1035 1730 1099 Quod
1751 1035 1795 1088 si

156 1129 476 1183 secundum
495 1130 716 1200 aliquos
733 1129 900 1184 Filius
917 1129 1201 1184 estminor
1212 1131 1377 1184 Patre
1390 1146 1514 1198 suo,
1530 1145 1668 1200 ergo
1684 1127 1792 1181 mi-

156 1226 350 1276 norata
529 1229 611 1277 est
624 1227 681 1276 et
693 1223 870 1293 gloria
889 1223 1139 1277 Patrisin
1163 1223 1318 1277 Filio.
1336 1225 1401 1278 Et
1419 1222 1514 1276 ubi
1535 1226 1620 1275 est
1639 1221 1795 1292 quod

151 1315 206 1366 in
235 1315 548 1370 Salomone
568 1316 852 1386 Scriptura
867 1316 1114 1386 loquitur
1134 1315 1327 1370 dicens
1353 1334 1366 1370 :
1406 1338 1432 1364 «
1464 1314 1620 1369 Sicut
1640 1313 1794 1367 enim

149 1407 532 1478 inconspectu
556 1425 778 1475 eorum,
795 1409 1408 1479 inquit,magniﬁcatus
1428 1411 1513 1462 est
1533 1408 1592 1461 in
1612 1406 1791 1473 nobis,

151 1500 224 1553 ita
251 1502 308 1554 in
341 1507 663 1573 conspectu
692 1507 885 1557 nostro
917 1501 1376 1572 magniﬁcaberis
1395 1501 1452 1554 in
1479 1501 1587 1555 illis
1615 1504 1676 1553 ut
1707 1516 1795 1554 c0-

153 1599 440 1663 gnoscant
471 1598 528 1648 te
562 1595 704 1648 sicut
734 1600 792 1649 et
819 1613 922 1650 nos
949 1595 1340 1666 cognovimus,
1369 1594 1646 1665 quoniam
1681 1609 1792 1646 non

151 1693 231 1740 est
261 1688 419 1742 Deus
452 1692 673 1758 praeter
699 1694 774 1758 te,
798 1689 1070 1744 Domine?
1101 1711 1128 1737 ››
1153 1688 1464 1758 Diligenter
1484 1686 1717 1741 attende
1738 1689 1795 1740 et

1899 475 2062 529 nobis
2087 476 2280 530 lumen
2309 473 2706 543 miserationis,
2737 475 3055 529 etimmitte
3078 475 3345 529 timorem
3367 477 3530 528 tuum

1900 584 2069 638 super
2100 571 2320 639 gentes,
2348 568 2443 638 qui
2465 584 2581 621 non
2599 568 2990 639 exquisierunt
3013 571 3086 634 te,
3107 570 3172 621 ut
3185 571 3534 636 cognoscant

1898 661 2162 732 quianon
2185 666 2268 716 est
2293 661 2435 714 alius
2462 661 2608 715 Deus
2629 660 2738 714 nisi
2757 667 2838 716 tu.
2863 683 2890 710 ››
2908 663 3048 714 Item
3065 660 3228 713 alibi:
3250 660 3532 714 «Domine

1897 755 2043 808 Dens
2084 755 2272 820 Israel,
2317 770 2434 808 non
2473 756 2557 807 est
2603 752 2702 807 tibi
2749 752 2946 806 similis
3003 752 3062 805 in
3103 753 3240 806 coelo
3285 768 3530 818 sursum,

1897 863 2082 918 neque
2108 847 2167 901 in
2190 851 2340 901 terra
2371 847 2658 900 deorsum.
2688 867 2715 895 ››
2759 846 2827 899 Et
2851 845 2910 898 in
2935 844 3156 915 psalmo
3179 843 3421 915 septimo
3438 845 3534 899 de-

1897 940 2044 994 cimo
2073 957 2086 993 :
2122 963 2149 989 ‹‹
2183 940 2464 1004 Quoniam
2500 939 2626 1010 quis
2657 940 2808 993 Deus
2834 943 3044 1009 praeter
3075 937 3402 1007 Dominum,
3435 939 3536 992 aut

1898 1033 2025 1104 quis
2058 1033 2220 1101 Deus,
2255 1037 2465 1104 praeter
2496 1033 2674 1086 Deum
2717 1035 2996 1085 nostrum.
3032 1051 3059 1079 »
3101 1031 3169 1083 Et
3193 1030 3252 1083 in
3283 1030 3482 1084 Genesi
3516 1047 3529 1083 :

1901 1147 1928 1178 «
1956 1128 2022 1180 Et
2039 1127 2185 1198 pluit
2200 1127 2471 1180 Dominus
2489 1144 2522 1180 a
2544 1125 2781 1180 Domino
2805 1125 3003 1195 ignem
3031 1126 3087 1177 et
3109 1123 3348 1194 sulphur
3362 1139 3533 1193 super

1897 1220 2200 1274 Sodomam
2233 1224 2287 1274 et
2313 1219 2692 1273 Gomorrham
2730 1224 2786 1272 et
2817 1217 3020 1272 evertit
3055 1215 3308 1270 civitates
3331 1214 3472 1270 illas.
3504 1238 3529 1264 ››

1897 1313 1955 1368 Si
1983 1314 2133 1367 solus
2157 1314 2324 1367 Pater
2351 1313 2500 1367 Deus
2527 1317 2630 1380 est,
2666 1312 2792 1383 quis
2823 1310 2968 1382 pluit
2997 1309 3193 1380 ignem
3221 1312 3276 1363 et
3295 1309 3536 1379 sulphur

1897 1423 2061 1476 supra
2093 1405 2388 1476 prmdictas
2425 1405 2696 1475 civitates,
2742 1407 2808 1459 ut
2849 1420 2942 1458 eas
2969 1402 3280 1458 everteret?
3308 1402 3530 1469 Quaeso,

1896 1499 2197 1570 responde.
2217 1501 2283 1554 Et
2299 1499 2357 1552 in
2375 1498 2847 1553 Deuteronomio:
2871 1496 3184 1551 «Dominus
3198 1496 3345 1549 solus
3355 1495 3529 1550 dedu-

1896 1593 2062 1647 cebat
2082 1609 2176 1646 eos
2199 1597 2254 1646 et
2272 1609 2390 1646 non
2413 1591 2522 1646 fuit
2547 1609 2675 1645 cum
2700 1591 2807 1645 illis
2832 1591 2978 1645 Deus
3001 1589 3238 1644 alienus.
3261 1609 3288 1637 ››
3313 1592 3368 1643 et
3386 1589 3530 1642 Pau-

1893 1683 1979 1737 lus
2008 1683 2296 1754 apostolus
2329 1700 2341 1736 :
2374 1704 2400 1731 ‹‹
2432 1684 2587 1737 Unus
2629 1683 2776 1736 Deus
2812 1681 2908 1752 qui
2937 1680 3208 1750 justiﬁcat
3235 1677 3529 1732 circumci-

152 1797 400 1852 agnosce
429 1782 641 1835 Filium
678 1799 799 1836 esse
834 1782 932 1854 qui
968 1781 1428 1852 magnificabitur
1467 1781 1527 1834 in
1548 1779 1788 1850 judicio,
1813 1767 1869 1838 B
1893 1776 2112 1830 sionem
2145 1793 2214 1830 ex
2256 1776 2387 1842 ﬁde,
2432 1779 2488 1829 et
2529 1775 2876 1846 prazputium
2909 1790 3012 1844 per
3054 1773 3260 1839 ﬁdem;
3302 1793 3328 1822 ››
3365 1774 3422 1824 et
3456 1770 3529 1825 ad

150 1874 286 1928 dum
315 1876 552 1929 venerit
580 1875 734 1930 vivos
763 1880 820 1930 et
843 1881 1092 1930 mortuos
1114 1875 1393 1945 judicare.
1413 1876 1550 1928 Item
1575 1874 1739 1927 Isaias
1775 1889 1787 1926 :

153 1990 174 2012 «ι
206 1968 417 2022 Audite
447 1970 654 2023 domus
678 1969 867 2037 Iacob,
905 1972 962 2023 et
991 1968 1201 2023 residui
1243 1968 1446 2023 domus
1469 1966 1660 2036 Israel,
1696 1965 1789 2037 qui

146 2061 508 2130 egredimini
535 2080 598 2115 ex
627 2067 788 2117 utero
827 2067 883 2116 et
911 2061 1212 2116 erudimini
1252 2078 1284 2115 a
1316 2077 1492 2132 puero
1516 2075 1695 2131 usque
1722 2060 1792 2113 ad

145 2160 539 2208 senectutem.
557 2155 635 2208 Ab
659 2155 823 2209 initio
841 2172 945 2226 ego
963 2172 1088 2209 sum
1112 2161 1167 2209 et
1183 2171 1478 2226 quousque
1491 2151 1792 2208 senescatis

147 2262 256 2315 ego
277 2263 440 2301 sum.
466 2248 580 2318 Ego
599 2264 700 2302 vos
727 2247 836 2302 feci
857 2252 914 2302 et
932 2265 1040 2319 ego
1065 2248 1338 2316 sustineo,
1355 2264 1461 2319 ego
1474 2247 1787 2314 remittam,

148 2354 252 2407 ego
265 2339 606 2410 suscipiam,
627 2341 1070 2396 dicitDominus.
1088 2364 1114 2390 »
1139 2343 1206 2394 Et
1226 2341 1436 2395 iterum
1453 2358 1466 2396 :
1484 2363 1512 2390 ‹‹
1529 2341 1647 2411 Ego
1664 2355 1791 2394 sum

147 2432 433 2486 Dominus
460 2435 631 2503 Deus,
680 2440 888 2506 praeter
920 2451 1015 2488 me
1046 2451 1164 2489 non
1195 2439 1279 2489 est
1308 2433 1450 2488 alius
1491 2435 1654 2500 Deus,
1687 2449 1788 2487 an-

149 2527 426 2580 nuntians
447 2527 760 2581 novissima
789 2528 1120 2600 priusquam
1151 2528 1306 2593 ﬁant,
1337 2531 1395 2580 et
1421 2526 1612 2581 statim
1654 2543 1788 2580 con-

146 2625 439 2672 summata
482 2625 638 2674 sunt.
681 2641 708 2668 ››
743 2622 891 2684 Item
937 2621 1070 2674 alibi
1101 2637 1113 2673 :
1160 2642 1187 2668 «
1227 2619 1373 2674 Audi
1411 2636 1506 2673 me
1542 2619 1706 2674 Iacob
1737 2623 1793 2673 et

149 2711 333 2774 Israel,
384 2713 665 2782 quoniam
706 2730 813 2784 ego
852 2713 980 2768 feci.
1014 2716 1133 2784 Ego
1174 2729 1301 2767 sum
1343 2712 1617 2767 Dominus
1648 2713 1792 2767 Deus

145 2810 290 2872 tuus,
327 2811 394 2860 et
426 2822 549 2859 non
577 2810 661 2860 est
683 2807 826 2861 alius
849 2812 1056 2878 praeter
1084 2823 1200 2861 me.
1226 2827 1253 2856 »
1284 2808 1426 2860 Item
1458 2805 1534 2860 ibi
1567 2823 1579 2860 :
1617 2828 1643 2854 «
1671 2807 1790 2877 Ego

146 2914 267 2952 sum
308 2899 600 2952 Dominus
628 2901 772 2954 Deus
800 2905 930 2954 tuus
967 2901 1185 2970 primus
1224 2905 1280 2954 et
1315 2915 1424 2970 ego
1456 2898 1792 2953 novissimus

148 2996 200 3043 et
238 2991 296 3044 in
332 3009 408 3046 ea
449 3008 582 3063 quae
619 2999 1027 3063 superventura
1068 2997 1200 3046 sunt
1239 2994 1298 3046 in
1337 2991 1654 3047 novissimis
1688 3008 1792 3062 ego

148 3100 286 3137 sum.
321 3087 450 3156 Ego
477 3101 607 3138 sum
636 3086 784 3139 Deus
829 3087 928 3156 qui
959 3091 1012 3140 te
1050 3087 1258 3153 creavi,
1292 3086 1388 3157 qui
1419 3090 1475 3140 te
1502 3085 1709 3156 adjuvi,
1739 3090 1794 3140 et

149 3178 509 3231 communivi
547 3178 788 3233 dextera
823 3195 970 3234 mea.
1012 3199 1039 3229 »
1083 3181 1151 3234 Et
1192 3179 1469 3233 unitatem
1512 3177 1693 3232 Patris
1736 3181 1792 3232 et

150 3270 267 3324 Filii
293 3272 607 3342 assignans
631 3272 883 3344 loquitur
909 3273 1103 3327 dicens
1139 3289 1151 3326 :
1189 3294 1217 3322 ‹‹
1255 3274 1372 3344 Ego
1401 3271 1561 3325 testis
1586 3277 1788 3341 vester,

152 3362 282 3417 dicit
300 3365 589 3418 Dominus
610 3366 775 3434 Deus,
803 3371 858 3420 et
877 3381 1019 3436 puer
1037 3382 1200 3420 meus
1221 3368 1285 3420 tu
1299 3381 1473 3437 quem
1488 3381 1594 3435 ego
1618 3364 1788 3436 elegi,

152 3459 208 3508 ut
232 3458 434 3511 sciatis
455 3463 516 3511 et
551 3445 811 3526 credatis,
839 3458 971 3529 quia
996 3476 1100 3529 ego
1132 3476 1278 3526 sum,
1308 3462 1364 3514 et
1388 3461 1519 3513 ante
1553 3475 1645 3511 me
1677 3474 1791 3512 non

153 3549 252 3602 fuit
285 3551 441 3604 alius
473 3551 642 3618 Deus,
673 3554 730 3604 et
755 3555 884 3621 post
910 3569 1000 3606 me
1027 3570 1140 3607 non
1172 3553 1298 3607 erit.
1333 3574 1362 3601 »
1393 3553 1581 3606 Unum
1605 3550 1666 3604 hi
1695 3551 1790 3621 qui

152 3659 262 3696 non
292 3659 432 3698 sane
463 3643 714 3714 sapiunt,
758 3644 973 3714 eligant
1009 3661 1074 3700 ex
1115 3646 1334 3700 duobus
1371 3649 1470 3699 aut
1509 3644 1792 3698 fateantur

153 3736 382 3789 Patrem
418 3741 477 3790 et
504 3736 711 3789 Filium
739 3739 918 3792 Deum
947 3754 1146 3807 unum,
1175 3741 1275 3792 aut
1295 3737 1336 3790 si
1359 3738 1543 3792 solum
1564 3740 1790 3793 Patrem

156 3827 330 3882 Deum
358 3846 486 3882 esse
536 3831 904 3897 contendunt,
948 3847 1086 3900 ergo
1132 3831 1242 3884 illis
1282 3832 1558 3885 Dominus
1601 3835 1792 3887 noster

156 3920 303 3974 Iesus
356 3923 624 3977 Christus
652 3923 748 3976 Dei
780 3923 952 3977 Filius
980 3939 1094 3977 non
1135 3924 1243 3977 erit
1284 3925 1450 3991 Deus,
1488 3925 1625 3996 quia
1651 3925 1787 3980 scri-

156 4018 314 4084 ptum
344 4019 434 4069 est
467 4033 481 4069 :
523 4035 548 4066 α
580 4017 722 4070 Ante
748 4033 841 4069 me
859 4033 973 4071 non
993 4017 1100 4070 fuit
1130 4017 1270 4071 alius
1296 4019 1445 4072 Deus
1468 4025 1524 4072 et
1553 4023 1680 4089 post
1698 4036 1791 4074 me

161 4126 264 4164 non
289 4112 424 4165 erit.
461 4134 491 4161 ››
525 4112 584 4166 Si
612 4114 923 4168 secundum
955 4114 1096 4169 tales
1120 4114 1197 4168 ita
1224 4119 1328 4184 est,
1361 4132 1462 4169 cur
1489 4117 1792 4186 Apostolus

161 4205 288 4258 talia
319 4205 600 4275 praedicat
620 4212 672 4260 et
699 4207 963 4262 eumdem
986 4208 1188 4262 Filium
1206 4208 1384 4262 Deum
1402 4225 1572 4279 super
1592 4225 1790 4262 omnes

160 4295 529 4353 benedictum
545 4297 820 4353 insinuat:
841 4322 868 4349 ‹‹
887 4299 1140 4363 Quorum
1153 4305 1358 4372 patres,
1373 4301 1575 4374 inquit,
1591 4319 1660 4356 ex
1672 4303 1793 4373 qui-

163 4387 264 4443 bus
287 4392 553 4446 Christus
583 4394 893 4448 secundum
920 4410 1152 4449 carnem
1181 4395 1278 4466 qui
1304 4399 1386 4450 est
1405 4412 1576 4467 super
1597 4397 1792 4450 omnia

1812 3131 1866 3205 C

1891 1869 2214 1923 Corinthios
2245 1887 2258 1922 :
2293 1891 2318 1917 ‹‹
2357 1869 2498 1922 Deus
2523 1871 2645 1922 erat
2672 1868 2730 1921 in
2757 1867 2980 1922 Christo
3010 1864 3299 1919 mundum
3328 1880 3525 1918 recon-

1892 1961 2086 2016 cilians
2111 1961 2248 2031 sibi;
2281 1981 2307 2010 »
2343 1965 2396 2016 et
2423 1961 2668 2015 iterum:
2691 1960 2857 2013 «Non
2877 1963 2958 2012 est
2984 1959 3132 2012 Deus
3161 1956 3268 2010 nisi
3294 1972 3470 2020 unus;
3496 1976 3523 2004 »

1893 2057 1949 2108 et
1968 2054 2041 2107 ad
2060 2053 2282 2108 Galatas
2305 2073 2319 2107 :
2347 2075 2374 2101 «
2396 2052 2668 2106 Mediator
2698 2055 2888 2106 autem
2908 2048 3078 2104 unius
3107 2065 3221 2103 non
3247 2050 3352 2115 est,
3381 2047 3528 2101 Deus

1893 2150 2085 2202 autem
2106 2163 2251 2200 unus
2271 2152 2382 2212 est;
2409 2165 2436 2196 »
2461 2147 2517 2199 et
2537 2144 2813 2198 unitatem
2834 2143 3013 2198 Patris
3034 2145 3090 2196 et
3116 2141 3261 2208 Filii,
3287 2143 3344 2194 et
3362 2139 3530 2210 Spiri—

1891 2244 1982 2294 tus
2007 2239 2183 2293 sancti
2205 2240 2619 2304 demonstrans,
2642 2235 2897 2308 Ephesiis
2919 2235 3186 2300 scribens,
3211 2233 3290 2288 ita
3319 2231 3528 2287 conﬁr-

1891 2336 2015 2387 mat
2041 2351 2055 2387 :
2089 2354 2114 2381 ‹‹
2134 2329 2738 2388 δυίῖθτθῃὶοείηνὶοθιη
2767 2330 2824 2384 in
2851 2328 3148 2394 charitate,
3172 2325 3399 2380 solliciti
3419 2340 3531 2379 ser-

1891 2431 2018 2480 vate
2038 2427 2315 2480 unitatem
2342 2424 2574 2496 spiritus
2595 2425 2656 2478 in
2675 2423 2900 2477 vinculo
2921 2421 3090 2494 pacis.
3117 2421 3302 2475 Unum
3328 2434 3533 2490 corpus

1893 2523 1949 2574 et
1977 2536 2122 2574 unus
2154 2519 2401 2590 spiritus,
2432 2517 2576 2572 sicut
2611 2516 2794 2571 vocati
2831 2515 2965 2570 estis
3000 2514 3060 2568 in
3089 2529 3203 2568 una
3238 2529 3335 2584 spe
3367 2527 3527 2566 voca-

1892 2611 2062 2667 tionis
2089 2617 2308 2680 vestrae,
2342 2627 2490 2666 unus
2511 2612 2676 2679 Deus,
2701 2625 2816 2663 una
2836 2607 2992 2676 ﬁdes,
3017 2622 3198 2661 unum
3226 2604 3529 2676 baptisma,

1891 2723 2039 2761 unus
2072 2708 2216 2760 Deus
2262 2705 2473 2774 (Ephes.
2516 2720 2590 2766 ιν,
2637 2702 2712 2774 2).
2758 2723 2785 2751 »
2816 2701 2872 2756 Si
2911 2716 3027 2755 non
3070 2715 3207 2754 sane
3249 2696 3532 2768 sapientes

1891 2799 2174 2854 unitatem
2197 2797 2329 2852 ﬁdei
2360 2796 2644 2852 voluerint
2674 2794 2918 2866 simplici
2953 2792 3122 2848 corde
3159 2791 3431 2862 recipere,
3462 2806 3533 2844 ex

1891 2893 2000 2947 hoc
2023 2892 2212 2963 itaque
2236 2891 2560 2945 testimonio
2601 2889 2661 2943 in
2688 2904 2803 2943 uno
2832 2885 3032 2958 spiritu
3070 2886 3337 2956 poterunt
3365 2883 3534 2937 simul

1892 2985 2071 3040 Patris
2094 2990 2151 3038 et
2176 2983 2298 3038 Filii
2324 2983 2608 3038 unitatem
2627 2980 2972 3036 condiscere.
2992 2980 3223 3034 Patrem
3246 2975 3441 3048 igitur,
3472 2979 3534 3031 ut

1894 3079 2152 3150 superius
2165 3077 2645 3148 comprehensum
2659 3073 2828 3142 est,in
2850 3071 3054 3127 divinis
3065 3069 3292 3139 litteris,
3315 3068 3533 3140 ingeni-

1891 3177 2034 3241 tum,
2056 3170 2289 3243 proprie
2309 3169 2557 3241 positum
2582 3184 2687 3223 nec
2706 3167 2896 3238 legere
2917 3167 3156 3236 possunt
3172 3163 3397 3236 penitus
3425 3177 3531 3216 nec

1889 3265 2150 3337 probare.
2181 3264 2291 3319 Sed
2332 3263 2464 3334 quia
2492 3262 2550 3316 id
2587 3261 2775 3333 ipsum
2818 3258 2960 3314 ﬁdes
2999 3257 3178 3329 exigit
3215 3255 3525 3311 christiana

1892 3359 2108 3430 absque
2127 3357 2247 3412 ulla
2274 3355 2623 3410 dubitatione
2641 3352 2930 3426 ingenitus
2953 3351 3198 3407 creditus
3214 3349 3529 3421 quitamen

1891 3452 2204 3506 secundum
2236 3449 2444 3504 seriem
2475 3448 2896 3519 Scripturarum
2922 3445 2982 3499 in
3017 3443 3154 3499 Filio
3181 3461 3212 3497 a
3239 3459 3299 3496 se
3331 3441 3526 3512 genito

1890 3561 2039 3600 unus
2069 3560 2187 3598 esse
2219 3544 2590 3597 monstratur.

1964 3639 2042 3691 De
2068 3640 2271 3691 caetero
2297 3634 2511 3706 placuit
2535 3637 2767 3704 propter
2793 3631 3077 3686 malorum
3107 3629 3411 3684 hominum
3438 3627 3526 3683 in-

1892 3731 2240 3795 festationes,
2273 3732 2337 3781 ut
2367 3728 2424 3780 in
2459 3725 2818 3780 accusatione
2861 3722 3086 3778 Domini
3111 3721 3526 3790 ministrorum,

1891 3824 2077 3895 primo
2106 3837 2370 3894 persona,
2403 3819 2561 3884 ﬁdes,
2603 3817 2735 3885 vita,
2781 3822 2835 3870 et
2873 3814 3220 3870 conversatio
3257 3813 3522 3883 blasphe-

1891 3916 2172 3972 mantium
2191 3911 2532 3969 enucleatim
2562 3911 2965 3981 perscrutetur.
2989 3908 3130 3960 Nam
3158 3906 3296 3960 ﬁdes
3324 3921 3525 3959 omnes

1890 4015 2047 4067 actus
2072 4007 2322 4064 hominis
2348 4003 2670 4077 praecedere
2699 4002 2883 4069 debet,
2926 4000 3061 4071 quia
3097 3997 3300 4053 dubius
3325 3999 3384 4052 in
3409 3998 3523 4052 ﬁde

1890 4104 2136 4161 inﬁdelis
2169 4107 2272 4169 est,
2306 4117 2411 4154 nec
2439 4098 2520 4152 eis
2547 4095 2783 4152 omnino
2815 4098 2899 4149 est
2926 4092 3280 4148 credendum
3307 4091 3406 4162 qui
3429 4107 3521 4145 ve-

1891 4198 2075 4253 ritatis
2092 4196 2265 4250 ﬁdem
2276 4193 2560 4263 ignorant,
2579 4205 2683 4244 nec
2696 4189 2866 4243 recta:
2886 4183 3332 4240 conversationis
3348 4183 3524 4238 vitam

1893 4292 2126 4347 ducunt.
2151 4286 2428 4351 Quoniam
2448 4285 2590 4340 tales
2610 4281 2772 4336 facile
2789 4284 2845 4335 et
2864 4277 3259 4333 indifferenter
3274 4277 3525 4332 lacerant

1894 4389 1951 4441 et
1979 4382 2352 4438 criminantur
2386 4381 2540 4432 recte
2576 4380 2632 4430 et
2674 4374 2762 4446 pie
2798 4373 3069 4439 viventes,
3101 4369 3308 4425 idcirco
3334 4369 3520 4440 suspi-

161 4482 298 4537 Deus
311 4485 650 4541 benedictus
670 4487 732 4541 in
753 4489 979 4542 saecula.
1000 4509 1028 4538 »
1048 4490 1189 4542 Item
1207 4488 1376 4543 Isaias
1405 4489 1484 4543 ait
1502 4507 1515 4543 :
1544 4508 1572 4541 «
1592 4489 1786 4545 Domi-
1806 4503 1866 4576 D
1889 4479 1974 4534 Cio
1996 4493 2196 4533 eorum
2213 4471 2564 4528 discutienda
2580 4469 2858 4540 Primum,
2879 4469 2935 4520 εἴ
2955 4462 3313 4533 corrigenda:
3333 4477 3518 4533 neque

2100 4574 2105 4576 _
2188 4568 2219 4576 ..
2529 4561 2563 4576 ..
2684 4562 2698 4576 ι
2737 4560 2753 4576 ι
3212 4556 3493 4576 μμ----

160 4592 260 4630 nus
290 4579 447 4632 Deus
477 4579 648 4634 Israel
689 4581 786 4652 qui
815 4581 1076 4636 liberavit
1101 4598 1233 4636 eum
1274 4582 1344 4638 de
1373 4584 1636 4654 Egypto.
1668 4586 1786 4653 Ego

163 4685 281 4724 sum
311 4672 542 4742 primus
568 4677 626 4727 et
650 4690 756 4745 ego
795 4678 920 4744 post
954 4675 1079 4730 haec
1118 4679 1177 4730 et
1209 4678 1422 4747 praeter
1447 4691 1538 4730 me
1564 4693 1680 4732 non
1705 4681 1788 4732 est

163 4762 308 4817 Dens
337 4765 487 4819 sicut
513 4782 620 4838 ego
654 4783 780 4822 sum
811 4769 909 4839 qui
953 4772 1061 4824 stet
1102 4773 1160 4824 et
1197 4773 1380 4839 vocet,
1428 4772 1484 4824 et
1508 4774 1789 4841 praeparet

165 4857 322 4924 mihi,
346 4874 417 4912 ex
453 4875 567 4930 quo
597 4861 885 4916 hominem
911 4862 1018 4918 feci
1043 4863 1106 4917 in
1133 4864 1355 4918 saeculo.
1383 4883 1411 4913 ››
1438 4865 1575 4918 Item
1604 4863 1740 4918 alibi
1771 4881 1784 4917 :

168 4975 193 4996 ιι
215 4953 272 5006 In
298 4959 357 5007 te
384 4957 472 5009 est
500 4955 646 5009 Dens
674 4959 731 5009 et
748 4956 1136 5012 nesciebamus
1155 4962 1210 5012 et
1237 4973 1353 5012 non
1371 4961 1456 5012 est
1478 4957 1621 5012 alius
1645 4958 1789 5012 Deus

167 5051 367 5112 praeter
397 5057 474 5101 te.
513 5048 595 5101 Tu
634 5065 695 5102 es
730 5049 885 5103 enim
922 5052 1066 5104 Deus
1107 5055 1162 5105 et
1198 5050 1606 5118 nesciebamus,
1640 5051 1788 5104 Deus

167 5138 324 5192 Israel
360 5139 684 5195 Salvator.»
727 5143 878 5196 Unus
914 5145 1056 5198 Deus
1095 5160 1212 5198 non
1249 5147 1381 5198 sunt
1420 5145 1584 5198 Pater
1619 5149 1678 5198 et
1707 5144 1789 5198 Fi-

169 5230 308 5285 lius?
347 5232 482 5296 Quis
519 5239 602 5288 est
640 5235 732 5289 hic
780 5236 947 5306 Deus,
987 5237 1047 5291 in
1082 5253 1197 5308 quo
1237 5253 1355 5292 esse
1395 5237 1602 5292 dicitur
1640 5238 1789 5291 Deus

173 5323 327 5379 Pater
344 5342 517 5397 quem
535 5327 716 5382 alium
739 5329 919 5384 Deum
939 5346 1053 5384 non
1085 5347 1205 5386 esse
1225 5331 1505 5403 propheta
1523 5346 1784 5401 saepenu-

175 5431 326 5472 mero
363 5421 746 5490 protestatur?
775 5423 844 5478 Et
885 5424 1101 5479 Baruch
1133 5441 1146 5479 ε
1188 5446 1216 5474 ‹‹
1255 5424 1354 5479 Hic
1395 5425 1542 5479 Deus
1577 5427 1786 5493 noster,

179 5509 266 5577 ait,
296 5517 352 5566 et
390 5530 508 5568 nou
551 5515 928 5586 applicabitur
967 5518 1113 5572 alter
1153 5519 1222 5573 ad
1259 5535 1393 5573 eum
1433 5518 1533 5590 qui
1572 5515 1790 5572 invenit

182 5619 394 5660 omnem
421 5607 577 5662 viam
600 5608 852 5664 scientias
879 5615 936 5666 et
963 5611 1117 5667 dedit
1140 5629 1268 5668 eam
1296 5612 1461 5668 Iacob
1489 5627 1669 5682 puero
1690 5625 1790 5665 suo

182 5701 228 5748 et
249 5699 411 5754 Israel
441 5701 645 5757 dilecto
673 5720 792 5758 suo.
822 5705 954 5758 Post
989 5705 1108 5760 haec
1143 5707 1204 5760 in
1243 5706 1407 5762 terris
1439 5705 1588 5759 visus
1621 5708 1705 5758 est
1734 5706 1791 5758 et

186 5788 315 5846 inter
342 5794 611 5851 homines
629 5802 989 5852 conversatus
1009 5805 1110 5854 est.
1142 5821 1169 5850 »
1193 5801 1259 5855 Et
1280 5799 1339 5854 in
1359 5799 1664 5854 Salomone
1695 5798 1791 5852 ha-

1889 4568 2312 4627 accusatoribus
2324 4561 2596 4636 suspectis
2610 4577 2641 4615 v
2651 4562 2702 4614 el
2723 4560 2792 4613 de
2813 4557 3183 4612 inimicorum
3205 4556 3377 4610 domo
3393 4571 3520 4626 pro-

1888 4669 2192 4726 deuntibus
2229 4668 2314 4720 est
2347 4660 2714 4718 credendum.
2757 4657 2935 4711 Erant
2965 4654 3119 4710 enim
3155 4653 3391 4724 quidam
3417 4653 3516 4724 qui

1887 4765 2045 4837 prius
2072 4760 2408 4816 videbantur
2434 4770 2552 4809 esse
2578 4769 2644 4807 ex
2671 4749 2851 4818 nobis,
2875 4749 2971 4804 sed
2994 4763 3112 4800 non
3134 4749 3386 4800 erantex
3413 4762 3513 4800 no-

1886 4858 1994 4913 bis.
2027 4855 2083 4911 Si
2114 4871 2246 4908 vero
2272 4853 2457 4907 essent
2482 4863 2550 4902 ex
2585 4843 2768 4910 nobis,
2813 4840 3156 4896 mansissent
3190 4838 3382 4910 utique
3413 4856 3514 4894 no-

1887 4951 2130 5016 biscum,
2163 4952 2220 5002 et
2249 4961 2363 5000 non
2391 4938 2822 4997 conturbassent
2848 4935 3069 4990 fratres.
3100 4952 3128 4985 ε(
3159 4933 3518 4987 Exacuerunt

1891 5045 2104 5110 enim,»
2117 5043 2183 5096 ut
2197 5040 2274 5094 ait
2288 5036 2587 5107 Propheta,
2609 5051 2636 5083 «
2652 5031 2876 5100 linguas
2892 5044 3022 5082 suas
3036 5025 3178 5081 sicut
3198 5030 3512 5098 serpentes,

1888 5151 2172 5193 venenum
2185 5130 2447 5202 aspidum
2460 5127 2563 5181 sub
2584 5123 2749 5179 labiis
2761 5137 2961 5176 eorum
2979 5119 3143 5190 (Psal.
3161 5135 3377 5187 CXXXIX,
3392 5119 3444 5190 4)
3454 5161 3466 5174 .
3484 5142 3511 5169 ››

1888 5231 2244 5302 Quapropter
2267 5224 2326 5278 hi
2345 5218 2652 5292 respuendi
2677 5220 2807 5272 sunt
2835 5215 2882 5270 si
2905 5212 3320 5284 incorrigibiles
3346 5229 3512 5284 appa-

1887 5323 2126 5390 ruerint,
2157 5325 2214 5376 et
2242 5316 2454 5374 vitandi
2483 5330 2555 5369 ne
2581 5309 2822 5367 Domino
2842 5307 3128 5380 decipiant
3152 5306 3511 5360 famulantes.

1889 5419 2038 5474 State
2067 5430 2222 5485 ergo,
2259 5405 2622 5476 dilectissimi,
2663 5419 2836 5475 super
2856 5401 2975 5456 vias
2991 5398 3323 5471 aspicientes
3351 5400 3409 5451 et
3432 5396 3515 5450 in-

1887 5513 2242 5583 terrogantes
2276 5505 2347 5560 de
2387 5502 2602 5559 semitis
2647 5496 2870 5555 Domini
2919 5492 3164 5564 antiquis
3195 5507 3208 5545 :
3239 5493 3294 5545 et
3330 5489 3509 5583 videte

1890 5622 2021 5680 quas
2047 5581 2132 5659 est
2155 5603 2247 5657 via
2274 5597 2503 5654 Domini
2528 5596 2675 5650 bona
2694 5597 2752 5647 et
2776 5593 2950 5658 recta,
2967 5591 3025 5642 et
3043 5584 3328 5640 ambulate
3349 5581 3409 5636 in
3422 5598 3511 5650 ea,

1892 5675 1950 5756 et
1971 5695 2267 5755 invenietis
2292 5692 2548 5765 requiem
2574 5685 2870 5743 animabus
2888 5678 3106 5734 vestris.
3136 5677 3276 5731 Data
3292 5675 3512 5732 decima

1891 5797 2046 5849 sexta
2073 5791 2265 5847 Kalen.
2292 5785 2420 5842 Maii
2451 5783 2555 5838 sub
2580 5780 2829 5834 Adriano
2858 5777 2915 5828 et
2943 5774 3102 5826 Vero.
