4046 6188
563 292 661 348 103

1455 287 1734 344 ΑΡΡΕΝΙ).
1776 283 1863 342 AD
1900 285 2060 342 SEC.
2102 283 2188 341 IX.
2218 313 2286 325 -—
2325 283 2567 341 ISIDORJ
2603 281 3024 341 MERCATORIS

3816 286 3924 341 104

1521 463 1753 535 ΙΤΕΜ
1819 463 2278 535 EPISTOLA
2344 459 2590 533 SIXTl
2655 461 2962 531 PAP/E.

631 619 826 674 SIXTUS
858 615 1193 672 universalis
1227 616 1550 688 apostolicae
1589 617 1852 673 Ecclesiae
1887 617 2184 689 episcopus
2205 616 2391 704 Abus
2437 616 2633 687 possit.
2685 615 2769 670 Ab
2821 615 2924 670 hac
2969 613 3124 668 enim
3161 617 3354 668 sancta
3410 612 3569 682 Sede,
3620 629 3655 666 a
3703 615 3924 667 sanctis

557 710 818 768 omnibus
843 710 1119 782 episcopis
1139 709 1200 764 in
1230 709 1469 765 Domino
1491 710 1754 765 salutem.

625 806 934 877 Cognoscat
975 807 1162 858 vestra
1214 802 1521 875 sapientia,
1585 802 1898 858 charissimi
1945 803 2180 871 fratres,

554 899 689 971 quia
716 897 776 952 in
801 898 909 952 hac
947 900 1140 951 sancta
1179 895 1314 952 sede
1351 895 1661 968 apostolica
1699 913 1731 950 a
1760 896 1927 951 nobis
1956 897 2014 951 et
2048 895 2180 952 reli-

552 991 680 1064 quis
710 990 992 1062 episcopis
1029 989 1359 1060 caeterisque
1398 989 1625 1044 Domini
1656 989 2040 1044 sacerdotibus
2067 992 2179 1044 sta-

550 1088 742 1140 tutum
770 1087 875 1151 est,
900 1087 966 1138 ut
989 1099 1144 1138 sacra
1168 1099 1298 1136 vasa
1316 1098 1429 1138 non
1450 1083 1520 1138 ab
1547 1082 1675 1137 aliis
1699 1099 1876 1154 quam
1897 1099 1930 1136 a
1949 1082 2180 1137 sacratis

551 1176 906 1248 Dominoque
945 1175 1146 1232 dicatis
1182 1178 1605 1232 contrectentur
1639 1175 1990 1231 hominibus.
2027 1175 2180 1230 Indi-

553 1286 734 1344 gnum
750 1270 908 1325 valde
930 1274 1015 1325 est
1032 1273 1097 1324 ut
1110 1286 1267 1324 sacra
1289 1269 1513 1324 Domini
1526 1287 1659 1325 vasa
1694 1285 2050 1341 quascunque
2070 1269 2184 1324 sint

552 1363 824 1419 humanis
843 1363 1037 1419 usibus
1057 1362 1326 1432 serviant,
1345 1367 1444 1418 aut
1467 1363 1536 1417 ab
1557 1359 1680 1418 aliis
1701 1379 1876 1434 quam
1895 1379 1928 1416 a
1943 1361 2180 1417 Domino

549 1455 956 1513 famulantibus
985 1455 1154 1528 eique
1182 1455 1376 1511 dicatis
1407 1458 1726 1511 tractentur
1752 1455 1904 1510 viris.
1944 1455 2023 1510 Ne
2074 1472 2179 1525 pro

549 1549 761 1606 talibus
773 1549 1316 1621 praesumptionibus
1337 1548 1515 1604 iratus
1529 1549 1802 1604 Dominus
1821 1534 2050 1620 plagam
2068 1548 2179 1603 im-

2284 709 2550 781 apostolis
2571 709 2736 778 tueri,
2761 708 2990 764 defendi
3009 707 3308 763 etliberari
3331 706 3580 778 episcopi
3589 706 3735 777 jussi
3758 713 3927 776 sunt,

2281 807 2348 858 ut
2373 803 2516 858 sicut
2545 819 2746 859 eorum
2784 801 3152 874 dispositione
3188 799 3489 855 ordinante
3520 799 3762 854 Domino
3791 800 3922 871 pri-

2281 896 2454 952 mitus
2495 899 2627 951 sunt
2665 895 2974 964 constituti,
3021 894 3099 948 sic
3133 893 3304 965 hujus
3347 897 3554 948 sanctie
3592 892 3775 961 Sedis,
3811 909 3922 948 cu-

2274 989 2371 1062 jus
2391 989 2742 1062 dispositioni
2764 1005 2968 1045 eorum
2990 1004 3186 1042 causas
3208 991 3265 1042 et
3283 986 3503 1058 judicia
3522 990 3920 1050 servaverunt,

2281 1061 2885 1154 protectione,'futuris
2903 1081 3256 1152 temporibus
3275 1079 3389 1134 sint
3408 1079 3479 1134 ab
3501 1079 3768 1134 omnibus
3787 1097 3926 1152 per-

2280 1175 2635 1231 versitatibus
2679 1191 2906 1247 semper
2952 1174 3134 1230 liberi.
3184 1174 3342 1230 Unde
3384 1172 3682 1245 culpantur
3710 1173 3775 1227 hi
3815 1173 3924 1245 qui

2281 1269 2441 1324 aliter
2466 1269 2615 1324 circa
2641 1269 2841 1324 fratres
2871 1268 3112 1340 egerint,
3133 1283 3311 1338 quam
3331 1267 3501 1338 hujus
3519 1263 3663 1322 sedis
3679 1267 3929 1322 rectori-

2280 1361 2384 1416 bus
2413 1362 2634 1433 placere
2660 1362 3056 1433 cognoverint.
3090 1360 3187 1414 His
3221 1361 3414 1416 taliter
3432 1359 3801 1415 consideratis
3823 1362 3922 1412 at-

2281 1470 2391 1526 que
2409 1471 2539 1509 cum
2561 1454 2793 1526 reliquis
2810 1453 3089 1526 episcopis
3104 1453 3344 1508 decretis
3357 1458 3630 1525 tanquam
3647 1451 3922 1508 omnium

2272 1561 2478 1620 ,curam
2506 1552 2792 1617 gerentes,
2839 1551 3074 1620 propter
3108 1547 3259 1602 sedis
3287 1546 3531 1618 propriae
3559 1546 3782 1618 apicem
3815 1547 3923 1601 de-

549 1645 728 1715 ponat
752 1641 963 1713 populo
992 1658 1113 1709 suo,
1143 1645 1198 1697 et
1226 1642 1289 1696 hi
1317 1642 1492 1697 etiam
1528 1642 1628 1714 qui
1656 1659 1771 1697 non
1800 1647 2184 1713 peccaverunt
2253 1633 2588 1730 (cernimus,
2615 1644 2681 1695 ut
2721 1657 2894 1696 nemo
2930 1639 3264 1712 pontiﬁcum
3316 1640 3566 1712 aliquem
3598 1638 3712 1694 suis
3740 1639 3927 1694 rebus

553 1737 704 1792 mala
725 1735 1021 1807 patiantur
1039 1724 1138 1790 aut
1162 1738 1423 1806 pereant,
1452 1735 1584 1807 quia
1612 1735 1761 1806 perit
1777 1735 1964 1806 justus
1988 1735 2180 1806 sacpis-
2283 1733 2659 1805 exspoliatum
2673 1735 3004 1806 episcopum
3023 1738 3121 1789 aut
3141 1751 3173 1788 a
3195 1732 3328 1789 sede
3339 1734 3566 1805 pulsum
3584 1748 3929 1788 excommu-

554 1829 695 1886 sime
724 1845 830 1900 pro
860 1826 1060 1900 impio.
1091 1828 1400 1896 Attendite,
1435 1828 1662 1897 fratres,
1700 1845 1771 1884 ne
1805 1829 1942 1884 talia
1963 1828 2097 1884 viris
2120 1828 2181 1883 in
2245 1827 2492 1902 lnicare,
2523 1829 2623 1882 aut
2641 1827 2901 1899 judicare
2941 1830 3270 1899 praesumat,
3303 1826 3440 1899 quia
3477 1843 3594 1881 non
3623 1829 3708 1881 est
3734 1825 3924 1898 privi-

551 1921 811 1978 Ecclesiis
836 1921 1173 1994 permittatis
1201 1920 1465 1992 deinceps
1488 1921 1634 1992 ﬁeri,
1665 1937 1738 1977 ne
1767 1937 1904 1993 grex
1934 1922 2182 1994 pretioso
2244 1919 2268 1994 ,δ’
2280 1919 2495 1991 legium
2530 1936 2642 1992 quo
2673 1920 2976 1992 exspoliari
3017 1921 3196 1992 possit
3223 1921 3345 1991 jam
3379 1919 3644 1974 nudatus.
3683 1919 3743 1975 Si
3787 1919 3926 1991 quis

554 1981 1076 2088 sanguine‘Christi
1118 1981 1447 2086 redemptus
1491 2014 1553 2069 in
1593 1981 1975 2087 praecipitium
2013 1981 2258 2098 (quodB
2283 1981 2475 2069 auvtem
2521 1981 2684 2069 aliter
2725 1981 2896 2085 agere
2938 1981 3384 2086 praesumpserit,
3428 2013 3570 2068 sciat
3610 1981 3925 2068 censuram

551 2110 714 2179 absit)
746 2111 906 2176 ruat;
935 2111 1168 2179 propter
1203 2109 1358 2179 quod
1386 2107 1656 2163 assumite
1679 2111 2029 2164 armaturam
2059 2109 2181 2179 Dei,
2283 2106 2452 2178 hujus
2489 2107 2648 2163 Sedis
2685 2123 2817 2162 cum
2853 2107 3120 2162 omnibus
3159 2105 3430 2163 membris
3473 2106 3589 2161 suis
3627 2106 3735 2160 sibi
3776 2123 3922 2162 ven-

553 2205 617 2257 ut
642 2201 866 2274 possitis
888 2201 1152 2256 resistere
1176 2200 1266 2254 his
1292 2200 1392 2272 qui
1425 2200 1823 2256 contradicunt
1854 2202 2096 2270 veritati,
2129 2204 2187 2258 et
2282 2201 2492 2266 turam,
2539 2204 2595 2256 et
2629 2199 2773 2255 sicut
2814 2199 3013 2272 egerit,
3059 2200 3137 2254 ita
3175 2199 3428 2271 recipiet.
3482 2199 3540 2254 Si
3568 2199 3711 2254 bene
3741 2198 3921 2266 bene,

550 2295 773 2350 induite
801 2310 901 2348 vos
925 2292 1101 2347 lorica
1119 2292 1378 2362 justitize,
1415 2293 1645 2348 calceati
1669 2294 1842 2364 pedes
1865 2294 1926 2349 in
1956 2311 2182 2366 praepa-

552 2387 770 2442 ratione
787 2385 1077 2456 Evangelii
1097 2385 1268 2456 pacis.
1292 2385 1352 2440 Si
1371 2385 1497 2457 quis
1507 2401 1639 2440 vero
1659 2391 1909 2441 vestrum
1927 2387 2184 2458 pulsatus

552 2480 725 2536 fuerit
749 2480 810 2534 in
833 2477 1025 2550 aliqua
1055 2478 1396 2534 adversitate
1423 2479 1660 2534 licenter
1678 2479 1827 2534 hanc
1859 2484 2107 2534 sanctam
2127 2483 2183 2536 et

509 2561 517 2568 ’
552 2573 925 2646 apostolicam
937 2573 1181 2644 appellet
1191 2571 1414 2642 Sedem,
1441 2576 1499 2627 et
1514 2573 1587 2627 ad
1601 2588 1730 2628 eam
1750 2573 1912 2644 quasi
1925 2572 1998 2628 ad
2013 2578 2184 2645 caput

551 2667 863 2735 suffugium
893 2666 1117 2736 habeat,
1158 2682 1233 2720 ne
1263 2665 1537 2721 innocens
1577 2667 1901 2737 damnetur,
1940 2672 2038 2722 aut
2075 2668 2179 2722 Ec-

552 2761 724 2815 clesia
743 2775 843 2815 sua
867 2759 1276 2814 detrimentum
1290 2758 1558 2830 patiatur.
1582 2758 1636 2814 Si
1662 2764 1854 2815 autem
1880 2760 1932 2814 ei
1952 2776 2180 2816 necesse

551 2852 724 2908 fuerit
759 2867 1005 2923 eamque
1051 2851 1338 2923 appellare
1384 2851 1624 2907 minime
1679 2869 1847 2907 ausus
1893 2851 2084 2920 fuerit,
2126 2856 2184 2908 et

552 2949 784 3001 vocatus
810 2948 1004 3000 tamen
1039 2945 1108 2999 ab
1141 2945 1247 2998 hac
1286 2948 1483 2999 sancta
1535 2945 1914 3013 Sede-fuerit,
1943 2962 2060 3000 non
2086 2963 2178 3000 re-

554 3037 694 3089 nuat
718 3033 932 3103 venire,
967 3032 1066 3088 sed
1095 3033 1415 3103 confestim,
1457 3036 1521 3088 ut
1550 3033 1600 3088 ei
1623 3034 1949 3088 nuntiatum
1984 3035 2178 3102 fuerit,

551 3127 746 3182 venire
764 3126 1012 3193 festinet,
1040 3130 1095 3180 et
1126 3141 1320 3180 causas
1339 3141 1443 3198 pro
1473 3125 1678 3196 quibus
1693 3129 1925 3181 vocatus
1943 3132 2027 3182 est
2052 3144 2183 3198 pru-

2248 2287 2258 2294 “
2284 2307 2455 2364 grave
2479 2309 2667 2364 grave.
2693 2293 2752 2348 Si
2765 2293 3008 2364 pessime
3022 2294 3282 2364 pessime,
3307 2292 3580 2364 quoniam
3602 2292 3817 2363 dignus
3834 2300 3928 2348 est

2284 2386 2575 2457 operarius
2599 2388 2858 2442 mercede
2877 2403 2995 2442 sua.
3023 2389 3151 2456 Nos,
3173 2386 3396 2457 fratres,
3426 2385 3649 2440 nullum
3673 2386 3927 2457 perdere

2280 2479 2558 2547 volumus,
2592 2479 2690 2535 sed
2709 2480 2830 2551 ipse
2852 2479 3042 2551 perdit
3061 2495 3120 2535 se
3139 2478 3239 2551 qui
3261 2479 3350 2550 pie
3373 2479 3734 2534 considerata
3760 2496 3930 2535 aver-

2248 2571 2370 2644 ιιὶῐ,
2401 2575 2458 2626 et
2491 2573 2591 2644 qui
2631 2573 3036 2644 Apostolorum
3076 2577 3134 2627 et
3167 2572 3338 2644 hujus
3381 2575 3588 2627 sanctos
3616 2572 3778 2628 Sedis
3823 2573 3930 2628 de-

2281 2669 2437 2720 creta
2464 2665 2711 2720 libenter
2730 2665 2919 2721 violat.
2945 2666 3055 2722 Sed
3075 2682 3247 2733 nunc,
3286 2666 3510 2735 fratres,
3539 2666 3923 2721 commenda-

2280 2774 2408 2812 mus
2432 2775 2530 2814 vos
2561 2775 2759 2814 omnes
2801 2759 3069 2830 Domino,
3116 2764 3173 2814 et
3209 2759 3381 2814 verbo
3407 2759 3606 2829 gratiae
3640 2760 3785 2830 ejus,
3816 2762 3926 2831 qui

2279 2855 2465 2923 potest
2492 2852 2763 2923 perficere
2789 2856 2847 2908 et
2885 2852 3024 2907 dare
3061 2852 3455 2908 hiereditatem
3489 2869 3618 2907 cum
3647 2853 3928 2908 omnibus

2281 2945 2516 3012 sanctis;
2546 2945 2666 3017 ipse
2708 2950 2901 3000 autem
2931 2947 3076 3000 Deus
3111 2946 3264 3017 pacis
3297 2949 3356 3000 et
3385 2945 3790 3001 consolationis
3817 2946 3928 3001 det

2279 3038 2433 3092 vobis
2449 3037 2696 3109 idipsum
2717 3055 2913 3109 sapere
2936 3039 2994 3093 in
3013 3039 3373 3107 alterutrum,
3396 3044 3459 3094 ut
3485 3038 3640 3093 vobis
3666 3039 3927 3094 invicem

2282 3131 2636 3197 succurratis,
2669 3135 2725 3185 et
2747 3147 2861 3184 non
2889 3131 3006 3186 sitis
3031 3131 3212 3202 divisi,
3240 3135 3302 3186 ut
3330 3131 3652 3199 unanimes,
3673 3148 3789 3187 uno
3813 3149 3925 3187 ore

553 3221 756 3276 denter
781 3218 1060 3290 disponat,
1089 3221 1258 3289 atque
1288 3218 1335 3272 si
1383 3234 1610 3273 necesse
1647 3218 1862 3290 aliquid
1894 3220 2181 3291 corrigere
2281 3227 2337 3278 et
2357 3240 2472 3277 uno
2495 3223 2667 3278 corde
2685 3224 3126 3279 honorificemus
3149 3240 3282 3279 eum
3301 3224 3360 3280 in
3380 3225 3681 3280 concordia
3703 3229 3762 3279 et
3783 3242 3931 3280 con-

551 3312 743 3380 fuerit,
772 3327 904 3366 cum
931 3311 1019 3365 his
1047 3327 1189 3382 quos
1217 3311 1308 3365 hic
1331 3311 1546 3382 primos
1571 3311 1872 3382 invenerit,
1903 3313 2177 3383 corrigat;
2202 3359 2253 3389 η
2281 3315 2556 3371 solatione
2598 3316 2860 3386 fratrum,
2910 3317 3008 3389 qui
3051 3322 3254 3388 potens
3298 3322 3383 3374 est
3417 3318 3763 3374 conﬁrmare
3810 3336 3927 3374 nos

554 3359 743 3380 "wn"
775 3359 904 3366 ---’·
931 3359 1017 3365 ---
1051 3359 1186 3382 1—"
1217 3359 1305 3365 ---
1331 3359 1544 3382 ι---η-νν
1571 3359 1872 3382 ---"—'-"7
1907 3359 2177 3383 "'"0'";
2281 3359 2556 3371 ννιυν-νμν
2598 3359 2860 3386 μακε-ιη’
2910 3359 3008 3389 ιιι-ι
3051 3359 3254 3388 γυινυυ
3298 3359 3383 3374 νυν
3418 3359 3763 3374 νυυυιιιιυιιυ
3811 3359 3927 3374 ηνο

554 3405 628 3460 ad
643 3403 952 3460 Ecclesiam
974 3409 1168 3458 tamen
1182 3420 1342 3458 suam
1359 3419 1476 3458 non
1496 3403 1651 3474 prius
1670 3407 1990 3460 revertatur
2007 3421 2181 3476 quam
2201 3359 2256 3433 Ο
2280 3409 2594 3464 secundum
2647 3410 3021 3480 Evangelium
3077 3411 3199 3482 ejus
3215 3453 3230 3481 ,
3278 3411 3442 3482 juxta
3497 3411 3928 3468 revelationem

553 3497 754 3553 litteris
772 3496 1095 3568 apostolicis
1115 3495 1203 3551 vel
1220 3496 1483 3551 formatis
1509 3497 1755 3568 pleniter
1772 3496 2082 3553 instructus
2101 3503 2182 3553 at—
2281 3502 2535 3573 mysterii
2559 3503 2779 3570 (sterni,
2807 3503 3158 3575 temporibus
3194 3504 3409 3559 scilicet
3442 3504 3754 3576 perpetuis,
3785 3506 3924 3577 qui-

553 3607 664 3663 que
692 3593 986 3662 purgatus,
1021 3589 1069 3643 si
1102 3589 1278 3644 fuerit
1306 3589 1477 3644 unde.
1512 3589 1584 3645 Et
1614 3594 1919 3661 postquam
1947 3591 2180 3647 domum
2278 3595 2385 3650 bus
2409 3595 2564 3650 vobis
2589 3610 2829 3652 munera
2865 3597 3190 3652 futurorum
3229 3598 3572 3668 gaudiorum
3613 3598 3929 3669 largienda

551 3699 812 3739 reversus
827 3681 1018 3754 fuerit,
1039 3684 1386 3754 cognoscant
1403 3682 1572 3737 vicini
1603 3682 1689 3737 sui
1709 3683 1951 3755 qualiter
1965 3684 2057 3739 hic
2077 3702 2181 3740 sua
2280 3693 2432 3743 sunt.
2459 3689 2602 3744 Data
2625 3705 2780 3746 nono
2807 3689 3003 3746 Kalen.
3031 3690 3258 3762 Aprilis,
3284 3691 3532 3748 Adriano
3564 3695 3620 3746 et
3653 3692 3803 3748 Vero
3829 3709 3927 3748 cc.

548 3776 907 3849 aliorumque
933 3792 1100 3833 causa
1121 3775 1377 3832 discussa
1393 3775 1584 3847 fuerit,
1607 3779 1891 3848 quatenus
1913 3794 2042 3834 eam
2059 3778 2181 3834 abs-
2280 3782 2497 3837 consul.

550 3886 663 3944 que
682 3871 872 3944 aliqua
890 3869 1262 3944 ambiguitate
1284 3869 1550 3926 nuntiare
1575 3875 1632 3926 et
1651 3868 1968 3942 praedicare
1992 3871 2178 3928 omni-

549 4019 3921 4052 *Μ

1049 4174 1626 4262 INGIPIUNT
1705 4175 2220 4266 DECRETA
2286 4182 2989 4273 TELESPHORI
3060 4191 3405 4278 PAPzE.

552 4343 936 4431 Deijejugiz‘o
944 4354 1208 4431 _septem
1241 4346 1803 4412 hebdomadarum
1830 4357 1980 4431 ante
2006 4349 2287 4431 Pascha,
2317 4353 2483 4417 etde
2522 4357 2878 4422 missarum
2905 4358 3328 4426 celebratione
3357 4362 3426 4424 in
3465 4370 3647 4426 nocte
3681 4374 3927 4429 sancta

681 4428 892 4524 fatalis
928 4428 1215 4504 Doim'nz',
1255 4435 1321 4490 et
1357 4446 1486 4509 quo
1526 4435 1810 4510 tempore
1853 4429 1977 4493 alii
2009 4430 2234 4496 diebus
2264 4428 2482 4499 inissa
2513 4437 2927 4514 celebrentur,
2969 4447 3030 4502 et
3071 4441 3150 4505 de
3191 4442 3640 4524 episcoporum
3682 4444 3925 4526 defen-

632 4527 830 4575 ετθηθο
1513 4587 1695 4658 (Anno
1722 4589 1947 4648 Domini
1980 4594 2101 4665 l3l,
2127 4595 2414 4653 Antonino
2442 4597 2540 4653 Pio
2573 4597 2956 4671 imperatore.)

623 4856 976 4916 Charissimis
1039 4858 1305 4915 fratribus
1359 4863 1417 4915 et
1478 4859 1852 4916 dilectissimis
1906 4861 2179 4936 episcopis
2200 4929 2240 4936 _
2278 4867 2432 4921 ctum
2459 4866 2676 4928 Pascha
2706 4884 2905 4924 omnes
2928 4869 3116 4927 clerici
3145 4871 3204 4927 in
3231 4875 3445 4928 sortem
3473 4873 3691 4930 Domini
3719 4881 3924 4933 vocati

553 4953 942 5010 Tarasraonus
969 4952 1236 5008 Romanae
1268 4952 1422 5008 urbis
1455 4954 1910 5027 archiepiscopus
1937 4929 2255 5014 salutemD
2278 4977 2312 5015 a
2361 4976 2527 5016 carne
2557 4961 2854 5032 jejunent;
2897 4963 3030 5036 quia
3085 4965 3229 5021 sicut
3278 4967 3519 5023 discreta
3567 4967 3741 5023 debet
3785 4985 3928 5028 esse

552 5046 614 5103 in
633 5047 898 5104 Domino.

2277 5053 2387 5109 vita
2415 5055 2748 5111 clericorum
2773 5073 2806 5110 a
2835 5056 3117 5113 laicorum
3157 5061 3602 5129 conversatione,
3634 5062 3713 5117 ita
3741 5067 3802 5117 et
3853 5066 3931 5122 in

624 5140 920 5197 Credimus
943 5141 1198 5195 sanctam
1221 5137 1396 5195 ﬁdem
1426 5144 1674 5196 vestram
1708 5141 1769 5197 in
1793 5145 2179 5215 apostolorum
2270 5147 2490 5218 jejunio
2535 5147 2707 5204 debet
2745 5148 2867 5205 fieri
2911 5149 3192 5221 discretio,
3244 5158 3301 5208 et
3342 5155 3487 5209 sicut
3531 5153 3654 5210 laici
3698 5160 3757 5210 et
3797 5175 3926 5213 sae-

553 5234 868 5292 eruditione
910 5233 1226 5302 fundatam,
1272 5233 1416 5289 hanc
1451 5237 1648 5292 tenere
1681 5238 1740 5292 et
1771 5237 1918 5292 hanc
1954 5238 2178 5310 populis

550 5328 827 5386 universis
851 5343 1155 5401 exponere,
1192 5343 1319 5400 quas
1352 5327 1612 5385 videlicet
1633 5347 1666 5385 a
1695 5331 2011 5386 constitutis
2037 5348 2176 5403 apo-

549 5424 850 5492 stolarum,
879 5437 1194 5494 eorumque
1216 5438 1607 5479 successorum
1632 5423 1791 5479 nulla
1818 5424 2036 5480 ratione
2059 5425 2176 5480 dis-

551 5518 742 5587 sentit,
787 5533 891 5590 per
927 5531 1070 5589 quos
1103 5515 1326 5588 justum
1360 5521 1446 5573 est
1491 5521 1727 5574 caeteros
1763 5519 1994 5574 erudiri.
2034 5521 2178 5584 Qua-

551 5615 788 5682 propter
813 5610 1135 5681 cognoscite
1163 5625 1197 5662 a
1223 5609 1388 5664 nobis
1412 5613 1470 5666 et
1496 5627 1531 5666 a
1554 5611 1771 5667 cunctis
1809 5611 2084 5686 episcopis
2111 5614 2175 5670 in

552 5701 701 5756 hanc
726 5705 978 5757 sanctam
1009 5707 1065 5756 et
1082 5701 1444 5771 apostolicam
1462 5703 1659 5758 Sedem
1685 5707 2041 5776 congregatis
2061 5711 2170 5762 sta-

552 5797 738 5852 tutum
766 5811 909 5865 esse,
928 5799 993 5850 ut
1011 5798 1226 5867 septem
1253 5792 1640 5850 hebdomadas
1661 5796 1851 5868 plenas
1880 5801 2012 5856 ante
2040 5815 2170 5858 san-

2278 5241 2492 5296 culares
2554 5241 2815 5298 homines
2871 5245 3079 5300 nolunt
3141 5261 3237 5302 eos
3306 5248 3560 5320 recipere
3615 5249 3675 5304 in
3736 5266 3926 5306 accu-

2278 5334 2588 5390 sationibus
2645 5339 2702 5392 et
2755 5337 3222 5395 infamationibus
3279 5341 3394 5396 suis
3417 5384 3431 5411 ,
3501 5343 3582 5398 ita
3637 5359 3742 5398 nec
3800 5346 3928 5400 cle-

2276 5427 2379 5482 rici
2417 5427 2625 5485 debent
2667 5446 2762 5486 eos
2798 5432 3049 5504 recipere
3101 5433 3160 5488 in
3210 5433 3708 5508 impulsationibus
3748 5437 3922 5509 suis;

2276 5522 2549 5592 quoniam
2603 5523 2661 5578 in
2710 5526 2974 5581 omnibus
3010 5527 3246 5584 discreta
3279 5529 3447 5586 debet
3485 5545 3711 5603 semper
3749 5547 3881 5587 esse
3905 5573 3924 5605 ,

2275 5619 2333 5672 et
2357 5621 2656 5690 segregata
2681 5618 2814 5689 vita,
2844 5625 2901 5677 et
2935 5623 3289 5679 conversatio
3330 5625 3660 5680 clericorum
3699 5642 3767 5680 ac
3794 5642 3922 5681 sae-

2275 5711 2555 5768 cularium
2587 5713 2886 5772 laicorum.
2921 5717 3006 5784 Et,
3053 5717 3199 5774 sicut
3226 5717 3288 5773 hi
3335 5719 3583 5790 amplius
3621 5723 3756 5773 sunt
3798 5737 3920 5791 ape

2271 5803 2463 5876 plicati
2488 5805 2690 5862 divinis
2715 5809 2978 5880 cultibus,
3018 5815 3073 5866 et
3097 5811 3401 5867 familiares
3439 5810 3660 5866 Domini
3691 5809 3918 5866 dicun~
