4046 6188
162 285 251 340 105

152 484 435 541 sanctitate
484 480 696 537 debent
745 497 866 537 esse
913 481 1182 537 distincti.
1217 483 1322 537 Has
1362 498 1500 555 ergo
1549 488 1768 555 septem

151 576 521 634 hebdomadas
533 591 732 630 omnes
748 574 934 630 clerici
951 591 983 629 a
1005 591 1173 630 carne
1189 579 1246 631 et
1263 575 1478 631 deliciis
1483 576 1560 647 jej
1569 593 1642 632 un
1650 582 1765 646 ent,

149 675 198 726 et
232 669 479 742 hymnis,
522 674 578 724 et
615 668 844 740 vigiliis,
893 673 1066 740 atque
1108 667 1482 738 orationibus,
1527 671 1767 726 Domino

146 765 421 820 inhaerere
448 762 542 818 die
577 765 866 834 noctuque
896 762 1177 817 studeant.
1205 763 1376 818 Nocte
1406 779 1540 818 vero
1577 769 1770 820 sancta

143 857 441 914 nativitatis
485 855 720 911 Domini
766 855 1066 911 Salvatoris
1110 854 1310 910 missas
1356 856 1666 926 celebrent,
1711 861 1770 912 et

143 953 417 1023 hymnum
434 950 756 1022 angelicum
776 950 835 1004 in
851 948 932 1004 eis
951 949 1280 1004 solemniter
1297 949 1615 1020 decantent,
1631 967 1770 1022 quo-

141 1046 281 1100 niam
307 1048 369 1099 et
394 1046 458 1100 in
480 1044 682 1116 eadem
708 1048 870 1098 nocte
891 1042 960 1098 ab
980 1043 1186 1114 angelo
1205 1043 1521 1116 pastoribus
1538 1045 1763 1100 nuntia-

143 1146 219 1194 tus
245 1144 348 1208 est,
388 1137 539 1192 sicut
566 1137 690 1208 ipsa
719 1135 936 1192 Veritas
963 1141 1220 1206 testatur,
1251 1137 1440 1192 dicens
1473 1154 1486 1192 :
1520 1159 1546 1187 ‹‹
1574 1139 1765 1193 Pasto-

141 1250 215 1287 res
238 1235 407 1286 erant
433 1232 494 1284 in
520 1229 754 1302 regione
774 1230 971 1285 eadem
987 1229 1286 1301 vigilantes
1307 1234 1364 1285 et
1389 1231 1768 1286 custodientes

138 1326 341 1394 vigilias
368 1325 557 1379 noctis
584 1340 757 1395 supra
789 1337 1021 1395 gregem
1053 1340 1239 1378 suum.
1275 1325 1344 1378 Et
1373 1340 1500 1379 ecce
1529 1325 1767 1395 angelus

139 1420 348 1475 Domini
371 1419 532 1474 stetit
551 1418 717 1488 juxta
740 1417 866 1471 illos
891 1421 947 1472 et
971 1417 1287 1472 timuerunt
1305 1417 1507 1474 timore
1531 1435 1764 1490 magno,

137 1517 185 1568 et
206 1513 350 1568 dixit
377 1513 494 1567 illis
522 1513 758 1583 angelus
783 1526 796 1565 :
819 1510 999 1566 Nolite
1026 1511 1254 1578 timere,
1279 1527 1406 1566 ecce
1432 1511 1584 1566 enim
1608 1529 1770 1568 evan-

1370 283 1842 340 DECRETALIUM
1876 283 2262 339 COLLECTIO.

151 398 237 448 tur
272 385 596 454 Salvatoris,
632 386 711 444 ita
750 385 1006 443 moribus
1046 392 1103 444 et
1135 388 1562 446 conversatione
1598 394 1770 463 atque
1789 402 1849 476 Α

3394 287 3492 342 106

1941 391 2052 464 lpsi
2085 391 2238 446 enim
2276 391 2375 462 qui
2411 391 2642 463 proprio
2683 407 2780 447 ore
2815 407 3020 464 corpus
3058 391 3279 448 Domini
3315 394 3490 449 confi-

1868 484 2044 564 ciunt,
2075 485 2146 540 ab
2175 483 2444 541 omnibus
2467 487 2596 551 sunt
2622 485 2919 542 obediendi
2949 490 3119 559 atque
3145 486 3402 555 timendi,
3436 491 3498 544 et

1867 594 1983 634 non
2025 578 2364 634 dilacerandi
2404 583 2503 633 aut
2545 578 2899 649 detrahendi,
2943 579 3078 652 quia
3117 597 3150 634 a
3189 580 3394 652 quibus
3434 596 3494 637 se

1868 671 2094 727 Domini
2131 671 2379 744 populus
2419 671 2700 742 benedici,
2739 671 2937 727 salvari
2978 677 3034 728 et
3069 673 3272 730 instrui
3311 673 3491 746 cupit,

1866 765 2192 822 nullatenus
2220 765 2390 821 debet
2423 781 2520 821 eos
2545 781 2804 837 arguere,
2835 782 2941 821 nec
2966 767 3171 838 vulgus
3198 766 3258 822 in
3291 783 3493 823 eorum

1866 859 2221 915 accusatione
2260 858 2484 931 suscipi.
2522 860 2769 932 Populus
2800 859 2953 914 enim
2993 858 3063 915 ab
3093 859 3173 914 eis
3205 860 3493 917 docendus

1869 956 1973 1023 est,
2015 957 2071 1008 et
2108 952 2500 1024 corripiendus
2536 969 2650 1008 non
2685 952 2793 1025 ipsi
2834 952 2905 1007 ab
2950 968 3037 1021 eo,
3079 952 3214 1025 quia
3251 970 3367 1009 non
3409 957 3496 1010 est

1868 1045 2177 1118 discipulus
2203 1062 2376 1118 super
2409 1046 2772 1118 magistrum.
2806 1045 3144 1102 Nullomodo
3182 1047 3358 1118 igitur
3383 1049 3489 1102 Do-

1866 1138 2006 1193 mini
2036 1127 2328 1210 pOntiﬁces
2353 1142 2410 1193 et
2443 1138 2645 1211 reliqui
2673 1139 2995 1194 sacerdotes
3025 1139 3232 1210 quibus
3268 1139 3496 1195 Domini

1867 1231 2164 1288 commissa
2191 1235 2276 1287 est
2299 1232 2477 1305 plebs,
2505 1232 2611 1287 rite
2629 1233 2906 1304 populum
2933 1237 3170 1305 possunt
3189 1233 3492 1306 corrigere,

1867 1327 1912 1383 si
1939 1327 2290 1400 deceptionis
2317 1343 2375 1382 se
2399 1327 2767 1399 cognoverint
2790 1327 2994 1398 laqueo
3032 1326 3309 1382 infestari.
3338 1328 3497 1383 Unde

1861 1421 2081 1493 justum
2119 1424 2207 1475 est
2247 1437 2442 1476 omnes
2472 1420 2533 1474 in
2570 1421 2831 1476 universo
2863 1420 2999 1476 orbe
3034 1420 3294 1476 doctores
3329 1420 3494 1493 legis,

1869 1531 1935 1571 ea
1977 1532 2103 1587 quae
2140 1515 2284 1586 legis
2332 1518 2466 1570 sunt
2508 1531 2700 1587 sapere
2743 1519 2800 1569 et
2847 1531 2965 1569 non
3011 1514 3334 1570 sacerdotes
3381 1515 3494 1569 Do-

138 1607 302 1677 gelizo
341 1605 512 1660 vobis
550 1605 820 1677 gaudium
855 1621 1135 1676 magnum
1165 1605 1314 1676 quod
1354 1605 1462 1660 erit
1489 1606 1646 1660 omni
1673 1623 1769 1678 po-
1869 1608 2011 1664 mini
2051 1609 2217 1664 labiis
2259 1609 2394 1676 suis,
2437 1611 2537 1663 aut
2583 1607 2928 1680 quibuslibet
2974 1606 3496 1663 machinationibus

134 1701 275 1772 pulo,
308 1699 456 1771 quia
492 1703 663 1753 natus
707 1702 790 1754 est
829 1697 983 1753 vobis
1021 1698 1194 1753 hodie
1231 1699 1507 1770 Salvator,
1549 1699 1644 1771 qui
1685 1705 1771 1756 est
1867 1703 2177 1771 maculare,
2209 1703 2346 1757 dum
2387 1702 2540 1774 ipsos
2577 1701 2885 1772 disponunt
2915 1705 3013 1756 aut
3041 1700 3276 1772 cupiunt
3310 1717 3500 1756 macu-

134 1794 382 1848 Christus
421 1791 729 1862 Dominus,
767 1793 830 1846 in
867 1791 1094 1847 civitate
1132 1791 1324 1847 David.
1358 1795 1425 1848 Et
1464 1794 1574 1849 hoc
1605 1787 1840 1860 vobisB
1863 1797 2014 1863 lare,
2069 1795 2254 1868 potius
2307 1795 2517 1866 seipsos
2573 1795 2858 1850 maculant
2907 1799 2964 1851 et
3017 1795 3336 1850 vulnerant.
3395 1794 3498 1850 Dei

133 1887 353 1957 signum
386 1903 403 1941 :
436 1885 738 1940 Invenietis
775 1885 1052 1941 infantem
1092 1886 1296 1957 pannis
1333 1885 1678 1955 involutum,
1712 1889 1770 1944 et
1868 1906 2005 1961 ergo
2047 1893 2270 1944 accusat
2302 1887 2723 1943 ordinationem
2752 1888 2852 1958 qui
2882 1904 2976 1942 eos
3012 1887 3110 1959 qui
3146 1888 3216 1942 ab
3257 1905 3324 1943 eo
3362 1903 3494 1943 con-

129 1981 378 2051 positum
408 1979 466 2034 in
497 1979 808 2051 praesepio;
841 1983 898 2034 et
921 1978 1108 2034 subito
1135 1979 1283 2034 facta
1309 1985 1393 2035 est
1427 1997 1558 2036 cum
1586 1997 1766 2053 ange-
1869 1984 2198 2051 stituuntur,
2236 1981 2558 2037 sacerdotes
2594 1982 2842 2044 accusat,
2878 1983 2934 2034 et
2961 1981 3224 2035 damnari
3260 1980 3436 2052 cupit,
3462 1996 3497 2034 a

125 2075 185 2128 lis
213 2072 535 2128 multime
555 2071 772 2127 militiae
793 2072 1054 2140 caelestis,
1077 2072 1430 2128 laudantium
1459 2075 1768 2131 Dominum
1867 2077 2074 2149 quibus
2118 2093 2176 2132 se
2217 2078 2416 2131 omnes
2457 2073 2654 2129 ﬁdeles
2699 2089 2892 2129 cavere
2935 2073 3161 2142 debent,
3203 2073 3336 2146 quia
3375 2089 3496 2130 non

122 2173 174 2221 et
211 2165 578 2222 dicentium:
609 2164 803 2220 Gloria
837 2165 898 2219 in
932 2164 1221 2220 altissimis
1256 2167 1389 2235 Deo,
1423 2171 1480 2222 et
1516 2167 1577 2222 in
1616 2173 1767 2223 terra
1866 2171 2052 2226 solum
2075 2170 2176 2242 qui
2200 2169 2434 2239 faciunt,
2465 2167 2565 2223 sed
2586 2166 2757 2222 etiam
2782 2167 2881 2240 qui
2907 2167 3272 2223 consentiunt
3295 2166 3498 2225 facien-

124 2277 222 2332 pax
267 2259 610 2317 hominibus
649 2258 815 2313 bonae
862 2259 1163 2314 voluntatis
1203 2261 1352 2329 (Luc.
1400 2276 1470 2330 ιι,
1513 2261 1690 2331 8-14).
1735 2281 1762 2310 »
1865 2264 2016 2319 tibus
2042 2263 2124 2318 rei
2151 2266 2304 2318 sunt.

125 2355 408 2410 Caeterum
428 2353 750 2408 considerat
765 2352 973 2424 impius
984 2352 1224 2422 justum,
1249 2359 1305 2408 et
1320 2353 1525 2426 quaerit
1543 2358 1607 2409 ut
1626 2354 1768 2409 occi-
1937 2356 2190 2412 Christus
2207 2357 2361 2412 enim
2383 2355 2482 2411 Dei
2508 2355 2681 2411 Filius
2709 2354 2983 2409 Dominus
3009 2356 3224 2423 noster,
3248 2355 3499 2410 humano

128 2448 212 2501 dat
257 2446 402 2519 24
449 2461 606 2503 eum.
653 2445 929 2500 Dominus
967 2461 1081 2499 non
1128 2445 1484 2518 derelinquet
1527 2463 1658 2502 eum
1704 2447 1765 2502 in
1869 2450 2066 2522 generi
2111 2450 2350 2505 salutem
2391 2449 2717 2505 condonans
2760 2448 3013 2520 plenam,
3057 2448 3126 2504 de
3163 2447 3326 2503 nobis
3371 2448 3495 2504 ait:

129 2557 323 2595 manus
355 2541 510 2611 ejus,
544 2543 600 2594 et
636 2555 749 2593 non
779 2538 1178 2595 condemnabit
1215 2555 1348 2594 eum
1378 2556 1508 2594 cum
1538 2540 1762 2610 judica-
1869 2563 1895 2596 «
1937 2544 2041 2608 Qui
2070 2560 2165 2598 vos
2192 2543 2411 2615 recipit,
2440 2559 2532 2598 me
2561 2541 2784 2614 recipit,
2817 2545 2873 2597 et
2898 2541 2994 2613 qui
3021 2558 3118 2596 vos
3143 2541 3380 2613 spernit,
3404 2557 3499 2598 me

125 2634 265 2688 bitur
295 2633 413 2688 illi.
451 2635 728 2704 Exspecta
755 2631 1057 2687 Dominum
1093 2637 1150 2687 et
1187 2633 1403 2688 custodi
1435 2632 1582 2688 viam
1618 2634 1761 2705 ejus,
1866 2637 2082 2709 spernit
2112 2638 2322 2707 (Matth.
2358 2654 2411 2706 x,
2448 2637 2546 2703 40;
2584 2637 2715 2691 Luc.
2756 2651 2810 2705 x,
2847 2636 2950 2707 16).
2982 2649 3025 2686 »‘
3043 2634 3100 2691 Si
3135 2650 3273 2706 ergo
3310 2635 3498 2691 Domi-

128 2733 173 2782 et
206 2726 490 2784 exaltabit
527 2731 582 2781 te
616 2729 681 2781 ut
718 2726 1000 2797 possideas
1028 2730 1262 2794 terram,
1293 2743 1424 2781 cum
1452 2727 1766 2783 interibunt
1863 2747 1974 2785 nus
2007 2731 2066 2786 in
2103 2731 2182 2786 eis
2209 2730 2502 2802 recipitur,
2533 2734 2590 2785 et
2613 2728 2888 2801 rejicitur,
2916 2727 3284 2800 proculdubio
3319 2728 3498 2801 ipsius

124 2822 294 2892 impii,
337 2819 586 2875 videbis.
629 2819 751 2874 Vidi
788 2819 1030 2891 impium
1066 2819 1385 2888 robustum,
1427 2823 1484 2876 et
1524 2820 1761 2876 fortissi-
1865 2827 1998 2879 sunt
2027 2824 2126 2896 qui
2152 2823 2211 2878 in
2241 2823 2324 2878 eis
2351 2823 2622 2894 rejicitur,
2650 2823 2740 2877 vel
2764 2821 3085 2893 suscipitur.
3104 2823 3170 2877 Et
3189 2825 3252 2876 tu
3270 2821 3395 2894 quis
3416 2836 3496 2889 es,

127 2932 294 2981 mum,
329 2914 487 2968 sicut
519 2912 846 2983 indigenam
875 2913 1175 2981 virentem,
1207 2917 1264 2968 et
1287 2913 1521 2969 transivi
1549 2918 1605 2970 et
1633 2930 1762 2969 ecce
1864 2917 1963 2990 qui
2004 2915 2228 2988 judicas
2275 2932 2499 2971 servum
2549 2915 2838 2971 alienum?
2883 2914 3259 2969 Proculdubio
3309 2917 3495 2969 trans-

125 3025 224 3062 non
279 3011 437 3072 erat,
493 3011 552 3061 et
593 3005 829 3078 quaesivi
875 3023 1028 3073 eum,
1080 3010 1138 3061 et
1182 3022 1297 3061 non
1348 3011 1435 3062 est
1477 3007 1760 3063 inventus.
1866 3026 2148 3082 gressores
2177 3009 2320 3081 legis
2345 3009 2447 3063 Dei
2477 3013 2533 3064 et
2559 3009 2962 3080 apostolorum,
2989 3011 3158 3083 atque
3184 3008 3494 3082 propheta-

127 3101 352 3156 Custodi
384 3098 812 3171 simplicitatem
850 3101 907 3155 et
941 3099 1068 3154 vide
1107 3105 1350 3170 rectum,
1385 3100 1516 3171 quia
1559 3101 1667 3157 erit
1704 3101 1764 3156 in
1788 3154 1836 3173 η
1862 3120 2014 3173 rum,
2043 3107 2100 3160 et
2122 3119 2240 3158 non
2272 3103 2456 3158 solum
2482 3103 2711 3172 harum,
2734 3102 2835 3156 sed
2865 3101 3040 3156 etiam
3063 3101 3257 3172 legum
3285 3101 3495 3157 huma-

125 3201 445 3251 extremum
489 3193 614 3247 viro
655 3209 797 3264 pax;
848 3192 1306 3264 praevaricatores
1345 3198 1536 3249 autem
1579 3193 1761 3249 inter-
1782 3154 1839 3230 Ο
1862 3213 2092 3254 narum.
2109 3197 2317 3252 omnes
2332 3197 2484 3252 enim
2502 3197 2662 3268 leges
2678 3198 2795 3251 tam
2813 3194 3016 3251 divinae
3037 3211 3212 3267 quam
3233 3195 3498 3252 humanm

126 3288 275 3343 ibunt
295 3286 546 3360 pariter,
567 3291 626 3341 et
636 3285 1007 3340 novissimum
1027 3285 1335 3357 impiorum
1355 3287 1580 3358 peribit.
1599 3286 1762 3343 Salus
1864 3290 2118 3346 alienum
2143 3306 2369 3346 servum
2392 3290 2651 3362 judicare
2676 3289 3000 3362 prohibent.
3022 3288 3170 3354 Quid
3197 3292 3360 3362 putas
3389 3289 3502 3346 erit

125 3386 305 3437 autem
333 3381 636 3451 justorum
662 3394 697 3432 a
719 3378 980 3446 Domino,
1006 3378 1281 3434 fortitudo
1306 3395 1506 3434 eorum
1528 3379 1588 3434 in
1613 3382 1759 3436 tem-
1863 3384 1932 3439 de
1955 3388 2034 3453 te,
2065 3400 2194 3440 cum
2219 3388 2663 3456 transgressores
2691 3388 2749 3439 et
2779 3382 3193 3439 conculcatores
3220 3383 3362 3455 legis
3397 3382 3494 3439 Dei

128 3491 248 3544 pore
285 3471 716 3539 tribulationis,
758 3476 814 3526 et
851 3471 1212 3526 auxiliabitur
1248 3471 1329 3527 eis
1365 3471 1662 3542 Dominus,
1706 3475 1765 3528 et
1863 3472 2319 3528 damnabuntur?
2365 3473 2621 3528 Profecto
2675 3477 2733 3527 et
2790 3476 2855 3527 tu
2911 3471 3306 3540 damnaberis,
3357 3471 3496 3544 quia

126 3568 354 3622 salvabit
388 3583 490 3621 eos
533 3569 592 3619 et
621 3565 824 3636 eripiet
853 3581 946 3620 eos
980 3565 1050 3619 ab
1076 3565 1266 3637 impiis
1290 3568 1346 3620 et
1373 3565 1610 3621 salvabit
1638 3582 1759 3634 eos,

127 3663 244 3732 quia
279 3663 666 3731 speraverant
703 3657 763 3713 in
807 3675 978 3726 eum;
1016 3663 1074 3714 et
1111 3657 1284 3714 alibi:
1316 3677 1344 3711 ‹‹
1375 3659 1521 3723 Quid
1558 3658 1763 3731 gloria-

127 3756 190 3808 ris
216 3755 276 3809 in
307 3752 533 3809 malitia
564 3752 804 3824 potens?
827 3751 1205 3807 Misericordia
1231 3752 1329 3808 Dei
1356 3753 1476 3807 tota
1512 3751 1624 3808 die.
1662 3754 1758 3808 In-

126 3848 284 3903 sidias
338 3846 617 3918 cogitavit
661 3845 859 3916 lingua
908 3850 1005 3900 tua
1057 3844 1218 3917 quasi
1267 3846 1543 3901 novacula
1596 3849 1762 3901 acuta

126 3941 326 3996 faciens
366 3940 589 3994 dolum.
630 3937 881 3993 Dilexisti
917 3937 1194 3992 malitiam
1221 3938 1405 4009 magis
1446 3955 1619 4011 quam
1654 3939 1758 3994 bo-

129 4052 274 4102 num,
312 4032 695 4089 mendacium
725 4031 912 4102 magis
949 4047 1122 4102 quam
1159 4031 1314 4104 loqui
1334 4031 1636 4103 justitiam.
1665 4033 1758 4088 Di-

127 4127 297 4182 lexisti
331 4126 534 4182 omnia
566 4125 738 4180 verba
768 4125 840 4179 ad
879 4125 1284 4194 devorandum,
1313 4125 1513 4197 lingua
1542 4125 1756 4194 dolosa,

129 4222 212 4275 sed
251 4221 407 4276 Deus
456 4219 712 4273 destruet
751 4221 806 4273 te
848 4216 910 4272 in
947 4217 1386 4290 sempiternum,
1428 4218 1662 4274 terrebit
1703 4219 1762 4273 et

132 4315 321 4369 evellet
364 4317 418 4367 te
462 4312 533 4366 de
566 4311 930 4366 tabernaculo
969 4317 1025 4367 et
1063 4310 1375 4368 eradicabit
1406 4314 1462 4366 te
1502 4311 1572 4366 de
1607 4314 1760 4366 terra

131 4407 459 4472 viventium,
503 4408 558 4459 et
604 4403 873 4460 videbunt
902 4404 1041 4476 justi
1079 4409 1136 4460 et
1173 4404 1459 4460 timebunt
1495 4409 1550 4460 et
1589 4419 1761 4476 super

127 4516 247 4555 enm
284 4499 575 4554 ridebunt.
607 4498 745 4553 Ecce
773 4498 859 4552 vir
885 4499 982 4569 qui
1006 4514 1121 4554 non
1149 4498 1341 4570 posuit
1365 4497 1758 4553 fortitudinem

128 4611 276 4648 suam
317 4594 534 4661 Deum,
583 4592 679 4646 sed
731 4591 976 4663 speravit
1019 4591 1080 4646 in
1128 4591 1496 4647 multitudine
1536 4590 1757 4645 divitia-

129 4703 247 4741 rum
285 4701 551 4753 suarum,
587 4685 938 4740 confortatus
973 4688 1059 4740 est
1093 4684 1154 4739 in
1199 4683 1416 4740 insidiis
1458 4684 1592 4740 suis.
1637 4687 1757 4756 Ego

127 4785 312 4834 autem
353 4779 502 4833 sicut
542 4779 689 4834 oliva
736 4777 920 4833 virens
959 4778 1018 4833 in
1058 4779 1230 4834 domo
1275 4778 1392 4846 Dei,
1434 4777 1651 4850 speravi
1697 4778 1757 4833 in

129 4872 511 4928 misericordia
543 4872 662 4939 Dei,
701 4873 757 4926 in
799 4871 1070 4927 saeculum
1105 4875 1162 4926 et
1191 4871 1250 4926 in
1281 4875 1578 4928 aeternum.
1606 4872 1755 4927 Con-

130 4965 320 5020 ﬁtebor
357 4966 468 5021 tibi
499 4966 559 5020 in
599 4965 890 5034 saeculum,
927 4965 1199 5037 quoniam
1239 4965 1419 5022 fecisti
1459 4969 1515 5021 et
1555 4981 1755 5037 exspe-

133 5059 279 5114 ctabo
324 5075 540 5115 nomen
580 5063 768 5126 tuum,
814 5058 1088 5131 quoniam
1129 5059 1348 5115 bonum
1388 5063 1474 5114 est
1513 5057 1573 5113 in
1619 5075 1754 5114 con-

134 5157 314 5222 specti:
363 5152 890 5208 misericordiarum
930 5157 1178 5209 tuarum.
1225 5172 1253 5204 ››
1305 5152 1554 5224 Reliquis
1599 5152 1756 5208 enim

135 5245 474 5317 temporibus
499 5245 805 5300 missarum
833 5245 1238 5301 celebrationes
1264 5251 1397 5302 ante
1421 5245 1624 5300 horam
1644 5244 1756 5301 diei

137 5339 346 5393 tertiam
392 5338 638 5394 minime
676 5342 809 5393 sunt
853 5338 1237 5407 celebrandae,
1281 5339 1419 5410 quia
1456 5342 1513 5394 et
1555 5339 1754 5410 eadem

139 5431 265 5486 hora
321 5432 604 5490 Dominus
654 5430 954 5488 cruciﬁxus
998 5435 1109 5499 est,
1164 5436 1221 5487 et
1265 5447 1435 5504 super
1478 5432 1756 5507 apostolos

142 5522 364 5593 Spiritus
408 5529 640 5580 sanctus
678 5523 1029 5581 descendisse
1072 5524 1298 5597 legitur.
1348 5525 1433 5580 Ab
1480 5524 1757 5598 episcopis

144 5622 313 5673 alitem
337 5619 495 5675 idem
525 5619 817 5691 angelicus
842 5618 1091 5691 hymnus
1127 5636 1230 5691 pro
1263 5623 1522 5692 tempore
1549 5622 1604 5675 et
1631 5620 1756 5675 loco

151 5707 197 5762 in
236 5712 534 5769 missarum
585 5711 875 5768 solemniis
920 5713 1288 5770 celebrandus
1334 5718 1419 5772 est
1454 5718 1623 5787 atque
1658 5729 1752 5771 so-

151 5802 387 5865 lemuiter
418 5805 764 5865 recitandus.

1859 3565 2224 3637 postposuisti
2252 3565 2588 3620 mandatum
2620 3564 2737 3632 Dei,
2767 3567 2824 3620 et
2849 3569 3007 3620 tuam
3043 3564 3367 3636 adimplesti
3391 3581 3492 3620 vo-

1859 3659 2156 3729 luntatem,
2178 3659 2449 3731 quoniam
2479 3657 2626 3713 sicut
2649 3657 2812 3728 digni
2839 3661 2974 3712 sunt
2995 3658 3111 3712 vita
3139 3658 3238 3731 qui
3266 3659 3495 3715 manda-

1859 3757 1984 3808 tum
2008 3751 2106 3807 Dei
2136 3751 2449 3822 adimplent
2473 3753 2646 3822 atque
2682 3749 3027 3818 custodiunt,
3055 3751 3135 3805 ita
3161 3751 3246 3807 rei
3277 3754 3334 3807 et
3361 3767 3490 3823 per-

1861 3845 2023 3918 digni
2066 3846 2200 3900 sunt
2235 3847 2438 3912 morte,
2469 3843 2568 3916 qui
2596 3859 2663 3898 ea
2702 3846 3057 3915 postponunt
3089 3845 3148 3896 et
3182 3843 3244 3898 in
3280 3860 3492 3899 vanum

1859 3941 2095 3994 ducunt.
2128 3940 2222 3994 Est
2253 3937 2408 3993 enim
2442 3937 2502 3992 in
2531 3935 2854 4009 apostolicis
2887 3935 3161 4006 scriptum
3197 3935 3485 4005 institutis,

1857 4032 2090 4088 alterius
2124 4031 2301 4087 vitam
2342 4046 2511 4087 nemo
2546 4030 2779 4099 laceret,
2819 4033 2877 4085 et
2911 4029 2980 4083 de
3018 4028 3170 4084 malo
3206 4028 3394 4084 alieno
3427 4046 3491 4084 os

1858 4142 2029 4182 suum
2064 4141 2182 4181 non
2216 4124 2563 4196 coinquinet.
2603 4125 2968 4178 Accusatores
3002 4138 3136 4178 vero
3175 4125 3232 4178 et
3262 4138 3485 4178 accusa-

1857 4220 2062 4287 tiones,
2084 4235 2224 4291 quas
2245 4219 2402 4291 leges
2430 4217 2619 4273 saeculi
2644 4233 2764 4272 non
2788 4215 3118 4286 admittunt,
3147 4218 3205 4273 et
3228 4233 3330 4271 nos
3356 4216 3487 4272 sub-

1857 4328 2171 4383 movemus,
2205 4314 2263 4366 et
2289 4310 2600 4367 accusatori
2629 4309 2862 4366 omnino
2900 4325 3017 4364 non
3049 4309 3205 4364 credi
3231 4309 3485 4366 decerni-

1857 4421 2005 4474 mus,
2035 4405 2135 4478 qui
2165 4405 2398 4460 absente
2437 4403 2755 4460 adversario
2796 4419 3024 4458 causam
3063 4403 3322 4475 suggerit
3356 4405 3488 4458 ante

1857 4500 2156 4571 utriusque
2198 4497 2371 4570 partis
2401 4497 2615 4569 justam
2658 4496 3089 4552 discussionem.
3134 4497 3248 4550 Nec
3289 4495 3351 4551 hi
3387 4496 3486 4568 qui

1857 4609 1976 4648 non
2012 4595 2148 4647 sunt
2187 4591 2382 4647 idonei
2419 4590 2797 4662 suscipiantur
2841 4589 2912 4644 ad
2948 4587 3393 4657 accusationem,
3431 4593 3489 4644 et

1856 4701 2054 4742 omnes
2079 4685 2177 4758 qui
2207 4685 2476 4740 adversus
2512 4687 2700 4755 patres
2739 4685 3056 4749 armantur,
3087 4681 3327 4738 infames
3363 4697 3487 4738 esse

1857 4795 2174 4834 censemus.
2206 4780 2398 4844 Patres
2427 4776 2583 4833 enim
2609 4792 2806 4832 omnes
2841 4774 3154 4832 venerandi
3184 4779 3334 4845 sunt,
3365 4792 3485 4830 non

1855 4871 2200 4944 respuendi,
2243 4873 2341 4926 aut
2387 4869 2714 4926 insidiandi.
2759 4870 2825 4923 lli
2873 4885 3009 4926 vero
3051 4868 3150 4942 qui
3207 4885 3338 4923 cum
3383 4868 3489 4923 ini-

1855 4965 2017 5020 micis
2068 4968 2386 5034 morantur,
2438 4967 2537 5018 aut
2588 4962 2686 5035 qui
2733 4964 2978 5034 suspecti
3025 4961 3330 5032 habentur,
3384 4963 3488 5017 mi-

1858 5058 2011 5114 nime
2031 5056 2397 5130 recipiantur,
2413 5057 2549 5129 quia
2566 5072 2763 5112 eorum
2780 5055 3064 5111 aemulatio
3082 5058 3292 5113 lacerat
3307 5055 3484 5113 etiam

1855 5153 2207 5208 innocentes.
2253 5151 2411 5206 Hunc
2446 5166 2677 5205 murum
2729 5148 3122 5204 ﬁrmissimum
3167 5154 3487 5208 statuerunt

1853 5247 2049 5319 patres
2083 5244 2284 5312 nostri,
2323 5247 2380 5300 et
2415 5259 2518 5299 nos
2555 5258 2689 5298 cum
2733 5242 2814 5298 eis
2855 5246 3054 5298 contra
3094 5246 3485 5316 persecutores

1853 5338 2100 5406 nostros,
2133 5339 2196 5391 ut
2220 5335 2326 5390 hoc
2361 5333 2618 5390 remedio
2649 5348 2852 5390 eorum
2878 5333 3164 5405 pellantur
3188 5331 3482 5388 machina-

1853 5433 2073 5498 menta,
2098 5433 2155 5485 et
2180 5444 2280 5484 vos
2315 5428 2624 5484 securiores
2653 5429 2710 5483 et
2733 5426 3041 5483 sanctiores
3068 5426 3334 5482 famulari
3358 5440 3480 5479 me-

1854 5522 2103 5579 reamini
2135 5524 2320 5578 vestro
2359 5521 2653 5577 Salvatori.
2692 5521 2772 5577 De
2808 5520 3019 5576 talibus
3055 5518 3206 5574 enim
3246 5515 3478 5571 insidia-

1854 5617 2072 5674 toribus
2107 5619 2165 5672 et
2191 5615 2608 5672 accusatoribus
2639 5630 2932 5672 servorum
2969 5627 3202 5668 suorum
3231 5607 3484 5682 loquitur

1852 5710 2125 5768 Dominus
2149 5726 2256 5784 per
2279 5709 2619 5782 prophetam
2646 5709 2839 5765 dicens
2867 5724 2881 5762 :
2923 5727 2952 5756 «
2979 5706 3051 5761 Os
3079 5708 3244 5760 tuum
3280 5702 3480 5760 misisti

1855 5805 1926 5861 ad
1973 5805 2246 5862 malitiam
2265 5845 2279 5873 ,
2333 5808 2390 5861 et
2436 5803 2635 5874 lingua
2685 5806 2782 5857 tua
2833 5797 3208 5854 concinnabat
3253 5799 3482 5872 dolumf,
