4046 6188
576 303 670 354 107

1468 292 1748 345 ΑΡΡΕΝΙ).
1793 291 1878 344 AD
1918 291 2076 344 SxEC.
2124 291 2310 350 lX.—
2352 289 2595 344 lSlDOItl
2634 287 3054 343 MERCATORIS

3837 297 3850 344 1
3866 297 3932 348 08

569 405 770 462 sedens
819 404 1079 458 adversus
1131 402 1365 454 fratrem
1418 404 1579 453 tuum
1623 398 1950 470 loquebaris
1977 442 1989 465 ,
2039 403 2096 454 et
2141 400 2200 454 in
2222 411 2281 483 Α
2300 398 2451 453 tibus
2481 401 2538 452 et
2566 413 2680 452 non
2707 396 3062 466 nocentibus,
3096 397 3194 452 sed
3224 398 3695 470 supportantibus
3722 401 3802 454 ait
3831 417 3930 472 per

569 499 749 554 ﬁlium
779 497 988 566 fmatris
1027 499 1140 549 tuas
1179 493 1494 548 fabricabas
1533 492 1925 564 opprobrium.
1956 493 2084 546 Haec
2121 493 2203 548 fe-

569 591 690 647 cisti
725 593 783 644 et
816 589 987 657 tacui,
1018 586 1350 642 existimasti
1388 585 1631 640 similem
1667 585 1750 639 tui
1779 602 1871 641 me
1897 585 2200 641 futurum?

567 699 806 754 arguam
826 687 899 749 te,
931 685 987 736 et
1011 696 1332 752 proponam
1354 683 1487 734 ante
1511 680 1701 734 oculos
1731 683 1874 733 tuos.
1894 679 2198 750 lntelligite

564 779 688 833 haec
707 777 805 847 qui
818 773 1215 830 obliviscimini
1237 773 1542 828 Dominum
1557 789 1630 827 ne
1648 773 1794 828 forte
1812 772 1992 843 rapiat
2011 777 2067 828 et
2081 789 2198 828 non

566 870 637 926 sit
661 869 759 942 qui
778 869 1002 924 liberet.
1033 889 1061 919 »

635 965 992 1033 Languentes
1020 966 1210 1016 autem
1239 961 1296 1014 in
1327 961 1432 1014 isto
1460 960 1762 1014 conamine
1792 959 2024 1014 notandi
2045 964 2194 1029 sunt,

563 1063 618 1112 et
660 1074 693 1111 a
735 1056 937 1111 talibus
979 1053 1316 1126 repellendi.
1359 1054 1514 1108 Tales
1562 1053 1714 1107 enim
1760 1053 2021 1108 membra
2067 1058 2199 1108 sunt

565 1149 795 1217 diaboli,
826 1149 922 1220 qui
961 1164 1184 1203 sursum
1211 1149 1383 1218 atque
1415 1147 1679 1202 deorsum
1709 1147 2006 1218 pervolans
2040 1163 2193 1217 quee-

562 1244 636 1299 rit
663 1243 818 1315 quod
851 1242 1023 1314 possit
1052 1241 1326 1310 occidere,
1357 1257 1499 1311 quos
1539 1239 1713 1310 possit
1742 1255 2024 1310 separare,
2053 1256 2197 1311 quos

562 1337 742 1409 possit
773 1337 1058 1392 devorare.
1089 1337 1324 1406 Propter
1354 1350 1525 1405 quam
1559 1350 1677 1388 rem
1707 1333 2061 1404 vigilandum
2091 1339 2193 1402 est,

561 1435 617 1487 et
657 1430 828 1486 armis
878 1429 1197 1485 coelestibus
1244 1444 1442 1483 sumus
1491 1427 1806 1494 muniendi,
1854 1444 1926 1482 ne
1971 1427 2032 1482 in
2075 1428 2196 1498 ejus

562 1523 864 1595 compedes
908 1523 1226 1577 incidamus
1269 1525 1366 1575 aut
1411 1522 1533 1591 ejus
1572 1521 1751 1574 foveis
1793 1521 2193 1592 illaqueemur.

563 1620 730 1674 Decet
755 1617 909 1672 enim
935 1616 996 1670 in
1025 1615 1230 1670 talibus
1264 1615 1445 1670 causis
1472 1615 1577 1668 hoc
1610 1613 1861 1668 maxime
1890 1613 2192 1685 provideri,

559 1715 625 1765 ut
663 1710 783 1764 sine
829 1709 1065 1780 strepitu
1114 1707 1599 1763 concertationum
1644 1711 1700 1762 et
1737 1707 1980 1761 Charitas
2017 1711 2194 1760 custo-

2305 491 2650 562 Prophetam
2680 489 2952 544 Dominus
2979 507 2992 544 :
3028 511 3055 540 «
3084 491 3208 545 Non
3235 491 3350 546 sedi
3382 507 3515 546 cum
3548 492 3680 546 viris
3710 495 3928 550 vanita-

2300 584 2392 652 tis,
2421 587 2476 639 et
2505 600 2635 638 cum
2664 582 2921 654 superbis
2950 599 3066 637 non
3095 583 3405 654 ingrediar.
3437 584 3600 639 0divi
3631 586 3927 642 ecclesiam

2299 677 2675 748 pessimorum
2707 681 2765 731 et
2801 693 2930 730 cum
2968 675 3160 746 impiis
3196 694 3314 731 non
3352 678 3583 734 sedebo.
3618 679 3841 735 Lavabo
3871 680 3929 735 in

2299 771 2626 825 innocentia
2670 770 2886 839 palmas
2925 787 3102 837 meas,
3147 775 3204 824 et
3243 770 3490 825 circuibo
3531 772 3703 827 altare
3744 777 3927 843 tuum,

2299 863 2555 933 Domine,
2595 866 2661 918 ut
2697 864 2845 918 clara
2880 880 3015 918 voce
3052 864 3359 934 praedicem
3397 865 3626 918 laudem
3662 869 3843 936 tuam,
3876 873 3930 921 et

2299 973 2562 1011 enarrem
2587 956 2779 1011 omnia
2805 955 3086 1012 mirabilia
3113 961 3231 1012 tua.
3255 957 3514 1025 Domine,
3532 957 3697 1013 dilexi
3717 959 3928 1015 habita-

2298 1051 2488 1105 culum
2513 1051 2714 1105 domus
2736 1053 2868 1120 tum,
2893 1054 2949 1105 et
2967 1050 3158 1105 locum
3179 1051 3529 1106 tabernaculi
3561 1052 3757 1123 gloriae
3783 1057 3923 1120 tuae;

2297 1161 2368 1200 ne
2405 1160 2582 1215 ponas
2621 1161 2751 1198 cum
2781 1143 3174 1214 peccatoribus
3201 1146 3449 1200 animam
3473 1161 3680 1216 meam,
3711 1151 3767 1201 et
3796 1163 3927 1202 cum

2297 1237 2429 1292 viris
2466 1237 2808 1308 sanguinum
2845 1237 3017 1292 vitam
3050 1254 3260 1293 meam.
3304 1240 3363 1292 In
3392 1255 3634 1310 quorum
3664 1240 3927 1294 manibus

2297 1332 2494 1398 scelus,
2517 1335 2573 1384 et
2600 1332 2827 1385 dextera
2855 1347 3054 1385 eorum
3083 1332 3299 1403 repleta
3329 1334 3415 1385 est
3438 1332 3792 1399 muneribus,
3821 1349 3926 1404 ego

2299 1428 2489 1480 autem
2509 1425 2568 1478 in
2586 1423 2944 1494 simplicitate
2963 1441 3093 1479 mea
3115 1425 3359 1496 gradiar,
3383 1426 3599 1480 redime
3621 1442 3736 1492 me,
3750 1432 3806 1481 et
3825 1427 3923 1480 mi-

2295 1533 2480 1573 serere
2498 1517 2611 1572 mei
2632 1535 2648 1586 ς
2679 1534 2776 1589 pes
2804 1535 2965 1573 meus
2990 1518 3144 1572 stetit
3168 1519 3227 1572 in
3257 1519 3362 1586 via,
3389 1519 3446 1572 in
3474 1519 3728 1574 Ecclesiis
3748 1519 3920 1574 bene-

2295 1611 2478 1666 dicam
2514 1611 2772 1666 Domino.
2815 1631 2841 1661 )›
2886 1611 3242 1666 Concordent
3280 1611 3454 1683 igitur
3491 1629 3621 1667 cum
3660 1614 3924 1668 omnibus

2296 1705 2396 1759 Dei
2424 1705 2807 1760 sacerdotibus
2834 1705 2923 1759 hae
2953 1705 3240 1760 charitatis
3279 1705 3592 1773 sententiae,
3624 1706 3685 1760 in
3718 1707 3924 1777 quibus

563 1803 750 1858 diatur
793 1806 848 1858 et
896 1802 1102 1857 veritas
1145 1801 1499 1870 defendatur,
1551 1804 1722 1871 atque
1763 1800 2093 1855 innocentes
2139 1775 2390 1856 ethos
2433 1802 2578 1855 fixos
2617 1803 2672 1856 et
2713 1800 2906 1855 firmos
2947 1801 3211 1856 exstitere
3245 1801 3589 1871 judicamus.
3632 1803 3786 1856 Deus
3826 1819 3924 1857 vos

562 1896 784 1952 Domini
820 1895 1066 1951 ministri
1103 1894 1266 1950 illaesi
1296 1895 1630 1949 liberentur.
1660 1894 1737 1947 De
1774 1893 1938 1948 bonis
1969 1910 2107 1964 ergo
2136 1895 2194 1947 et

554 1991 744 2062 legem
773 1989 996 2047 Domini
1026 1988 1476 2044 custodientibus
1508 1987 1892 2059 fratribusque
1913 1987 2188 2058 adjuvan-

2293 1893 2606 1948 incolumes
2655 1894 2963 1961 custodiat,
3007 1895 3105 1948 ﬁlii
3149 1895 3485 1949 charissimi.
3526 1897 3664 1949 Data
3714 1913 3783 1949 xv
3825 1898 3921 1950 Ka-

2292 1987 2444 2041 lend.
2475 1986 2674 2056 Martii,
2707 1987 2949 2042 Antonio
2975 1990 3032 2042 et
3057 1989 3237 2042 Marco
3270 1989 3334 2041 ιν
3358 2004 3438 2042 cc.
3472 1989 3687 2042 consul.

563 2313 1139 2401 INCIPIUNT
1220 2313 1736 2399 DECRETA
1804 2315 2124 2400 IGINII
2209 2315 2521 2398 ΡΑΡίἘ
2592 2315 2734 2398 DE
2824 2314 3076 2398 FIDE
3167 2315 3304 2399 ET
3387 2314 3916 2414 RELIQUIS

2023 2455 2449 2541 CAUSIS.

1725 2636 1820 2698 De
1874 2635 2004 2714 ﬁde
2061 2642 2124 2698 et
2185 2634 2452 2716 reliquis
2507 2636 2741 2698 causis.

1371 2798 1554 2868 (Anno
1595 2798 1820 2853 Domini
1858 2799 1976 2868 143,
2006 2800 2264 2870 tempore
2291 2796 2561 2853 Antonini
2593 2796 2674 2852 Pii
2701 2797 3104 2869 imperatoris.)

2019 2959 2446 2972 ——m

625 3095 826 3149 lomws
851 3093 910 3147 in
941 3091 1154 3149 Christi
1189 3093 1424 3148 nomine
1457 3093 1621 3149 almae
1650 3095 1807 3148 urbis
1846 3095 2043 3149 Romae
2071 3093 2185 3166 epi-
2205 3107 2259 3180 Ο
2285 3093 2418 3148 nisti
2442 3095 2574 3150 ante
2599 3096 2827 3165 tempus
2853 3092 3094 3164 perdere
3121 3094 3262 3147 nos?
3289 3093 3446 3148 venit
3471 3092 3641 3148 Filius
3665 3094 3921 3150 hominis

548 3203 771 3258 scopus,
799 3186 1016 3240 cunctis
1039 3186 1100 3240 in
1128 3187 1434 3258 apostolica
1459 3187 1571 3242 fide
1604 3191 1662 3242 et
1692 3187 1950 3242 doctrina
1974 3189 2181 3260 degen-

547 3279 721 3347 tibus,
747 3281 1010 3334 salutem.

618 3371 962 3441 Charissimi,
992 3373 1140 3427 Deus
1167 3371 1376 3427 Filium
1401 3388 1569 3427 suum
1597 3372 1751 3428 misit
1779 3372 1837 3426 in
1863 3372 2180 3428 similitudi-

543 3481 676 3522 nem
722 3465 906 3520 carnis
952 3465 1187 3537 peccati,
1235 3469 1292 3521 et
1332 3466 1404 3520 de
1448 3470 1681 3538 peccato
1719 3466 2007 3520 damnavit
2045 3483 2176 3538 pec-

541 3563 730 3614 catum
767 3558 826 3612 in
864 3575 1051 3628 carne,
1084 3563 1148 3613 ut
1179 3559 1400 3630 justitia
1440 3559 1582 3630 legis
1620 3559 1975 3630 impleretur.
2010 3560 2178 3613 Filius

541 3668 656 3706 non
675 3651 987 3708 secundum
1007 3652 1274 3707 deitatem
1299 3653 1472 3706 solam
1491 3669 1524 3707 a
1545 3655 1708 3707 Patre
1730 3653 1932 3707 missus
1954 3656 2057 3720 est,
2081 3655 2176 3708 sed

543 3745 856 3801 secundum
886 3761 1135 3814 carnem,
1159 3762 1336 3818 quam
1365 3747 1672 3801 clementer
1696 3752 1752 3800 et
1774 3746 1865 3818 pie
1885 3763 1988 3817 pro
2013 3747 2178 3802 nobis

537 3853 823 3893 assumere
840 3854 955 3892 non
973 3839 1317 3910 dedignatus
1334 3843 1435 3894 est.
1459 3841 1599 3894 Nam
1620 3840 1772 3911 quod
1785 3841 2172 3910 semetipsum,

537 3931 826 3987 exinanita
846 3932 1156 4003 majestatis
1183 3949 1300 3986 sure
1326 3933 1598 4004 potentia,
1625 3933 1776 3987 idem
1803 3933 1975 3986 Filius
2001 3933 2172 3987 mise-

534 4025 630 4092 rit,
652 4026 949 4096 Apostolus
971 4029 1321 4080 contestatur
1346 4029 1403 4079 et
1426 4025 1588 4079 dicit:
1607 4044 1635 4076 ‹‹
1658 4025 2043 4096 Semetipsum
2061 4025 2174 4079 exi-

535 4117 776 4183 nanivit,
815 4117 1067 4171 formam
1101 4117 1249 4171 servi
1290 4117 1593 4187 accipiens,
1629 4116 1949 4170 humiliavit
1975 4123 2173 4172 semet-

532 4209 742 4278 ipsum,
782 4209 962 4262 factus
1003 4209 1271 4263 obediens
1300 4225 1483 4279 usque
1513 4209 1584 4263 ad
1624 4214 1865 4264 mortem
1886 4250 1900 4275 ,
1930 4214 2171 4265 mortem

536 4304 728 4354 autem
758 4301 936 4354 crucis
977 4301 1235 4371 (Philipp.
1277 4318 1336 4371 ιι,
1376 4306 1428 4368 7,
1459 4303 1533 4371 8).
1567 4323 1592 4350 η
1633 4304 1698 4356 Et
1739 4303 1950 4356 Isaias:
1987 4322 2014 4355 «
2046 4305 2170 4359 Non

535 4393 776 4464 legatus,
799 4409 985 4465 neque
1014 4394 1275 4464 angelus,
1299 4395 1396 4448 sed
1423 4395 1570 4449 Deus
1593 4395 1714 4466 ipse
1739 4396 1947 4464 veniet,
1977 4400 2034 4451 et
2059 4398 2168 4450 sal-

2283 3187 2498 3242 salvare
2527 3191 2584 3242 et
2610 3204 2869 3258 quaerere
2896 3187 3047 3257 quod
3073 3187 3338 3258 perierat.
3368 3206 3395 3238 »
3424 3188 3562 3241 Item
3587 3187 3664 3240 ibi
3694 3205 3707 3241 :
3743 3211 3769 3235 ‹‹
3801 3191 3919 3261 Ego

2280 3280 2408 3334 veni
2450 3283 2515 3334 ut
2556 3280 2729 3334 vitam
2760 3279 3024 3346 habeant,
3062 3284 3118 3334 et
3152 3279 3534 3334 abundantius
3573 3279 3855 3349 habeant;
3886 3306 3914 3330 n

2280 3373 2423 3427 item
2469 3372 2542 3427 ibi
2576 3389 2588 3426 :
2630 3395 2657 3423 ‹‹
2702 3374 2878 3427 Nemo
2907 3371 3159 3427 ascendit
3199 3371 3257 3425 in
3290 3373 3517 3441 coelum,
3561 3373 3666 3426 nisi
3708 3375 3808 3444 qui
3850 3376 3920 3430 de

2280 3465 2421 3520 ccelo
2462 3465 2770 3536 descendit,
2821 3466 2991 3520 Filius
3034 3465 3281 3519 hominis
3322 3465 3418 3536 qui
3458 3468 3542 3518 est
3582 3466 3639 3520 in
3679 3467 3841 3522 caelo.
3887 3489 3915 3520 ν

2278 3559 2544 3630 Nunquid
2571 3559 2631 3612 in
2672 3559 2760 3614 his
2801 3559 2972 3613 tantis
3003 3575 3066 3613 ac
3104 3558 3308 3612 talibus
3340 3559 3676 3613 testimoniis
3706 3560 3918 3631 quibus

2277 3669 2337 3707 se
2377 3652 2548 3707 Filius
2588 3652 2687 3706 Dei
2719 3669 2752 3706 a
2791 3651 3096 3722 semetipso
3136 3652 3352 3707 venisse
3393 3655 3621 3706 testatus
3659 3656 3764 3721 est,
3809 3671 3914 3724 po-

2277 3744 2406 3800 terit
2430 3745 2554 3817 quis
2582 3745 2767 3800 dicere
2797 3746 2868 3799 ab
2899 3745 3009 3800 alio
3037 3750 3092 3800 et
3118 3762 3231 3799 non
3259 3763 3291 3799 a
3317 3746 3619 3816 semetipso
3651 3747 3918 3803 venisse?

2275 3839 2413 3893 dum
2464 3838 2832 3892 manifestum
2889 3844 2993 3905 est,
3035 3839 3187 3909 quod
3233 3838 3330 3909 qui
3374 3855 3604 3893 carnem
3650 3842 3919 3895 nostram

2277 3931 2581 4002 dignanter
2605 3929 2926 4000 assumpsit,
2965 3931 3278 3986 voluntarie
3309 3935 3366 3986 et
3391 3948 3504 3986 non
3532 3931 3602 3985 ab
3626 3932 3735 3986 alio
3769 3934 3916 3988 mis-

2275 4044 2370 4082 sus
2413 4028 2729 4093 advenerit;
2778 4044 2911 4082 nam
2954 4029 3050 4100 qui
3094 4029 3153 4083 in
3195 4030 3358 4084 Patre
3395 4045 3651 4097 manens,
3695 4029 3917 4102 ubique

2271 4120 2527 4190 potentia
2566 4136 2670 4175 sua
2716 4120 2986 4189 consistit,
3026 4121 3122 4175 ubi
3166 4138 3277 4192 quo
3311 4138 3344 4174 a
3381 4124 3545 4176 Patre
3584 4121 3920 4178 mitteretur

2274 4213 2432 4268 omni
2448 4213 2616 4268 modo
2635 4229 2752 4268 non
2773 4214 2990 4280 habuit,
3011 4214 3286 4284 quoniam
3303 4215 3460 4269 nulla
3482 4231 3612 4284 pars
3631 4215 3916 4271 coslorum

2270 4323 2334 4360 ac
2355 4309 2522 4362 terrae
2548 4324 2582 4360 a
2606 4310 2915 4378 conspectu
2940 4307 3119 4361 Patris
3148 4307 3446 4378 excipitur,
3468 4308 3566 4362 ubi
3586 4309 3914 4364 secundum

2271 4415 2370 4454 vos
2399 4417 2432 4454 a
2459 4401 2624 4454 Patre
2651 4400 2820 4454 Filius
2847 4399 3208 4454 mitteretur?
3238 4405 3294 4454 et
3320 4402 3524 4455 Paulus
3554 4418 3567 4455 :
3595 4421 3623 4452 «
3651 4402 3916 4457 Renova-

531 4486 686 4541 vabit
715 4503 848 4553 nos;
881 4508 909 4536 »
937 4487 1076 4542 item
1100 4487 1176 4540 ibi
1202 4503 1214 4541 :
1242 4487 1483 4541 «Palam
1510 4488 1751 4559 apparui
1781 4505 1894 4543 non
1917 4491 2249 4564 quaeren-D
2271 4492 2437 4559 mini,
2474 4492 2680 4563 inquit,
2719 4492 2922 4563 spiritu
2959 4493 3170 4546 mentis
3207 4498 3430 4562 vestras,
3463 4498 3519 4548 et
3552 4494 3774 4549 induite
3812 4512 3918 4550 no-

528 4579 682 4634 tibus
708 4597 821 4635 me.
849 4599 875 4631 »
897 4581 963 4635 Et
986 4579 1293 4636 Jeremias:
1330 4601 1356 4629 ‹‹
1385 4581 1669 4652 Dereliqui
1693 4582 1926 4636 domum
1955 4600 2163 4653 meam,

530 4672 719 4726 dimisi
755 4673 1150 4728 haereditatem
1182 4690 1389 4741 meam,
1423 4674 1550 4729 veni
1593 4678 1650 4730 et
1683 4674 1864 4730 factus
1902 4693 2029 4730 sum
2057 4678 2166 4732 illis

528 4764 587 4819 in
633 4765 1026 4837 opprobrium.
1070 4788 1096 4816 »
1133 4768 1200 4821 Et
1238 4767 1296 4822 in
1337 4766 1566 4823 Michaaa
1597 4785 1610 4823 :
1642 4788 1669 4821 (ί
1711 4771 1848 4824 Ecce
1893 4771 2164 4826 Dominus

524 4857 731 4927 veniet,
763 4862 819 4914 et
858 4860 1373 4915 commovebuntur
1412 4861 1515 4916 sub
1561 4879 1628 4917 eo
1667 4868 1920 4928 montes;
1952 4883 1979 4914 ι)
2012 4870 2067 4920 et
2103 4865 2163 4920 in

467 4989 479 4998 .
524 4952 824 5006 Zacharia:
859 4975 886 5003 ‹‹
927 4953 1117 5008 Gaude
1157 4959 1212 5008 et
1253 4956 1466 5009 exsulta
1512 4955 1628 5009 ﬁlia
1667 4956 1823 5025 Sion,
1867 4957 2002 5027 quia
2032 4975 2161 5013 ecce

525 5055 635 5109 ego
679 5041 864 5110 venio,
907 5045 964 5096 et
1000 5043 1401 5098 commorabor
1429 5045 1487 5097 in
1526 5043 1712 5099 medio
1742 5046 1844 5114 tui,
1878 5046 2014 5100 dicit
2055 5049 2158 5102 Do-

526 5132 748 5202 minus;
789 5155 819 5184 »
850 5137 907 5188 et
936 5137 1238 5206 Apostolus
1266 5137 1340 5190 ad
1370 5137 1731 5192 Timotheum
1763 5156 1775 5192 :
1813 5162 1839 5188 ‹‹
1872 5141 2160 5194 Humanus

525 5241 714 5281 sermo
757 5231 814 5281 et
853 5229 1010 5282 omni
1047 5229 1376 5300 acceptione
1418 5231 1644 5301 dignus,
1684 5233 1960 5302 quoniam
2000 5235 2159 5288 Jesus

523 5319 776 5376 Christus
812 5321 968 5374 venit
1005 5321 1062 5374 in
1102 5321 1256 5376 hunc
1295 5323 1577 5378 mundum
1617 5328 1940 5396 peccatores
1983 5327 2159 5381 salvos

520 5412 742 5480 facere;
795 5433 822 5465 »
873 5418 927 5468 et
969 5414 1263 5470 Malachias
1311 5432 1323 5469 :
1375 5435 1402 5467 «
1449 5419 1586 5472 Ecce
1637 5418 1822 5472 subito
1866 5419 2051 5475 veniet
2096 5420 2154 5474 in

519 5507 735 5578 templo
771 5524 874 5562 suo
905 5508 1174 5563 Dominus
1199 5524 1371 5580 quem
1399 5526 1495 5564 vos
1525 5510 1798 5582 quaeritis,
1829 5516 1886 5566 et
1919 5515 2156 5584 angelus

517 5599 866 5657 Testamenti
898 5618 1070 5674 quem
1106 5618 1202 5657 vos
1231 5601 1426 5670 vultis;
1459 5623 1487 5654 »
1519 5604 1579 5658 in
1608 5604 1946 5676 Evangelia:
1978 5626 2006 5658 «
2033 5608 2152 5662 Non

515 5693 642 5746 veni
668 5710 870 5751 vocare
894 5697 1096 5768 justos,
1129 5697 1225 5751 sed
1255 5698 1578 5767 peccatores
1603 5698 1662 5752 in
1687 5698 2102 5769 pmnitentiam.
2122 5722 2148 5748 ››

513 5782 651 5838 ltem
675 5787 750 5840 ibi
777 5806 791 5843 :
818 5807 845 5840 «
867 5789 1009 5854 Quid
1031 5789 1211 5858 nobis,
1238 5795 1293 5846 et
1314 5790 1450 5862 quid
1473 5789 1573 5846 tibi
1597 5791 1745 5861 Jesn,
1771 5792 1892 5847 Filii
1923 5793 2038 5860 Dei,
2065 5810 2150 5848 ve-

2266 4602 2401 4640 vum
2434 4585 2726 4640 hominem
2767 4585 2862 4656 qui
2901 4585 3217 4640 secundum
3251 4588 3428 4640 Deum
3472 4591 3694 4642 creatus
3729 4592 3820 4642 est
3852 4590 3914 4644 in

2257 4678 2484 4749 justitia
2508 4682 2564 4733 et
2590 4679 2881 4732 sanctitate
2909 4678 3175 4734 veritatis.
3210 4699 3237 4732 »
3267 4681 3334 4734 Et
3359 4681 3428 4734 ad
3449 4679 3714 4735 Hebraeos
3739 4697 3751 4734 :
3784 4701 3812 4731 α
3853 4684 3919 4736 In

2265 4787 2332 4825 eo
2363 4771 2515 4826 enim
2552 4771 2613 4826 in
2647 4788 2761 4843 quo
2793 4788 2987 4844 passus
3021 4777 3103 4827 est
3141 4772 3259 4843 ipse
3295 4777 3351 4827 et
3387 4777 3635 4829 tentatus
3669 4778 3777 4842 est,
3812 4792 3919 4846 po—

2261 4868 2388 4920 tens
2423 4867 2508 4920 est
2538 4865 2618 4920 eis
2647 4866 2746 4936 qui
2787 4868 3082 4920 tentantur
3112 4866 3388 4933 auxiliari,
3427 4886 3455 4919 »
3497 4867 3646 4921 unde
3687 4873 3916 4924 sanctae

2261 4957 2570 5013 vocationis
2615 4974 2843 5028 semper
2879 4959 3116 5013 caelestis
3157 4959 3487 5030 participes.
3530 4961 3918 5017 Considerate

2260 5051 2597 5121 Apostolum
2643 5051 3009 5106 confessionis
3052 5056 3282 5120 nostra),
3326 5058 3383 5108 et
3427 5053 3759 5124 pontiﬁcem
3808 5057 3911 5109 Je-

2260 5160 2388 5198 sum
2433 5144 2661 5199 fidelem
2709 5145 3045 5200 existentem
3094 5145 3192 5216 qui
3241 5147 3458 5201 vocavit
3502 5163 3654 5201 eum.
3707 5148 3780 5202 Et.
3832 5150 3914 5202 ad

2259 5238 2649 5293 Colossenses:
2677 5257 2705 5286 «
2724 5237 2885 5292 Nunc
2905 5242 3096 5293 autem
3122 5239 3390 5310 deponite
3413 5244 3467 5294 ct
3488 5255 3586 5293 vos
3609 5239 3915 5307 universa,

2258 5329 2423 5399 iram,
2453 5329 2924 5401 indignationem,
2968 5331 3270 5401 malitiam,
3301 5332 3738 5404 blasphemiam,
3776 5338 3916 5388 tur-

2257 5421 2462 5495 piaque
2505 5422 2677 5478 verba
2717 5440 2787 5478 ex
2826 5441 2925 5478 ore
2967 5428 3152 5479 vestro
3192 5441 3308 5480 non
3343 5425 3674 5496 procedant.
3707 5426 3916 5482 Nolite

2253 5515 2483 5571 mentiri
2528 5516 2794 5572 invicem.
2834 5517 3219 5588 Exspoliantes
3263 5535 3358 5573 vos
3406 5523 3655 5574 veterem
3701 5519 3913 5576 homi-

2253 5625 2386 5666 nem
2418 5626 2549 5665 cum
2577 5610 2793 5665 actibus
2824 5610 2958 5678 suis,
2991 5610 3211 5666 induite
3250 5628 3464 5667 novum
3498 5628 3631 5667 eum
3667 5614 3770 5684 qui
3814 5631 3914 5671 re.

2253 5708 2490 5758 novatur
2533 5704 2593 5758 in
2640 5704 2999 5775 agnitionem
3047 5705 3360 5760 secundum
3398 5705 3712 5777 imaginem
3763 5707 3911 5778 ejus

2251 5795 2345 5866 qui
2409 5797 2622 5852 creavit
2683 5813 2835 5853 eum.
2894 5819 2921 5846 ››
2976 5797 3242 5868 Nunquid
3300 5799 3344 5853 is
3396 5799 3494 5870 qui
3559 5799 3908 5857 universam
