4046 6188
218 272 311 323 109

1432 266 1901 322 DECRETALIUM
1939 268 2325 323 COLLECTIO.

3456 277 3551 329 HO

205 377 533 437 creaturam,
582 370 814 426 visibilis
870 375 929 426 et
970 370 1268 427 invisibilia
1321 372 1574 444 proprias
1620 372 1825 429 virtute
1845 388 1905 459 Α
1994 374 2422 431 Criminationes
2446 376 2731 447 majorum
2758 381 2895 433 natu
2934 393 3036 449 per
3061 380 3205 435 alios
3232 395 3352 435 non
3386 380 3547 451 ﬁant,

204 464 486 538 potestatis
532 464 849 535 procreavit
902 481 967 519 ac
1012 464 1168 532 fecit,
1229 465 1478 536 seipsum
1527 468 1682 533 ante,
1730 470 1828 521 aut

202 558 563 631 postmodum
590 558 767 629 (quod
805 557 993 612 dicere
1038 558 1197 612 nefas
1235 559 1335 630 est)
1382 560 1592 614 creavit
1624 560 1712 615 vel
1740 560 1824 614 fa-

201 668 317 707 cere
335 651 567 723 potuit?
596 652 663 705 Et
691 650 959 705 Dominus
988 651 1045 706 in
1082 651 1391 722 Evangelio
1421 652 1531 706 ait:
1560 671 1587 703 «
1623 654 1741 724 Ego
1769 655 1828 706 et

198 747 349 800 Pater
370 761 558 798 unum
582 760 813 811 sumus;
840 764 867 795 η
893 747 949 797 et
969 744 1181 799 iterum
1206 760 1220 798 :
1252 765 1281 794 «
1311 744 1421 809 Qui
1445 761 1535 800 me
1555 746 1725 813 videt,
1749 745 1827 799 vi-

198 838 284 894 det
305 841 364 891 et
388 838 650 903 Patrem;
670 855 698 887 »
727 840 782 890 et
800 836 1008 890 iterum
1031 852 1043 891 :
1071 858 1100 887 «
1128 836 1237 901 Qui
1252 853 1344 892 me
1366 837 1501 907 odit,
1526 841 1582 892 et
1597 840 1822 893 Patrem

196 946 379 985 meum
421 929 582 993 odit;
614 949 642 975 υ
674 931 733 983 et
755 927 965 983 iterum
996 944 1009 982 :
1043 948 1070 980 «
1109 930 1180 983 Ut
1212 945 1411 984 omnes
1446 929 1827 985 honoriﬁcent

197 1023 418 1090 Filium,
471 1022 620 1076 sicut
651 1020 1035 1076 honoriﬁcant
1070 1023 1332 1091 Patrem;
1383 1043 1411 1071 »
1462 1024 1521 1076 et
1564 1023 1819 1078 iterum:

195 1138 217 1165 «ι
244 1117 310 1170 Ut
335 1115 456 1169 sint
484 1114 549 1168 in
574 1113 737 1168 nobis
761 1130 964 1182 unum,
994 1114 1137 1169 sicut
1165 1118 1223 1170 et
1258 1131 1363 1169 nos
1392 1131 1576 1170 unum
1602 1132 1820 1171 sumus.

188 1210 258 1262 Tu
280 1209 339 1261 in
365 1224 487 1274 me,
519 1209 577 1261 et
603 1222 709 1277 ego
738 1206 797 1260 in
826 1207 934 1276 eis;
967 1227 995 1257 »
1038 1210 1093 1261 et
1120 1206 1331 1262 iterum
1359 1224 1372 1262 :
1407 1229 1435 1257 «
1467 1208 1673 1264 Omnia
1694 1224 1825 1263 mea

190 1308 274 1356 tua
300 1302 470 1366 sunt;
499 1321 529 1348 »
576 1302 634 1355 et
669 1300 878 1353 iterum
912 1315 925 1353 :
967 1318 995 1350 ‹‹
1032 1301 1150 1371 Ego
1182 1300 1241 1354 in
1273 1302 1455 1370 Patre,
1490 1304 1547 1355 et
1568 1303 1734 1355 Pater
1759 1301 1818 1355 in

190 1411 300 1459 me;
332 1414 361 1445 »
398 1398 459 1448 et
485 1394 694 1447 iterum
717 1407 731 1446 :
763 1412 789 1443 α
816 1394 983 1446 Pater
1006 1392 1066 1446 in
1098 1409 1193 1447 me
1221 1409 1465 1448 manens
1494 1394 1627 1449 facit
1649 1411 1823 1465 opera

186 1489 320 1542 hac.
364 1506 397 1537 ιι
446 1488 519 1540 Et
562 1488 807 1542 Joannes
847 1485 1185 1556 evangelista
1221 1486 1300 1540 ait
1332 1502 1345 1541 :
1382 1504 1410 1537 ‹(
1448 1488 1508 1541 Ι11
1543 1487 1822 1558 principio

187 1586 301 1635 erat
326 1580 604 1645 Verbum,
637 1584 693 1634 et
734 1578 977 1633 Verbum
1013 1581 1132 1633 erat
1160 1578 1313 1649 apud
1352 1580 1553 1647 Deum,
1585 1584 1642 1635 et
1673 1581 1822 1633 Deus

185 1678 306 1729 erat
332 1674 592 1729 Verbum
634 1672 805 1740 (Joan,
840 1689 879 1737 1,
910 1672 992 1743 1);
1026 1692 1055 1721 »
1104 1675 1163 1726 et
1198 1671 1405 1727 iterum
1432 1672 1553 1743 ipse
1582 1672 1656 1727 ad
1686 1674 1820 1727 Par-

1924 467 2033 523 nisi
2080 484 2186 539 per
2237 468 2388 539 ipsos
2436 468 2533 541 qui
2582 468 2820 525 crimina
2876 471 3216 540 intendunt,
3264 471 3310 527 si
3352 478 3549 531 tamen

1925 561 2033 632 ipsi
2057 560 2216 631 digni
2256 563 2313 617 et
2342 562 2867 634 irreprehensibiles
2895 564 3281 636 apparuerint,
3322 568 3379 622 et
3410 567 3551 622 actis

1923 653 2160 725 publicis
2188 653 2669 710 docuerint‘omni
2696 671 2754 711 se
2780 657 3099 728 suspicione
3135 674 3328 713 carere
3354 662 3411 714 et
3435 658 3545 714 ini-

1922 746 2135 802 micitia
2151 746 2299 820 25,
2332 753 2501 819 atque
2528 747 3080 819 irreprehensibilem
3114 751 3284 807 ﬁdem
3312 768 3377 807 ac
3407 768 3546 808 con-

1922 840 2299 895 versationem
2319 841 2525 896 ducere
2549 858 2563 895 :
2592 857 2816 897 necnon
2843 846 2900 897 et
2916 842 3223 915 peregrina
3247 846 3476 916 negotia
3491 850 3549 901 et

1915 932 2129 1004 judicia
2154 933 2542 1004 prohibemus,
2559 934 2691 1006 quia
2705 935 3007 1007 indignum
3026 941 3111 991 est
3125 940 3189 991 ut
3204 937 3275 991 ab
3296 938 3548 993 externis

1916 1025 2247 1097 judicentur
2274 1026 2373 1098 qui
2420 1026 2794 1099 provinciales
2833 1032 2889 1082 et
2921 1045 2955 1082 a
2996 1044 3053 1083 se
3092 1029 3298 1084 electos
3341 1030 3548 1086 debent

1922 1118 2134 1175 habere
2147 1119 2389 1190 judices.
2406 1121 2516 1176 Nos
2541 1120 2775 1192 quidem
2804 1137 2869 1176 ex
2893 1121 3051 1176 omni
3071 1126 3231 1193 parte
3257 1124 3544 1194 carpendo

1922 1212 2246 1269 occasiones
2272 1212 2632 1269 abscidimus.
2664 1214 2776 1269 Nos
2800 1230 3062 1285 supernae
3079 1230 3365 1271 memores
3387 1215 3547 1270 disci-

1920 1304 2114 1375 plinas,
2144 1305 2593 1377 quibuscumque
2618 1306 2949 1362 cadentibus
2986 1308 3279 1362 dexteram
3303 1308 3544 1379 porrigi-

1920 1412 2069 1463 mus,
2096 1401 2152 1452 et
2176 1415 2209 1451 a
2240 1398 2421 1452 ruina:
2466 1399 2779 1470 praecipitio
2814 1416 2955 1471 quos
2990 1416 3287 1472 possumus
3327 1401 3543 1456 releva-

1920 1504 2051 1544 mus
2078 1493 2136 1544 et
2172 1491 2517 1546 defensionis
2550 1491 2959 1548 adminiculum
2998 1494 3131 1548 totis
3163 1493 3373 1548 viribus
3406 1510 3549 1566 prm-

1918 1581 2055 1637 bere
2084 1583 2365 1655 cupimus.
2397 1584 2558 1640 Certe
2600 1585 2645 1639 si
2680 1586 2763 1641 vel
2811 1602 2975 1641 mens
3006 1587 3078 1641 sit
3114 1586 3251 1642 recti
3290 1585 3547 1655 conscia,

1919 1674 2165 1730 vindicta
2190 1676 2399 1747 dignus
2441 1681 2529 1731 est
2568 1680 2666 1749 qui
2714 1678 2839 1733 aliis
2864 1679 3051 1735 existit
3074 1695 3246 1734 causa
3274 1679 3509 1751 periculi
3533 1697 3546 1747 ;

184 1768 346 1823 thos:
370 1789 401 1817 «
424 1768 563 1821 Tres
588 1768 741 1833 sunt,
763 1764 971 1835 inquit,
991 1764 1085 1836 qui
1106 1765 1497 1820 testimonium
1514 1766 1822 1837 perhibent
1840 1752 1896 1824 B
1920 1767 2016 1839 qui
2044 1784 2175 1822 vero
2205 1768 2573 1825 innocentem
2611 1771 2699 1826 vel
2743 1771 2976 1827 fratrem
3013 1788 3355 1844 quocunque
3384 1773 3546 1844 inge-

182 1863 237 1915 in
266 1867 425 1917 terra
456 1877 471 1914 :
502 1876 670 1930 aqua,
699 1859 929 1929 sanguis
950 1862 1008 1913 et
1034 1875 1185 1928 caro,
1218 1861 1335 1913 tres
1365 1860 1426 1913 in
1452 1859 1619 1914 nobis
1643 1863 1813 1929 sunt;

183 1960 234 2009 et
286 1959 405 2009 tres
448 1958 584 2007 sunt
623 1952 722 2023 qui
760 1951 1151 2006 testimonium
1191 1951 1489 2022 perhibent
1525 1953 1585 2006 in
1629 1954 1770 2007 coelo
1802 1969 1816 2008 :

180 2050 370 2113 Pater,
396 2046 664 2111 Verbum,
698 2049 755 2099 et
787 2045 1044 2114 Spiritus,
1083 2049 1139 2099 et
1167 2045 1225 2099 hi
1260 2050 1376 2100 tres
1398 2061 1579 2100 unum
1608 2051 1758 2101 sunt.
1789 2067 1817 2095 »

178 2141 299 2194 Nos
328 2140 518 2211 itaque
539 2139 593 2193 in
628 2143 833 2192 natura
877 2137 1208 2207 divinitatis,
1261 2139 1396 2210 quia
1442 2156 1622 2193 unum
1665 2142 1817 2206 sunt,

180 2236 371 2299 Pater,
429 2239 485 2286 et
530 2231 722 2298 Filius,
773 2234 831 2285 et
870 2230 1109 2301 Spiritus
1159 2235 1402 2301 sanctus,
1432 2248 1537 2287 nec
1590 2234 1819 2286 Patrem

180 2327 372 2397 aliquo
403 2328 659 2395 tempore
696 2323 979 2379 credimus
1014 2324 1386 2394 praecessisse,
1428 2328 1491 2378 ut
1529 2326 1718 2396 major
1749 2325 1822 2379 sit

180 2419 320 2473 Filio
341 2460 358 2488 ,
417 2434 524 2472 nec
572 2417 776 2471 Filium
808 2420 1004 2488 postea
1041 2422 1238 2472 natum
1275 2434 1395 2473 esse
1432 2420 1497 2471 ut
1529 2418 1821 2474 divinitate

180 2513 358 2567 Patris
391 2511 734 2566 minoretur.

248 2608 563 2670 Caeterum,
584 2604 804 2666 fratres,
844 2602 997 2657 salvo
1027 2603 1087 2658 in
1112 2604 1377 2658 omnibus
1408 2604 1683 2658 Romana:
1714 2605 1819 2659 Ec-

179 2698 364 2753 clesia:
394 2696 718 2768 privilegio,
746 2696 936 2750 nullus
964 2696 1435 2767 metropolitanus
1468 2696 1684 2768 absque
1709 2713 1818 2752 caa-

179 2798 437 2845 terorum
500 2789 758 2844 omnium
814 2790 1375 2860 comprovincialium
1428 2790 1822 2861 episcoporum

179 2883 453 2939 instantia
475 2883 797 2954 aliquorum
823 2882 1018 2937 audiat
1043 2900 1236 2938 causas
1267 2899 1488 2951 eorum,
1504 2882 1634 2954 quia
1647 2883 1821 2938 irritas

184 2982 352 3032 erunt
385 2976 559 3030 aliter
583 2958 723 3030 actae
768 2991 946 3046 quam
986 2976 1045 3030 in
1091 2980 1401 3048 conspectu
1446 2991 1645 3031 eorum
1697 2992 1819 3031 om-

182 3072 347 3125 nium
374 3069 691 3135 ventilatis,
724 3072 781 3124 et
806 3067 948 3139 ipse,
983 3068 1029 3123 si
1054 3070 1273 3137 fecerit,
1296 3074 1620 3125 coerceatur
1644 3086 1678 3125 a
1704 3070 1822 3125 fra-

185 3164 387 3219 tribus.

1917 1861 2011 1915 nio
2041 1862 2416 1933 persequitur,
2462 1862 2585 1933 ipse
2612 1864 2672 1918 in
2713 1880 2773 1917 se
2803 1864 3071 1935 jugulum
3106 1865 3307 1920 mortis
3340 1865 3551 1937 impin-

1920 1954 2023 2025 git,
2048 1957 2111 2009 ut
2136 1954 2216 2009 ait
2236 1954 2456 2009 divinus
2496 1959 2554 2009 et
2582 1955 2781 2011 beatus
2808 1972 2991 2028 praeco
3020 1974 3033 2011 :
3066 1957 3189 2012 Noli
3219 1958 3545 2027 detrahere,

1917 2063 1990 2102 ne
2016 2047 2336 2114 eradiceris,
2363 2047 2481 2103 noli
2508 2064 2793 2119 accusare,
2830 2066 2903 2104 ne
2936 2050 3235 2121 accuseris,
3256 2051 3371 2105 noli
3393 2050 3548 2121 judi-

1920 2156 2066 2208 care,
2099 2156 2172 2195 ne
2196 2140 2493 2213 judiceris,
2534 2141 2666 2214 quia
2702 2142 2761 2196 in
2804 2159 2919 2215 quo
2945 2144 3161 2215 judicio
3188 2144 3550 2215 judicaveris,

1911 2233 2262 2305 judicabitur
2298 2235 2367 2289 de
2404 2238 2480 2289 te.
2521 2234 2698 2289 Nemo
2750 2236 2998 2292 creditur
3044 2253 3150 2292 nos
3188 2237 3372 2293 odisse
3408 2255 3549 2310 quo-

1919 2343 2050 2382 rum
2097 2327 2369 2383 relatione
2408 2344 2522 2383 non
2561 2327 2823 2396 laeditur,
2865 2329 3001 2385 dicit
3037 2330 3192 2385 enim
3231 2331 3549 2388 Dominus:

1919 2419 2100 2474 Omne
2128 2436 2376 2491 regnum
2420 2419 2480 2474 in
2519 2436 2577 2476 se
2612 2420 2855 2476 divisum
2890 2438 3009 2477 non
3040 2423 3229 2491 stabit,
3270 2426 3327 2479 et
3364 2425 3554 2479 omnis

1920 2512 2151 2567 scientia
2184 2516 2285 2567 aut
2314 2513 2515 2584 regula
2555 2514 2855 2569 adversum
2892 2531 2965 2593 se
2990 2516 3171 2571 divisa
3206 2532 3321 2571 non
3363 2517 3549 2572 stabit.

1920 2605 2167 2676 Ideoque
2203 2622 2429 2662 necesse
2469 2611 2573 2676 est,
2605 2612 2670 2662 ut
2713 2608 3071 2663 concorditer
3104 2609 3354 2664 salubres
3385 2609 3553 2665 susci-

1919 2698 2103 2770 piatis,
2144 2699 2401 2768 hortans,
2460 2700 2603 2754 nihil
2656 2717 2761 2772 per
2811 2701 3239 2756 contentionem
3293 2706 3547 2773 agentes,

1920 2792 2021 2847 sed
2055 2791 2127 2845 ad
2166 2808 2335 2847 omne
2381 2792 2630 2848 studium
2680 2794 2995 2849 devotionis
3041 2794 3364 2865 unanimes,
3416 2794 3553 2849 divi-

1922 2884 2010 2938 nis
2070 2889 2127 2940 et
2162 2885 2483 2956 apostolicis
2538 2887 3034 2943 constitutionibus
3088 2888 3354 2959 parcatis.
3414 2889 3550 2943 Data

1921 2993 2031 3033 xvu
2067 2978 2308 3035 Kalend.
2371 2978 2643 3036 Octobris.
2684 2981 2885 3053 Magno
2920 2985 2975 3037 et
3004 2980 3304 3038 Camerino
3344 2996 3547 3036 consu-

1918 3070 2084 3126 libus.

807 3368 1265 3442 EPISTOLA
1336 3369 1610 3442 IGINII
1678 3372 1959 3444 PAPZE
2030 3372 2161 3445 AD
2231 3374 2923 3447 ATHENIENSES.

252 3544 401 3613 Papa
424 3542 632 3597 [emus
658 3540 1095 3596 Atheniensibus
1122 3540 1388 3595 salutem.

252 3635 425 3691 Ilulta
448 3634 596 3689 mihi
624 3634 832 3689 fiducia
858 3637 943 3689 est
966 3633 1121 3704 apud
1147 3649 1266 3701 vos,
1301 3632 1522 3703 fratres,
1556 3635 1613 3688 et
1638 3631 1818 3687 multa

188 3728 447 3799 gloriatio
484 3745 587 3799 pro
613 3728 787 3782 vobis.
822 3727 1089 3797 Repletus
1126 3742 1254 3781 sum
1284 3725 1693 3793 consolatione,
1720 3741 1812 3779 su-

186 3821 513 3891 perabundo
543 3821 748 3893 gaudio
781 3821 841 3876 in
869 3822 1031 3877 omni
1064 3821 1425 3875 tribulatione
1453 3823 1666 3875 nostra.
1700 3818 1817 3873 Tri-

186 3914 341 3969 bnlor
367 3915 525 3969 enim
547 3914 780 3985 quando
800 3915 869 3969 de
890 3914 1051 3969 vobis
1061 3914 1233 3969 audio
1258 3914 1413 3985 quod
1430 3929 1547 3968 non
1571 3916 1812 3983 oportet.

185 4009 451 4063 Consolor
478 4024 612 4062 vero
640 4008 860 4078 quoties
897 4024 965 4063 ea
1008 4008 1156 4063 inter
1203 4024 1302 4062 vos
1340 4006 1466 4060 ﬁeri
1495 4020 1815 4075 cognovero

186 4118 303 4172 quae
328 4102 514 4155 bonos
538 4100 877 4155 christianos
917 4101 1078 4156 decet
1100 4100 1361 4171 implere.
1399 4119 1428 4148 «
1466 4098 1667 4166 Nolite,
1700 4098 1814 4153 fra-

186 4199 311 4259 tres,
333 4194 548 4264 jugum
591 4194 797 4249 ducere
832 4210 965 4249 cum
993 4193 1338 4260 inﬁdelibus,
1368 4213 1396 4241 »
1440 4192 1593 4246 unde
1621 4192 1819 4247 doctor

188 4288 447 4355 gentium
466 4286 722 4357 loquitur
747 4287 977 4342 dicens:
1010 4308 1037 4337 «
1058 4289 1193 4350 Quae
1212 4284 1568 4357 participatio
1579 4284 1815 4355 justitite

184 4396 308 4434 cum
331 4379 679 4451 iniquitate?
719 4380 846 4451 quis
884 4385 1077 4436 autem
1118 4395 1426 4434 consensus
1462 4378 1677 4448 templo
1719 4377 1817 4431 Dei

184 4489 309 4526 cum
342 4472 552 4526 idolis?
581 4489 682 4527 vos
732 4472 889 4527 enim
918 4473 1050 4528 estis
1078 4472 1357 4543 templum
1389 4470 1486 4526 Dei
1513 4469 1642 4537 vivi,
1670 4470 1817 4524 sicut

184 4565 313 4619 dicit
348 4564 648 4619 Dominus.
691 4566 975 4629 Quoniam
1012 4565 1346 4620 inhabitabo
1384 4564 1444 4618 in
1484 4563 1617 4630 illis,
1644 4566 1701 4618 et
1724 4562 1813 4617 in-

186 4657 505 4725 ambulabo,
534 4662 595 4711 et
635 4674 733 4713 ero
776 4658 1009 4713 illorum
1045 4659 1213 4724 Deus,
1252 4660 1311 4712 et
1337 4657 1447 4728 ipsi
1466 4659 1633 4711 erunt
1671 4654 1816 4709 mihi

192 4750 423 4820 populus
458 4750 533 4817 (II
554 4749 674 4806 Cor.
707 4752 895 4817 vr,14,
936 4751 1043 4822 16).
1083 4770 1111 4803 »
1143 4750 1201 4806 Si
1224 4750 1380 4804 enim
1418 4751 1567 4804 Deus
1595 4748 1815 4819 angelis

193 4842 551 4911 peccantibus
577 4860 691 4898 non
718 4844 991 4915 pepercit,
1022 4844 1123 4899 sed
1140 4843 1481 4898 rudentibus
1493 4840 1706 4897 inferni
1724 4841 1816 4897 de-

1746 3562 1765 3577 -
1836 3554 1891 3628 ρ
1916 3541 2013 3613 qui
2052 3542 2122 3597 de
2163 3542 2254 3597 die
2292 3543 2351 3597 in
2379 3542 2531 3598 diem
2562 3543 2815 3599 animam
2834 3544 3049 3615 justam
3096 3544 3305 3617 iniquis
3355 3548 3543 3620 operi-

1913 3636 2022 3689 bus
2053 3635 2397 3690 cruciabant.
2440 3636 2608 3690 Novit
2653 3638 2796 3692 Deus
2835 3638 2959 3708 pios
2996 3639 3068 3694 de
3099 3640 3411 3696 tentatione
3444 3641 3548 3695 eri-

1915 3744 2072 3799 pere,
2098 3728 2325 3798 iniquos
2347 3744 2480 3782 vero
2507 3729 2567 3783 in
2599 3729 2754 3783 diem
2775 3729 2975 3799 judicii
3001 3733 3331 3788 cruciandos
3360 3750 3542 3789 reser-

1915 3836 2068 3887 vare,
2100 3820 2281 3891 magis
2314 3825 2508 3875 autem
2543 3837 2641 3876 eos
2678 3821 2775 3892 qui
2811 3826 2938 3892 post
2976 3839 3210 3878 carnem
3238 3825 3297 3879 in
3339 3842 3543 3881 concu-

1914 3913 2247 3985 piscentiam
2264 3913 2644 3969 immunditia:
2663 3913 2977 3983 ambulant,
3002 3902 3541 3990 damnationemque

1914 4008 2310 4076 contemnunt,
2339 4006 2602 4073 audaces,
2626 4006 2733 4061 sibi
2758 4007 3042 4078 placentes
3068 4011 3249 4063 sectas
3279 4026 3396 4065 non
3427 4027 3543 4065 me-

1915 4102 2085 4154 tuunt
2121 4099 2329 4162 facere,
2377 4100 2851 4171 blasphemantes.
2910 4101 3071 4155 Unde
3124 4102 3298 4157 alieni
3336 4104 3545 4159 erroris

1914 4192 2135 4247 socium
2160 4208 2193 4246 a
2212 4192 2299 4247 sui
2323 4193 2601 4263 propositi
2620 4193 2851 4248 tramite
2885 4210 3000 4248 non
3036 4195 3417 4264 recedentem,
3446 4201 3544 4251 aut

1913 4285 2236 4355 apostolicae
2264 4285 2412 4340 sedis
2431 4285 2783 4356 jussionibus
2805 4286 3230 4343 inobedientem
3256 4290 3542 4361 suscipere

1915 4394 2033 4432 non
2054 4393 2376 4448 possumus,
2405 4378 2541 4449 quia
2565 4377 2716 4432 inter
2752 4378 2946 4433 fideles
2970 4380 3263 4435 credentes
3298 4382 3385 4437 vel
3410 4398 3539 4438 san-

1914 4473 2138 4524 ctorum
2153 4472 2385 4524 Patrum
2400 4470 2751 4541 jussionibus
2777 4471 3236 4542 obtemperantes
3260 4474 3540 4545 permitti-

1914 4578 2064 4629 mus,
2095 4562 2228 4633 quia
2252 4562 2405 4616 inter
2427 4562 2624 4617 ﬁdeles
2660 4580 2872 4634 magna
2914 4564 3085 4619 debet
3122 4581 3243 4620 esse
3274 4565 3539 4622 discretio

1915 4658 1973 4710 et
1986 4655 2268 4710 infideles.
2288 4655 2350 4710 Si
2369 4656 2533 4724 Deus,
2547 4656 2769 4723 fratres,
2777 4657 2949 4727 justis
2974 4673 3088 4712 non
3114 4658 3386 4729 pepercit,
3402 4660 3541 4731 quid

1914 4748 1983 4803 de
2005 4748 2168 4803 nobis
2194 4748 2585 4819 peccatoribus
2608 4748 2733 4803 ﬁeri
2760 4749 3010 4820 putatis?
3035 4750 3323 4807 Custodite
3352 4769 3451 4808 vos
3471 4754 3541 4808 ab

1915 4841 2075 4895 omni
2100 4832 2538 4912 inquinamento
2565 4841 2748 4895 carnis
2774 4845 2833 4896 et
2860 4844 3130 4914 corporis,
3159 4847 3225 4898 ut
3253 4845 3392 4900 salvi
3421 4846 3541 4902 sitis

188 4940 381 4990 tractos
422 4936 487 4991 in
833 4936 1086 5005 tradidit,
1130 4936 1191 4990 in
1224 4935 1442 5007 judicio
1476 4913 1893 4991 cruciandosD
1915 4933 1975 4989 in
2001 4933 2093 4989 die
2123 4934 2401 4989 adventus
2433 4933 2675 5001 Domini,
2707 4950 2889 4989 unum
2904 4913 3096 4992 autem
3115 4937 3221 4993 hoc
3241 4955 3355 4994 non
3368 4939 3545 4996 lateat

191 5032 474 5101 reservari,
494 5039 553 5088 et
589 5033 853 5104 originali
882 5034 1096 5089 mundo
1116 5050 1231 5089 non
1248 5033 1526 5105 pepercit,
1544 5033 1641 5088 sed
1664 5036 1814 5088 octa-

193 5140 311 5180 vum
352 5127 471 5181 Noe
514 5127 754 5197 justitiae
802 5143 1128 5198 praeconem
1173 5126 1494 5193 custodivit,
1538 5125 1815 5181 diluvium

195 5219 395 5275 mundo
417 5219 739 5291 impiorum
763 5219 1060 5288 inducens,
1081 5226 1136 5276 et
1156 5221 1408 5276 civitates
1438 5220 1814 5276 Sodomorum

196 5308 765 5364 etGomorrhzeorum
802 5308 864 5363 in
910 5309 1157 5365 cinerem
1192 5309 1478 5380 redigens,
1522 5308 1813 5364 eversione

196 5398 493 5470 damnavit,
522 5402 857 5474 exemplum
887 5418 1089 5458 eorum
1129 5402 1227 5474 qui
1257 5401 1435 5475 impie
1475 5401 1655 5457 acturi
1680 5403 1814 5456 sunt

195 5508 421 5563 ponens,
450 5495 591 5566 quid
614 5495 827 5567 putatis
852 5494 1066 5568 iniquis
1092 5500 1149 5551 et
1170 5494 1362 5567 impiis
1394 5494 1811 5566 perseveranti-

193 5584 285 5640 bus
303 5588 360 5643 in
380 5588 641 5660 neqnitia
660 5606 865 5649 eorum
891 5589 1039 5645 erit?
1062 5592 1087 5646 ,ι
1095 5594 1286 5645 ustum
1302 5604 1437 5644 vero
1456 5588 1562 5644 Lot
1587 5602 1815 5659 oppres-

192 5694 306 5737 sum
321 5700 355 5739 a
376 5683 761 5741 nefandorum
784 5683 996 5756 injuria
1021 5682 1451 5740 conversatione
1474 5680 1816 5752 eruit,aspe-

192 5776 273 5832 ctu
295 5777 453 5837 enim
476 5782 539 5834 et
578 5778 776 5837 auditu
807 5778 997 5850 justus
1040 5780 1179 5848 erat,
1228 5775 1487 5835 habitans
1528 5774 1682 5847 apud
1717 5789 1815 5832 eos

1910 5044 2028 5095 vos,
2049 5029 2111 5081 ut
2130 5027 2210 5082 ait
2220 5028 2523 5098 Apostolus
2539 5043 2553 5081 :
2572 5027 2917 5095 Charissimi,
2939 5030 3072 5101 quia
3087 5047 3232 5086 unus
3252 5032 3375 5089 dies
3389 5035 3540 5106 apud

1912 5120 2224 5175 Dominum
2248 5119 2393 5174 sicut
2418 5119 2577 5174 mille
2601 5120 2757 5190 anni,
2787 5124 2843 5177 et
2866 5121 3023 5177 mille
3049 5123 3205 5193 anni,
3225 5125 3370 5181 sicut
3395 5144 3545 5182 unus

1912 5212 2053 5269 dies.
2076 5213 2201 5268 Non
2229 5212 2421 5269 tardat
2443 5213 2720 5269 Dominus
2746 5214 3062 5285 promissis,
3110 5216 3215 5272 sed
3261 5220 3541 5290 patienter

1912 5308 2204 5378 exspectat
2245 5311 2482 5378 propter
2530 5324 2648 5377 vos,
2691 5308 2897 5363 nolens
2939 5309 3160 5381 aliquos
3197 5310 3403 5381 perire,
3442 5313 3539 5367 sed

1914 5415 2116 5455 omnes
2147 5399 2222 5455 ad
2239 5399 2631 5471 paenitentiam
2658 5402 2886 5457 reverti.
2909 5402 3187 5458 Adveniet
3206 5406 3392 5458 autem
3420 5404 3539 5459 dies

1914 5492 2144 5549 Domini
2166 5497 2225 5548 ut
2244 5493 2356 5562 fur,
2384 5493 2445 5549 in
2467 5510 2583 5565 qua
2607 5494 2735 5551 cteli
2757 5511 2968 5567 magno
2993 5497 3212 5567 impetu
3234 5494 3535 5565 transient,

1912 5586 2193 5643 elementa
2217 5602 2351 5642 vero
2377 5588 2562 5644 calore
2591 5590 2897 5644 solventur.
2926 5589 3069 5644 Cum
3095 5588 3215 5642 haec
3242 5604 3381 5659 ergo
3412 5605 3537 5645 om-

1910 5679 2005 5735 nia
2031 5680 2383 5736 dissolvenda
2407 5680 2539 5749 sint,
2572 5682 2771 5754 quales
2798 5683 3022 5752 oportet
3049 5697 3144 5734 vos
3169 5696 3289 5735 esse
3318 5682 3376 5737 in
3408 5700 3538 5740 san-

1911 5772 2016 5829 ctis
2039 5775 2562 5833 conversationibus
2605 5781 2662 5833 et
2696 5774 3021 5847 pietatibus,
3058 5777 3450 5846 exspectantes
3483 5783 3542 5834 et
