4046 6188
447 167 537 222 Hi

1332 166 1619 223 APPEND.
1660 169 1748 223 AD
1785 169 1946 223 SASC.
1989 167 2077 223 IX.
2106 196 2174 208 —
2214 167 2459 225 ISIDOBI
2498 171 2920 230 MERCATORIS

3705 187 3807 237 H‘Z

439 275 812 347 properantes
839 272 899 328 in
923 273 1231 330 adventum
1254 273 1368 330 diei
1395 276 1514 346 Dei,
1532 291 1635 346 per
1651 291 1824 346 quem
1841 275 1964 331 coeli
1978 293 2066 332 ar-
2091 287 2150 363 Α
2169 292 2304 332 nam
2329 294 2493 332 suam
2522 279 2783 352 gloriam,
2814 281 2874 337 in
2895 280 3114 339 Christo
3139 284 3268 340 Iesu
3294 285 3582 342 modicum
3608 305 3813 361 passos

445 369 644 423 dentes
669 367 978 436 solventur,
1001 370 1058 422 et
1090 369 1367 424 elementa
1387 367 1539 440 ignis
1559 369 1739 425 calore
1767 369 2071 429 tabescent.

443 464 557 518 Nos
581 476 716 516 vero
747 461 913 516 ccelos
938 478 1116 517 novos
1145 464 1202 518 et
1229 465 1442 518 terram
1473 479 1675 518 novam
1704 466 1762 519 et
1796 464 2075 535 promissa

442 555 621 626 ipsius
675 557 1094 628 exspectamus,
1152 555 1214 612 in
1267 555 1471 629 quibus
1505 556 1724 627 justitia
1772 557 2070 615 inhabitat.

445 649 592 705 Deus
615 649 811 705 autem
838 648 1023 704 omnis
1050 649 1247 722 gratiae
1289 650 1389 722 qui
1425 650 1645 706 vocavit
1688 668 1802 718 vos,
1819 652 1879 707 in
1905 654 2071 709 mter-

2172 371 2293 442 ipse
2348 372 2624 443 perﬁciet,
2677 375 3066 448 conﬁrmabit,
3132 380 3188 433 et
3241 379 3636 437 consolidabit.
3694 382 3808 455 Ipsi

2173 463 2354 534 gloria
2393 466 2450 519 et
2486 465 2793 540 imperium
2842 470 2902 525 in
2948 471 3149 527 saecula
3185 474 3552 545 saeculorum,
3591 478 3807 532 Amen.

2175 559 2315 612 Data
2345 574 2378 614 x
2410 559 2642 618 Kalend.
2683 563 2884 633 Martii,
2921 564 3124 638 Magno
3163 570 3221 623 et
3260 567 3560 624 Camerino
3594 585 3806 626 consu-

2174 650 2342 708 libus.

447 782 3794 815 Μ

1189 903 1766 991 INCIPIUNT
1858 905 2374 992 DECRETA

2470 909 2622 994 PII
2720 912 3066 997 PAP/E.

1495 1048 1576 1112 Ut
1603 1048 1709 1113 die
1737 1049 2078 1114 Dominica
2106 1048 2363 1114 Pascha
2393 1051 2762 1116 celebretur.

1598 1177 1779 1250 (Anno
1813 1179 1934 1249 147,
1961 1178 2278 1250 imperante
2307 1182 2436 1235 Ant.
2465 1181 2654 1252 Vero.)

518 1399 794 1458 Omnibus
835 1404 1091 1460 Ecclesiis
1137 1405 1197 1461 in
1239 1406 1438 1462 eadem
1479 1423 1592 1479 qua
1637 1423 1832 1463 sumus
1878 1408 1988 1463 ﬁde
2017 1411 2149 1488 etB
2175 1418 2512 1459 consensum
2565 1407 2798 1475 praestat
2849 1405 3084 1460 erranti.
3128 1408 3270 1462 Oves
3308 1406 3466 1462 enim
3515 1410 3814 1478 pastorem
3847 1438 3854 1442 -

445 1495 706 1552 doctrina
741 1498 1125 1568 manentibus,
1163 1501 1296 1556 'PIUS
1325 1501 1647 1573 apostolica:
1695 1501 1841 1558 sedis
1889 1502 2074 1556 archi-

449 1588 762 1662 episcopus.

523 1683 745 1738 Gratias
798 1685 1044 1757 agimus,
1094 1688 1320 1760 fratres,
1363 1689 1499 1756 Deo,
1552 1689 1822 1761 quoniam
1877 1689 2078 1742 crescit

447 1775 593 1830 fides
651 1780 836 1835 vestra
897 1782 952 1835 et
1008 1781 1262 1838 abundat
1327 1783 1574 1838 charitas
1639 1782 2077 1854 uniuscujusque

448 1869 709 1926 omnium
747 1876 998 1929 vestrum
1038 1874 1303 1948 invicem,
1354 1877 1436 1931 ita
1488 1879 1550 1931 ut
1586 1893 1688 1931 nos
1729 1876 1834 1947 ipsi
1882 1875 1941 1930 in
1990 1891 2079 1929 vo-

447 1963 534 2018 bis
573 1965 886 2035 gloriemur
922 1967 982 2023 in
1020 1969 1279 2026 Ecclesiis
1318 1969 1439 2026 Dei.
1483 1969 1698 2037 Videte,
1739 1969 1961 2040 fratres,
2002 1969 2080 2023 vi-

450 2056 582 2112 dete
605 2061 672 2113 ut
711 2076 880 2115 nemo
911 2078 1009 2116 vos
1052 2063 1302 2133 seducat,
1353 2063 1546 2118 volens
1584 2063 1645 2118 in
1671 2063 1994 2118 humilitate
2023 2067 2080 2118 et

450 2151 733 2223 religione
759 2155 1118 2224 angelorum,
1148 2172 1277 2226 quae
1306 2173 1423 2211 non
1452 2156 1613 2225 vidit;
1647 2156 1948 2211 ambulans
1967 2157 2081 2211 fru-

452 2247 587 2314 stra,
616 2245 844 2300 inﬂatus
869 2264 1036 2303 sensu
1063 2249 1248 2304 carnis
1280 2265 1418 2318 suae,
1449 2253 1506 2304 et
1531 2265 1646 2304 non
1667 2253 1867 2304 tenens
1891 2251 2077 2320 caput,

452 2355 520 2394 ex
557 2357 671 2411 quo
715 2342 903 2396 totum
941 2356 1148 2413 corpus
1185 2357 1288 2412 per
1333 2357 1508 2398 nexus
1563 2346 1619 2398 et
1655 2342 2082 2413 conjunctiones

453 2433 844 2490 ministratum
869 2436 926 2491 et
965 2437 1356 2491 constructum
1391 2435 1589 2492 crescit
1613 2434 1672 2490 in
1706 2439 2083 2507 augmentum

451 2527 707 2598 Domini;
746 2527 846 2583 sed
882 2527 1102 2584 induite
1140 2545 1240 2584 vos
1283 2530 1428 2584 sicut
1458 2529 1619 2585 electi
1648 2529 1768 2593 Dei,
1811 2529 1987 2584 sancti
2028 2532 2086 2585 et

455 2621 669 2692 dilecti,
695 2622 910 2678 viscera
933 2621 1359 2691 misericordiae,
1381 2623 1821 2694 benignitatem,
1850 2623 2083 2678 humili-

452 2718 652 2784 tatem,
675 2714 1034 2784 modestiam,
1046 2714 1402 2786 patientiam,
1427 2718 1828 2788 supportantes
1842 2715 2084 2771 invicem

455 2812 512 2865 et
535 2809 809 2867 donantes
854 2808 1271 2881 vobismetipsis
1305 2809 1351 2863 si
1391 2809 1517 2881 quis
1551 2809 1728 2864 habet
1767 2809 2080 2881 querelam.

456 2904 524 2959 Et
548 2902 694 2958 sicut
716 2902 970 2958 Christus
991 2901 1220 2957 donavit
1236 2901 1416 2971 vobis,
1443 2901 1526 2957 ita
1555 2905 1612 2958 et
1639 2918 1759 2958 vos.

526 2995 810 3052 Caeterum
857 3011 1023 3050 nosse
1073 3010 1167 3049 vos
1207 2994 1466 3050 volumus
1517 2996 1673 3066 quod
1715 2996 1928 3050 Pascha
1975 2996 2084 3051 Do-

453 3088 620 3160 mini,
646 3088 737 3145 die
775 3088 1067 3144 Dominica
1105 3088 1308 3143 annuis
1345 3087 1800 3144 solemnitatibus
1835 3087 1907 3142 sit
1947 3089 2090 3144 cele-

455 3182 765 3239 brandum.
793 3181 915 3237 Istis
941 3197 1077 3254 ergo
1100 3181 1456 3254 temporibus
1481 3183 1717 3237 Hermes
1737 3182 1937 3236 doctor
1955 3180 2090 3237 fidei

461 3279 519 3334 et
548 3275 967 3348 Scripturarum
994 3274 1202 3330 effulsit
1225 3273 1379 3329 inter
1401 3291 1529 3330 nos.
1553 3277 1620 3331 Et
1647 3275 1779 3330 licet
1801 3291 1907 3330 nos
1931 3274 2090 3330 idem

458 3369 672 3427 Pascha
709 3367 980 3442 prmdicta
1016 3368 1108 3425 die
1163 3367 1534 3437 celebremus,
1579 3371 1635 3425 et
1677 3367 1910 3441 quidam
1959 3367 2091 3422 inde

460 3462 810 3533 dubitarent,
839 3463 911 3518 ad
937 3461 1381 3519 corroborandas
1407 3466 1599 3518 tamen
1639 3461 1862 3517 animas
1886 3477 2090 3517 eorum

462 3557 654 3614 eidem
692 3557 918 3612 Hermae
965 3557 1200 3628 angelus
1241 3554 1472 3611 Domini
1510 3555 1571 3610 in
1610 3555 1809 3611 habitu
1854 3555 2092 3627 pastoris

463 3649 731 3725 apparuit
757 3652 816 3705 et
841 3649 1112 3722 praecepit
1135 3649 1206 3721 ei,
1244 3652 1307 3704 ut
1336 3649 1547 3704 Pascha
1577 3648 1670 3704 die
1694 3649 1990 3705 Dominico
2021 3649 2092 3704 ab

461 3745 724 3801 omnibus
777 3743 1151 3800 celebraretur
1197 3745 1456 3816 tempore
1494 3759 1625 3811 suo;
1688 3742 1845 3798 unde
1897 3746 1954 3799 et
1994 3759 2095 3800 vos

463 3827 1131 3912 apostolicaiuctoritate
1156 3837 1490 3894 instruimus
1519 3851 1720 3892 omnes
1747 3837 1944 3893 eadem
1972 3852 2092 3892 ser-

461 3949 593 3990 vare
619 3934 847 4003 debere,
875 3931 1010 4003 quia
1045 3933 1103 3986 et
1141 3947 1243 3985 nos
1273 3930 1476 3985 eadem
1516 3945 1828 3999 servamus,
1861 3945 1966 3984 nec
1992 3929 2093 3986 de-

463 4026 609 4082 betis
633 4042 666 4080 a
691 4025 875 4096 capite
899 4022 1302 4096 quoquomodo
1328 4021 1615 4076 dissidere.

535 4119 738 4173 Cavete
763 4116 1070 4186 diligenter
1098 4130 1317 4184 omnes,
1348 4130 1422 4170 ne
1447 4114 1575 4186 quis
1598 4129 1698 4169 vos
1722 4111 1968 4185 decipiat
1995 4128 2098 4185 per

2178 1513 2343 1552 suum
2374 1514 2488 1552 non
2517 1498 2958 1569 reprehendant,
2993 1499 3153 1570 plebs
3171 1516 3306 1555 vero
3333 1499 3666 1572 episcopum
3693 1520 3818 1558 non

2177 1593 2419 1658 accuset,
2452 1607 2555 1646 nec
2600 1591 2800 1663 vulgus
2839 1609 2975 1647 eum
3013 1597 3238 1664 arguat,
3266 1594 3537 1666 quoniam
3563 1612 3680 1651 non
3727 1601 3820 1652 est

2180 1684 2490 1755 discipulus
2539 1701 2708 1755 super
2753 1686 3116 1757 magistrum,
3172 1703 3362 1759 neque
3407 1705 3602 1743 servus
3640 1707 3822 1761 supra

2179 1777 2506 1832 Dominum.
2541 1777 2799 1850 Episcopi
2843 1781 3037 1834 autem
3080 1797 3113 1835 a
3155 1781 3269 1835 Deo
3317 1785 3448 1835 sunt
3492 1781 3819 1853 judicandi,

2181 1869 2278 1940 qui
2304 1886 2398 1924 eos
2422 1869 2525 1925 sibi
2556 1872 2742 1926 oculos
2781 1871 2993 1944 elegit;
3021 1889 3156 1928 nam
3181 1891 3214 1928 a
3239 1873 3478 1929 subditis
3507 1878 3604 1930 aut
3624 1893 3820 1947 pravae

2181 1963 2307 2018 vitae
2327 1964 2658 2020 hominibus
2675 1981 2788 2020 non
2805 1969 2938 2020 sunt
2953 1967 3237 2038 arguendi
3257 1969 3344 2022 vel
3362 1969 3690 2037 accusandi,
3717 1975 3822 2025 aut

2180 2057 2486 2128 lacerandi,
2509 2059 2631 2130 ipso
2651 2059 2892 2114 Domino
2906 2061 3236 2132 exemplum
3256 2061 3447 2130 dante,
3467 2063 3695 2134 quando
3714 2080 3829 2134 per

2183 2150 2452 2221 seipsum,
2494 2156 2548 2206 et
2597 2169 2715 2207 non
2760 2169 2866 2224 per
2909 2153 3086 2208 alium
3122 2154 3434 2210 vendentes
3471 2156 3822 2225 sacerdotes,

2184 2246 2244 2298 et
2268 2247 2527 2298 ementes
2558 2245 2724 2316 ejecit
2752 2246 2820 2300 de
2857 2246 3092 2317 templo,
3126 2252 3181 2302 et
3214 2264 3439 2303 mensas
3467 2251 3823 2305 mummula-

2181 2336 2400 2391 riorum
2425 2337 2655 2408 proprio
2678 2338 2878 2395 evertit
2905 2340 3154 2411 flagello,
3180 2343 3238 2396 et
3267 2341 3437 2413 ejecit
3456 2343 3529 2398 de
3553 2345 3778 2415 templo
3799 2363 3818 2413 ;

2185 2434 2242 2486 et
2268 2429 2411 2497 sicut
2440 2430 2574 2485 alibi
2601 2448 2704 2503 per
2742 2434 3078 2504 pr0phetam
3117 2434 3370 2506 loquitur
3395 2436 3584 2492 dicens
3616 2453 3630 2490 :
3664 2438 3824 2493 Deus

2186 2523 2339 2577 stetit
2378 2523 2439 2578 in
2471 2541 2764 2596 synagoga
2801 2526 3058 2596 deorum,
3103 2526 3164 2582 in
3207 2528 3399 2583 medio
3444 2535 3635 2585 autem
3677 2531 3824 2586 deos

2184 2615 2470 2671 discernit.
2510 2617 2564 2672 Si
2608 2618 2734 2690 quis
2778 2635 2912 2673 vero
2953 2637 2986 2674 a
3031 2636 3132 2675 suo
3172 2622 3457 2692 proposito
3496 2628 3822 2680 retrorsum

2185 2714 2606 2783 exorbitaverit,
2647 2720 2704 2772 et
2736 2717 2968 2788 jussum
3017 2718 3336 2790 apostolicae
3375 2720 3522 2775 sedis
3570 2720 3828 2778 libenter

2183 2811 2569 2880 transgressus
2589 2808 2781 2876 fuerit,
2805 2810 3038 2865 infamis
3061 2810 3327 2867 efﬁcitur.
3349 2813 3657 2884 Reprobari
3675 2831 3825 2887 ergo

2105 2875 2162 2951 Ο
2189 2875 2411 2972 oportet
2437 2917 2640 2957 eorum
2675 2902 3111 2974 redargutiones
3156 2905 3256 2976 qui
3289 2904 3348 2958 in
3388 2875 3541 2961 recta
3570 2906 3682 2961 ﬁde
3724 2875 3823 2963 sii-

2187 2994 2367 3066 specti
2411 2998 2560 3050 sunt.
2614 2994 2778 3051 Fides
2822 2998 3014 3051 autem
3074 3000 3131 3052 et
3179 2999 3535 3053 conversatio
3566 3000 3826 3070 primum

2189 3076 2496 3143 scrutanda
2523 3090 2625 3158 est,
2655 3092 2712 3143 et
2739 3088 2927 3144 denuo
2955 3089 3053 3161 qui
3077 3087 3604 3162 irreprehensibiles
3634 3110 3821 3164 appa-

2189 3180 2410 3236 ruerint
2439 3183 2574 3235 sunt
2596 3180 2929 3253 recipiendi,
2971 3185 3030 3236 et
3053 3199 3173 3238 non
3200 3183 3382 3254 prius,
3409 3185 3545 3256 quia
3574 3205 3601 3237 ‹‹
3632 3185 3830 3242 bonus

2190 3275 2385 3342 homo,
2409 3292 2438 3326 »
2463 3276 2708 3329 testante
2733 3275 2998 3330 Veritatis
3024 3293 3183 3345 voce,
3213 3298 3241 3326 «
3274 3293 3344 3332 ex
3367 3276 3518 3332 bono
3546 3279 3826 3335 thesauro

2192 3367 2377 3423 cordis
2411 3366 2498 3422 sui
2523 3366 2921 3439 profertbona,
2946 3369 3130 3424 malus
3148 3370 3322 3425 homo
3337 3387 3406 3426 ex
3425 3372 3575 3426 malo
3594 3373 3833 3428 thesau-

2190 3477 2256 3516 ro
2273 3459 2467 3516 cordis
2486 3461 2573 3516 sui
2590 3461 2812 3534 profert
2837 3462 3007 3518 mala.
3027 3463 3108 3518 Ex
3127 3461 3436 3519 abundatia
3455 3464 3609 3520 enim
3632 3466 3829 3522 cordis

2193 3570 2255 3609 os
2278 3553 2553 3627 loquitur,
2582 3572 2612 3606 »
2631 3554 2759 3610 ideo
2784 3571 3032 3627 persona
3048 3558 3106 3612 et
3131 3556 3324 3628 opinio
3347 3574 3412 3613 ac
3425 3557 3540 3613 vita
3556 3558 3830 3615 uniuscu-

2187 3648 2398 3720 jusque
2421 3648 2483 3702 in
2506 3648 2669 3704 initio
2696 3649 2952 3704 rimanda
2990 3653 3094 3718 est,
3139 3649 3276 3722 quia
3313 3650 3446 3706 boni
3481 3667 3709 3724 semper
3739 3653 3833 3708 in-

2193 3741 2472 3797 festantur
2497 3757 2530 3795 a
2554 3741 2740 3799 malis.
2769 3741 2906 3797 Boni
2931 3741 3085 3799 enim
3121 3759 3254 3799 cum
3291 3743 3476 3812 malis,
3513 3745 3643 3802 licet
3667 3745 3832 3802 misti

2194 3833 2308 3888 sint
2334 3833 2394 3887 in
2424 3834 2690 3905 Ecclesia,
2733 3833 2826 3889 vix
2868 3835 3214 3892 concordare
3243 3836 3632 3906 inveniuntur,
3673 3855 3830 3910 quo-

2141 3982 2144 3985 _
2193 3925 2348 3981 niam
2368 3925 2654 3982 dissimilis
2670 3931 2755 3983 est
2771 3944 2969 3984 eorum
2990 3929 3273 4001 cogitatio,
3289 3930 3548 3986 voluntas
3564 3935 3622 3986 et
3641 3936 3832 3986 actus.

2194 4018 2345 4074 Nihil
2376 4019 2531 4074 enim
2550 4020 2784 4092 prodest
2810 4021 3028 4077 homini
3047 4022 3307 4094 jejunare
3338 4028 3396 4080 et
3421 4040 3601 4094 orare,
3635 4027 3691 4080 et
3717 4026 3837 4081 alia

2195 4111 2486 4185 religionis
2509 4113 2661 4169 bona
2687 4130 2880 4185 agere,
2908 4115 3017 4170 nisi
3045 4132 3208 4173 mens
3233 4116 3304 4172 ab
3330 4117 3624 4190 iniquitate
3653 4134 3834 4174 revo-

469 4209 724 4282 aliquam
761 4208 1137 4281 astrologiam
1172 4209 1259 4263 vel
1307 4207 1726 4279 philosophiam
1766 4208 1824 4260 et
1858 4204 2092 4262 inanem
2113 4233 2175 4310 D
2197 4210 2376 4274 cetur,
2427 4210 2483 4262 et
2527 4206 2597 4262 ab
2659 4207 3165 4264 obtrectationibus
3218 4210 3417 4282 lingua
3471 4210 3833 4282 cohibeatur,

468 4301 768 4374 fallaciam,
801 4302 1112 4357 secundum
1149 4300 1516 4357 traditionem
1544 4298 1862 4368 hominum,
1903 4315 2099 4356 secun-

466 4398 604 4454 dum
628 4397 913 4454 elementa
942 4394 1164 4463 mundi,
1211 4398 1269 4450 et
1298 4411 1416 4450 non
1457 4394 1771 4450 secundum
1810 4393 2100 4449 Christum

468 4494 526 4548 et
551 4491 924 4548 traditionem
949 4491 1186 4545 rectam.
1208 4507 1239 4541 ε(
1258 4489 1320 4544 In
1340 4487 1560 4545 Christo
1578 4487 1732 4544 enim
1748 4487 1971 4544 habitat
1984 4504 2100 4543 om-

466 4584 557 4641 nis
585 4583 880 4656 plenitudo
908 4582 1216 4638 divinitatis
1251 4581 1626 4655 corporaliter
1662 4584 1729 4636 ut
1761 4580 1882 4636 sitis
1916 4581 1976 4636 in
2001 4580 2097 4636 illo

467 4677 687 4749 repleti,
707 4676 802 4749 qui
820 4679 905 4733 est
921 4680 1089 4748 caput
1108 4675 1294 4732 omnis
1306 4675 1656 4748 principatus
1677 4677 1732 4729 et
1745 4673 2096 4746 potestatis,»

467 4769 565 4843 qui
593 4769 713 4826 sine
739 4769 910 4824 dubio
935 4769 1032 4842 qui
1063 4771 1262 4825 contra
1285 4768 1556 4825 mandata
1591 4766 1689 4822 Dei
1730 4766 1848 4838 agit
1884 4769 2096 4838 peccat,

467 4866 526 4920 et
549 4863 648 4935 qui
678 4879 1016 4920 consensum
1045 4865 1281 4935 praestat
1310 4862 1546 4919 erranti.
1566 4863 1719 4917 Hanc
1738 4861 1991 4916 sanctam
2020 4875 2101 4915 se-

470 4957 604 5014 dem
642 4957 1008 5030 apostolicam
1051 4957 1312 5021 omnium
1351 4954 1727 5011 Ecclesiarum
1766 4955 1935 5026 caput
1979 4969 2102 5009 esse

467 5051 762 5124 praecepit,
789 5050 912 5122 ipso
948 5050 1170 5106 dicente
1199 5047 1444 5122 principi
1469 5048 1860 5120 apostolorum
1899 5049 2096 5102 Petro:

471 5165 504 5195 «
529 5146 613 5201 Tu
653 5161 712 5200 es
736 5145 934 5199 Petrus
965 5146 1023 5198 et
1053 5159 1225 5215 super
1260 5143 1404 5198 hanc
1432 5144 1655 5214 petram
1683 5141 1973 5197 aediﬁcabo
1997 5141 2099 5195 Ec-

471 5238 700 5296 clesiam
715 5239 991 5306 meam,et
1005 5239 1187 5308 portae
1199 5235 1369 5292 inferi
1382 5252 1500 5292 non
1514 5233 2102 5307 praevalebuntadven

471 5351 565 5388 sus
595 5349 742 5403 eam,
771 5332 828 5388 et
853 5330 964 5386 tibi.
981 5330 1126 5386 dado
1149 5331 1330 5385 claves
1355 5329 1522 5401 regni
1541 5329 1832 5386 caelorum.
1851 5329 1918 5384 Et
1929 5327 2103 5400 quod-

472 5441 698 5499 cunque
744 5423 1009 5496 ligaveris
1066 5438 1236 5495 super
1306 5424 1516 5478 terram
1573 5421 1680 5478 erit
1737 5421 1980 5494 ligatum
2044 5423 2104 5475 et

470 5518 531 5573 in
568 5519 728 5590 coelo,
779 5522 836 5574 et
885 5516 1260 5590 quodcunque
1310 5516 1420 5572 erit
1466 5516 1713 5572 solutum
1761 5530 1931 5586 super
1981 5517 2100 5570 ter-

470 5626 594 5667 ram
631 5612 741 5669 erit
785 5611 1032 5669 solutum
1070 5614 1127 5668 et
1182 5610 1242 5667 in
1289 5610 1428 5667 ccelo
1474 5609 1701 5678 (Matth.
1751 5624 1861 5677 XVI,
1905 5608 2028 5678 18).
2069 5626 2099 5660 ι)

469 5702 610 5768 Quid
648 5704 802 5762 cnim
841 5705 1076 5778 prodest
1125 5703 1208 5762 illi
1247 5721 1348 5762 suo
1389 5720 1580 5761 errore
1632 5718 1749 5759 non
1789 5699 1963 5775 pollui
2002 5701 2099 5775 qui

2198 4300 2349 4355 unde
2379 4299 2458 4355 ait
2480 4300 2758 4372 propheta
2787 4315 2800 4356 :
2828 4320 2858 4352 ι(
2877 4301 3089 4358 Cohibe
3117 4301 3373 4375 linguam
3404 4307 3564 4359 tuam
3589 4320 3623 4358 a
3651 4304 3833 4375 malo,

2200 4396 2258 4448 et
2285 4393 2438 4448 labia
2462 4397 2560 4449 tua
2588 4409 2662 4449 ne
2701 4393 3012 4465 loquantur
3039 4395 3253 4466 dolum,
3287 4395 3504 4453 diverte
3533 4413 3566 4450 a
3594 4395 3748 4452 malo
3777 4401 3840 4453 et

2199 4486 2286 4541 fac
2308 4486 2547 4542 bonum.
2570 4504 2599 4537 »
2623 4487 2801 4542 Nemo
2823 4487 2976 4542 enim
2995 4488 3212 4543 bonum
3227 4488 3437 4545 faciens
3463 4489 3627 4545 alteri
3651 4489 3836 4546 verbo

2199 4582 2298 4635 aut
2322 4579 2468 4634 facto
2491 4594 2696 4635 nocere
2723 4579 2864 4648 vult,
2889 4584 3102 4652 quanto
3135 4581 3329 4636 minus
3355 4582 3416 4636 in
3449 4582 3838 4654 suspicionem

2201 4673 2368 4728 debet
2386 4671 2578 4728 venire
2605 4673 2786 4730 ﬁdelis
2809 4673 2980 4729 homo
3009 4679 3075 4730 ut
3102 4675 3253 4730 dicat
3281 4677 3379 4730 aut
3404 4675 3571 4731 faciat
3597 4692 3666 4731 ea
3694 4692 3838 4748 quae

2197 4766 2318 4839 pati
2341 4782 2462 4821 non
2485 4765 2634 4821 vult!
2667 4765 2808 4830 Quia
2831 4767 3016 4822 omnis
3033 4768 3276 4840 suspicio
3297 4768 3484 4840 potius
3501 4769 3841 4841 repellenda

2201 4864 2284 4916 est
2304 4875 2480 4932 quam
2493 4859 2863 4932 approbanda
2881 4861 2971 4915 vel
2983 4860 3331 4933 recipienda.
3351 4884 3378 4912 ‹‹
3399 4862 3655 4919 Charitas
3673 4863 3841 4918 enim

2199 4969 2316 5009 non
2341 4953 2548 5026 quaerit
2573 4969 2701 5025 qua:
2726 4970 2828 5008 sua
2851 4957 3002 5025 sunt,
3043 4976 3070 5003 n
3107 4955 3206 5012 sed
3236 4971 3367 5027 quae
3395 4955 3659 5026 aliorum,
3695 4956 3840 5027 quia

2202 5046 2371 5102 unius
2399 5063 2570 5103 causa
2598 5047 2906 5103 multorum
2931 5063 3047 5103 non
3073 5053 3159 5105 est
3186 5049 3557 5120 prmferenda.
3579 5070 3608 5100 «
3633 5049 3839 5104 Secta-

2201 5140 2345 5196 mini
2391 5139 2747 5212 charitatem,
2788 5141 3140 5197 aemulamini
3197 5141 3530 5215 spiritualia.
3570 5142 3842 5198 Charitas

2203 5235 2355 5290 enim
2366 5233 2591 5307 patiens
2600 5237 2702 5302 est,
2717 5233 2968 5307 benigna
2977 5239 3080 5292 est.
3097 5235 3351 5292 Charitas
3363 5234 3517 5292 enim
3528 5251 3644 5291 non
3657 5251 3845 5291 aemu-

2199 5328 2370 5397 latur,
2391 5343 2507 5384 non
2530 5327 2651 5400 agit
2673 5344 2990 5401 perperam,
3025 5345 3139 5385 non
3164 5328 3415 5399 inﬂatur,
3441 5345 3558 5385 non
3595 5332 3681 5385 est
3702 5345 3837 5385 am-

2200 5420 2426 5493 bitiosa,
2443 5437 2560 5477 non
2582 5421 2788 5494 quaerit
2804 5438 2931 5495 quae
2960 5439 3058 5478 sua
3079 5425 3232 5495 sunt,
3259 5438 3374 5479 non
3405 5421 3680 5490 irritatur,
3712 5439 3840 5478 non

2201 5515 2410 5588 cogitat
2438 5515 2675 5588 malum,
2705 5531 2823 5572 non
2869 5516 3077 5589 gaudet
3103 5532 3276 5589 super
3309 5515 3647 5590 iniquitate;
3690 5531 3839 5572 con-

2204 5609 2413 5680 gaudet
2437 5611 2628 5667 autem
2656 5608 2895 5679 veritati,
2928 5609 3121 5666 omnia
3151 5609 3370 5679 suffert,
3403 5608 3597 5666 omnia
3626 5609 3836 5679 credit,

2201 5702 2394 5758 omnia
2429 5705 2640 5776 sperat,
2688 5703 2881 5761 omnia
2929 5703 3183 5762 sustinet.
3232 5703 3490 5762 Charitas
3531 5717 3840 5776 nunquam
