4046 6188
239 247 334 300 “3

1471 244 1942 302 DECRETALIUM
1979 243 2368 300 COLLECTIO.

3479 247 3579 304 114

231 350 447 407 excidit.
471 372 500 400 ››
529 352 771 423 Semper
789 368 930 424 rogo
950 368 1066 422 vos,
1090 356 1153 407 ut
1168 353 1454 409 deteriora
1483 352 1770 424 rejiciatis,
1791 357 1848 408 et
1868 371 1928 443 Α
1946 369 2076 408 mus
2100 369 2227 424 quae
2269 369 2302 406 a
2334 353 2451 407 Deo
2482 353 2692 409 donata
2718 358 2851 408 sunt
2880 351 3066 421 nobis,
3094 355 3151 408 et
3178 368 3245 408 ea
3275 351 3575 408 sectemini

230 445 466 500 meliora
503 443 827 516 perﬁciatis,
859 446 991 517 quia
1027 463 1131 501 nos
1177 463 1294 501 non
1338 446 1602 519 spiritum
1648 447 1849 502 mundi
1947 445 2356 502 indifferenter.
2392 446 2530 501 Data
2558 463 2633 503 v11
2666 446 2793 502 ldus
2821 445 3024 522 Aprilis
3071 447 3232 503 Claro
3271 449 3327 502 et
3369 445 3576 502 Severo

225 538 562 609 accepimus,
597 539 695 595 sed
740 539 1015 611 Spiritum
1053 539 1151 612 qui
1198 556 1268 596 ex
1305 540 1420 596 Deo
1466 543 1568 608 est,
1598 544 1661 596 ut
1709 539 1845 596 scia-

1948 539 2288 595 consulibus.

903 791 1362 866 EPISTOLA
1428 794 1556 864 PII
1631 794 1912 867 PAPIE
1983 794 2384 867 ITALICIS
2453 793 2890 867 DIRECTA.

281 960 415 1012 PIUS
466 959 736 1012 Romanae
782 957 944 1012 urbis
986 957 1459 1032 archiepiscopus,
1490 958 1694 1016 Italicis
1729 959 1844 1015 fra-

218 1049 394 1105 tribus
424 1051 669 1108 salutem
693 1051 753 1106 in
783 1051 1050 1107 Domino.

281 1143 469 1212 Scitis,
504 1145 726 1212 fratres,
755 1145 889 1216 quia
931 1144 1030 1200 Dei
1085 1145 1431 1217 agricultura
1470 1161 1684 1216 sumus,
1715 1147 1846 1202 ideo

213 1236 328 1307 ejus
377 1237 676 1308 adjutores
727 1254 845 1293 esse
902 1238 1196 1309 debemus,
1241 1239 1552 1295 secundum
1602 1241 1846 1312 gratiam

211 1346 388 1401 quam
428 1330 551 1402 ipse
579 1331 733 1386 dedit
757 1331 953 1398 nobis;
983 1333 1029 1386 si
1057 1332 1168 1387 hoc
1216 1337 1407 1389 autem
1433 1349 1552 1388 esse
1583 1335 1847 1405 neglexe-

209 1423 408 1491 rimus,
441 1424 584 1478 nulli
610 1424 848 1480 dubium
877 1431 958 1480 est
982 1427 1135 1498 quod
1172 1426 1599 1482 damnabimur.
1631 1426 1690 1483 Si
1714 1443 1845 1482 vero

203 1517 264 1570 in
288 1518 338 1588 ej
351 1533 422 1572 us
455 1518 687 1573 servitio
733 1535 836 1590 pro
867 1519 1080 1574 viribus
1122 1520 1582 1590 laboraverimus,
1613 1520 1844 1592 verique

210 1610 256 1680 ej
265 1628 328 1665 us
345 1611 647 1682 adjutores
660 1612 955 1680 fuerimus,
975 1613 1024 1684 ej
1034 1630 1211 1685 usque
1232 1614 1579 1668 voluntatem
1604 1613 1843 1684 implere

208 1705 622 1774 studuerimus,
649 1707 906 1777 profecto
931 1706 1002 1761 ab
1028 1706 1123 1761 illo
1144 1707 1470 1774 ditabimur,
1493 1708 1625 1778 quia
1646 1707 1839 1761 unius-

1949 976 2063 1016 non
2094 960 2152 1015 in
2177 961 2462 1016 fermento
2491 959 2692 1028 veteri,
2722 975 2908 1031 neque
2935 958 2994 1014 in
3027 959 3310 1014 fermento
3337 959 3572 1016 malitiae

1947 1059 2004 1110 et
2031 1054 2322 1128 nequitiae,
2351 1055 2449 1110 sed
2494 1055 2555 1109 in
2595 1054 2806 1126 azymis
2845 1052 3180 1108 sinceritatis
3222 1057 3277 1108 et
3300 1053 3570 1110 veritatis.

1946 1147 2155 1219 Scripsi
2179 1149 2336 1203 vobis
2361 1149 2421 1203 in
2446 1148 2704 1220 epistola,
2727 1148 2808 1202 ait
2833 1147 2987 1202 idem
3013 1146 3134 1218 ipse
3161 1146 3476 1217 Apostolus,
3498 1163 3569 1201 ne

1945 1241 2426 1296 commisceamini
2470 1239 2809 1311 fornicariis,
2855 1257 2971 1294 non
3020 1239 3218 1312 utique
3259 1239 3572 1294 fornicariis

1944 1334 2116 1406 hujus
2140 1327 2359 1401 mundi,
2390 1339 2489 1389 aut
2518 1334 2722 1404 avaris,
2751 1339 2852 1388 aut
2897 1333 3216 1405 rapacibus,
3257 1337 3356 1388 aut
3406 1333 3573 1388 idolis

1946 1428 2342 1483 servientibus.
2388 1428 2652 1500 Alioquin
2704 1427 3029 1482 debueratis
3076 1427 3146 1481 de
3184 1427 3294 1481 hoc
3350 1426 3574 1481 mundo

1945 1520 2145 1576 exisse.
2173 1523 2333 1576 Nunc
2367 1525 2559 1575 autem
2604 1520 2798 1591 scripsi
2835 1520 2994 1574 vobis
3035 1537 3153 1574 non
3197 1519 3572 1574 commisceri.

1945 1614 2001 1669 Si
2035 1615 2161 1686 quis
2190 1619 2381 1669 autem
2417 1616 2594 1668 frater
2628 1614 2954 1668 nominatus
2993 1617 3078 1668 est
3116 1612 3438 1679 fornicator,
3477 1616 3576 1666 aut

1942 1725 2160 1775 avarus,
2181 1712 2277 1762 aut
2302 1707 2467 1762 idolis
2497 1707 2764 1774 serviens,
2786 1712 2884 1762 aut
2904 1707 3232 1776 maledicus,
3260 1710 3358 1760 aut
3392 1706 3576 1761 ebrio-

208 1799 484 1870 cujusque
514 1815 655 1870 opus
690 1799 856 1871 quale
890 1799 980 1869 sit,
1010 1805 1076 1855 ut
1114 1801 1194 1855 ait
1234 1801 1552 1872 Apostolus,
1583 1799 1699 1856 dies
1733 1801 1840 1855 Do-
1863 1800 1920 1872 B
1944 1819 2055 1869 sus,
2087 1805 2187 1856 aut
2209 1818 2401 1872 rapax,
2429 1818 2560 1856 cum
2589 1800 2916 1871 hujusmodi
2964 1815 3066 1855 nec
3101 1799 3291 1854 cibum
3319 1815 3572 1854 sumere.

207 1891 348 1944 mini
379 1892 718 1961 declarabit,
747 1896 804 1947 et
829 1892 978 1963 ignis
1006 1892 1286 1964 probabit.
1318 1893 1403 1948 Ad
1431 1893 1621 1948 sedem
1652 1895 1843 1947 autem

205 1985 584 2055 apostolicam
611 1986 891 2056 perlatum
919 1991 1004 2041 est
1021 1986 1175 2057 quod
1194 1985 1307 2041 sint
1331 1986 1480 2040 inter
1498 2003 1596 2040 vos
1615 1991 1844 2040 conten-

207 2078 405 2132 tiones
429 2084 485 2134 et
508 2079 912 2147 aemulationes,
936 2082 992 2135 et
1021 2079 1236 2150 priedia
1262 2078 1466 2134 divinis
1497 2079 1688 2134 usibus
1722 2083 1838 2134 tra-

203 2171 346 2237 dita,
380 2171 614 2242 quidam
638 2172 906 2227 humanis
952 2173 1239 2244 applicant
1266 2172 1478 2240 usibus,
1514 2176 1571 2226 et
1597 2172 1840 2227 Domino

203 2266 320 2319 Deo
346 2265 440 2318 cui
473 2265 687 2320 tradita
727 2269 859 2320 sunt
897 2282 964 2320 ea
1004 2265 1349 2320 subtrahunt
1387 2271 1450 2321 ut
1496 2265 1608 2320 suis
1650 2265 1840 2320 usibus

203 2359 540 2412 inserviant.
557 2358 995 2429 Quapropterab
1016 2358 1278 2414 omnibus
1295 2358 1444 2413 illius
1462 2358 1842 2430 usurpationis

203 2452 558 2506 contumelia
587 2452 917 2522 depellenda
951 2456 1052 2522 est,
1086 2468 1156 2507 ne
1198 2452 1416 2523 pradia
1446 2451 1551 2505 sibi
1597 2454 1838 2506 secreto-

202 2562 330 2599 rum
361 2545 685 2599 caelestium
727 2544 910 2599 dicata
944 2561 974 2597 a
1006 2544 1348 2616 quibusdam
1374 2544 1721 2599 irruentibus
1746 2560 1837 2599 ve-

202 2645 430 2693 xentur.
464 2639 630 2702 Quod
655 2637 701 2692 si
728 2638 1029 2710 quisquam
1060 2638 1507 2710 praesumpserit,
1539 2639 1840 2710 sacrilegus

202 2733 509 2800 habeatur,
539 2736 596 2785 et
621 2731 767 2786 sicut
793 2732 1094 2803 sacrilegus
1129 2731 1432 2802 judicetur.
1465 2733 1615 2802 Ipsos
1646 2736 1838 2786 autem

204 2826 299 2896 qui
335 2826 450 2880 hoc
481 2827 681 2895 agunt,
711 2825 888 2879 cleros
926 2829 982 2880 et
1028 2824 1249 2879 Domini
1290 2826 1603 2880 sacerdotes
1644 2842 1836 2896 perse-

201 2921 319 2990 qui,
354 2935 571 2989 eosque
619 2918 902 2973 infomare
945 2918 1286 2989 audivimus,
1319 2922 1381 2972 ut
1409 2920 1626 2974 malum
1671 2935 1842 2990 super

203 3014 422 3066 malum
451 3011 687 3079 addant,
709 3016 765 3067 et
786 3011 1093 3067 deteriores
1115 3012 1284 3080 ﬁant;
1317 3028 1432 3066 non
1459 3012 1634 3068 intelli
1642 3017 1840 3084 gentes

204 3106 358 3177 quod
399 3104 654 3160 Ecclesia
683 3105 908 3160 Domini
955 3105 1014 3160 in
1059 3105 1442 3160 sacerdotibus
1482 3106 1736 3161 consistit
1783 3108 1841 3161 et

207 3161 403 3254 erescit
453 3199 517 3252 in
565 3199 843 3270 templum
893 3198 1016 3254 Dei.
1073 3199 1140 3254 Et
1188 3198 1332 3254 sicut
1381 3198 1480 3270 qui
1534 3161 1915 3254 EcclesiumC

209 3293 303 3346 Dei
332 3296 521 3348 vastat
563 3296 621 3347 et
663 3291 786 3363 ejus
825 3291 1043 3364 praedia
1083 3297 1142 3346 et
1182 3291 1416 3346 donaria
1459 3292 1738 3363 exspoliat
1783 3297 1840 3348 et

209 3385 423 3440 invadit
448 3385 516 3440 fit
544 3384 872 3456 sacrilegus,
899 3385 978 3439 sic
1005 3386 1064 3439 et
1091 3383 1184 3440 ille
1225 3384 1321 3457 qui
1351 3384 1472 3456 ejus
1515 3385 1839 3441 sacerdotes

208 3479 530 3550 insequitur
559 3478 841 3550 sacrilegii
881 3494 1012 3534 reus
1060 3477 1267 3546 existit,
1304 3481 1362 3533 et
1403 3479 1704 3550 sacrilegus
1739 3480 1836 3550 ju-

208 3571 444 3626 dicatur.
481 3571 872 3642 .ﬁmulamini,
913 3571 1137 3641 fratres,
1187 3570 1530 3627 charismata
1576 3571 1836 3640 meliora,

208 3671 261 3720 et
283 3665 461 3720 nolite
499 3665 632 3720 talia
653 3681 844 3745 agere,
866 3681 970 3720 nec
996 3663 1076 3721 eis
1101 3665 1457 3721 commisceri
1483 3668 1582 3721 aut
1605 3682 1838 3722 consen-

211 3760 307 3816 tire
332 3759 434 3831 qui
459 3759 601 3814 talia
627 3761 826 3830 agunt,
857 3758 1131 3831 quoniam
1172 3776 1292 3815 non
1338 3760 1518 3816 solum
1560 3761 1660 3832 qui
1704 3759 1840 3816 talia

210 3859 384 3924 agunt
419 3857 558 3908 sunt
580 3853 750 3924 hujus
789 3851 1041 3907 criminis
1086 3852 1191 3921 rei,
1224 3853 1324 3908 sed
1362 3853 1462 3926 qui
1501 3853 1837 3909 facientibus

211 3946 329 4020 26
357 3946 748 4002 consentiunt.
787 3947 910 4000 Non
954 3962 1092 4018 ergo
1142 3947 1371 4018 gravius
1412 3951 1708 4018 peccatum
1753 3951 1840 4002 est

210 4040 502 4096 fornicatio
550 4055 723 4110 quam
775 4038 1162 4110 sacrilegium,
1209 4041 1306 4095 sed
1347 4040 1489 4096 sicut
1528 4040 1713 4112 majus
1754 4044 1840 4097 est

212 4136 504 4204 peccatum
527 4132 684 4204 quod
712 4131 772 4186 in
804 4133 981 4187 Deum
1003 4132 1376 4187 committitur
1401 4149 1572 4205 quam
1601 4134 1756 4205 quod
1778 4133 1838 4188 in

211 4226 523 4295 hominem,
550 4225 629 4279 sic
660 4225 889 4296 gravius
915 4228 1000 4280 est
1041 4225 1402 4297 sacrilegium
1444 4241 1633 4297 agere,
1664 4243 1837 4298 quam

213 4318 507 4385 fornicari;
537 4318 611 4373 de
649 4317 862 4374 talibus
909 4317 1064 4373 enim
1107 4319 1186 4374 ait
1213 4319 1515 4391 Apostolus
1544 4336 1556 4374 :
1591 4341 1619 4369 ‹‹
1647 4321 1715 4375 Et
1740 4337 1839 4376 vos

212 4412 384 4467 inﬂati
414 4412 573 4479 estis,
602 4414 659 4466 et
683 4427 797 4466 non
825 4411 1006 4483 magis
1029 4413 1246 4467 luctum
1269 4412 1545 4468 habuistis
1581 4416 1645 4467 ut
1681 4413 1838 4468 tolla-

214 4509 298 4559 tur
325 4505 396 4560 de
426 4505 627 4560 medio
657 4508 929 4574 vestrum,
959 4505 1056 4576 qui
1082 4505 1194 4561 hoc
1223 4522 1366 4577 opus
1390 4506 1543 4562 fecit.
1571 4507 1687 4577 Ego
1709 4506 1835 4578 qui-

217 4597 339 4652 dem
365 4597 580 4653 absens
604 4615 862 4670 corpore,
892 4615 1142 4670 praesens
1162 4601 1353 4655 autem
1375 4599 1592 4670 spiritu,
1615 4600 1736 4671 jam
1751 4600 1840 4670 ju-

217 4690 384 4746 dicavi
407 4696 473 4747 ut
501 4708 757 4764 premens
798 4708 933 4748 eum
969 4693 1065 4764 qui
1107 4692 1186 4748 sic
1230 4697 1492 4764 operatus
1532 4696 1618 4748 est
1642 4693 1701 4748 in
1734 4711 1834 4748 no-

218 4784 361 4841 mine
386 4785 619 4840 Domini
649 4785 833 4840 nostri
859 4786 992 4841 Jesu
1026 4786 1254 4856 Christi,
1288 4788 1649 4858 congregatis
1677 4787 1838 4842 vobis

217 4880 266 4931 et
290 4895 416 4933 meo
450 4878 654 4950 spiritu
679 4877 738 4933 in
763 4877 967 4934 virtute
990 4879 1220 4934 Domini
1250 4881 1427 4934 nostri
1461 4881 1591 4934 Jesu
1633 4879 1840 4935 Christi

220 4970 533 5041 hujumodi
573 4971 796 5028 tradere
837 4972 1056 5028 Satanae
1101 4971 1160 5028 in
1206 4972 1502 5028 interitum
1545 4973 1747 5041 carnis,
1777 4977 1841 5027 ut

219 5064 438 5134 spiritus
465 5065 653 5120 salvus
680 5065 752 5120 sit
780 5065 838 5121 in
869 5065 961 5121 die
986 5065 1214 5122 Domini
1253 5066 1427 5122 nostri
1452 5067 1581 5122 Jesu
1605 5067 1834 5123 Christi.

222 5157 328 5211 Non
365 5161 449 5213 est
471 5158 628 5213 bona
671 5158 938 5231 gloriatio
979 5163 1180 5215 vestra.
1209 5159 1442 5215 Nescitis
1473 5160 1605 5232 quia
1650 5161 1834 5216 modi-

222 5265 337 5306 cum
360 5252 712 5308 fermentum
741 5257 920 5308 totam
949 5270 1192 5308 massam
1235 5253 1590 5326 corrumpit?
1616 5255 1832 5326 Expur-

225 5350 355 5415 gate,
389 5345 578 5418 inquit
600 5347 918 5418 Apostolus,
946 5350 1108 5402 vetus
1128 5347 1473 5403 fermentum
1500 5352 1562 5403 ut
1590 5347 1710 5403 sitis
1736 5364 1836 5403 no-

223 5452 278 5490 va
301 5439 642 5511 conspersio,
671 5440 815 5496 sicut
840 5440 975 5496 estis
998 5440 1200 5513 azymi.
1231 5441 1453 5497 Etenim
1488 5441 1700 5497 Pascha
1728 5458 1830 5496 no-

222 5534 386 5588 strum
436 5533 765 5590 immolatus
815 5539 901 5592 est
947 5533 1216 5591 Christus.
1263 5537 1459 5608 Itaque
1509 5535 1828 5607 epulemur,

1945 1895 2090 1960 Quid
2120 1895 2273 1949 enim
2309 1895 2452 1950 mihi
2501 1894 2570 1950 de
2618 1894 2707 1947 his
2753 1893 2853 1965 qui
2904 1893 3041 1947 foris
3090 1894 3223 1946 sunt
3269 1891 3574 1962 judicare?

1942 1989 2142 2043 Nonne
2167 1989 2235 2044 de
2262 1989 2351 2043 his
2377 1988 2474 2059 qui
2503 1987 2656 2042 intus
2686 1991 2817 2041 sunt
2844 2003 2942 2040 vos
2964 1984 3231 2056 judicatis
3248 1985 3276 2038 ?
3304 1985 3446 2039 Nam
3479 2000 3574 2039 eos

1941 2087 2039 2158 qni
2078 2080 2213 2141 foris
2257 2092 2388 2141 sunt
2433 2087 2579 2141 Deus
2616 2083 2916 2156 judicabit.
2967 2084 3201 2138 Auferte
3244 2082 3463 2136 malum
3504 2098 3572 2137 ex

1942 2180 2100 2235 vobis
2124 2180 2280 2251 ipsis.
2308 2180 2492 2234 Audet
2519 2178 2726 2250 aliquis
2744 2182 3014 2245 vestrum,
3035 2176 3249 2232 habens
3279 2175 3574 2246 negotium

1944 2275 2207 2329 adversus
2257 2273 2524 2341 alterum,
2563 2271 2812 2342 judicari
2869 2269 3020 2341 apud
3069 2269 3294 2340 iniquos
3345 2271 3403 2322 et
3457 2285 3573 2322 non

1940 2367 2091 2438 apud
2120 2366 2382 2422 sanctos?
2410 2369 2494 2420 An
2546 2364 2774 2418 nescitis
2819 2364 3088 2436 quoniam
3132 2361 3311 2418 sancti
3354 2361 3453 2415 Dei
3504 2361 3574 2416 de

1940 2460 2154 2514 mundo
2177 2459 2521 2530 judicabuut
2538 2458 2565 2512 ‘?
2591 2460 2660 2512 Et
2681 2457 2726 2512 si
2757 2457 2815 2511 in
2844 2457 3003 2511 vobis
3027 2455 3382 2526 judicabitur
3409 2470 3575 2509 mun-

1941 2554 2067 2622 dus,
2096 2553 2318 2624 indigui
2349 2552 2482 2607 estis
2509 2551 2745 2623 quidem
2787 2554 2849 2605 ut
2879 2550 2948 2604 de
2993 2549 3248 2604 minimis
3283 2547 3570 2618 judicetis,

1942 2645 2168 2702 nescitis
2193 2645 2465 2717 quoniam
2490 2645 2719 2715 angelos
2751 2643 3136 2715 judicabimus
3155 2642 3184 2696 ?
3210 2643 3423 2714 quanto
3455 2657 3575 2695 ma—

1943 2741 2028 2812 gis
2055 2739 2376 2796 szecularial
2401 2738 2703 2794 Saecularia
2733 2737 2910 2808 igitur
2927 2736 3142 2808 judicia
3169 2735 3213 2790 si
3240 2733 3571 2800 habueritis,

1941 2833 2393 2904 contemptibiles
2423 2832 2519 2902 qui
2550 2833 2682 2886 sunt
2708 2831 2768 2884 in
2799 2829 3045 2886 Ecclesia
3082 2828 3211 2884 illos
3242 2827 3570 2882 constituite

1941 2927 2012 2982 ad
2047 2926 2440 2998 judicandum.
2468 2926 2553 2980 Ad
2579 2923 2983 2979 verecundiam
3022 2925 3265 2978 vestram
3303 2920 3451 2989 dico,
3493 2921 3571 2974 sic

1940 3037 2056 3076 non
2085 3024 2170 3075 est
2198 3020 2352 3074 inter
2380 3035 2478 3073 vos
2503 3018 2730 3089 sapiens
2753 3017 3057 3089 quisquam
3087 3014 3183 3088 qui
3211 3013 3389 3086 possit
3416 3013 3570 3084 judi-

1940 3129 2069 3168 care
2121 3113 2355 3168 fratrem
2388 3127 2575 3179 suum,
2605 3111 2701 3166 sed
2742 3111 2918 3166 frater
2959 3126 3091 3164 cum
3139 3109 3313 3163 fratre
3356 3105 3572 3178 judicio

1940 3205 2246 3272 contendit,
2278 3210 2334 3260 et
2373 3205 2482 3259 hoc
2517 3204 2670 3275 apud
2709 3204 2987 3259 inﬁdeles.
3017 3205 3141 3258 Jam
3167 3199 3400 3274 quidem
3443 3215 3568 3254 om-

1935 3299 2075 3356 nino
2101 3298 2371 3354 delictum
2400 3300 2484 3353 est
2512 3297 2571 3352 in
2598 3296 2753 3352 vobis
2780 3295 2935 3368 quod
2979 3294 3195 3367 judicia
3231 3293 3456 3349 habetis
3481 3292 3568 3348 in-

1935 3396 2024 3448 ter
2044 3409 2162 3448 vos.
2187 3393 2373 3456 Quare
2399 3407 2518 3446 non
2549 3390 2736 3462 magis
2763 3389 3032 3461 injuriam
3058 3387 3356 3458 accipitis?
3387 3386 3571 3450 Quare

1936 3501 2053 3542 non
2098 3485 2283 3557 magis
2323 3485 2585 3540 fraudem
2635 3483 2948 3555 patimini?
3001 3481 3110 3538 Sed
3157 3497 3254 3535 vos
3297 3478 3570 3550 injuriam

1937 3577 2117 3634 facitis
2168 3581 2225 3634 et
2271 3577 2566 3647 fraudatis,
2611 3582 2669 3632 et
2713 3577 2824 3632 hoc
2866 3575 3153 3631 fratribus.
3201 3575 3290 3629 An
3345 3571 3571 3629 nescitis

1936 3672 2072 3744 quia
2097 3671 2283 3743 iniqui
2324 3686 2571 3743 regnum
2615 3669 2712 3725 Dei
2756 3686 2876 3724 non
2919 3666 3341 3740 possidebunt?
3388 3664 3571 3720 Nolite

1938 3780 2144 3821 errare.
2213 3764 2408 3835 Neque
2467 3761 2781 3829 fornicarii,
2845 3777 3035 3832 neque
3106 3758 3274 3814 idolis
3347 3759 3566 3812 sevien-

1934 3862 2041 3927 tes,
2082 3872 2279 3929 neque.
2317 3855 2583 3923 adulteri,
2611 3870 2800 3926 neque
2851 3853 3069 3921 molles,
3105 3866 3295 3922 neque
3344 3865 3564 3904 mascu-

1937 3952 2126 4006 lorum
2184 3948 2594 4016 concubitores,
2649 3963 2837 4019 neque
2900 3947 3083 4013 fures,
3139 3959 3330 4016 neque
3390 3941 3565 4006 avari,

1935 4060 2120 4115 neque
2157 4041 2385 4112 ebriosi,
2413 4057 2602 4114 neque
2649 4038 2929 4108 maledici,
2961 4055 3150 4110 neque
3197 4052 3430 4108 rapaces
3474 4051 3566 4089 re-

1937 4153 2119 4208 gnum
2147 4137 2249 4192 Dei
2277 4135 2668 4209 possidebunt.
2702 4136 2770 4190 Et
2797 4135 2919 4190 hinc
2963 4131 3193 4204 quidem
3236 4129 3443 4199 fuistis,
3473 4128 3570 4183 sed

1936 4230 2115 4286 abluti
2138 4230 2272 4285 estis
2302 4231 2359 4285 et
2398 4227 2734 4283 sanctiﬁcati
2785 4226 2916 4282 estis
2959 4226 3020 4280 in
3068 4224 3303 4280 nomine
3346 4221 3570 4277 Domini

1935 4323 2113 4379 nostri
2135 4323 2268 4379 Jesu
2291 4322 2519 4389 Christi,
2551 4325 2608 4376 et
2628 4321 2689 4376 in
2714 4319 2924 4392 Spiritu
2949 4318 3051 4374 Dei
3082 4317 3259 4372 nostri
3293 4319 3338 4376 (Ι
3363 4319 3482 4374 Cor.
3512 4331 3566 4384 v,

1936 4419 2100 4482 2-13;
2129 4432 2205 4484 v1,
2238 4416 2412 4485 1-H).
2440 4437 2468 4466 »
2501 4415 2580 4469 De
2610 4417 2816 4469 cietero
2845 4412 2994 4468 salva
3040 4413 3099 4466 in
3140 4409 3403 4466 omnibus
3430 4424 3567 4479 apo-

1938 4508 2129 4564 stolica
2168 4508 2504 4564 auctoritate
2551 4522 2926 4578 quaecumque
2971 4509 3104 4560 sunt
3153 4505 3225 4558 ad
3275 4500 3571 4571 religionis

1941 4601 2353 4658 observantiam
2381 4600 2743 4672 pertinentia,
2775 4599 2908 4654 locis
2934 4598 3049 4652 suis
3078 4600 3134 4652 et
3161 4613 3195 4651 a
3218 4611 3336 4651 suae
3364 4594 3570 4649 dioece-

1938 4712 2062 4750 seos
2112 4695 2344 4767 synodis
2383 4695 2706 4750 audiantur.
2747 4695 2817 4747 Et
2841 4693 2887 4747 si
2927 4691 3056 4764 quis
3100 4690 3456 4745 sacerdotum
3483 4687 3571 4741 vel

1937 4789 2290 4861 reliquorum
2315 4787 2655 4844 clericorum
2679 4803 2786 4841 suo
2811 4785 3073 4858 episcopo
3089 4783 3420 4839 inobediens
3447 4782 3567 4836 fue-

1937 4882 2031 4951 rit,
2059 4886 2159 4937 aut
2182 4881 2413 4937 insidias
2453 4881 2505 4936 ei
2543 4880 2850 4952 paraverit,
2889 4882 2988 4934 aut
3017 4876 3443 4943 contumeliam,
3473 4879 3574 4930 aut

1939 4976 2303 5044 calumniam,
2335 4980 2392 5031 et
2417 4974 2674 5030 convinci
2705 4973 2972 5046 potuerit,
3005 4989 3133 5027 mox
3173 4969 3345 5026 curiae
3375 4969 3568 5023 trada-

1936 5074 2047 5125 tur.
2085 5069 2194 5134 Qui
2234 5072 2426 5124 autem
2483 5069 2615 5124 facit
2663 5067 2957 5139 injuriam,
2987 5065 3226 5137 recipiat
3273 5065 3382 5118 hoc
3417 5062 3570 5134 quod

1937 5162 2130 5235 inique
2162 5161 2353 5234 gessit.
2386 5183 2413 5211 «
2439 5164 2824 5232 Corrumpunt
2849 5159 3002 5216 enim
3028 5175 3216 5213 mores
3244 5158 3425 5212 bonos
3455 5154 3565 5208 col-

1934 5256 2127 5327 loquia
2154 5255 2330 5310 mala.
2358 5255 2639 5327 Evigilate
2659 5254 2795 5326 justi
2825 5258 2880 5310 et
2909 5253 3088 5309 nolite
3117 5266 3351 5324 peccare
3380 5248 3427 5315 (Ι
3445 5250 3563 5304 Cor.

1935 5366 2022 5417 XV,
2054 5352 2142 5419 33,
2173 5349 2281 5418 34).
2315 5370 2342 5398 ››
2386 5350 2520 5403 Data
2551 5347 2681 5403 Idus
2710 5347 2910 5418 Martii,
2942 5347 3104 5403 Claro
3151 5348 3207 5400 et
3256 5343 3461 5428 Severo
3501 5338 3567 5390 IV

1934 5459 2017 5499 cc.
2047 5441 2267 5498 consul.
