4026 6166
454 286 555 338 115

1341 287 1618 342 ᾹΡΡΕΝΙ).
1660 288 1746 341 AD
1784 288 1943 342 SzEC.
1988 289 2072 341 IX.
2107 315 2171 325 --
2211 285 2457 340 lSlDORl
2497 285 2918 342 MERCATORIS

3695 287 3800 337 HF)

793 577 864 638 ’ί
1091 617 1661 710 INCIPIUNT
1745 617 2081 709 DECRI

2160 617 2270 708 ΓΑ
2349 615 2698 708 ΑΝΙΤΙΙ
2785 613 3145 704 ΡΑΡΑΞ.

444 783 540 847 De
568 783 978 848 ordinatione
1004 787 1640 870 archiepiscoporum
1669 795 1733 849 et
1757 788 2158 870 requuomm
2178 788 2634 870 episcoporum
2629 803 2675 870 λ
2697 796 2771 870 et_
2791 788 2868 870 de
2895 785 3434 870 appellationibus
3463 783 3800 845 minorum

1257 867 1353 930 ad
1373 867 1708 948 majorum
1739 867 1939 944 sedes,
1972 868 2080 930 vel
2102 867 2198 930 ad
2218 867 2586 932 Romanam
2613 867 2993 932 Ecclesium:

1484 1022 1660 1089 (Anno
1691 1023 1809 1090 164,
1837 1021 1976 1094 imp.
2006 1023 2177 1079 Lucio
2204 1026 2370 1079 Anto.
2399 1022 2750 1091 Commodo.)

512 1330 739 1384 Amrws
775 1329 1048 1386 universis
1088 1331 1345 1387 Ecclesiis
1385 1350 1490 1405 per
1519 1333 1712 1389 Galliae
1757 1335 2073 1406 provincias
2096 1347 2154 1420 Α
2173 1352 2287 1408 qua
2314 1352 2450 1408 gens
2480 1335 2747 1407 deinceps
2765 1335 2834 1390 ad
2863 1333 3034 1390 ﬁdem
3060 1334 3434 1399 convertatur,
3456 1330 3545 1385 cui
3571 1345 3801 1385 necesse

445 1420 784 1492 constitutis,
808 1423 866 1478 in
895 1424 1132 1480 Domino
1173 1426 1430 1482 salutem.

516 1515 800 1570 Bonorum
819 1532 1060 1587 operum
1082 1522 1139 1572 et
1160 1518 1538 1590 spiritualium
1560 1520 1873 1576 studiorum
1895 1523 2072 1577 Deum

441 1611 730 1663 auctorem
755 1625 876 1666 esse
897 1627 1015 1665 non
1043 1611 1278 1666 dubium
1307 1617 1409 1680 est,
1434 1613 1532 1684 qui
1561 1613 1847 1670 bonorum
1878 1615 2068 1669 homi-

442 1716 579 1754 num
611 1701 808 1756 incitat
831 1708 1051 1758 mentes
1081 1709 1136 1759 et
1160 1705 1391 1775 adjuvat
1416 1707 1698 1774 actiones;
1729 1709 1878 1780 quod
1906 1709 2070 1764 nobis

440 1792 730 1848 evidenter
760 1797 1047 1866 apparuit,
1078 1813 1209 1852 cum
1238 1798 1388 1853 inter
1423 1799 1739 1872 longinqua
1775 1802 1955 1872 spatia
1990 1817 2072 1856 re-

439 1884 674 1954 gionum
703 1903 884 1942 unum
915 1890 1083 1944 corda
1109 1895 1291 1945 vestra
1318 1897 1618 1947 senserunt
1660 1894 1982 1962 consilium,
2015 1899 2072 1949 et

438 1995 566 2048 quae
594 1978 999 2036 desiderabatis
1027 1998 1318 2054 responsa,
1337 2001 1451 2039 non
1475 1987 1662 2054 unius,
1684 1988 1779 2042 sed
1800 1987 2072 2058 plurimo-

439 2087 568 2124 rum
617 2072 872 2143 epistolm
920 2074 1274 2132 intimarunt.
1323 2079 1400 2132 De
1454 2079 1896 2135 ordinationibus
1934 2097 2069 2136 vero

441 2163 838 2234 episcoporum
873 2183 1042 2238 super
1071 2169 1280 2239 quibus
1325 2187 1428 2224 nos
1468 2173 1762 2228 consulere
1795 2174 2067 2242 voluistis,

441 2256 579 2309 olim
611 2257 669 2310 in
699 2259 880 2311 sancti
911 2261 1342 2328 prmdecessoris
1367 2264 1543 2316 nostri
1570 2265 1826 2319 Anacleti
1853 2266 2072 2320 ordina-

443 2348 687 2403 tionibus
735 2351 996 2420 quaadam
1034 2352 1156 2422 jam
1202 2354 1428 2409 decreta
1476 2358 1813 2427 reperimus.
1846 2359 2070 2413 Scimus

441 2441 594 2495 enim
644 2442 1031 2499 beatissimum
1071 2446 1341 2500 Jacobum
1385 2449 1482 2518 qui
1535 2449 1826 2504 dicebatur
1863 2452 2068 2521 justus,

439 2534 536 2604 qui
564 2535 738 2589 etiam
768 2537 1080 2592 secundum
1109 2555 1336 2594 carnem
1371 2541 1547 2595 frater
1582 2543 1804 2597 Domini
1847 2561 2068 2599 nuncu-

438 2630 603 2699 patus
630 2631 732 2698 est,
765 2646 799 2684 a
829 2632 1016 2701 Petro,
1045 2633 1258 2688 Jacobo
1294 2638 1351 2689 et
1375 2634 1590 2690 Joanne
1618 2637 1908 2707 apostolis,
1941 2638 2068 2692 Hie-

2172 1430 2245 1484 sit
2268 1433 2502 1502 propter
2523 1428 2951 1484 multitudinem
2972 1442 3172 1482 eorum
3186 1425 3491 1497 primatem
3507 1423 3798 1478 constitui.

2173 1522 2395 1593 Reliqui
2421 1537 2555 1577 vero
2603 1521 2698 1592 qui
2747 1520 2886 1575 alias
2927 1518 3394 1590 metropolitanas
3419 1517 3578 1571 sedes
3606 1516 3802 1586 adepti

2170 1619 2320 1682 sunt,
2353 1631 2470 1670 non
2501 1614 2792 1686 primates,
2819 1613 2916 1668 sed
2953 1611 3378 1683 metrOpolitani
3406 1609 3797 1664 nominentur.

2143 1708 2229 1779 Si
2267 1714 2461 1762 autem
2510 1707 2714 1779 aliquis
2747 1705 3316 1778 metropolitanorum
3343 1703 3574 1759 inﬂatus
3600 1702 3800 1768 fuerit,

2170 1804 2228 1856 et
2265 1801 2387 1856 sine
2428 1801 2687 1855 omnium
2748 1798 3303 1871 comprovincialium
3358 1796 3663 1869 praesentia
3711 1795 3800 1848 vel

2169 1893 2407 1950 consilio
2435 1893 2854 1966 episcoporum,
2885 1897 2985 1947 aut
3019 1908 3235 1959 eorum,
3270 1896 3369 1945 aut
3409 1890 3545 1944 alias
3574 1904 3800 1954 causas,

2135 2033 2140 2046 ς
2168 1987 2278 2042 nisi
2306 2004 2396 2042 eas
2422 1990 2647 2042 tantum
2676 2003 2802 2058 qua:
2829 1986 2902 2040 ad
2946 1985 3237 2056 propriam
3279 2001 3437 2038 suam
3464 1982 3801 2055 parochiam

2137 2081 2477 2151 :pertinent,
2509 2095 2696 2150 agere,
2729 2084 2829 2134 aut
2868 2096 2964 2134 eos
3009 2095 3242 2150 gravare
3271 2077 3530 2142 voluerit,
3558 2075 3628 2130 ab
3673 2091 3801 2129 om-

2168 2174 2334 2227 nibus
2364 2173 2613 2227 districte
2641 2173 2975 2243 corrigatur,
3003 2189 3075 2226 ne
3121 2171 3252 2225 talia
3288 2169 3551 2240 deinceps
3577 2185 3799 2239 praesu-

2137 2263 2325 2338 mere
2367 2266 2589 2320 audeat.
2626 2265 2681 2321 Si
2724 2282 2860 2319 vero
2909 2263 3328 2336 incorrigibilis,
3355 2262 3548 2333 eisque
3595 2261 3800 2316 inobe-

2171 2359 2334 2413 dicns
2364 2358 2712 2430 apparuerit,
2746 2359 2817 2412 ad
2864 2358 3008 2412 hanc
3054 2356 3418 2429 apostolicam
3465 2355 3675 2421 sedem,
3707 2355 3801 2408 cui

2123 2473 2137 2492 -έ
2169 2452 2363 2506 omnia
2383 2451 2777 2522 episcoporum
2788 2450 3002 2521 judicia
3017 2451 3324 2506 terminare
3341 2453 3621 2520 praecepta
3643 2453 3798 2513 sunt,

2121 2523 2150 2596 ἒ
2169 2545 2290 2616 ejus
2319 2543 2671 2599 contumacia
2696 2545 2996 2612 referatur,
3028 2547 3094 2598 ut
3118 2543 3366 2597 vindicta
3392 2542 3463 2595 de
3493 2558 3562 2595 eo
3589 2539 3706 2606 ﬁat,
3742 2545 3801 2594 et

2170 2637 2357 2692 caeteri
2391 2638 2658 2691 timorem
2704 2636 2969 2691 habeant.
2997 2636 3054 2692 Si
3084 2641 3276 2690 autem
3300 2638 3530 2705 propter
3554 2633 3800 2687 nimiam

439 2722 848 2793 rosolymorum
893 2725 1220 2796 episcopum
1267 2743 1385 2782 esse
1415 2729 1762 2784 ordinatum.
1793 2730 1852 2785 Si
1877 2734 2070 2786 autem
2089 2707 2146 2779 B
2169 2729 2668 2802 longinquitatem,
2697 2733 2796 2784 aut
2821 2728 3095 2800 temporis
3124 2725 3674 2791 incommoditatem,
3708 2725 3799 2780 vel

441 2830 552 2869 non
582 2815 772 2870 minus
807 2834 978 2888 quam
1005 2835 1039 2872 a
1068 2819 1250 2874 tribus
1299 2821 1569 2892 apostolis
1613 2825 1802 2878 tantus
1844 2823 1929 2878 vir
1964 2825 2072 2880 fuit

440 2906 735 2962 ordinatus
766 2909 1082 2981 episcopus,
1113 2915 1271 2982 patet
1297 2914 1548 2984 profecto
1577 2931 1670 2970 eos
1700 2916 1952 2971 formam
1977 2917 2068 2972 in-

436 2999 707 3056 stituente
751 3002 987 3058 Domino
1033 3005 1350 3076 tradidisse,
1382 3023 1497 3061 non
1539 3025 1572 3061 a
1610 3008 1800 3063 minus
1843 3027 2012 3081 quam
2038 3027 2070 3064 a

436 3092 615 3146 tribus
672 3093 948 3167 episcopis
997 3096 1328 3170 episcopum
1387 3100 1637 3155 ordinari
1689 3101 1913 3157 debere.
1960 3103 2067 3158 Sed

439 3189 722 3242 crescente
745 3203 988 3244 numero
1031 3191 1449 3263 episcoporum,
1482 3193 1591 3246 nisi
1633 3195 1933 3250 necessitas
1976 3196 2066 3250 in-

437 3279 762 3347 tervenerit,
805 3280 1014 3337 debent
1067 3283 1235 3338 etiam
1289 3285 1480 3356 plures
1527 3286 1745 3357 augeri.
1788 3289 1846 3342 ld
1895 3294 1980 3343 est
2023 3288 2068 3343 si

437 3371 892 3446 archiepiscopus
943 3375 1096 3431 diem
1150 3376 1368 3445 obierit,
1412 3382 1469 3431 et
1523 3379 1665 3434 alter
1720 3381 2068 3436 ordinandus

436 3464 894 3538 archiepiscopus
940 3469 1148 3524 electus
1186 3470 1374 3537 fuerit,
1404 3487 1601 3526 omnes
1637 3473 1892 3543 ejusdem
1932 3491 2064 3544 pro-

435 3556 637 3612 vinciae
668 3559 916 3630 episcopi
949 3561 1020 3616 ad
1049 3563 1242 3617 sedem
1285 3566 1660 3635 metropoleos
1699 3566 2063 3635 conveniant,

439 3655 499 3704 ut
524 3651 594 3704 ab
625 3652 888 3706 omnibus
917 3653 1033 3725 ipse
1056 3655 1366 3711 ordinetur.
1388 3657 1622 3728 Oportet
1641 3664 1831 3714 autem
1859 3666 1924 3715 ut
1946 3662 2066 3732 ipse

433 3742 530 3814 qui
554 3743 662 3798 illis
686 3747 950 3801 omnibus
972 3764 1211 3818 praeesse
1234 3749 1418 3820 debet,
1443 3751 1513 3805 ab
1541 3753 1808 3808 omnibus
1831 3753 1940 3807 illis
1964 3755 2064 3808 eli-

434 3840 605 3907 gatur
649 3842 707 3893 et
750 3839 1070 3896 ordinetur.
1105 3843 1322 3914 Reliqui
1355 3860 1486 3898 vero
1525 3846 1897 3915 provinciales
1943 3847 2061 3917 epi-

432 3930 604 4001 scopi,
639 3930 685 3985 si
721 3949 944 3989 necesse
998 3935 1189 4002 fuerit,
1231 3938 1449 3991 cmteris
1490 3940 1994 4006 consentientibus,
2030 3958 2062 3993 a

431 4023 612 4077 tribus
633 4024 798 4094 jussu
836 4027 1245 4097 archiepiscopi
1296 4031 1609 4084 consecrari
1655 4037 1894 4101 possunt
1937 4033 2058 4103 epi-

431 4115 641 4185 scopis.
664 4116 776 4171 Sed
798 4118 1001 4171 melius
1026 4123 1110 4172 est
1136 4119 1181 4171 si
1203 4119 1322 4189 ipse
1346 4137 1476 4175 cum
1503 4122 1784 4190 omnibus,
1807 4139 1936 4177 eum
1965 4125 2062 4196 qui

428 4206 635 4276 dignus
687 4211 771 4262 est
824 4210 1063 4278 elegerit
1106 4215 1162 4264 et
1219 4213 1408 4266 cuncti
1457 4213 1671 4284 pariter
1725 4216 2063 4272 sacraverint

426 4298 775 4369 pontiﬁcem.
808 4302 877 4356 Et
905 4302 1035 4356 licet
1073 4301 1224 4358 istud
1267 4306 1601 4362 necessitate
1642 4313 1879 4380 cogente
1919 4327 2058 4365 con-

427 4407 648 4448 cessum
677 4392 766 4462 sit,
794 4393 935 4449 illud
965 4397 1154 4451 tamen
1185 4398 1340 4469 quod
1380 4399 1448 4454 de
1486 4401 1890 4474 archiepiscopi
1922 4420 2057 4458 con-

427 4486 738 4543 secratione
766 4487 1104 4560 praedictum
1130 4493 1216 4545 est
1241 4497 1412 4563 atque
1442 4497 1814 4566 praeceptum,
1848 4496 1906 4550 id
1951 4500 2054 4565 est,

425 4583 486 4634 ut
513 4596 712 4636 omnes
739 4582 1080 4654 suffraganei
1109 4600 1240 4639 eum
1270 4586 1556 4655 ordinent,
1587 4589 1913 4644 nullatenus
1945 4590 2056 4644 im-

424 4673 635 4728 mutari
665 4675 824 4745 licet;
855 4676 984 4747 quia
1021 4677 1119 4748 qui
1156 4677 1265 4732 illis
1290 4685 1518 4751 pricest,
1552 4681 1622 4735 ab
1649 4683 1915 4738 omnibus
1938 4684 2053 4755 epi-

423 4767 608 4838 scopis
634 4767 839 4839 quibus
864 4776 1068 4840 prmest
1096 4771 1263 4826 debet
1287 4773 1572 4828 constitui.
1598 4775 1696 4830 Sin
1724 4775 1889 4831 aliter
1916 4794 2058 4848 prae-

423 4865 713 4931 sumptum
761 4862 954 4931 fuerit,
995 4864 1210 4919 viribus
1259 4883 1447 4922 carere
1501 4885 1614 4923 non
1665 4869 1906 4924 dubium
1950 4874 2054 4938 est,

421 4953 558 5024 quia
582 4954 742 5009 irrita
768 4956 877 5010 erit
901 4956 1024 5027 ejus
1050 4974 1208 5013 secus
1239 4963 1365 5014 acta
1385 4960 1690 5028 ordinatio;
1716 4963 1837 5033 ipse
1864 4969 2055 5018 autem

425 5046 880 5120 archiepiscopus
927 5051 1070 5106 nihil
1118 5051 1187 5106 de
1233 5069 1434 5108 eorum
1479 5054 1681 5122 causis,
1713 5061 1812 5111 aut
1837 5057 1904 5111 de
1934 5057 2057 5111 aliis

425 5141 824 5196 communibus
848 5143 1012 5212 juxta
1037 5146 1243 5198 statuta
1269 5148 1656 5217 apostolorum
1687 5148 1899 5220 absque
1924 5167 2057 5204 cun-

423 5238 647 5289 ctorum
677 5235 906 5289 illorum
927 5241 1061 5307 agat
1087 5238 1358 5308 consilio;
1382 5257 1487 5294 nec
1513 5241 1613 5308 illi,
1640 5241 1747 5296 nisi
1777 5248 2055 5313 quantum

422 5328 497 5383 ad
540 5328 797 5400 proprias
846 5329 1143 5401 parochias
1181 5333 1432 5403 pertinet
1475 5333 1593 5389 sine
1632 5352 1753 5401 suo,
1783 5337 2053 5407 quoniam

2172 2823 2389 2879 itineris
2417 2822 2798 2894 asperitatem,
2832 2837 3000 2892 grave
3029 2821 3101 2876 ad
3126 2822 3272 2875 hanc
3291 2819 3484 2875 sedem
3511 2818 3635 2889 ejus
3659 2834 3796 2872 cau-

2170 2932 2288 2970 sam
2333 2916 2556 2970 deferre
2603 2914 2794 2982 fuerit,
2824 2918 2960 2968 tunc
2995 2913 3067 2968 ad
3114 2913 3234 2985 ejus
3276 2911 3582 2984 primatem
3630 2926 3801 2964 causa

2168 3009 2476 3078 deferatur,
2497 3012 2552 3063 et
2574 3023 2747 3079 penes
2774 3007 2964 3078 ipsum
2990 3006 3163 3077 hujus
3193 3010 3404 3060 sanctae
3432 3004 3578 3059 sedis
3605 3007 3800 3058 aucto-

2167 3103 2331 3157 ritate
2376 3101 2684 3172 judicetur.
2743 3100 3016 3156 Similiter
3059 3099 3104 3153 si
3152 3097 3356 3170 aliquis
3403 3096 3800 3169 episcoporum

2168 3195 2675 3266 metr0politanum
2717 3198 3042 3264 suspectum
3079 3191 3357 3258 habuerit,
3390 3190 3543 3262 apud
3584 3189 3800 3262 prima-

2168 3293 2284 3344 tem
2311 3288 2627 3356 dicaceseos,
2661 3291 2761 3340 aut
2797 3287 2946 3364 apud
2991 3286 3137 3340 hanc
3184 3284 3554 3356 apostolicam
3599 3284 3799 3338 sedem

2165 3381 2444 3454 audiatur.
2470 3380 2578 3444 Qui
2602 3379 2785 3450 major
2803 3363 2892 3434 est.
2904 3385 3175 3448 vestrum,
3195 3377 3507 3432 secundum
3533 3375 3796 3431 Domini-

2166 3451 2292 3530 σξη]
2311 3474 2646 3546 jussionem,
2679 3473 2751 3527 sit
2777 3478 2958 3527 vester
2981 3472 3260 3539 minister,
3293 3475 3351 3526 et
3376 3476 3587 3542 quanto
3611 3470 3801 3540 major

2167 3586 2227 3623 es
2247 3569 2305 3622 in
2331 3567 2614 3636 omnibus,
2642 3565 2883 3620 humilia
2918 3569 2973 3620 te
3014 3565 3220 3636 ipsum.
3243 3563 3586 3628 Charissimi,
3613 3563 3800 3618 nolite

2165 3663 2313 3717 inter
2331 3679 2426 3715 vos
2447 3660 2818 3728 contendere,
2840 3676 2945 3713 nec
2969 3660 3188 3729 quierat
3209 3656 3413 3728 aliquis
3440 3656 3630 3726 major
3649 3672 3797 3723 esse,

2163 3757 2281 3822 sed,
2311 3756 2480 3826 juxta
2503 3753 2856 3824 Apostolum,
2888 3751 3116 3822 Diligite
3158 3767 3253 3805 vos
3298 3750 3564 3817 invicem,
3595 3769 3622 3800 α
3660 3750 3800 3820 quia

2164 3847 2410 3902 charitas
2455 3863 2522 3899 ex
2567 3847 2681 3900 Deo
2725 3836 2828 3913 est,
2865 3849 2922 3899 et
2965 3844 3150 3898 omnis
3193 3843 3291 3915 qui
3334 3842 3536 3914 diligit,
3568 3858 3636 3896 ex
3674 3844 3795 3896 Deo

2162 3943 2330 3993 natus
2347 3943 2448 4007 est,
2468 3943 2525 3992 et
2543 3937 2832 4008 cognoscit
2848 3936 3172 3991 Dominum.
3192 3935 3300 4000 Qui
3317 3952 3430 3990 non
3451 3934 3655 4005 diligit,
3672 3951 3797 3989 non

2164 4033 2318 4087 novit
2359 4033 2562 4098 Deum,
2591 4031 2860 4102 quoniam
2890 4032 3038 4084 Deus
3075 4029 3319 4084 charitas
3357 4033 3461 4084 est.
3496 4049 3523 4077 »
3552 4028 3796 4094 Pascite,

2162 4125 2348 4196 inquit
2373 4125 2636 4196 princeps
2660 4123 3070 4195 apostolorum,
3104 4144 3131 4172 ‹‹
3160 4121 3258 4193 qui
3285 4122 3344 4176 in
3367 4121 3528 4177 vobis
3555 4126 3640 4176 est
3665 4138 3802 4192 gre-

2161 4236 2291 4290 gem
2335 4218 2453 4288 Dei,
2496 4217 2860 4290 providentes
2909 4233 3023 4270 non
3073 4219 3282 4281 coacte,
3334 4214 3432 4270 sed
3481 4220 3799 4285 spontanee

2159 4313 2473 4367 secundum
2521 4313 2726 4376 Deum,
2771 4325 2957 4380 neque
3001 4309 3182 4379 turpis
3233 4307 3373 4363 lucri
3431 4306 3642 4378 gratia,
3691 4307 3796 4360 sed

2158 4405 2489 4460 voluntarie.
2543 4405 2738 4475 Neque
2803 4405 2866 4456 ut
2919 4401 3278 4456 dominantes
3344 4400 3403 4455 iu
3452 4399 3634 4466 cleris,
3689 4399 3792 4454 sed

2159 4499 2347 4554 forma
2397 4497 2525 4553 facti
2581 4495 2743 4568 gregi
2792 4511 2859 4550 ex
2907 4493 3121 4548 animo.
3164 4495 3233 4548 Et
3285 4509 3415 4548 cum
3465 4492 3799 4563 apparuerit

2155 4592 2420 4664 princeps
2484 4593 2810 4661 pastorum,
2873 4587 3195 4659 percipietis
3257 4584 3794 4641 immarcescibilem

2158 4686 2352 4758 gloria:
2395 4699 2664 4739 coronam
2704 4682 2752 4752 (Ι
2790 4684 2935 4737 Petr.
2985 4697 3040 4748 v,
3078 4680 3189 4752 24).
3221 4699 3249 4731 ››
3300 4680 3368 4734 Et
3406 4679 3572 4750 juxta
3613 4677 3795 4732 alium

2155 4779 2470 4850 apostolum
2505 4793 2518 4831 :
2565 4797 2593 4824 ‹‹
2634 4776 2869 4842 Fratres,
2926 4789 3209 4829 memores
3260 4776 3435 4827 estote
3484 4771 3797 4826 verborum

2158 4889 2283 4944 quin
2305 4870 2580 4944 praedicta
2607 4873 2739 4923 sunt
2764 4868 2833 4922 ab
2863 4866 3132 4939 apostolis
3162 4867 3292 4921 Jesu
3336 4863 3543 4920 Christi
3573 4863 3671 4934 qui
3698 4863 3794 4917 di-

2158 4965 2364 5021 cebant
2403 4964 2580 5033 vobis,
2625 4962 2900 5034 quoniam
2943 4960 3002 5014 in
3044 4959 3354 5014 novissimo
3403 4963 3660 5028 tempore
3702 4973 3800 5010 ve~

2157 5059 2317 5114 nient
2376 5057 2629 5112 illusores
2694 5053 3008 5110 secundum
3076 5051 3357 5107 desideria
3429 5049 3798 5104 ambulantes

2157 5151 2545 5224 impietatum.
2571 5149 2634 5204 Hi
2666 5153 2799 5202 sunt
2825 5146 2922 5218 qui
2965 5150 3270 5218 segregant
3313 5143 3647 5214 semetipsos
3675 5143 3798 5197 ani-

2158 5245 2354 5314 males,
2387 5243 2652 5315 spiritum
2692 5258 2808 5296 non
2854 5239 3152 5294 habentes.
3187 5239 3292 5292 Vos
3332 5241 3544 5304 autem,
3573 5235 3794 5290 charis-

2159 5338 2306 5407 simi,
2339 5334 2854 5408 superaadiﬁcantes
2890 5332 3258 5403 vosmetipsos
3299 5328 3671 5385 sanctissimae
3699 5345 3797 5384 ve-

421 5421 520 5476 tali
573 5423 783 5493 gaudet
833 5423 1134 5479 concordia
1191 5425 1504 5481 Altissimus
1556 5433 1614 5482 et
1673 5429 1950 5499 gloriatur
1999 5430 2289 5502 inDstrze
2331 5429 2484 5497 fidei,
2528 5429 2588 5483 in
2633 5427 2848 5500 Spiritu
2898 5430 3091 5480 sancto
3132 5427 3378 5492 orantes,
3415 5423 3567 5494 ipsos
3592 5438 3690 5476 vos
3733 5423 3795 5478 in

422 5517 697 5571 membris
719 5517 854 5571 suis.
880 5517 1027 5572 Nulli
1053 5518 1461 5592 archiepiscopi
1482 5521 1752 5592 primates
1767 5527 2056 5592 vocentur,

421 5609 531 5664 nisi
568 5611 650 5665 illi
675 5611 774 5683 qui
798 5610 1012 5683 primas
1041 5616 1244 5667 tenent
1274 5613 1542 5684 civitates,
1570 5631 1815 5687 quarum
1844 5616 2058 5688 episco-

422 5719 526 5772 pos
551 5704 791 5772 apostoli
820 5708 877 5760 et
903 5721 1254 5762 successores
1291 5711 1676 5780 apostolorum
1714 5711 2058 5782 regulariter

427 5793 774 5864 patriarchas
801 5804 857 5855 et
884 5799 1154 5870 primates
1184 5817 1303 5859 esse
1334 5803 1768 5876 constituerunt,
1795 5803 1903 5860 nisi
1950 5805 2051 5861 ali-

2159 5523 2461 5580 dilectione
2503 5522 2601 5579 Dei
2644 5524 2882 5586 servate,
2913 5520 3302 5590 exspectantes
3341 5515 3793 5571 misericordiam

2157 5618 2385 5674 Domini
2430 5616 2610 5672 nostri
2653 5617 2784 5671 .lcsu
2825 5612 3032 5669 Christi
3077 5611 3135 5666 in
3177 5611 3352 5665 vitam
3396 5613 3692 5664 aeternam.
3724 5610 3795 5664 Et

2155 5713 2259 5768 hos
2285 5706 2520 5784 quidem
2552 5709 2777 5782 arguite
2797 5707 3138 5779 judicantes,
3167 5704 3288 5760 illos
3313 5719 3449 5758 vero
3479 5705 3693 5758 servate
3720 5702 3793 5758 de

2157 5806 2292 5877 igne
2322 5803 2678 5876 recipientes.
2710 5801 2846 5858 Aliis
2870 5802 3063 5857 autem
3089 5796 3437 5856 miseremini
3467 5796 3529 5853 in
3555 5795 3784 5865 timore,
