4026 6166
291 220 388 268 H7

1524 214 1993 270 DECRETALIUM
2033 215 2413 269 CULLECTIO.

3537 217 3632 269 118

285 321 539 376 odientes
574 336 705 375 eam
743 336 873 392 quae
903 322 1141 376 carnalis
1173 325 1256 376 est
1290 321 1629 376 maculatam
1658 322 1910 376 tunicam
1931 334 1990 406 Α
2010 320 2184 386 tione,
2204 320 2284 375 ita
2307 326 2362 374 et
2381 321 2436 374 in
2460 325 2692 376 tonsura
2713 325 2770 375 et
2787 321 2947 376 omni
2967 320 3162 376 habitu
3181 320 3407 376 discreti
3425 319 3636 376 debent

285 415 454 480 (Jud.,
499 413 696 484 17-23).
740 434 767 464 ι)
823 415 1145 480 Prohibete,
1188 413 1410 481 fratres,
1465 432 1568 485 per
1615 414 1908 470 universas

282 507 586 578 regionum
615 511 930 562 vestrarum
971 507 1254 574 Ecclesias,
1291 511 1352 561 ut
1384 507 1590 574 clerici,
1621 509 1717 578 qui
1753 507 1908 562 laicis

283 606 334 656 et
363 600 740 672 simplicibus,
769 600 1006 670 virtutis,
1037 601 1372 669 honestatis,
1398 600 1688 672 pudicitiae
1709 605 1766 656 et
1785 617 1908 671 gra-

281 694 467 749 vitatis
515 695 806 766 exemplar
845 711 969 749 esse
1005 693 1217 750 debent
1265 710 1329 748 ac
1377 695 1592 765 seipsos
1638 699 1909 765 tanquam

279 789 510 858 signum
561 788 810 859 purioris
851 788 979 842 vitae
1036 788 1362 842 rudioribus
1410 788 1481 842 ad
1531 787 1910 843 imitationem

279 882 591 952 prudenter
617 881 904 948 exhibere,
937 881 1107 952 juxta
1149 883 1498 952 Apostolum,
1535 897 1760 936 comam
1789 898 1907 936 non

278 975 558 1041 nutriant,
586 974 682 1029 sed
718 974 964 1044 desuper
995 979 1167 1044 caput
1193 973 1251 1028 in
1289 974 1524 1030 modum
1565 974 1789 1045 spherae
1819 990 1906 1028 ra-

279 1067 436 1133 dant,
483 1067 616 1139 quia
657 1067 803 1122 sicut
842 1067 1069 1122 discreti
1109 1067 1318 1122 debent
1351 1083 1472 1123 esse
1510 1067 1572 1123 in
1609 1083 1907 1122 conversa-

2008 429 2304 484 apparere.
2329 415 2456 468 Haec
2480 414 2654 479 vobis,
2685 415 2906 480 fratres,
2931 416 2997 468 ut
3021 413 3236 484 petistis
3261 413 3632 468 custodienda

2007 507 2308 573 mittimus,
2339 513 2395 561 et
2423 507 2705 561 custodire
2735 505 3116 578 praecipimus,
3150 526 3179 557 (ι
3215 509 3282 561 ut
3306 507 3366 560 in
3397 505 3633 560 nomine

2005 601 2137 654 Iesu
2179 616 2351 654 omne
2391 616 2542 670 genu
2583 600 2855 666 ﬂectatur,
2903 599 3232 665 caelestium,
3279 599 3633 654 terrestrium

2008 696 2066 748 et
2089 692 2466 761 infernorum,
2489 697 2546 748 et
2564 693 2753 748 omnis
2777 693 2972 763 lingua
2998 693 3350 761 confiteatur,
3373 693 3508 764 quia
3528 694 3633 746 Do-

2007 786 2197 840 minus
2225 787 2381 842 Jesus
2414 786 2668 841 Christus
2698 786 2759 840 in
2792 786 2975 856 gloria
3007 790 3091 841 est
3126 786 3224 841 Dei
3253 787 3450 853 Patris,
3481 809 3509 834 ››
3537 786 3630 840 cui

2008 880 2192 935 honor
2217 883 2276 934 et
2305 879 2609 950 imperium
2633 896 2736 951 per
2765 882 2980 935 aeterna
3012 881 3233 934 szecula.
3264 881 3406 935 Data
3430 882 3627 935 octavo

2009 972 2242 1029 Kalend.
2269 973 2440 1042 Junii,
2469 973 2717 1030 Galliano
2743 978 2802 1029 et
2824 973 3030 1031 Ruﬁno
3059 973 3397 1028 consulibus.

824 1271 1398 1364 INCIPIUNT
1477 1271 2001 1364 DECRETA
2085 1271 2641 1364 SOTHERIS
2724 1273 3082 1364 PAPfE.

1817 1417 1914 1479 De
1949 1416 2099 1495 ﬁde.

1196 1529 1370 1594 (Auno
1400 1527 1627 1581 Domini
1661 1529 1778 1597 l68,
1807 1529 2064 1597 tempore
2088 1525 2362 1580 Antonini
2389 1525 2730 1594 Commodi.)

342 1723 556 1776 Somn
585 1721 908 1792 apostolicae
929 1723 1074 1777 sedis
1101 1723 1576 1794 archiepiscopus,
1607 1722 1907 1794 Campanis
1927 1735 1983 1806 B
2008 1721 2232 1792 Filium,
2264 1725 2496 1794 excepto
2523 1721 2705 1776 Patris
2736 1726 3044 1792 praecepto,
3077 1720 3312 1774 doceam
3341 1716 3514 1771 fuisse
3547 1717 3627 1769 lo-

277 1817 543 1871 omnibus
568 1818 809 1871 salutem
837 1817 896 1872 in
925 1817 1184 1872 Domino.

346 1910 608 1964 Gaudere
651 1926 750 1963 vos
795 1914 1040 1980 oportet,
1087 1910 1311 1977 fratres,
1357 1911 1512 1980 quod
1562 1910 1749 1964 divina
1792 1913 1902 1964 lar-

281 2005 469 2073 giente
510 2003 693 2073 gratia
725 2003 1028 2057 familiares
1066 2003 1290 2057 Domini
1330 2003 1634 2072 vocamini,
1668 2003 1904 2074 ejusque

282 2097 574 2150 sacerdotii
601 2097 879 2167 dignitate
903 2096 1228 2166 fungimini.
1247 2097 1405 2150 Nunc
1431 2092 1624 2152 autem
1649 2114 1786 2167 rogo
1806 2113 1905 2152 vos

280 2194 341 2243 ut
367 2190 512 2243 circa
539 2190 731 2259 plebes
750 2189 906 2244 vobis
927 2190 1257 2244 commissas
1282 2189 1545 2244 laborare
1566 2190 1901 2262 dignemini,

274 2287 328 2336 et
353 2282 676 2336 fructuosos
702 2282 1020 2353 manipulos
1045 2282 1282 2337 Domino
1309 2287 1601 2353 reportare
1623 2284 1901 2338 nitamini.

272 2377 480 2430 Paulus
514 2376 667 2430 enim
707 2375 994 2447 apostolus
1023 2376 1092 2431 de
1121 2377 1232 2431 ﬁde
1261 2377 1338 2430 ita
1362 2377 1636 2447 loquitur,
1666 2378 1857 2432 dicens
1887 2395 1900 2432 :

274 2492 300 2516 ‹‹
341 2469 510 2532 Quod
539 2472 672 2522 ante
708 2469 1062 2539 promiserat,
1091 2470 1188 2538 ait,
1227 2486 1331 2540 per
1362 2471 1670 2540 prophetas
1694 2487 1820 2525 suos
1845 2471 1903 2525 in

271 2562 582 2632 Scripturis
625 2562 833 2616 sanctis
873 2561 944 2615 de
984 2562 1121 2616 Filio
1158 2579 1257 2616 suo
1295 2562 1391 2632 qui
1428 2563 1605 2616 factus
1631 2569 1716 2618 est
1753 2565 1805 2618 ei
1836 2582 1905 2619 ex

271 2655 497 2710 semine
545 2654 755 2724 David,
815 2657 1132 2711 secundum
1182 2672 1408 2710 carnem
1463 2657 1627 2725 (Rom.
1670 2675 1707 2723 ι,
1756 2660 1827 2726 2).
1878 2679 1903 2704 ››

271 2752 412 2804 Item
444 2751 569 2819 ipse
598 2749 668 2802 ad
699 2748 919 2803 Galatas
947 2767 960 2802 :
995 2771 1022 2797 ‹‹
1053 2751 1358 2820 Postquam
1383 2754 1576 2805 autem
1605 2751 1759 2806 venit
1786 2751 1904 2822 ple-

268 2842 474 2896 nitudo
500 2843 798 2913 temporis,
823 2844 975 2897 misit
995 2844 1142 2897 Deus
1168 2843 1367 2898 Filium
1389 2861 1555 2898 suum
1575 2861 1640 2899 ex
1665 2845 1905 2899 muliere

267 2937 485 2989 factum
527 2935 632 2989 sub
671 2937 796 3005 lege
839 2936 1039 3003 (Galat.
1089 2953 1161 3002 ιγ,
1194 2937 1266 3006 4).
1309 2958 1335 2987 ››
1376 2939 1442 2991 Et
1477 2937 1546 2991 ad
1586 2937 1906 3008 Philippen-

267 3046 352 3084 ses
383 3047 397 3084 :
435 3052 465 3079 «
507 3031 567 3083 In
600 3029 1029 3084 similitudinem
1066 3030 1367 3084 hominum
1405 3030 1585 3085 factus
1617 3035 1674 3086 et
1706 3031 1906 3086 habitu

2007 1820 2221 1883 cutum,
2249 1832 2314 1870 ex
2351 1815 2502 1870 Isaiae
2528 1815 2820 1885 prophetae
2845 1813 3130 1868 volumine
3154 1810 3494 1882 proferimus
3523 1808 3628 1862 do-

2007 1912 2360 1963 cumentum.
2389 1929 2416 1957 ‹‹
2438 1911 2564 1962 Haec
2585 1907 2720 1961 dicit
2740 1907 3012 1961 Dominus
3035 1923 3048 1960 :
3073 1908 3135 1961 In
3156 1905 3247 1958 illa
3265 1904 3356 1958 die
3377 1903 3512 1958 sciet
3532 1919 3630 1972 po-

2004 2003 2170 2072 pulus
2194 2019 2376 2068 meus,
2403 2002 2676 2073 quoniam
2703 2018 2812 2071 ego
2834 2001 2952 2071 ipse
2972 1999 3072 2070 qui
3090 1998 3362 2069 loquebar
3379 1997 3439 2050 in
3455 1994 3628 2050 servis

2005 2096 2147 2150 meis
2177 2095 2488 2166 prophetis,
2518 2095 2904 2166 evangelizans
2929 2093 3188 2148 auditum
3212 2090 3382 2162 pacis,
3414 2094 3470 2143 et
3497 2105 3628 2143 ecce

2005 2190 2228 2244 adsum.
2256 2208 2284 2240 »
2319 2191 2457 2242 Item
2485 2189 2562 2242 ibi
2591 2205 2604 2242 :
2638 2210 2665 2238 ‹‹
2695 2190 2810 2259 Ego
2838 2203 2963 2242 sum
2993 2185 3262 2240 dominus
3291 2183 3389 2255 qui
3422 2183 3630 2252 loquor

1999 2283 2304 2354 justitiam,
2331 2287 2385 2337 et
2407 2282 2684 2336 annuntio
2707 2281 3026 2335 veritatem.
3054 2302 3081 2327 ››
3109 2281 3248 2333 Item
3273 2276 3387 2332 ibi:
3414 2295 3443 2328 «
3469 2275 3632 2344 Cogi-

2005 2377 2136 2442 tavi,
2168 2381 2226 2429 et
2249 2377 2471 2431 locutus
2497 2393 2645 2444 sum,
2672 2379 2729 2429 et
2751 2374 2981 2440 adduxi,
3007 2377 3064 2426 et
3083 2371 3267 2426 creavi
3288 2376 3343 2426 et
3368 2369 3540 2425 feci.»
3566 2369 3632 2422 Et

2004 2471 2300 2541 Apostolus
2325 2487 2337 2524 :
2365 2490 2392 2521 «
2419 2472 2506 2522 An
2534 2469 2984 2539 experimentum
3015 2465 3267 2538 qumritis
3295 2464 3418 2535 ejus
3445 2461 3542 2533 qui
3569 2462 3628 2515 in

2005 2580 2096 2618 me
2123 2563 2372 2635 loquitur
2397 2562 2651 2618 Christus
2675 2565 2745 2621 (11
2774 2564 2892 2619 Cor.
2920 2577 3040 2629 xm,
3067 2561 3140 2620 3).
3170 2578 3198 2611 »
3232 2559 3299 2612 Et
3326 2559 3384 2612 in
3412 2556 3630 2627 psalmo

2005 2657 2314 2711 centesimo
2335 2656 2552 2711 decimo
2576 2659 2766 2710 octavo
2792 2671 2805 2708 :
2835 2675 2861 2705 «
2884 2654 3178 2724 Loquebar
3202 2652 3271 2706 de
3297 2648 3630 2705 testimoniis

2005 2750 2116 2805 tuis
2144 2749 2201 2804 in
2233 2754 2538 2821 conspectu
2567 2765 2792 2820 regum,
2820 2753 2876 2803 et
2902 2764 3020 2803 non
3046 2745 3438 2801 confundebar
3464 2742 3628 2813 (Psal.

2008 2860 2198 2910 cxvm,
2237 2844 2348 2914 46).
2388 2864 2415 2892 ››
2454 2845 2517 2897 Et
2547 2843 2667 2914 ipse
2697 2843 2966 2896 Dominus
2993 2841 3052 2896 in
3083 2839 3385 2910 Evangelio
3419 2853 3565 2891 casco
3597 2853 3631 2889 a

2007 2957 2066 2995 se
2092 2941 2419 2996 illuminato
2441 2941 2615 2995 dicit:
2642 2960 2669 2992 «
2695 2943 2757 2994 Et
2777 2939 2962 2994 vidisti
2987 2955 3122 2993 eum
3149 2944 3203 2992 et
3225 2937 3357 3009 quia
3378 2933 3631 3006 loquitur

2004 3037 2190 3089 tecum
2219 3035 2336 3105 ipse
2369 3038 2453 3088 est
2486 3034 2661 3103 (Joan.
2696 3051 2771 3103 ix,
2803 3037 2910 3100 36).
2944 3055 2972 3081 ››
3005 3035 3071 3087 Et
3097 3031 3469 3087 Samaritana:
3499 3044 3627 3081 mu-

264 3124 538 3178 inventus
578 3128 642 3177 ut
686 3123 859 3178 homo
906 3124 1164 3192 (Philipp.
1199 3141 1256 3190 11,
1298 3128 1371 3192 7).
1411 3143 1438 3174 »
1481 3126 1548 3180 Et
1590 3124 1647 3177 in
1687 3099 1980 3196 psalmoC
2006 3128 2131 3182 Iieri
2157 3099 2271 3182 ait-z
2296 3130 2461 3196 «Ego
2483 3099 2608 3181 sum
2634 3128 2731 3199 qui
2757 3099 2956 3200 loquor
2974 3131 3160 3182 tecum
3182 3125 3355 3195 (Joan.
3380 3140 3450 3191 1v,
3470 3122 3625 3190 26).»

264 3217 559 3272 tricesimo
618 3233 632 3270 :
691 3235 717 3266 «
777 3217 1062 3270 Infirmata
1111 3220 1196 3272 est
1246 3217 1304 3271 in
1357 3222 1683 3288 paupertate
1731 3218 1906 3273 virtus

264 3326 418 3374 mea,
445 3314 507 3363 et
533 3325 656 3363 ossa
685 3323 810 3362 mea
829 3309 1170 3363 conturbata
1191 3312 1342 3378 sunt,
1371 3313 1426 3364 et
1445 3326 1617 3380 super
1638 3311 1904 3366 inimicos

267 3420 426 3457 meos
453 3404 639 3456 factus
666 3418 794 3455 sum
817 3402 1187 3473 opprobrium
1218 3404 1381 3473 (Psal.
1412 3419 1543 3470 xxx,
1581 3405 1682 3466 Η).
1710 3427 1736 3451 ››
1764 3405 1903 3458 Item

265 3497 345 3550 ibi
401 3515 414 3550 :
469 3516 499 3545 α
544 3494 823 3549 Oblivioni
868 3496 1030 3550 datus
1086 3511 1213 3548 sum
1261 3500 1536 3566 tanquam
1582 3501 1836 3551 mortuus
1871 3514 1904 3550 a

266 3590 458 3644 corde.
511 3589 713 3642 Factus
765 3604 888 3640 sum
942 3591 1209 3658 tanquam
1262 3605 1356 3642 vas
1404 3589 1692 3659 perditum
1747 3591 1900 3648 (Ibid.

271 3685 376 3742 l3).
419 3706 448 3731 ››
485 3683 553 3735 Et
593 3682 648 3735 in
692 3682 1106 3752 septuagesimo
1140 3699 1152 3735 :
1185 3701 1212 3732 (ι
1251 3683 1539 3753 Tanquam
1580 3683 1903 3758 prodigium

264 3776 450 3830 factus
500 3791 628 3829 sum
664 3775 878 3839 multis,
923 3778 980 3828 et
1020 3777 1078 3827 tu
1117 3774 1345 3844 adjutor
1381 3775 1543 3828 fortis
1575 3776 1736 3838 (Psal.
1781 3793 1899 3844 Lxx,

267 3874 338 3932 τ).
379 3891 406 3917 υ
438 3869 510 3922 Et
545 3869 605 3921 in
634 3867 1050 3938 septuagesimo
1086 3868 1337 3921 secundo
1369 3884 1382 3921 :
1415 3889 1441 3916 «
1487 3870 1554 3924 Ut
1573 3869 1904 3938 jumentum

267 3962 449 4016 factus
501 3977 629 4014 sum
674 3959 828 4030 apud
875 3962 950 4028 te,
996 3965 1052 4016 et
1093 3977 1199 4030 ego
1243 3977 1467 4032 semper
1512 3966 1697 4016 tecum
1737 3965 1899 4018 (Psal.

267 4072 447 4123 Lxxn,
507 4054 618 4111 22).
676 4076 704 4102 ››
759 4056 824 4108 Et
870 4053 926 4107 in
975 4052 1322 4124 octogesimo
1373 4058 1532 4108 sexto
1585 4071 1596 4108 :
1657 4075 1682 4106 «
1733 4057 1904 4111 Mater

265 4149 404 4202 Sion
432 4148 586 4202 dicet
617 4164 630 4201 :
660 4149 858 4212 Homo,
891 4152 949 4201 et
981 4147 1158 4201 homo
1189 4151 1358 4202 natus
1387 4151 1470 4201 est
1496 4147 1554 4200 in
1580 4165 1664 4218 ea,
1695 4153 1752 4203 et
1781 4150 1900 4220 ipse

265 4241 528 4296 fundavit
565 4257 694 4294 eam
730 4240 1049 4295 Altissimus
1091 4241 1256 4304 (Psal.
1301 4257 1516 4307 Lxxxw,
1555 4242 1626 4301 ὅ).
1671 4263 1697 4290 ››
1740 4244 1804 4296 Et
1844 4243 1903 4296 in

266 4334 691 4404 septuagesimo
731 4334 1018 4404 septimo:
1060 4353 1088 4385 α
1133 4335 1334 4388 Factus
1379 4351 1504 4387 sum
1548 4333 1691 4388 sicut
1733 4335 1903 4389 homo

2004 3225 2071 3277 Et
2108 3221 2181 3276 ad
2219 3221 2522 3292 discipulos
2552 3238 2566 3275 :
2603 3241 2630 3272 «
2662 3221 2842 3275 Verba
2875 3236 3005 3293 quze
3045 3221 3262 3273 locutus
3299 3233 3424 3270 sum
3453 3215 3626 3281 vobis,

2005 3315 2238 3386 spiritus
2274 3318 2331 3367 et
2355 3314 2465 3367 vita
2493 3319 2624 3367 sunt
2648 3316 2823 3374 (Joan.
2855 3331 2924 3383 v1,
2959 3314 3066 3372 64).
3106 3332 3132 3363 »
3164 3313 3231 3365 Et
3254 3311 3324 3363 ad
3354 3311 3578 3362 Patrem
3611 3323 3624 3360 :

2004 3409 2121 3478 Ego
2151 3408 2224 3461 ad
2256 3411 2310 3461 te
2338 3407 2520 3474 venio,
2544 3411 2599 3460 et
2624 3407 2743 3461 haec
2764 3407 2970 3477 loquor
2995 3405 3052 3459 in
3078 3404 3309 3458 mundo.
3335 3403 3400 3454 Et
3421 3401 3627 3453 iterum

2001 3500 2212 3554 Iudaeis
2239 3500 2378 3554 dixit
2406 3517 2418 3554 ε
2444 3501 2668 3570 Loquor
2692 3500 2864 3566 vobis,
2890 3503 2945 3554 et
2970 3515 3087 3552 non
3110 3496 3333 3551 auditis.
3358 3495 3416 3550 Si
3437 3499 3626 3548 autem
3729 3508 3735 3512 ‘

2001 3593 2218 3647 venerit
2246 3593 2406 3660 alius,
2441 3592 2602 3647 illum
2641 3592 2900 3646 audietis.
2936 3593 3001 3645 Et
3037 3591 3246 3645 iterum
3274 3606 3287 3642 :
3319 3590 3443 3642 llaec
3469 3588 3623 3641 locu-

2003 3691 2094 3740 tus
2129 3690 2212 3740 est
2239 3686 2510 3739 Dominus
2535 3686 2594 3738 in
2627 3684 3024 3756 gazophylacio
3055 3684 3261 3737 docens
3294 3682 3352 3735 in
3390 3681 3622 3751 templo.

2003 3782 2069 3833 Et
2111 3795 2281 3832 nemo
2319 3778 2692 3848 apprehendit
2731 3794 2882 3844 cum,
2932 3777 3066 3846 quia
3105 3775 3359 3829 nondum
3397 3776 3629 3827 venerat

2001 3872 2141 3926 hora
2166 3871 2307 3941 ejus.
2338 3873 2476 3925 Ecce
2501 3871 2562 3924 in
2593 3871 2681 3924 his
2721 3868 3004 3933 omnibus,
3034 3885 3162 3939 quae
3193 3868 3450 3938 superius
3476 3865 3625 3920 dicta

2001 3969 2150 4031 sunt,
2189 3981 2306 4018 non
2345 3965 2576 4019 docetur
2604 3963 2772 4017 Filius
2811 3965 3093 4033 praacepto
3131 3961 3308 4016 Patris
3347 3960 3514 4014 fuisse
3549 3959 3626 4012 lo-

2002 4061 2182 4124 cutus,
2212 4059 2305 4112 sed
2345 4057 2530 4128 magis
2568 4056 2860 4128 proprium
2897 4056 3213 4109 exercuisse
3251 4055 3309 4108 in
3339 4053 3624 4124 loquendo

2003 4167 2344 4205 sermonem.
2387 4150 2553 4205 Isaias
2595 4165 2824 4222 quoque
2862 4149 3143 4220 propheta
3183 4147 3260 4202 ait
3288 4165 3301 4202 :
3331 4149 3458 4201 Haec
3493 4146 3627 4200 dicit

2002 4244 2272 4298 Dominus
2300 4260 2313 4298 :
2343 4245 2460 4314 Ego
2494 4243 2603 4298 feci
2629 4249 2836 4298 terram
2869 4258 3036 4297 sensu
3067 4258 3217 4310 meo,
3252 4244 3309 4296 et
3336 4241 3624 4295 hominem

2003 4354 2174 4408 super
2219 4353 2373 4404 eam,
2419 4353 2526 4408 ego
2569 4336 2802 4392 solidavi
2849 4336 3052 4391 ccelum
3098 4351 3274 4390 manu
3320 4351 3477 4401 mea,
3521 4350 3627 4402 ego

269 4428 386 4481 sine
413 4427 700 4497 adjutorio
729 4427 878 4480 inter
908 4430 1161 4480 mortuos
1188 4426 1333 4480 liber
1357 4427 1522 4488 (Psal.
1553 4445 1754 4497 Lxxvn,
1783 4429 1899 4488 5).»
1921 4459 1980 4531 D
2003 4429 2264 4485 omnibus
2308 4429 2584 4485 sideribus
2626 4430 2892 4484 mandavi
2947 4433 3007 4482 ut
3057 4430 3313 4484 lucerent
3355 4427 3412 4480 in
3460 4427 3623 4480 coelo.

271 4522 333 4574 Et
358 4521 417 4574 in
448 4521 762 4575 centesimo
792 4525 984 4574 octavo
1013 4537 1026 4574 :
1057 4541 1084 4569 «
1114 4520 1178 4574 Et
1203 4519 1382 4574 factus
1403 4537 1530 4574 sum
1558 4521 1666 4575 illis
1695 4538 1901 4593 oppro-

271 4612 476 4678 brium,
515 4613 784 4668 viderunt
814 4629 928 4679 me,
960 4618 1016 4667 et
1051 4616 1358 4667 moverunt
1394 4614 1577 4685 capita
1613 4632 1714 4669 sua
1738 4617 1899 4678 (Psal.

276 4722 422 4772 cvm,
477 4707 583 4775 I5).
619 4728 644 4754 ››
689 4708 755 4760 Et
795 4706 852 4759 in
895 4706 1212 4760 centesimo
1252 4705 1476 4776 primo:
1515 4729 1542 4755 ‹‹
1579 4708 1815 4778 Vigilavi
1850 4712 1906 4763 et

272 4797 447 4852 factus
495 4816 621 4852 sum
677 4799 819 4853 sicut
866 4814 1056 4869 passer
1100 4798 1379 4853 solitarius
1432 4799 1490 4853 in
1542 4804 1690 4855 tecto
1737 4803 1900 4862 (Psal.

277 4908 342 4956 ci,
371 4897 444 4961 5).
471 4913 497 4942 ιι
527 4893 594 4946 Et
620 4892 678 4945 in
707 4893 1040 4962 Evangelio:
1075 4911 1101 4943 ι(
1127 4892 1370 4947 Verbum
1402 4909 1530 4947 caro
1556 4893 1768 4948 factum
1797 4901 1900 4962 est,

277 4989 330 5036 et
370 4985 643 5039 habitavit
686 4985 744 5038 in
793 4985 954 5040 nobis
996 4989 1170 5049 (Joan.
1212 5003 1250 5053 ι,
1298 4986 1400 5052 14).
1443 5009 1470 5035 ››
1519 4986 1688 5040 Filius
1729 4987 1904 5057 igitur

277 5078 581 5132 secundum
607 5093 837 5132 carnem
866 5078 1074 5132 dicitur
1092 5078 1293 5134 factus.
1317 5080 1458 5132 Nam
1486 5080 1798 5134 secundum
1823 5080 1902 5134 di-

277 5170 564 5226 vinitatem
589 5188 622 5225 a
652 5173 814 5226 Patre
844 5188 1129 5243 nusquam
1157 5171 1362 5227 dicitur
1391 5172 1587 5240 factus,
1617 5174 1714 5228 sed
1741 5173 1897 5246 geni-

275 5266 376 5332 tus;
400 5263 538 5319 dum
561 5265 716 5319 enim
734 5265 896 5320 Pater
916 5265 1186 5336 loquitur,
1211 5265 1382 5320 Filius
1399 5266 1671 5338 loquitur,
1693 5270 1749 5322 et
1767 5284 1901 5322 cum

277 5355 929 5430 FiliusloquiturPatrem
941 5359 998 5412 in
1012 5359 1108 5413 illo
1122 5375 1241 5413 esse
1255 5359 1583 5430 loquentem
1599 5361 1902 5415 documen-

273 5448 337 5501 tis
361 5452 684 5506 cmlestibus
708 5451 1130 5522 comprobatur,
1153 5452 1328 5506 Paulo
1353 5455 1604 5523 apostolo
1628 5457 1898 5508 attestan-

273 5545 339 5606 te,
387 5545 485 5615 qui
526 5544 608 5598 ait
643 5561 656 5598 :
691 5545 876 5600 Multis
907 5545 1162 5616 partibus
1201 5545 1514 5617 multisque
1552 5547 1735 5601 modis
1764 5547 1901 5602 olim

268 5632 384 5708 27
429 5638 576 5694 Deus
603 5639 824 5694 locutus
864 5643 949 5694 est
977 5639 1236 5694 Patribus
1272 5639 1330 5694 in
1365 5639 1678 5711 prophetis,
1711 5641 1897 5696 novis-

265 5729 400 5786 sime
423 5736 618 5788 autem
647 5733 866 5789 locutus
892 5738 976 5788 est
999 5733 1160 5788 nobis
1183 5731 1240 5787 in
1270 5732 1427 5789 Filio.
1459 5735 1523 5789 Et
1550 5738 1612 5790 ut
1630 5735 1897 5791 eumdem

2004 4527 2144 4579 Item
2167 4523 2274 4577 ibi:
2299 4524 2414 4594 Ego
2433 4539 2602 4578 omne
2621 4523 2923 4577 consilium
2943 4538 3134 4577 meum
3152 4520 3338 4586 statui,
3357 4522 3412 4574 et
3433 4518 3627 4573 omnia

2005 4633 2363 4688 quaecunque
2405 4616 2648 4686 cogitavi
2694 4633 2802 4687 ego
2848 4615 2972 4670 feci.
3018 4617 3159 4669 Item
3196 4613 3320 4668 ibi:
3364 4613 3452 4668 Sic
3495 4612 3630 4667 dicit

2002 4711 2296 4777 Dominus,
2338 4710 2434 4781 qui
2472 4709 2758 4764 constituit
2799 4709 3000 4764 coelum
3039 4711 3095 4762 et
3132 4712 3364 4774 terram,
3399 4709 3455 4762 et
3495 4706 3630 4760 fecit

2003 4819 2130 4857 eam
2164 4807 2220 4857 et
2248 4803 2503 4856 fundavit
2531 4820 2675 4856 eam.
2707 4805 2845 4858 Item
2874 4801 2949 4856 ibi
2979 4819 2992 4856 :
3025 4804 3143 4873 Ego
3171 4802 3409 4872 primus,
3439 4805 3494 4855 et
3519 4816 3626 4870 ego

2000 4896 2061 4950 in
2097 4900 2395 4966 aeternum,
2426 4913 2628 4950 manus
2666 4912 2794 4950 mea
2829 4895 3087 4950 fundavit
3121 4899 3354 4950 terram.
3397 4895 3629 4948 Dextera

2001 5006 2131 5044 mea
2158 4989 2416 5044 solidavit
2434 4991 2657 5045 caelum.
2680 4991 2747 5045 Et
2771 4989 2828 5044 in
2849 4990 3090 5046 Ieremia
3117 5007 3130 5043 :
3154 4991 3272 5060 Ego
3293 4988 3399 5043 feci
3417 4993 3626 5043 terram

2001 5083 2061 5137 in
2100 5084 2432 5139 fortitudine
2475 5101 2601 5139 mea
2642 5101 2874 5154 magna,
2919 5087 2976 5138 et
3022 5084 3080 5137 in
3121 5083 3349 5138 brachio
3379 5098 3507 5137 meo
3539 5097 3627 5134 ex-

2000 5178 2170 5232 celso.
2200 5179 2336 5232 Item
2366 5177 2444 5231 ibi
2473 5195 2486 5231 :
2519 5176 2790 5232 Dominus
2815 5177 2948 5237 fecit
2972 5184 3183 5232 terram
3210 5177 3269 5231 in
3295 5176 3499 5230 virtute
3527 5188 3625 5226 sua

2001 5285 2226 5341 magna,
2261 5274 2317 5324 et
2349 5270 2527 5325 erexit
2559 5270 2752 5324 orbem
2789 5274 2957 5325 terra:
2981 5270 3041 5324 in
3081 5269 3374 5340 sapientia,
3404 5270 3458 5320 et
3495 5281 3625 5334 pru-

1999 5363 2191 5419 dentia
2217 5379 2315 5417 sua
2345 5363 2593 5419 extendit
2619 5364 2821 5418 coelum
2849 5368 2907 5418 et
2934 5363 3120 5435 posuit
3147 5377 3346 5416 sonum
3374 5374 3535 5429 aquae
3563 5357 3620 5410 in

1999 5459 2162 5511 coelo.
2211 5457 2522 5523 Defendite,
2564 5457 2896 5528 charissimi,
2937 5473 3042 5527 ego
3080 5472 3218 5525 rogo
3260 5470 3376 5519 vos,
3424 5455 3622 5505 contra

1998 5550 2294 5605 malivolos
2334 5551 2596 5606 homines
2643 5551 3044 5606 inconcussum
3088 5547 3348 5602 Ecclesiae
3386 5548 3617 5615 statum,

1996 5645 2063 5698 ut
2087 5661 2186 5699 vos
2214 5644 2419 5700 Christi
2454 5645 2689 5700 dextera
2715 5643 2982 5700 defendat
3007 5642 3063 5696 in
3100 5656 3303 5694 aevum.
3333 5641 3472 5696 Data
3505 5642 3605 5695 No-

2001 5755 2099 5791 nas
2123 5738 2266 5805 Maii,
2299 5739 2524 5795 Rustico
2553 5745 2607 5793 et
2634 5738 2893 5808 Aquilino
2921 5737 2984 5790 IV
3011 5733 3350 5791 consulibus.
