4026 6166
382 230 473 286 HQ

1257 230 1538 288 APPEND.
1579 228 1666 285 AD
1703 228 1864 286 SEC.
1910 227 1992 283 IX.
2027 257 2092 268 —
2134 226 2380 282 lSlDORl
2419 225 2842 284 MERCATORIS

3623 222 3724 282 l20

1410 379 1869 451 EPISTOLA
1948 379 2405 451 SOTHERIS
2475 380 2780 451 PAPIE.

443 524 830 582 Dilectissimis
867 524 1134 582 fratribus
1171 543 1276 597 per
1317 526 1488 581 Italiae
1525 525 1844 598 provincias
1877 541 2000 580 san-
2019 535 2077 608 Α
2099 529 2184 580 est
2200 523 2489 594 vigilantia
2512 523 2658 579 tanti
2681 522 3016 578 sacramenti
3036 520 3329 594 sapientiae
3349 519 3725 589 discretionis,

373 619 476 674 ctis
501 619 817 675 constitutis
844 619 1138 691 episcopis,
1169 620 1377 675 Somne
1401 636 1569 692 papa.

444 712 654 768 Divinis
695 713 996 785 praeceptis
1021 717 1078 769 et
1107 713 1430 785 apostolicis
1459 712 1690 768 monitis
1723 712 1997 768 informa-

372 822 524 873 mur,
551 809 618 860 ut
645 822 751 877 pro
781 806 1040 862 omnium
1068 807 1440 862 Ecclesiarum
1471 810 1619 862 statu
1646 806 1895 878 impigro
1923 805 2000 860 vi-

376 899 620 970 gilemus
652 898 876 968 affectu,
919 903 978 955 at
1013 900 1060 955 si
1103 901 1239 972 quid
1283 916 1526 973 usquam
1566 898 2000 971 reprehensioni

373 991 663 1047 invenitur
691 991 1020 1061 obnoxium,
1042 993 1214 1049 celeri
1240 991 1619 1049 sollicitudine
1644 993 1713 1048 ab
1738 993 2001 1065 ignoran-

372 1084 466 1140 tiae
496 1084 783 1157 imperitia
808 1088 863 1141 et
889 1086 1349 1158 prmsumptionis
1377 1086 1742 1158 usurpatione
1769 1102 1997 1142 revoce-

373 1194 520 1233 mus.
569 1178 828 1234 Sacratas
873 1180 991 1235 Deo
1038 1179 1278 1235 feminas
1322 1180 1411 1235 vel
1453 1180 1796 1250 monachas,
1841 1196 2001 1234 sacra

372 1287 505 1326 vasa
528 1272 619 1326 vel
651 1274 892 1327 sacratas
918 1273 1094 1344 pallas
1127 1289 1300 1343 penes
1328 1289 1425 1327 vos
1462 1273 1792 1344 contingere
1823 1275 1880 1328 et
1909 1271 1997 1326 in-

373 1380 609 1419 censum
627 1365 773 1420 circa
794 1365 998 1421 altaria
1024 1366 1247 1422 deferre
1270 1366 1556 1438 perlatum
1583 1370 1669 1421 est
1694 1366 1767 1421 ad
1785 1369 2002 1437 aposto-

374 1457 546 1513 licam
582 1459 796 1527 sedem,
829 1476 957 1531 quas
997 1460 1189 1514 omnia
1220 1459 1670 1530 reprehensione
1697 1462 1754 1515 et
1781 1459 1998 1530 vitupe-

373 1551 592 1606 ratione
625 1551 796 1622 plena
831 1569 971 1622 esse,
1012 1552 1158 1607 nulli
1194 1556 1344 1607 recte
1382 1553 1726 1624 sapientium
1763 1553 2000 1606 dubium

374 1647 476 1699 est.
508 1645 864 1717 Quapropter
891 1646 1062 1717 hujus
1088 1647 1298 1700 sanctae
1327 1646 1475 1700 sedis
1504 1646 1851 1713 auctoritate,
1882 1646 2002 1700 haec

375 1737 565 1791 omnia
603 1738 761 1793 vobis
796 1754 1048 1794 resecare
1087 1738 1362 1808 funditus,
1400 1742 1610 1810 quanto
1650 1738 1813 1793 citius
1841 1743 2000 1810 pote—

374 1829 517 1898 ritis,
535 1847 850 1899 censemus,
871 1836 928 1887 et
951 1848 1024 1887 ne
1043 1832 1214 1903 pestis
1229 1833 1351 1887 haec
1370 1831 1537 1886 latius
1563 1830 1886 1902 divulgetur
1903 1848 2005 1903 per

2099 634 2228 690 quae
2266 618 2481 672 occulta
2518 617 2887 673 tenebrarum
2912 616 3148 685 revelat,
3185 616 3255 671 ad
3291 613 3728 687 requisitionem

2098 710 2429 782 hujusmodi
2457 710 2542 766 rei
2567 714 2624 766 et
2653 709 3082 779 scrutationem,
3114 707 3385 780 quoniam
3408 708 3546 763 latet
3580 723 3728 779 quo-

2101 804 2414 859 dammodo
2455 807 2511 860 et
2549 803 2934 873 absconditur,
2978 802 3187 875 vixque
3224 801 3731 873 comprehenditur

2102 897 2295 952 dolosa
2333 897 2578 952 existens
2615 896 2832 952 malitia
2867 913 2972 968 pro
3013 913 3081 951 eo
3122 895 3273 968 quod
3308 894 3413 950 sibi
3455 894 3730 966 pietatem

2100 990 2300 1045 callide
2345 990 2688 1058 blandiatur,
2736 995 2800 1045 ut
2841 990 3019 1044 valeat
3057 988 3427 1044 scrutantium
3467 990 3729 1042 mentem

2097 1083 2299 1140 latere.
2351 1083 2513 1148 Quod
2548 1083 2749 1155 utique
2792 1083 2972 1138 sciens
3008 1083 3206 1138 beatus
3242 1081 3558 1154 Apostolus,
3600 1081 3680 1135 ait
3711 1096 3725 1134 :

2103 1196 2130 1230 ι(
2170 1179 2311 1232 Nam
2352 1177 2678 1248 hujusmodi
2704 1175 3176 1249 pseudoapostoli,
3208 1173 3451 1247 operarii
3481 1173 3729 1239 subdoli,

2098 1271 2513 1343 transﬁgurant
2562 1287 2620 1325 se
2667 1271 2726 1325 in
2774 1271 3054 1342 apostolos
3105 1269 3315 1324 Christi
3364 1270 3439 1331 (Π
3474 1270 3592 1326 Cor.
3645 1284 3729 1335 x1,

2104 1367 2206 1424 13).
2237 1387 2265 1415 ››
2295 1365 2409 1420 Sed
2434 1381 2553 1419 non
2581 1365 2793 1418 mirum
2833 1364 3063 1435 quando
3088 1362 3211 1435 ipse
3243 1362 3477 1418 Satanas
3502 1360 3735 1416 transﬁ-

2103 1462 2269 1530 gurat
2295 1474 2351 1513 se
2376 1459 2435 1512 in
2465 1458 2739 1527 angelum
2765 1457 2924 1525 lucis,
2948 1457 2992 1511 si
3018 1455 3264 1511 ministri
3284 1455 3406 1526 ejus
3429 1453 3739 1525 transﬁgu-

2101 1555 2301 1606 rantur
2314 1552 2470 1606 velut
2488 1551 2734 1605 ministri
2737 1550 2994 1622 justitiae,
3009 1566 3252 1621 quorum
3272 1547 3401 1603 finis
3418 1548 3737 1602 secundum

2102 1661 2273 1716 opera
2311 1660 2532 1700 eorum.
2572 1644 2678 1699 Sed
2719 1646 2777 1698 et
2816 1643 3086 1698 Dominus
3111 1643 3169 1698 in
3199 1643 3309 1698 hoc
3342 1640 3738 1712 praemuniens

2102 1755 2226 1806 nos,
2257 1738 2337 1792 ait
2375 1755 2388 1792 :
2425 1759 2453 1786 «
2480 1736 2770 1792 Attendite
2794 1753 2826 1790 a
2855 1737 3010 1791 falsis
3047 1735 3340 1808 prophetis
3369 1735 3467 1807 qui
3496 1736 3740 1790 veniunt

2103 1833 2174 1886 ad
2201 1848 2299 1886 vos
2324 1831 2382 1885 in
2412 1830 2761 1885 vestimentis
2784 1831 2996 1900 ovium,
3019 1829 3358 1884 intrinsecus
3379 1830 3572 1884 autem
3599 1831 3740 1882 sunt

377 1941 574 1980 omnes
601 1925 933 1996 provincias,
967 1925 1214 1997 abstergi
1242 1926 1509 1981 citissime
1538 1925 1896 1993 mandamus,
1925 1901 2078 1981 aitB
2103 1924 2220 1996 lupi
2267 1940 2530 1995 rapaces;
2584 1939 2618 1977 a
2662 1923 2938 1977 fructibus
2981 1939 3186 1978 eorum
3237 1920 3594 1993 cognoscetis
3636 1938 3739 1976 eos

377 2017 530 2072 enim
565 2019 866 2089 Apostolus
893 2037 907 2074 :
940 2041 968 2069 «
999 2019 1283 2092 Despondi
1312 2018 1466 2074 enim
1494 2035 1592 2074 vos
1620 2019 1721 2073 uni
1750 2019 1869 2074 viro
1899 2019 2004 2074 vir-

377 2111 570 2181 ginem
613 2116 826 2166 castam
871 2113 1138 2167 exhibere
1188 2112 1411 2167 Christo
1455 2114 1531 2174 (II
1579 2115 1696 2170 Cor.
1737 2129 1814 2182 x1,
1853 2115 1927 2174 2).
1971 2132 2000 2164 »

374 2203 472 2257 Illa
499 2207 584 2257 est
617 2204 770 2258 enim
798 2203 959 2274 virgo
988 2204 1250 2272 Ecclesia,
1284 2221 1489 2275 sponsa
1517 2205 1684 2258 unius
1716 2204 1819 2258 viri
1851 2205 2006 2258 Chri-

377 2295 465 2361 sti,
494 2311 622 2365 quae
651 2297 807 2350 nullo
832 2314 889 2351 se
916 2297 1130 2367 patitur
1155 2313 1344 2352 errore
1376 2297 1463 2351 vel
1491 2297 1790 2362 inhonesta
1817 2313 2007 2367 repre-

378 2387 652 2443 hensione
676 2388 880 2456 vitiari,
903 2392 965 2442 ut
991 2405 1092 2460 per
1111 2394 1295 2444 totum
1315 2389 1595 2444 mundum
1617 2406 1732 2443 una
1755 2390 1826 2444 sit
1842 2390 2006 2444 nobis

377 2479 546 2533 unius
582 2484 747 2535 castae
787 2481 1204 2536 communionis
1241 2481 1554 2552 integritas.
1597 2482 1753 2537 Unde
1782 2498 2006 2536 consur-

382 2572 518 2644 gite,
547 2573 882 2644 charissimi,
905 2592 1036 2630 cum
1067 2575 1320 2644 Domino,
1345 2579 1400 2630 et
1419 2575 1662 2629 assistite
1691 2576 1744 2629 ei
1769 2575 2006 2630 induen-

377 2672 461 2722 tes
486 2683 645 2722 arma
663 2668 892 2738 spiritus
919 2669 1186 2724 adversus
1211 2669 1590 2740 malignantes
1615 2671 1807 2723 contra
1831 2668 2004 2723 ﬁdem

379 2760 520 2830 ejus,
561 2764 618 2814 et
658 2761 931 2831 probetur
965 2762 1193 2832 spiritus
1235 2761 1549 2832 sapientiae,
1590 2761 1649 2815 id
1689 2765 1793 2827 est,
1836 2761 2007 2816 verba

376 2853 608 2907 illorum
637 2853 684 2908 si
708 2871 776 2908 ex
802 2855 916 2908 Deo
945 2858 1096 2909 sunt.
1130 2854 1415 2925 Scriptum
1460 2857 1547 2908 est
1582 2854 1739 2908 enim
1770 2854 1831 2908 in
1857 2856 2008 2909 Jere-

379 2945 493 2999 mia
523 2963 536 3000 :
569 2965 596 2997 a
629 2946 994 3002 Probatorem
1031 2947 1162 3002 dedi
1201 2951 1254 3001 te
1284 2947 1342 3001 in
1374 2947 1653 3018 populum
1691 2963 1884 3002 meum
1919 2963 2010 3002 ro-

378 3039 628 3107 bustum,
661 3043 720 3093 et
744 3039 989 3108 sciesyet
1013 3040 1202 3108 facies,
1233 3044 1289 3095 et
1313 3040 1578 3111 probabis
1604 3040 1752 3094 viam
1777 3039 2008 3094 illorum

381 3134 587 3188 (larem.
620 3149 697 3202 vr,
739 3134 844 3193 27).
883 3154 911 3183 »
941 3133 1176 3188 Multum
1212 3149 1462 3205 namque
1502 3133 1668 3188 nobis
1695 3133 2010 3188 necessaria

2102 2019 2316 2080 (Matth.
2343 2033 2440 2085 vn,
2472 2019 2556 2084 15,
2591 2016 2698 2087 16).
2723 2038 2751 2065 ››
2784 2018 2932 2086 Ergo
2950 2015 3010 2070 in
3035 2015 3282 2086 idipsum
3315 2033 3385 2070 ex
3415 2018 3532 2069 toto
3561 2015 3738 2069 corde

2101 2113 2290 2166 vestro
2321 2110 2652 2175 referentes,
2682 2112 2811 2164 ante
2843 2109 3056 2178 omnia,
3087 2125 3257 2179 super
3281 2108 3382 2162 tali
3419 2108 3740 2179 quaestione

2106 2203 2586 2274 deprecationem,
2625 2205 2682 2258 et
2725 2201 2977 2258 dicentes
3021 2218 3152 2256 cum
3188 2200 3356 2256 David
3397 2220 3412 2256 :
3455 2221 3482 2250 ‹‹
3528 2202 3741 2255 Revela

2105 2299 2294 2351 oculos
2330 2313 2504 2363 meos,
2537 2299 2594 2351 et
2619 2296 2993 2351 considerabo
3028 2295 3307 2349 mirabilia
3337 2295 3406 2349 de
3440 2295 3567 2365 lege
3597 2299 3697 2350 tua
3724 2312 3738 2361 ;

2105 2392 2332 2445 lucerna
2369 2389 2608 2461 pedibus
2645 2390 2788 2444 meis
2823 2389 3063 2444 verbum
3106 2393 3290 2454 tuum,
3323 2391 3380 2441 et
3415 2387 3610 2442 lumen
3647 2405 3739 2442 se-

2105 2482 2259 2537 mitis
2296 2482 2437 2537 meis
2462 2481 2629 2544 (Psal.
2663 2499 2844 2547 cxvm,
2879 2484 2961 2549 18,
3001 2481 3142 2552 105).
3171 2503 3199 2529 ››
3239 2481 3537 2550 Quoniam,
3566 2484 3633 2534 ut
3659 2481 3745 2536 ait

2105 2576 2302 2630 beatus
2332 2575 2525 2630 Daniel
2554 2575 2852 2646 propheta,
2881 2597 2907 2623 «
2936 2573 3216 2646 sapientia
3240 2578 3298 2628 et
3318 2573 3593 2628 fortitudo
3618 2575 3745 2643 ejus

2108 2672 2240 2722 sunt
2277 2669 2438 2739 (Dan.
2474 2684 2532 2734 ιι,
2575 2670 2687 2737 20),
2717 2689 2744 2717 ››
2780 2668 2880 2722 dat
2912 2667 3252 2738 sapientiam
3287 2666 3651 2737 sapientibus,
3683 2670 3745 2722 et

2108 2762 2399 2816 scientiam
2423 2761 2871 2832 intelligentibus
2900 2764 2956 2815 et
2993 2759 3352 2830 disciplinam
3378 2777 3391 2825 ;
3424 2760 3544 2831 ipse
3573 2776 3740 2815 reve-

2106 2856 2185 2908 lat
2211 2854 2494 2925 profunda
2518 2859 2572 2909 et
2601 2853 2946 2923 abscondita,
2975 2857 3033 2908 et
3057 2853 3216 2908 novit
3240 2853 3303 2907 in
3327 2853 3574 2908 tenebris
3600 2869 3744 2908 con-

2107 2947 2319 3017 stituta,
2347 2949 2404 3002 et
2431 2947 2524 3001 lux
2551 2963 2682 3002 cum
2715 2963 2782 3002 eo
2815 2949 2919 3001 est.
2951 2945 3091 3014 Quia
3117 2945 3454 3017 sapientiam
3481 2951 3538 3001 et
3575 2946 3742 3001 forti-

2106 3040 2365 3094 tudinem
2377 3039 2578 3095 dedisti
2589 3040 2731 3094 mihi
2749 3044 2807 3094 et
2829 3039 3119 3094 ostendisti
3137 3039 3279 3094 mihi
3299 3055 3427 3111 quae
3442 3038 3635 3110 rogavi
3655 3042 3740 3094 te.

2108 3134 2248 3187 Data
2273 3150 2308 3187 x
2337 3133 2576 3188 Kalend.
2604 3133 2776 3202 Junii,
2810 3132 2994 3188 Cetico
3025 3135 3084 3186 et
3111 3133 3271 3188 Clero
3298 3134 3367 3188 IV
3391 3132 3738 3188 consulibus.

855 3457 1430 3550 INCIPIUNT
1517 3456 2040 3549 DECRETA
2130 3455 2810 3549 ELEUTHEBII
2900 3455 3266 3548 ΡΑΡλΈ.

1293 3615 1473 3677 (Anno
1500 3615 1722 3671 Domini
1755 3619 1873 3685 l77,
1904 3618 2162 3686 tempore
2191 3615 2462 3671 Antonini
2487 3614 2825 3681 Commodi.)

448 3877 817 3932 ELEUTHERIUS
872 3876 1188 3948 episcopus,
1254 3877 1533 3933 universis
1591 3878 1849 3934 Ecclesiis
1904 3894 2008 3948 per
2026 3878 2259 3963 Cvelut
2289 3877 2531 3933 linteum
2570 3892 2868 3948 magnum,
2902 3879 3148 3948 quatuor
3172 3874 3348 3931 initiis
3383 3872 3637 3929 submitti
3665 3874 3743 3928 de

378 3968 572 4024 Gallia
607 3969 931 4040 provincias
957 3971 1202 4025 Domino
1240 3971 1637 4039 militantibus,
1667 3971 1726 4024 in
1769 3969 2008 4025 Domino

378 4062 640 4116 salutem.

448 4154 650 4223 Magno
683 4169 927 4207 munere
962 4153 1364 4208 misericordiae
1403 4153 1501 4209 Dei
1537 4153 1712 4209 totius
1747 4154 2007 4209 Ecclesiae

380 4244 672 4300 catholicae
701 4244 1075 4316 multiplicata
1106 4243 1236 4301 sunt
1264 4246 1493 4318 gaudia,
1521 4262 1652 4301 cum
1680 4248 1888 4302 multos
1910 4265 2009 4318 po-

380 4339 546 4410 pulos
582 4338 653 4392 ad
695 4337 917 4392 Domini
962 4338 1255 4393 servitium
1295 4339 1565 4395 festinare
1609 4341 2004 4411 cognovimus.

376 4433 496 4496 Qua
530 4431 600 4486 de
641 4447 702 4486 re
743 4432 1127 4487 necessarium
1160 4432 1541 4503 judicavimus
1576 4449 1674 4487 vos
1703 4434 2004 4503 instruere,

381 4529 443 4580 ut
480 4542 634 4581 escas
667 4543 806 4597 quas
836 4525 1012 4580 vitare
1050 4542 1150 4581 vos
1188 4525 1511 4582 audivimus
1540 4527 2010 4582 irrationabiliter

382 4635 498 4673 non
528 4621 826 4690 respuatis.
850 4619 1034 4688 Scitis,
1064 4620 1290 4690 fratres,
1313 4620 1704 4691 legislatorem
1726 4621 2005 4687 docuisse,

380 4712 573 4767 omnia
608 4729 736 4784 quae
775 4713 984 4767 creavit
1017 4715 1163 4769 Deus
1202 4717 1364 4767 erant
1404 4714 1562 4768 valde
1592 4713 1761 4781 bona,
1793 4717 1851 4768 et
1887 4713 2009 4785 ipsa

378 4822 481 4876 per
509 4822 569 4860 se
607 4805 825 4860 Veritas
857 4807 936 4861 ait
964 4825 977 4861 :
1022 4827 1049 4856 «
1087 4810 1212 4861 Non
1243 4807 1398 4879 quod
1448 4806 1623 4862 intrat
1657 4807 1716 4861 in
1739 4811 1816 4861 'os
1857 4806 2010 4861 coin-

380 4899 579 4969 quinat
605 4900 922 4970 hominem,
955 4900 1055 4955 sed
1096 4901 1248 4972 quod
1281 4901 1398 4955 exit
1435 4901 1505 4954 de
1546 4917 1643 4955 ore
1671 4901 1887 4965 (Matth.
1919 4917 2005 4970 xv,

382 4995 534 5058 1L)»
567 4993 726 5048 Unde
760 4996 984 5048 constat
1005 5011 1122 5049 non
1147 4994 1358 5049 debere
1382 4994 1636 5049 refutare
1665 5010 1820 5048 escas
1850 5010 2007 5049 com-

378 5103 583 5141 munes
604 5103 743 5157 quas
769 5087 913 5141 Deus
939 5087 1009 5142 ad
1035 5087 1185 5142 cibos
1211 5087 1412 5142 tribuit
1430 5087 1692 5142 ﬁdelibus
1711 5087 1844 5142 suis.
1865 5089 1933 5142 Et
1953 5087 2011 5141 in

376 5180 610 5236 Actibus
637 5181 1045 5251 apostolorum,
1075 5181 1146 5235 de
1186 5180 1415 5235 mundis
1453 5181 1592 5235 escis
1632 5181 1843 5251 legitur
1883 5181 1960 5235 ita
1993 5198 2006 5235 :

2107 3970 2244 4025 coelo
2287 3969 2347 4024 in
2388 3973 2622 4037 terram,
2661 3970 2724 4024 in
2766 3985 2879 4042 quo
2923 3973 3084 4025 erant
3115 3968 3308 4024 omnia
3346 3965 3746 4040 quadrupedia

2107 4067 2164 4118 et
2191 4061 2478 4133 serpentia
2501 4067 2693 4131 terrae,
2723 4065 2782 4117 et
2805 4062 3057 4118 volatilia
3083 4063 3223 4118 coeli.
3252 4064 3322 4116 Et
3346 4062 3490 4116 facta
3518 4065 3602 4115 est
3630 4075 3745 4114 vox

2107 4155 2179 4210 ad
2204 4171 2337 4211 eum
2374 4172 2388 4210 :
2423 4155 2626 4228 Surge,
2665 4157 2852 4224 Petre,
2890 4156 3082 4211 occide
3111 4160 3167 4211 et
3191 4155 3490 4211 manduca.
3521 4152 3614 4207 Ait
3641 4169 3744 4207 au-

2106 4253 2223 4303 tem
2247 4250 2442 4303 Petrus
2466 4265 2479 4303 :
2508 4248 2686 4319 Absit,
2715 4248 2974 4315 Domine,
3007 4248 3141 4320 quia
3167 4263 3464 4319 nunquam
3492 4245 3740 4301 mandu-

2107 4340 2222 4396 cavi
2253 4357 2426 4397 omne
2462 4357 2767 4396 commune
2795 4343 2853 4396 et
2882 4341 3267 4396 immundum.
3302 4342 3369 4396 Et
3393 4356 3499 4394 vox
3529 4338 3738 4394 iterum

2108 4435 2352 4490 secundo
2411 4434 2483 4488 ad
2531 4450 2665 4489 eum
2711 4451 2724 4488 :
2769 4435 2904 4498 Quae
2961 4434 3232 4489 Dominus
3281 4432 3625 4504 purificavit,
3677 4435 3744 4485 tu

2107 4542 2413 4584 commune
2437 4543 2511 4581 ne
2538 4525 2765 4582 dixeris.
2790 4527 2905 4582 Hoc
2933 4532 3125 4583 autem
3149 4526 3364 4581 factum
3393 4531 3476 4582 est
3501 4541 3605 4596 per
3630 4528 3743 4592 ter,

2109 4625 2166 4676 et
2192 4620 2385 4676 statim
2409 4635 2505 4674 vas
2524 4623 2818 4691 receptum
2838 4625 2926 4674 est
2946 4619 3006 4675 in
3025 4620 3231 4674 coelum
3255 4621 3397 4688 (Act.
3420 4635 3477 4688 x,
3502 4621 3554 4685 9,
3577 4618 3683 4688 l6).
3711 4636 3743 4668 ››

2179 4714 2257 4768 De
2281 4712 2735 4769 accusationibus
2773 4730 2911 4786 ergo
2953 4713 3310 4782 clericorum,
3339 4727 3510 4784 super
3535 4709 3748 4783 quibus

2109 4806 2346 4861 consulti
2394 4822 2622 4876 sumus,
2673 4806 2807 4878 quia
2854 4823 3054 4861 omnes
3099 4823 3302 4862 eorum
3354 4803 3746 4860 accusationes

2110 4900 2336 4955 difﬁcile
2367 4903 2452 4955 est
2483 4900 2554 4955 ad
2591 4900 2782 4955 sedem
2817 4899 3187 4971 apostolicam
3233 4899 3480 4966 deferre,
3526 4896 3748 4952 ﬁnitiva

2111 4994 2507 5065 episcoporum
2525 4996 2752 5048 tantum
2763 4992 2980 5063 judicia
3001 4993 3114 5048 huc
3130 4992 3484 5060 deferantur,
3500 4989 3748 5061 ethujus

2110 5091 2321 5142 sanctae
2348 5086 2500 5142 sedis
2533 5086 2869 5142 auctoritate
2889 5085 3185 5154 ﬁniantur,
3209 5085 3354 5141 sicut
3377 5085 3448 5139 ab
3473 5082 3748 5156 apostolis

2110 5196 2422 5252 eorumque
2448 5179 2859 5235 successoribus
2888 5181 3201 5235 multorum
3223 5193 3506 5234 consensu
3527 5176 3746 5247 episco-

381 5297 407 5323 ‹‹
442 5276 672 5330 Postera
695 5276 889 5330 autem
915 5274 1005 5329 die
1033 5275 1141 5330 iter
1168 5274 1348 5328 tribus
1374 5273 1716 5328 facientibus
1748 5255 2087 5328 domesti-D
2108 5291 2317 5346 porum
2349 5274 2474 5344 jam
2506 5273 2807 5328 deﬁnitum
2845 5275 2949 5329 est.
2990 5275 3100 5327 Nec
3137 5272 3196 5326 in
3244 5288 3444 5327 eorum
3483 5269 3748 5326 Ecclesiis

379 5369 458 5423 cis
487 5385 618 5424 cum
647 5369 834 5435 Petro,
863 5372 920 5424 et
948 5367 1535 5440 appropinquantibus
1564 5366 1792 5434 civitati,
1820 5383 2012 5422 ascen-

381 5461 466 5516 dit
493 5464 690 5517 Pctrus
719 5463 778 5516 in
809 5462 1122 5534 superiora,
1155 5466 1215 5517 ut
1246 5464 1438 5516 oraret
1474 5460 1624 5516 circa
1652 5461 1851 5516 horam
1882 5475 2008 5515 sex-

380 5557 524 5624 tam,
571 5560 629 5612 et
673 5573 804 5612 cum
848 5556 1109 5624 esurirct,
1151 5554 1330 5610 voluit
1377 5558 1626 5626 gustare.
1677 5553 2013 5609 Parantibus

382 5649 576 5702 autem
614 5649 696 5704 eis
739 5649 944 5707 cecidit
973 5665 1147 5723 super
1185 5666 1320 5706 eum
1363 5648 1572 5704 mentis
1613 5664 1876 5704 excessus
1908 5663 1920 5703 :
1955 5651 2014 5702 et

383 5738 521 5794 vidit
554 5741 756 5799 coelum
797 5748 1061 5816 apertum
1101 5747 1158 5801 et
1187 5743 1540 5802 descendens
1569 5758 1662 5798 vas
1700 5740 2009 5814 quoddam,

2110 5367 2208 5422 alii
2236 5371 2333 5423 aut
2355 5369 2784 5439 pracponantur,
2817 5371 2916 5421 aut
2951 5365 3290 5421 ordinentur
3314 5369 3620 5436 antequam
3651 5363 3748 5417 hic

2111 5477 2312 5517 eorum
2329 5461 2483 5532 juste
2509 5459 2891 5515 terminentur
2909 5458 3163 5530 negotia,
3186 5457 3456 5529 quoniam
3482 5456 3748 5529 quamvis

2109 5553 2277 5611 liceat
2327 5554 2478 5626 apud
2521 5552 2895 5626 provinciales
2943 5557 3000 5609 et
3049 5551 3520 5623 metropolitanos
3571 5552 3750 5620 atque

2111 5647 2386 5720 primates
2412 5664 2615 5703 eorum
2638 5647 2916 5703 ventilare
2946 5645 3334 5701 accusationes
3357 5643 3444 5699 vel
3467 5642 3746 5698 crimina-

2112 5742 2314 5811 tiones,
2355 5757 2472 5798 non
2510 5743 2700 5798 tamen
2735 5739 2869 5797 licet
2909 5738 3156 5796 difﬁnire
3185 5752 3345 5794 secus
3379 5751 3550 5810 quam
3590 5751 3746 5807 pras-
