4026 6166
251 305 334 361 121
1472 299 1940 358 DECRETALIUM
1977 299 2361 356 COLLECTIO.

3492 307 3589 362 122

243 413 447 467 dictum
474 414 580 465 est.
602 409 978 481 Reliquorum
999 423 1131 465 vero
1151 409 1486 465 clericorum
1502 427 1692 464 causas
1716 408 1865 481 apud
1887 421 1946 496 Α
1965 408 2253 480 Oppressis
2274 423 2521 479 namque
2541 407 2612 464 ab
2635 406 2900 463 omnibus
2918 406 2979 463 in
2991 407 3207 464 cunctis
3228 408 3590 467 subveniatur

241 503 605 577 provinciales
617 507 676 559 et
685 502 1156 574 metropolitanos
1171 519 1235 558 ac
1247 503 1513 575 primates
1526 507 1583 558 et
1593 503 1863 559 ventilare

239 602 292 652 et
325 597 482 668 juste
521 597 768 651 difﬁnire
811 597 975 666 licet,
1014 595 1370 667 judicantem
1405 600 1598 652 tamen
1638 599 1865 667 oportet

237 693 434 745 cuncta
458 689 676 756 rimari,
707 694 762 744 et
791 690 1048 746 ordinem
1080 706 1270 745 rerum
1297 691 1471 761 plena
1499 688 1864 760 inquisitione

237 784 538 852 discutere,
561 783 959 855 interrogandi
971 800 1036 838 ac
1057 783 1430 855 proponendi,
1453 781 1864 854 adjiciendique

235 876 471 948 praebita
499 875 773 947 patientia
799 876 868 930 ab
896 892 980 943 eo,
1015 882 1075 931 ut
1103 876 1200 930 ubi
1225 876 1368 930 actio
1407 875 1701 929 ambarum
1730 890 1860 945 par-

232 970 372 1024 tium
416 969 664 1024 limitata
708 968 779 1024 sit
819 969 1080 1040 pleniter.
1130 969 1240 1024 Nec
1286 968 1640 1039 litigantibus
1684 967 1864 1038 judex

230 1063 386 1134 prius
415 1079 522 1117 sua
559 1062 695 1118 velit
732 1062 1014 1118 sententia
1049 1061 1276 1117 obviare
1332 1061 1440 1116 nisi
1471 1061 1700 1133 quando
1755 1059 1864 1131 ipsi

226 1157 343 1226 jam
375 1156 622 1228 peractis
660 1155 921 1210 omnibus
967 1154 1112 1210 nihil
1169 1154 1415 1210 habeant
1455 1155 1517 1208 in
1554 1154 1864 1226 quaestione

232 1249 384 1320 quod
427 1252 779 1320 proponant,
825 1252 883 1303 et
930 1248 1131 1303 tandiu
1174 1247 1322 1302 actio
1364 1247 1684 1316 ventiletur,
1727 1263 1864 1318 quo-

234 1358 409 1413 usque
436 1341 526 1396 rei
550 1341 752 1396 veritas
769 1341 1108 1397 inveniatur.
1133 1342 1480 1413 Frequenter
1508 1340 1863 1411 interrogare

233 1439 479 1506 oportet,
520 1451 594 1490 ne
630 1434 845 1506 aliquid
876 1434 1323 1506 praetermissum
1367 1435 1514 1488 forte
1568 1437 1866 1488 remaneat

230 1529 382 1600 quod
410 1528 645 1584 annecti
675 1528 999 1597 conveniat;
1028 1526 1270 1582 induciae
1297 1527 1454 1582 enim
1480 1543 1599 1582 non
1625 1525 1864 1581 mediae

227 1623 293 1676 ad
316 1621 734 1694 inquirendum
761 1620 961 1676 danda
989 1623 1142 1688 sunt,
1174 1637 1245 1676 ne
1264 1620 1476 1691 aliquid
1497 1635 1861 1691 praepropere

227 1715 318 1787 agi
357 1733 394 1770 a
423 1731 764 1788 quacunque
790 1718 951 1785 parte
973 1714 1252 1782 videatur,
1271 1713 1406 1786 quia
1425 1730 1528 1784 per
1553 1712 1865 1784 subreptio-

1965 502 2168 557 causis.
2215 503 2345 556 Haec
2392 501 2580 556 omnia
2623 517 2981 573 summopere
3032 507 3164 557 sunt
3214 504 3584 560 attendenda.

1963 596 2074 650 Nec
2093 594 2412 649 criminatio
2433 580 2745 661 minorum,
2768 597 2976 666 quanto
2996 595 3176 665 magis
3196 596 3590 668 episcoporum

1961 688 2124 743 facile
2145 691 2229 743 est
2256 687 2599 758 recipienda,
2627 687 2849 742 dicente
2871 687 3108 742 Domino
3137 704 3150 742 :
3187 709 3214 738 ‹‹
3241 689 3367 744 Non
3394 706 3591 762 seque-

1962 780 2042 856 ris
2075 780 2272 835 turbas
2315 779 2389 834 ad
2435 778 2760 834 faciendum
2799 781 3016 834 malum
3045 779 3237 850 (Exod.
3270 798 3422 850 xxm,
3453 784 3528 853 2).
3559 805 3588 832 »

1962 874 2032 928 Et
2061 873 2195 928 alibi
2218 890 2232 927 :
2267 894 2294 923 «
2322 874 2446 927 Non
2474 871 2741 944 suscipias
2755 888 2949 928 vocem
2971 873 3252 928 mendacii
3274 875 3432 946 (Ibid.
3463 877 3533 946 1).
3557 899 3585 926 ››

1963 968 2031 1022 Et
2054 966 2114 1022 in
2143 965 2616 1038 Paralipomenon
2657 965 2870 1037 legitur
2903 983 2916 1020 :
2952 988 2979 1015 «
3011 965 3214 1020 Omnia
3243 968 3410 1022 corda
3435 984 3587 1024 scru-

1962 1064 2119 1116 tatur
2163 1059 2435 1114 Dominus
2462 1059 2509 1129 (I
2544 1061 2694 1114 Psal.
2722 1075 2909 1127 mm,
2943 1061 3016 1128 9),
3044 1080 3072 1109 »
3099 1064 3156 1115 et
3179 1076 3408 1116 omnem
3433 1063 3588 1134 cogi-

1965 1152 2239 1208 tationem
2267 1152 2452 1221 novit;
2495 1153 2672 1207 homo
2703 1169 2839 1207 vero
2859 1152 3092 1207 videtin
3123 1152 3286 1222 facie,
3312 1155 3459 1210 Deus
3488 1171 3590 1210 au-

1963 1250 2081 1301 tem
2106 1247 2167 1301 in
2196 1247 2383 1302 corde.
2413 1247 2480 1300 Et
2503 1245 2637 1300 alibi
2668 1246 2940 1317 scriptum
2970 1251 3055 1302 est
3085 1264 3099 1300 :
3129 1249 3253 1303 Non
3279 1251 3465 1318 potest
3493 1249 3594 1304 hu-

1962 1355 2134 1393 mano
2166 1337 2533 1394 condemnari
2560 1338 2823 1392 examine
2853 1354 3026 1410 quem
3050 1340 3196 1394 Deus
3217 1356 3319 1395 suo
3343 1357 3594 1397 reserva-

1962 1431 2043 1486 vit
2062 1431 2300 1503 judicio.
2331 1431 2509 1502 Igitur
2534 1447 2702 1486 omne
2728 1431 2953 1503 pondus
2982 1434 3038 1486 et
3057 1433 3480 1489 circumstantia
3501 1435 3595 1490 ad-

1962 1525 2338 1596 versariorum
2357 1524 2700 1580 documenta
2716 1541 2820 1596 per
2833 1524 3184 1595 patientiam,
3201 1527 3422 1598 fratres,
3445 1544 3593 1584 com-

1962 1618 2216 1690 primere
2241 1615 2505 1689 satagite,
2531 1616 2772 1677 scientes
2799 1618 2933 1689 quia
2951 1619 3204 1673 subversi
3235 1624 3368 1675 sunt
3391 1621 3591 1693 hujus-

1963 1711 2119 1766 modi
2146 1713 2204 1766 et
2229 1711 2566 1783 delinquunt
2599 1711 2836 1783 proprio
2875 1727 2971 1767 ore
3012 1712 3287 1781 damnati,
3320 1715 3454 1786 quia
3494 1717 3593 1787 qui

230 1785 360 1866 nem
375 1785 560 1864 multa
584 1785 948 1879 proveniunt.
971 1807 1122 1863 Nihil
1147 1785 1342 1862 tamen
1361 1807 1575 1878 absque
1602 1806 1862 1878 legitimo
1883 1785 1940 1857 Β
1963 1804 2168 1860 fratres
2216 1808 2481 1859 accusant
2527 1804 2617 1858 vel
2666 1804 2955 1873 infestant,
2998 1822 3114 1860 non
3167 1823 3265 1862 eos
3322 1785 3590 1880 diligunt,

229 1906 284 1957 et
309 1903 524 1958 idoneo
543 1904 872 1957 accusatore
892 1901 1012 1957 ﬂat.
1033 1902 1173 1955 Nam
1195 1903 1254 1954 et
1275 1899 1547 1955 Dominus
1571 1905 1766 1955 noster
1783 1901 1868 1955 Je-

231 2012 322 2050 sus
349 1995 608 2050 Christus
631 1995 834 2051 Judam
853 1994 1040 2050 furem
1065 2010 1185 2050 esse
1214 1993 1444 2063 sciebat,
1468 1993 1568 2049 sed
1596 1992 1728 2064 quia
1752 2009 1867 2048 non

231 2093 318 2144 est
340 2094 650 2155 accusatus,
679 2088 812 2144 ideo
844 2103 957 2142 non
991 2091 1076 2142 est
1103 2087 1334 2158 ejectus.
1369 2088 1436 2142 Et
1463 2086 1741 2159 quidquid
1770 2087 1864 2141 in-

237 2185 324 2235 ter
367 2182 645 2253 apostolos
689 2181 827 2252 egit,
868 2197 974 2253 pro
1023 2179 1302 2252 dignitate
1340 2179 1638 2235 ministerii
1675 2183 1866 2234 ratum

227 2275 467 2328 mansit.
498 2277 640 2330 Nam
669 2273 718 2328 si
743 2274 903 2344 leges
933 2273 1125 2328 saeculi
1153 2277 1503 2328 accusatores
1543 2272 1864 2344 requirunt,

228 2372 444 2438 quanto
463 2367 651 2438 magis
671 2366 1061 2422 ecclesiasticae
1079 2365 1326 2436 regulae!
1351 2366 1559 2420 docent
1579 2365 1736 2420 enim
1757 2370 1868 2421 ter-

224 2461 430 2515 restria
467 2466 526 2515 et
560 2461 810 2515 humana
841 2475 968 2530 quae
995 2460 1109 2514 sint
1144 2459 1516 2515 ecclesiastica
1554 2463 1722 2530 atque
1754 2474 1863 2513 coe-

223 2552 409 2608 lestia.
440 2554 521 2607 De
549 2553 994 2608 accusationibus
1023 2568 1154 2607 vero
1185 2551 1752 2624 comprovincialibus
1786 2552 1867 2606 ita

220 2647 444 2717 legitur
483 2662 604 2702 esse
645 2648 922 2701 statutum
970 2663 983 2699 :
1030 2646 1092 2701 Si
1141 2647 1267 2718 quis
1315 2661 1485 2717 super
1525 2645 1869 2717 quibuslibet

221 2739 568 2794 criminibus
601 2739 911 2811 quemlibet
935 2738 1202 2794 clericum
1234 2738 1578 2810 pulsandum
1604 2737 1861 2793 credide-

222 2835 293 2888 rit
337 2834 404 2887 in
448 2832 742 2903 provincia
783 2833 842 2887 in
887 2847 1001 2903 qua
1050 2832 1306 2887 consistit
1345 2831 1437 2886 ille
1471 2831 1570 2902 qui
1607 2831 1868 2903 pulsatur

222 2943 354 2980 suas
395 2931 660 2981 exerceat
697 2925 963 2995 actiones,
991 2942 1098 2980 nec
1138 2926 1382 2980 aestimet
1422 2941 1555 2979 eum
1597 2925 1732 2980 alibi
1769 2929 1868 2980 aut

221 3019 462 3091 longius
505 3018 580 3072 ad
616 3019 897 3089 judicium
940 3019 1414 3090 protrahendum.
1460 3018 1542 3072 Illi
1593 3034 1725 3072 vero
1768 3018 1867 3090 qui

1969 1897 2067 1952 sed
2093 1898 2279 1968 magis
2312 1897 2610 1968 negligunt
2645 1900 2702 1951 et
2728 1902 2986 1968 peccant,
3021 1898 3244 1954 dicente
3270 1903 3541 1973 Apostolo
3577 1918 3591 1959 :

1969 2013 1997 2042 «
2029 1990 2266 2046 Dilectio
2306 1989 2553 2063 proximi
2583 1991 2800 2045 malum
2831 2007 2947 2045 non
2980 1995 3249 2062 operatur
3277 1994 3444 2065 (Rom.
3474 2012 3591 2068 xm,

1971 2087 2074 2150 10).
2104 2105 2133 2135 ››
2154 2087 2221 2140 Et
2245 2084 2382 2138 alibi
2407 2101 2418 2138 :
2447 2104 2476 2133 «
2503 2084 2611 2146 Qui
2631 2099 2746 2138 non
2769 2083 2955 2154 diligit
2973 2085 3213 2140 fratrem
3232 2102 3398 2142 suum
3420 2105 3594 2160 quem

1966 2177 2140 2245 videt,
2160 2179 2338 2232 Deum
2361 2193 2535 2248 quem
2556 2193 2674 2232 non
2699 2176 2856 2231 videt
2880 2178 3166 2248 quomodo
3185 2182 3371 2251 potest
3389 2181 3592 2255 dilige-

1966 2271 2069 2326 re?
2091 2290 2118 2322 »
2138 2272 2249 2326 Nos
2275 2270 2432 2325 enim
2452 2270 2696 2325 humiles
2716 2270 2906 2338 corde,
2926 2270 3000 2325 ad
3023 2288 3088 2325 ea
3112 2289 3238 2344 quae
3265 2277 3421 2330 recta
3441 2281 3590 2347 sunt,

1967 2364 2227 2435 adjutore
2254 2363 2498 2418 Domino
2533 2363 2823 2435 sapienter
2847 2364 3071 2420 vincqu
3095 2366 3389 2422 charitatis
3415 2370 3596 2425 vobis-

1967 2474 2098 2513 cum
2151 2473 2346 2512 sumus
2399 2458 2709 2525 constricti,
2752 2457 3094 2529 religionem
3147 2461 3488 2518 catholicam
3534 2465 3594 2519 in

1968 2551 2234 2606 omnibus
2256 2551 2480 2606 fortiter
2511 2551 2888 2622 defensantes,
2923 2552 3198 2624 improbis
3234 2555 3410 2624 probe
3449 2557 3592 2612 resi-

1967 2648 2112 2699 stere
2148 2661 2266 2698 non
2313 2643 2678 2714 negligimus,
2712 2645 2860 2698 unde
2888 2644 3102 2699 dictum
3135 2649 3220 2700 est
3247 2664 3260 2701 :
3291 2649 3592 2720 Negligere

1969 2736 2143 2804 enim,
2164 2753 2293 2790 cum
2315 2737 2494 2808 possis
2516 2737 2822 2791 deturbare
2839 2754 3154 2809 perversos,
3173 2740 3315 2794 nihil
3336 2741 3488 2796 aliud
3509 2748 3595 2799 est

1967 2846 2142 2901 quam
2173 2831 2384 2898 fovere,
2419 2847 2524 2885 nec
2551 2834 2706 2886 caret
2732 2833 2996 2903 scrupulo
3025 2832 3308 2889 societatis
3335 2837 3589 2905 occultae,

1967 2923 2066 2995 qui
2107 2924 2411 2980 manifesto
2459 2923 2696 2979 facinori
2742 2925 2951 2980 desinit
3000 2926 3246 2983 obviare.
3289 2929 3464 3000 Hujus
3509 2933 3592 2986 rei

1968 3017 2152 3088 gratia
2183 3017 2509 3072 universalis
2535 3019 2694 3074 vobis
2720 3035 2753 3073 a
2778 3019 3000 3074 Christo
3028 3022 3157 3075 Jesu
3183 3023 3481 3078 commissa
3511 3031 3595 3081 est

220 3114 487 3185 pulsatus
499 3112 694 3178 fuerit,
717 3113 763 3165 si
776 3112 1028 3182 judicem
1051 3117 1377 3182 suspectum
1395 3111 1677 3181 habuerit,
1703 3112 1869 3167 liceat
1887 3151 1942 3226 Ο
1968 3110 2236 3178 Ecclesia,
2269 3116 2326 3165 ut
2354 3127 2458 3182 pro
2486 3113 2749 3166 omnibus
2777 3112 3068 3181 laboretis,
3096 3120 3152 3169 et
3180 3117 3395 3171 cunctis
3423 3133 3594 3188 opem

221 3206 549 3278 appellare.
572 3205 817 3261 Caveant
836 3205 1009 3260 etiam
1027 3204 1250 3276 judices
1267 3204 1525 3259 Ecclesize
1547 3221 1618 3258 ne
1637 3205 1867 3261 absente

224 3316 289 3355 eo
337 3301 512 3370 cujus
569 3315 737 3354 causa
776 3298 1118 3366 ventilatur,
1158 3297 1500 3353 sententiam
1546 3299 1863 3370 proferant,

224 3394 357 3464 quia
381 3393 556 3448 irrita
585 3392 711 3459 erit,
741 3392 854 3447 imo
882 3392 1054 3448 etiam
1078 3408 1302 3446 causam
1329 3408 1432 3463 pro
1460 3392 1602 3446 facto
1625 3392 1864 3446 dabunt.

291 3485 618 3542 Proditoris
659 3502 794 3541 vero
822 3502 927 3541 nec
966 3486 1246 3540 calumnia
1296 3501 1400 3540 nec
1435 3501 1540 3540 vox
1579 3485 1863 3541 audiatur.

224 3581 405 3637 Nemo
451 3580 614 3634 enim
651 3579 962 3634 debitorem
1003 3579 1252 3650 amplius
1297 3582 1483 3650 potest
1522 3594 1866 3648 cognoscere

225 3691 404 3746 quam
432 3674 533 3729 ille
551 3673 652 3746 qui
675 3672 963 3744 injuriam,
988 3673 1226 3745 ejusque
1245 3672 1510 3728 sustinuit
1530 3671 1862 3744 nequitiam.

1965 3205 2114 3260 ferre
2141 3221 2258 3260 non
2281 3205 2616 3276 negligatis;
2645 3207 2824 3260 frater
2848 3211 3040 3262 autem
3067 3209 3302 3264 fratrem
3321 3211 3410 3282 adj
3421 3228 3593 3267 uvans

1967 3298 2329 3366 exaltabitur,
2362 3303 2419 3354 et
2442 3298 2682 3355 illudens
2708 3299 3088 3371 dissipabitur.
3126 3303 3484 3375 Quapropter
3507 3322 3592 3360 re-

1965 3392 2143 3447 levate
2207 3409 2436 3463 semper
2491 3410 2806 3464 oppressos,
2858 3395 3118 3466 corripite
3185 3397 3488 3468 inquietos,
3531 3403 3594 3454 ut

1964 3485 2177 3540 zizania
2217 3485 2573 3541 Dominicam
2612 3504 2856 3543 messem
2904 3505 3019 3543 non
3066 3491 3244 3560 possit
3291 3491 3588 3550 suffocare.

1965 3579 2106 3633 Data
2139 3595 2168 3632 v
2198 3577 2328 3634 Idus
2349 3579 2501 3648 Julii,
2527 3581 2764 3636 Paterno
2801 3584 2857 3635 et
2883 3583 3104 3638 Bardua
3134 3585 3481 3641 consulibus.

715 4042 843 4118 28
916 4046 1492 4142 INCIPIUNT
1577 4045 2100 4141 DECRETA
2166 4045 2694 4142 VICTORIS
2781 4047 3146 4140 PAPIE.

1401 4240 1496 4303 De
1523 4239 1778 4304 Pascha
1810 4247 1874 4304 et
1901 4240 2114 4303 causis
2143 4239 2434 4321 reliquis.

1159 4397 1343 4459 (Anno
1383 4395 1610 4453 Domini
1658 4399 1779 4466 189,
1819 4400 2079 4468 tempore
2124 4395 2299 4453 Helvii
2337 4394 2684 4458 Pertinacis.)

305 4719 512 4774 νισι-οι
537 4717 815 4774 Romanae
854 4735 918 4774 ac
944 4719 1274 4775 universalis
1304 4719 1559 4776 Ecclesiae
1592 4718 1869 4792 archiepi-

234 4827 443 4882 scOpus
479 4812 798 4883 'I'heophilo
837 4813 1096 4885 episcopo
1142 4820 1199 4870 et
1238 4814 1457 4869 cunctis
1481 4813 1764 4869 fratribus
1812 4814 1872 4868 in

230 4905 584 4962 Alexandria
619 4905 858 4962 Domino
899 4907 1309 4964 famulantibus
1347 4907 1409 4962 in
1449 4907 1686 4963 Domino
1722 4908 1870 4962 salu-

233 5003 382 5054 tem.

1975 4719 2315 4790 discrepent,
2351 4734 2456 4774 nec
2495 4717 2776 4774 contraria
2819 4724 3042 4791 gerant.
3071 4723 3115 4776 A
3142 4725 3343 4793 quarta
3372 4724 3598 4783 decima

1974 4829 2104 4870 vero
2123 4814 2257 4867 luna
2277 4812 2449 4883 primi
2476 4813 2691 4867 mensis
2711 4830 2889 4884 usque
2909 4814 2982 4868 ad
2997 4814 3324 4872 vicesimum
3347 4819 3597 4889 primum

1975 4907 2232 4978 ejusdem
2262 4906 2476 4960 mensis
2503 4905 2656 4961 diem
2705 4907 2907 4961 eadem
2949 4908 3266 4964 celebretur
3301 4912 3594 4972 festivitas.

1975 5000 2190 5055 Eodem
2218 5017 2352 5055 vero
2380 5003 2636 5071 tempore
2658 4999 2974 5071 baptismus
2995 5002 3366 5060 celebrandas
3391 5011 3477 5061 est
3503 5025 3594 5064 ca-

303 5092 484 5147 Multa
527 5092 671 5148 mihi
717 5094 1039 5164 gratulatio,
1077 5094 1422 5151 dilectissimi
1463 5094 1682 5163 fratres,
1722 5094 2237 5198 quothholicus,
2270 5094 2370 5149 sed
2419 5097 2617 5148 tamen
2662 5093 2707 5147 si
2753 5111 2983 5148 necesse
3032 5095 3223 5164 fuerit,
3263 5102 3363 5153 aut
3402 5102 3600 5157 mortis

235 5186 612 5242 manifestato
644 5186 789 5242 sicut
827 5192 1088 5259 optamus
1114 5205 1218 5260 per
1250 5188 1494 5261 gratiam
1525 5187 1626 5243 Dei
1655 5187 1874 5243 lumine
1891 5186 1944 5198 ⁴’
1973 5188 2293 5260 periculum
2313 5188 2598 5260 ingruerit
2613 5187 2851 5259 gentiles
2871 5188 2944 5243 ad
2963 5188 3138 5244 fidem
3155 5191 3444 5249 venientes
3463 5211 3598 5265 quo-

233 5280 593 5351 evangelicaa
639 5280 910 5335 claritatis
966 5287 1023 5336 et
1080 5281 1152 5336 ab
1204 5282 1446 5338 Ecclesia
1485 5283 1607 5354 jam
1663 5298 1875 5354 magna
1975 5299 2200 5353 cunque
2251 5283 2396 5349 loco,
2441 5282 2527 5334 vel
2577 5283 2894 5349 momento,
2945 5282 3267 5356 ubicunque
3322 5287 3593 5355 evenerit,

233 5388 308 5426 ex
359 5378 522 5444 parte
571 5373 877 5445 perniciosi
940 5375 1147 5430 erroris
1205 5379 1372 5431 nocte
1432 5375 1688 5447 depulsa,
1751 5391 1872 5430 cre-

234 5465 380 5521 dita:
423 5467 585 5522 nobis
637 5467 1071 5538 dispensationis
1118 5468 1334 5524 fructus
1381 5470 1598 5538 crescit,
1644 5473 1700 5524 et
1735 5485 1876 5540 aug-

1975 5376 2088 5430 sive
2134 5375 2194 5430 in
2236 5375 2491 5441 flumine,
2523 5374 2636 5429 sive
2665 5375 2725 5430 in
2755 5375 2920 5446 mari,
2954 5376 3071 5432 sive
3118 5377 3178 5432 in
3220 5378 3489 5448 fontibus,
3519 5385 3600 5434 ta-

1977 5487 2134 5537 men,
2155 5469 2490 5524 Christianai
2515 5468 2866 5527 confessione
2893 5470 3242 5526 credulitatis
3270 5470 3595 5543 clarificata,

236 5561 542 5615 mentatur
576 5560 637 5616 in
686 5560 944 5618 Domino.
991 5561 1385 5618 Celebritatem
1437 5563 1614 5618 sancti
1651 5562 1876 5617 Paschae
1975 5561 2352 5634 baptizentur.
2385 5562 2521 5633 Ipsis
2541 5578 2768 5634 quoque
2795 5563 2944 5633 quod
2969 5561 3028 5616 in
3054 5562 3333 5632 baptismo
3363 5563 3599 5633 polliciti

236 5652 338 5706 die
379 5652 666 5710 Dominica
701 5655 795 5727 agi
824 5654 1030 5710 debere
1072 5657 1513 5728 praedecessores
1537 5655 1718 5711 nostri
1754 5656 1878 5727 jam
1978 5661 2108 5712 sunt
2135 5657 2498 5727 summopere
2528 5659 2614 5710 est
2643 5654 3076 5725 attendendum,
3099 5671 3170 5709 ne
3201 5654 3477 5726 inﬁdeles,
3500 5661 3600 5716 sed

236 5750 590 5816 statuerunt,
624 5753 680 5803 et
709 5765 813 5802 nos
841 5748 978 5804 illud
1009 5750 1212 5807 eadem
1243 5750 1334 5806 die
1371 5750 1643 5806 celebrari
1671 5750 1875 5806 solem-

1978 5751 2176 5806 ﬁdeles
2204 5750 2585 5806 inveniantur.
2615 5749 2726 5819 Ipsi
2755 5765 2885 5802 vero
2925 5748 3025 5817 qui
3073 5746 3422 5806 inﬁdelitatis
3463 5757 3602 5811 nota

239 5840 410 5896 nitet
422 5842 770 5912 mandamus,
793 5843 926 5916 quia
948 5860 1065 5902 non
1091 5845 1250 5903 decet
1270 5850 1334 5901 ut
1357 5844 1614 5902 membra
1633 5861 1666 5900 a
1695 5844 1879 5919 capite
1980 5849 2377 5919 asperguntur,
2406 5843 2653 5901 infames
2675 5840 3015 5911 efﬁciuntur,
3041 5846 3210 5916 atque
3238 5843 3388 5902 inter
3408 5846 3601 5915 ﬁdeles
