4026 6166
395 306 490 358 123

1265 299 1546 354 ΛΡΡΕΝΙ).
1586 301 1673 354 AD
1710 301 1868 356 S/EC.
1912 301 1995 353 ΙΧ.
2030 328 2098 338 -
2137 297 2388 354 ISlDORl
2429 301 2854 356 MERCATORIS

3641 303 3745 354 124

389 410 630 464 minime
660 410 1015 479 reputantur.
1045 407 1168 459 HEEC
1194 421 1328 460 vero
1365 410 1574 462 statuta
1609 408 1762 462 nulla
1797 407 2010 461 debent
2029 407 2293 491 Amihi?
2331 412 2545 462 stemus
2581 408 2771 462 simul.
2812 406 2945 472 Quis
2994 410 3078 461 est
3129 407 3482 462 adversarius
3531 408 3748 461 meus?

392 502 756 574 improbitate
777 499 1036 568 convelli,
1053 498 1210 553 nulla
1230 499 1478 554 novitate
1497 500 1728 568 mutari,
1751 501 1884 571 quia
1901 501 2012 558 alia

390 598 536 653 ratio
580 599 664 650 est
686 610 982 649 causarum
1008 592 1383 661 saecularium,
1413 593 1524 646 alia
1549 597 1633 647 est
1663 593 2009 648 divinarum.

459 689 792 745 Audivimus
837 703 1088 756 namque
1135 685 1289 756 apud
1332 703 1426 740 vos
1467 692 1796 758 vestrosque
1825 688 2009 742 diver-

387 803 449 840 sa
477 781 696 854 judicia
724 781 865 850 fieri,
896 783 953 832 et
983 779 1199 833 incerta
1234 779 1496 849 judicari.
1525 781 1760 850 Incerta,
1799 781 2009 835 charis-

387 876 532 945 simi,
560 877 887 936 nullatenus
919 873 1256 943 judicemus,
1285 873 1656 944 quoadusque
1685 873 1874 928 veniat
1899 875 2009 929 Do-

389 972 600 1037 minus,
621 968 718 1039 qui
737 967 970 1022 latentia
984 966 1264 1037 producet
1278 965 1336 1019 in
1361 967 1569 1034 lucem,
1589 970 1647 1020 et
1670 966 2013 1022 illuminabit

389 1062 717 1120 abscondita
739 1059 1125 1126 tenebrarum,
1157 1063 1212 1112 et
1231 1058 1620 1113 manifestabit
1640 1059 1871 1113 consilia
1897 1077 2013 1114 cor-

389 1158 572 1225 dium,
597 1155 732 1226 quia
753 1152 1010 1224 quamvis
1037 1168 1170 1205 vera
1197 1151 1326 1219 sint,
1351 1169 1467 1206 non
1487 1155 1682 1206 tamen
1703 1153 2009 1220 credenda,

391 1250 496 1306 nisi
526 1265 652 1321 qua:
673 1245 991 1301 manifestis
1004 1244 1235 1315 judiciis
1259 1245 1724 1316 comprobantur,
1754 1246 1863 1299 nisi
1885 1263 2012 1317 quae

390 1343 689 1400 manifesto
713 1339 929 1410 judicio
958 1337 1392 1406 convincuntur,
1417 1337 1523 1390 nisi
1553 1354 1680 1408 quae
1705 1338 2010 1407 judiciario

392 1437 592 1492 ordine
646 1434 1032 1504 'publicantur.
1089 1431 1362 1486 Similiter
1401 1447 1469 1484 ea
1505 1447 1604 1484 vos
1647 1431 1900 1500 judicare
1939 1431 2013 1485 ad

390 1529 758 1602 apostolicam
775 1527 1023 1580 delatum
1041 1528 1125 1578 est
1142 1525 1357 1591 sedem,
1379 1540 1505 1594 quin
1526 1527 1738 1594 praeter
1755 1529 2011 1578 nostram

389 1623 546 1680 vobis
577 1620 810 1676 delinire
848 1635 963 1672 non
1005 1617 1136 1671 licet
1167 1617 1569 1671 auctoritatem
1614 1617 2014 1688 episcoporum

391 1733 606 1784 causas,
636 1713 787 1768 unde
817 1712 897 1765 ita
921 1710 1291 1765 constitutum
1317 1709 1498 1780 liquet
1523 1727 1555 1764 a
1591 1714 1849 1781 tempore
1875 1727 2011 1781 apo-

2111 501 2341 555 accedat
2367 502 2438 555 ad
2463 518 2574 568 me,
2598 517 2724 556 ecce
2753 501 3026 555 Dominus
3057 502 3205 554 Deus
3234 517 3417 566 meus,
3439 501 3746 554 auxiliator

2113 611 2296 649 meus.
2333 595 2467 658 Quis
2508 599 2594 648 est
2637 595 2734 664 qui
2777 594 3126 650 condemnet
3165 594 3307 648 me?
3354 595 3492 649 Ecce
3537 611 3744 649 omnes

2113 687 2275 759 quasi
2305 688 2706 742 vestimentum
2737 691 3121 754 conterentur,
3145 687 3301 742 tinea
3329 687 3594 742 comedet
3620 705 3744 742 eos.

2115 781 2253 845 Quis
2303 798 2374 835 ex
2410 781 2571 835 vobis
2621 782 2830 836 timens
2893 781 3218 850 Dominum,
3259 781 3497 834 audiens
3543 797 3744 834 vocem

2112 874 2258 928 servi
2289 874 2415 928 sui?
2443 874 2575 938 Quis
2601 874 2909 928 ambulavit
2934 874 2993 928 in
3018 874 3284 940 tenebris,
3315 879 3370 928 et
3402 890 3518 928 non
3547 877 3632 928 est
3661 874 3747 927 lu-

2113 983 2246 1022 men
2272 967 2362 1022 ei?
2394 967 2594 1037 Speret
2631 967 2690 1022 in
2717 967 2948 1022 nomine
2978 967 3220 1032 Domini,
3253 969 3310 1020 et
3343 966 3619 1021 innitatur
3642 984 3742 1020 su-

2112 1077 2217 1131 per
2231 1062 2409 1114 Deum
2433 1077 2617 1114 suum.
2640 1061 2777 1114 Ecce
2799 1077 2897 1115 vos
2915 1077 3112 1115 omnes
3127 1060 3501 1114 accendentes
3520 1059 3743 1130 ignem,

2113 1154 2349 1208 accincti
2371 1153 2638 1220 ﬂammis,
2665 1154 2953 1208 ambulate
2978 1153 3035 1207 in
3058 1153 3274 1208 lumine
3301 1153 3452 1222 ignis
3473 1153 3661 1219 vestri,
3687 1156 3747 1205 et

2112 1247 2170 1301 in
2189 1247 2434 1300 flammis
2455 1264 2593 1318 quas
2619 1247 3002 1302 succendistis.
3025 1247 3098 1300 De
3114 1263 3291 1300 manu
3313 1262 3406 1300 me
3423 1246 3632 1301 factum
3659 1251 3748 1300 est

2113 1339 2222 1394 hoc
2235 1340 2413 1407 vobis,
2427 1341 2485 1394 in
2505 1340 2786 1394 doloribus
2801 1339 3114 1394 dormietis.
3127 1339 3332 1393 Audite
3347 1355 3438 1392 me
3452 1339 3546 1410 qui
3560 1339 3751 1408 sequi-

2113 1433 2254 1487 mini
2276 1433 2430 1503 quod
2448 1433 2668 1503 justum
2689 1437 2792 1500 est,
2811 1439 2867 1487 et
2889 1432 3139 1503 qumritis
3156 1432 3478 1499 Dominum,
3494 1432 3746 1486 attendi-

2113 1529 2169 1581 te
2195 1527 2268 1581 ad
2300 1531 2544 1597 petram,
2569 1527 2720 1581 unde
2746 1526 2910 1580 excisi
2934 1526 3086 1593 estis,
3109 1531 3166 1580 et
3189 1526 3262 1579 ad
3288 1542 3588 1580 cavernam
3612 1526 3745 1591 laci,

2115 1619 2184 1674 de
2213 1636 2326 1690 qua
2351 1619 2572 1690 praacisi
2598 1620 2750 1674 estis.
2778 1620 3060 1674 Attendite
3093 1620 3163 1674 ad
3197 1619 3484 1672 Abraham
3519 1621 3748 1689 patrem

2116 1715 2388 1782 vestrum,
2417 1718 2473 1767 et
2499 1713 2569 1766 ad
2601 1713 2796 1768 Saram
2834 1729 2962 1784 quea
3002 1712 3225 1784 peperit
3255 1729 3367 1778 vos,
3395 1713 3525 1782 quia
3564 1728 3749 1765 unum

393 1811 670 1866 stolorum
690 1809 746 1861 et
770 1805 1034 1874 deinceps
1058 1803 1268 1874 placuit
1287 1807 1354 1856 ut
1377 1806 1668 1857 accusatus
1691 1804 1776 1857 vel
1790 1803 2011 1873 judica-
2034 1791 2090 1862 B
2115 1806 2315 1860 vocavi
2365 1822 2518 1873 cum,
2562 1810 2620 1860 et
2666 1806 2927 1861 benedixi
2975 1806 3044 1874 ei,
3072 1810 3129 1860 et
3171 1805 3539 1876 multiplicavi
3588 1821 3744 1858 eum.

390 1910 480 1961 tus
501 1921 533 1957 a
550 1898 1111 1972 comprovincialibus
1130 1897 1188 1950 in
1209 1897 1456 1967 aliquam
1478 1913 1702 1951 causam
1719 1897 2016 1968 episcopus

388 1999 630 2053 licenter
645 1993 894 2065 appellet
907 1997 964 2046 et
975 1991 1142 2045 adeat
1156 1991 1479 2061 apostolicis
1498 1991 1647 2044 sedis
1666 1991 1990 2061 pontiﬁcem
2001 2033 2013 2057 ,

293 2153 300 2162 ι
392 2091 489 2163 qui
521 2095 619 2143 aut
650 2103 752 2158 per
776 2103 856 2148 se,
887 2091 985 2139 aut
1008 2100 1110 2154 per
1137 2083 1376 2138 vicarios
1406 2101 1532 2138 suos
1562 2084 1682 2154 ejus
1722 2083 2017 2138 retractari

390 2183 687 2255 negotium
716 2181 1012 2250 procuret;
1045 2180 1103 2230 et
1131 2177 1268 2230 dum
1292 2176 1492 2231 iterato
1512 2177 1727 2247 judicio
1757 2176 2018 2247 pontifex

392 2291 616 2332 causam
643 2289 804 2327 suam
827 2276 976 2341 agat,
1004 2269 1194 2323 nullus
1215 2269 1360 2322 alius
1384 2269 1442 2322 in
1477 2269 1600 2339 ejus
1623 2269 1750 2323 loco
1775 2273 2018 2340 ponatur

392 2374 490 2425 aut
515 2366 811 2422 ordinetur
839 2363 1153 2434 episcopus,
1183 2361 1476 2433 quoniam,
1510 2377 1838 2432 quanquam
1872 2378 2021 2415 com-

396 2458 833 2535 provincialibus
868 2453 1147 2527 episcopis
1189 2453 1427 2509 accusati
1471 2471 1698 2509 causam
1741 2454 2020 2525 pontiﬁcis

396 2553 633 2610 scrutari
659 2553 844 2621 liceat,
879 2567 996 2604 non
1024 2553 1213 2603 tamen
1254 2547 1500 2602 diffinire
1544 2548 1860 2602 inconsulto
1903 2548 2017 2601 Ro-

397 2666 570 2705 mano
623 2645 892 2719 pontiﬁce
943 2642 1283 2715 permissum
1334 2647 1435 2709 est,
1474 2658 1604 2695 cum
1647 2641 1813 2696 beato
1856 2643 2019 2696 Petro

395 2741 655 2815 apostolo
683 2756 801 2794 non
843 2738 913 2792 ab
939 2737 1048 2791 alio
1076 2751 1250 2807 quam
1279 2735 1348 2789 ab
1381 2735 1501 2804 ipso
1532 2734 1745 2789 dictum
1789 2735 1860 2789 sit
1907 2736 2015 2789 Do-

396 2838 553 2892 mino
583 2851 596 2889 :
628 2833 1013 2902 Quaecumque
1063 2827 1322 2899 ligaveris
1375 2844 1546 2898 super
1587 2832 1820 2896 terram,
1854 2832 2021 2883 erunt

397 2931 573 3000 ligata
584 2930 641 2983 et
655 2926 713 2980 in
732 2925 894 2993 caelo,
914 2929 968 2978 et
983 2938 1336 2995 quascunque
1355 2920 1585 2976 solveris
1603 2926 2016 2992 superterram,

399 3028 565 3078 erunt
594 3020 776 3075 soluta
800 3021 858 3072 et
882 3017 940 3072 in
973 3017 1135 3071 coelo.
1165 3016 1233 3069 Et
1260 3014 1392 3069 alibi
1423 3014 1481 3068 in
1512 3014 1782 3069 institutis
1811 3014 2022 3085 legitur

399 3113 720 3189 apostolicis
743 3130 755 3168 :
780 3111 836 3168 Si
861 3111 986 3182 quis
1004 3109 1285 3181 putaverit
1304 3126 1362 3162 se
1384 3126 1416 3162 a
1438 3108 1670 3180 proprio
1697 3107 2023 3179 metropoli-

399 3217 534 3267 tano
563 3207 803 3280 gravari,
835 3204 986 3275 apud
1013 3203 1391 3274 patriarcham
1427 3203 1511 3256 vel
1543 3202 1845 3273 primatem
1885 3202 2020 3255 dioe-

399 3319 609 3369 ceseos,
651 3306 750 3355 aut
793 3315 968 3370 penes
1013 3296 1348 3351 universalis
1395 3296 1718 3368 apostolicae
1770 3295 2024 3349 Ecclesiae

393 3398 683 3470 judicetur
725 3394 939 3449 sedem.
972 3391 1121 3444 Nihil
1155 3390 1308 3444 aliud
1341 3393 1444 3457 est,
1472 3390 1695 3456 fratres,
1723 3389 1849 3443 talis
1875 3406 2021 3460 prae-

403 3491 672 3562 sumptio,
697 3489 808 3543 nisi
836 3485 1227 3557 apostolorum
1252 3499 1600 3554 suorumque
1641 3499 2024 3538 successorum

402 3584 674 3639 terminos
744 3578 1081 3649 transgredi,
1132 3593 1448 3648 eorumque
1511 3577 1738 3631 decreta
1790 3577 2022 3631 violare.

401 3679 714 3749 Culpantur
741 3673 916 3740 enim,
951 3675 1010 3725 ut
1052 3670 1324 3740 scriptum
1366 3671 1470 3739 est,
1498 3670 1721 3736 fratres,
1762 3669 1892 3740 quia
1921 3669 2023 3723 ali-

399 3777 488 3826 ter
517 3770 662 3824 circa
691 3767 986 3840 episcopos
1005 3763 1263 3835 judicare
1293 3768 1649 3835 praesumunt
1683 3779 1857 3834 quam
1887 3779 2024 3833 apo-

397 3863 603 3920 stolicae
633 3860 783 3916 sedis
807 3875 973 3932 papa:
997 3857 1120 3913 ﬁeri
1146 3857 1441 3928 placuerit.
1473 3859 1540 3911 Et
1565 3857 1692 3928 quis
1721 3862 1803 3910 est
1829 3857 1927 3926 qui
1940 3856 2029 3926 ju-

402 3960 553 4014 dicat
577 3974 710 4012 eum
738 3971 911 4026 quem
941 3951 1213 4008 Dominus
1241 3951 1346 4004 sibi
1391 3954 1450 4004 et
1492 3950 1624 4004 huic
1670 3956 1876 4003 sanctae
1907 3949 2028 4003 sedi

401 4050 674 4108 reservari
704 4047 881 4102 voluit
906 4045 1326 4117 judicandum?
1355 4043 1446 4096 Ait
1479 4058 1728 4112 namque
1757 4041 2028 4095 Dominus

403 4162 507 4217 per
539 4143 875 4214 prophetam
923 4138 1124 4191 Isaiam
1152 4155 1165 4190 :
1200 4157 1226 4183 «
1255 4134 1493 4189 Domine
1543 4136 1689 4188 Deus
1732 4132 2030 4188 auxiliator

405 4253 588 4303 meus,
620 4234 750 4289 ideo
797 4248 914 4286 non
959 4246 1085 4283 sum
1125 4228 1410 4294 confusus,
1441 4227 1571 4282 ideo
1615 4228 1778 4298 posui
1824 4227 2029 4283 faciem

406 4344 596 4383 meam
629 4332 689 4381 ut
716 4329 935 4396 petram
961 4321 1342 4389 durissimam,
1371 4323 1430 4374 et
1456 4320 1568 4374 scio
1594 4319 1725 4391 quia
1750 4337 1868 4374 non
1893 4336 2026 4375 con-

406 4422 631 4493 fundar,
657 4420 821 4492 juxta
847 4422 931 4474 est
959 4415 1055 4489 qui
1077 4403 1492 4487 justiticat'me.
1525 4415 1662 4478 Quis
1689 4414 2032 4470 contradicit

2041 3155 2096 3229 C

2117 1899 2510 1953 Consolabitur
2557 1915 2692 1971 ergo
2745 1899 3020 1954 Dominus
3065 1898 3219 1965 Sion,
3259 1903 3313 1952 et
3358 1897 3752 1952 consolabitur

2117 2009 2314 2048 omnes
2344 1993 2534 2048 ruinas
2573 1994 2715 2064 ejus.
2760 1995 2826 2047 Et
2862 1996 3036 2064 ponet
3079 1993 3364 2047 desertum
3412 1992 3533 2062 ejus
3580 1991 3748 2061 quasi

2119 2086 2360 2154 delicias,
2389 2089 2450 2142 et
2474 2087 2843 2142 solitudinem
2875 2087 2993 2156 ejus
3021 2086 3177 2158 quasi
3216 2087 3446 2140 hortum
3485 2083 3746 2152 Domini;

2118 2180 2391 2250 gaudium
2412 2185 2468 2236 et
2496 2181 2689 2235 laetitia
2717 2179 3038 2235 invenietur
3063 2179 3118 2233 in
3150 2195 3235 2245 ea,
3258 2179 3577 2248 gratiarum
3602 2177 3751 2231 actio

2119 2278 2176 2327 et
2216 2290 2325 2328 vox
2371 2274 2570 2329 laudis.
2602 2273 2886 2328 Attendite
2934 2273 3004 2326 ad
3052 2288 3169 2341 me,
3201 2273 3443 2343 populus
3478 2287 3660 2336 meus,
3694 2274 3748 2323 et

2117 2365 2300 2420 tribus
2327 2383 2477 2433 mea,
2508 2383 2601 2422 me
2633 2367 2840 2422 audite.
2875 2366 3022 2430 Quia
3052 2366 3138 2420 lex
3167 2383 3200 2419 a
3225 2381 3319 2418 me
3348 2365 3499 2419 exiet
3523 2369 3579 2419 et
3599 2363 3753 2434 judi-

2118 2460 2270 2514 cium
2294 2476 2488 2514 meum
2519 2460 2577 2514 in
2611 2461 2796 2515 lucem
2816 2459 3167 2532 populorum
3188 2459 3540 2529 requiescet;
3570 2473 3752 2529 prope

2118 2557 2203 2607 est
2251 2553 2436 2624 justus
2486 2569 2666 2624 meus,
2719 2569 2978 2625 egressus
3031 2556 3119 2606 est
3168 2552 3410 2606 salvator
3459 2567 3638 2618 meus,
3694 2557 3753 2605 et

2117 2646 2413 2701 brachium
2445 2663 2639 2701 meum
2666 2648 2904 2719 populos
2928 2645 3236 2717 judicabit;
3280 2661 3371 2700 me
3415 2645 3615 2699 insula:
3649 2662 3748 2698 ex-

2120 2740 2456 2810 spectabunt
2480 2743 2536 2795 et
2563 2741 2860 2795 brachium
2894 2757 3091 2794 meum
3133 2737 3512 2793 sustinebunt.
3542 2739 3751 2793 Levate

2118 2833 2178 2886 in
2207 2833 2411 2887 coelum
2457 2833 2646 2888 oculos
2687 2838 2924 2900 vestros,
2957 2840 3014 2888 et
3042 2831 3229 2887 videte
3261 2831 3364 2886 sub
3394 2836 3544 2886 terra
3581 2831 3752 2885 deor-

2121 2943 2268 2993 sum,
2302 2927 2438 2998 quia
2467 2927 2591 2981 coeli
2625 2927 2767 2981 sicut
2797 2927 2988 2980 fumus
3033 2925 3370 2995 liquescent,
3401 2929 3456 2979 et
3485 2929 3636 2978 terra
3673 2923 3754 2978 si-

2120 3025 2215 3074 cut
2236 3019 2634 3075 vestimentum
2664 3023 2958 3089 atterctur,
2986 3024 3042 3073 et
3066 3018 3409 3073 habitatores
3449 3018 3568 3087 ejus
3607 3017 3758 3072 sicut

2121 3114 2242 3167 haec
2272 3113 2608 3167 interibunt.
2639 3113 2801 3167 Salus
2843 3115 3036 3168 autem
3065 3129 3193 3166 mea
3235 3112 3293 3165 in
3339 3110 3755 3181 sempiternum

2123 3207 2248 3274 erit,
2282 3210 2340 3260 et
2379 3206 2601 3276 justitia
2645 3223 2768 3260 mea
2803 3222 2917 3259 non
2967 3204 3212 3260 deficiet.
3264 3204 3465 3259 Audite
3512 3220 3604 3258 me
3652 3203 3756 3275 qui

2122 3300 2275 3354 scitis
2292 3300 2532 3369 justum,
2564 3299 2808 3369 populus
2838 3315 3020 3362 meus,
3055 3298 3150 3351 lex
3198 3313 3323 3351 mea
3363 3297 3420 3350 in
3461 3297 3626 3351 corde
3658 3313 3756 3351 eo-

2122 3409 2272 3447 rum.
2304 3391 2482 3446 Nolite
2514 3391 2718 3446 timere
2763 3391 3132 3463 opprobrium
3181 3389 3481 3444 hominum
3527 3393 3585 3444 et
3625 3389 3754 3444 bla-

2123 3485 2408 3556 sphemias
2435 3501 2662 3550 eorum;
2707 3484 2850 3540 sicut
2897 3485 3053 3539 enim
3099 3483 3523 3552 vestimentum,
3552 3482 3630 3536 sic
3655 3499 3755 3536 co-

2125 3577 2318 3634 medet
2347 3594 2445 3633 eos
2470 3578 2700 3647 vermis,
2734 3583 2790 3632 et
2819 3578 2963 3632 sicut
2991 3578 3202 3644 lanam,
3234 3576 3311 3630 sic
3341 3575 3629 3630 devorabit
3660 3591 3758 3630 eos

2126 3673 2293 3727 tinea.
2329 3671 2487 3726 Salus
2514 3675 2708 3726 autem
2735 3686 2864 3726 mea
2889 3671 2948 3724 in
2981 3670 3393 3741 sempiternum
3423 3669 3548 3734 erit,
3577 3671 3635 3721 et
3655 3668 3755 3739 ju-

2126 3766 2280 3819 stitia
2303 3782 2430 3820 mea
2457 3765 2515 3818 in
2539 3764 2902 3836 generatione
2931 3768 2987 3819 et
3011 3763 3440 3834 generationem
3463 3763 3584 3830 (Isa.
3614 3777 3666 3830 L,
3697 3765 3757 3826 7,

2125 3863 2183 3914 2t
2206 3877 2222 3928 ;
2253 3875 2323 3925 LI,
2356 3863 2405 3926 1,
2436 3859 2509 3928 2).
2543 3879 2570 3906 »
2622 3856 2805 3912 Multis
2835 3856 3032 3911 mundi
3064 3857 3234 3928 hujus
3271 3854 3571 3922 illecebris,
3600 3854 3754 3908 mul-

2126 3951 2196 4003 tis
2220 3949 2560 4004 vanitatibus
2589 3949 2967 4004 resistendum
2996 3953 3101 4016 est,
3123 3953 3188 4003 ut
3210 3963 3359 4002 verae
3383 3945 3671 4001 charitatis
3701 3950 3762 4000 et

2127 4041 2494 4098 continentia:
2543 4041 2868 4098 obtineatur
2912 4041 3224 4114 integritas.
3263 4041 3541 4095 Dominus
3593 4039 3757 4093 enim

2129 4137 2347 4190 nullum
2377 4136 2496 4190 vult
2539 4136 2746 4206 perire,
2779 4137 2876 4190 sed
2917 4152 3112 4191 omnes
3149 4135 3330 4188 salvos
3374 4133 3518 4187 fleri.
3549 4133 3758 4188 Certus

2130 4233 2321 4284 autem
2351 4245 2477 4284 sum
2498 4245 2594 4284 vos
2624 4229 2694 4284 ad
2726 4229 2845 4283 haec
2876 4227 3236 4284 emendanda
3263 4227 3350 4281 vel
3397 4223 3760 4281 defendenda

2129 4323 2363 4378 Domino
2387 4322 2697 4379 auxiliante
2724 4323 3020 4394 proficere.
3052 4323 3187 4376 Data
3215 4336 3308 4376 xm
3341 4320 3461 4375 Kal.
3490 4318 3756 4390 Augusti,

2127 4417 2438 4474 Commodo
2465 4423 2521 4473 et
2550 4417 2816 4473 Gratiano
2841 4417 2906 4471 IV
2934 4414 3277 4471 consulibus.

1323 4707 1558 4774 CUJUS
1611 4707 1871 4773 SUPRA
1913 4705 2298 4774 EPISTULA
2340 4705 2444 4770 AD
2489 4704 2828 4771 APHROS.

1668 4837 1762 4900 De
1793 4837 2006 4899 causis
2029 4835 2492 4919 superioribus.

475 4997 676 5052 VICTOR
726 4993 992 5051 Romanas
1037 4990 1298 5048 Ecclesiae
1348 4990 1501 5047 urbis
1549 4989 2025 5062 archiepiscopus,
2047 5001 2107 5075 D
2132 5006 2248 5044 non
2276 4989 2616 5059 discrepare,
2647 4985 2745 5040 sed
2777 4982 3088 5039 concordes
3113 4998 3252 5051 esse,
3276 4980 3409 5052 quia
3432 4979 3562 5034 licet
3587 4980 3764 5050 pauci

405 5091 681 5147 universis
696 5088 970 5162 episcopis
987 5104 1091 5159 per
1107 5086 1349 5142 Africam
1370 5084 1689 5141 constitutis
1706 5085 1764 5139 in
1786 5085 2029 5140 Domino

405 5187 664 5242 salutem.

478 5280 718 5350 Semper
745 5277 898 5332 enim
940 5277 1001 5332 in
1041 5280 1256 5332 aeterno
1285 5272 1515 5329 consilio
1554 5271 1654 5328 Dei
1681 5273 1895 5329 mansit
1924 5273 2027 5328 hu-

405 5374 560 5430 mani
586 5370 814 5445 generis
839 5367 1380 5425 incommutabiliter
1403 5366 1785 5438 praeordinata
1804 5383 2030 5438 repara-

406 5455 506 5536 tio,
540 5467 640 5523 sed
679 5466 819 5522 ordo
849 5481 1042 5520 rerum
1082 5480 1185 5535 per
1208 5461 1509 5526 Dominum
1549 5464 1809 5516 nostrum
1837 5463 2030 5516 Jesum

407 5561 695 5618 Christum
756 5558 1149 5631 temporaliter
1212 5556 1589 5629 gerendarum
1665 5555 2032 5628 dispositione

406 5656 563 5710 verbi
589 5655 763 5710 divini
800 5653 1040 5726 sumpsit
1071 5651 1387 5708 exordium.
1421 5647 1775 5722 Quapropter
1811 5653 2036 5722 oportet

411 5763 526 5814 vos,
546 5748 762 5817 fratres,
784 5748 1085 5804 unanimes
1106 5764 1248 5814 esse,
1270 5749 1327 5803 et
1353 5744 1761 5801 adminiculum
1788 5743 2031 5799 vicissim

408 5839 557 5896 ferre
590 5856 603 5894 :
632 5840 692 5897 in
717 5847 870 5900 recta
896 5859 1036 5916 ergo
1073 5842 1185 5898 fide
1217 5848 1271 5897 et
1312 5841 1372 5896 in
1422 5839 1780 5896 sacramentis
1834 5837 2036 5895 divinis

2130 5083 2250 5139 sitis
2269 5083 2556 5138 malorum
2572 5077 3015 5150 comparatione,
3036 5075 3082 5130 si
3102 5079 3297 5130 tamen
3315 5073 3620 5129 concordes
3637 5071 3764 5126 fue-

2131 5177 2270 5247 ritis,
2304 5176 2489 5246 facile,
2519 5173 2828 5230 auxiliante
2853 5170 3112 5240 Domino,
3146 5173 3361 5224 vestros
3403 5165 3762 5221 insidiatores

2130 5269 2493 5343 superabitis.
2523 5269 2583 5324 Si
2608 5283 2741 5322 vero
2787 5265 3095 5332 discordes,
3123 5263 3278 5335 quod
3317 5261 3482 5330 absit,
3510 5257 3759 5326 fueritis,

2130 5381 2247 5422 non
2263 5361 2618 5436 superabitis,
2637 5361 2734 5416 sed
2749 5357 3177 5431 superabimini.
3190 5355 3478 5411 Perlatum
3495 5355 3581 5406 est
3599 5351 3762 5405 enim

2131 5461 2202 5516 ad
2227 5459 2419 5515 sedem
2434 5455 2803 5528 apostolicam
2830 5453 3048 5523 aliquos
3063 5454 3313 5504 vestrum
3333 5462 3534 5502 nocere
3555 5446 3766 5499 fratres

2130 5554 2296 5620 velle,
2326 5556 2379 5608 et
2405 5554 2469 5606 ut
2492 5549 2710 5612 cadant,
2741 5548 3048 5612 decertare,
3076 5542 3334 5599 similiter
3359 5541 3418 5596 in
3442 5554 3766 5594 sacramen-

2131 5648 2202 5703 tis
2226 5647 2568 5716 discrepare,
2592 5646 2649 5698 et
2681 5640 2752 5697 ob
2784 5639 2842 5696 id
2867 5637 3258 5695 contentiones
3283 5637 3341 5688 et
3371 5631 3767 5688 azmulationes

2132 5741 2282 5796 inter
2304 5756 2401 5794 vos
2424 5739 2576 5805 ﬁeri;
2605 5753 2637 5790 a
2661 5734 2867 5807 quibus
2893 5729 3325 5787 dissensionibus
3355 5743 3450 5781 vos
3479 5727 3763 5791 avertere,

2135 5838 2194 5892 et
2211 5833 2271 5890 in
2296 5833 2384 5888 his
2402 5831 2666 5888 omnibus
2692 5827 3051 5895 concordare,
3071 5827 3129 5881 et
3149 5838 3317 5896 opem
3341 5821 3490 5879 ferre
3514 5817 3766 5875 vicissim
