4026 6166
219 286 315 337 125

1445 279 1914 338 DECRETALIUM
1952 279 2338 334 COLLECTIO.

3467 287 3569 339 126

208 388 560 444 mandamus.
602 389 746 443 Nam
781 389 826 443 si
867 388 1180 462 hocjagere
1218 389 1330 446 cito
1370 390 1748 463 neglexeritis,
1779 393 1836 443 et
1855 400 1913 472 Α
1935 391 2019 442 est
2041 387 2100 441 in
2128 387 2270 442 urbe
2305 386 2568 454 solitudo,
2613 391 2670 442 et
2705 386 2994 442 calamitas
3024 387 3307 459 opprimet
3356 394 3569 460 portas.

211 480 448 536 vicissim
489 483 841 537 reconciliari
871 499 988 538 non
1025 483 1374 554 studueritis,
1405 484 1476 539 ab
1513 483 1832 555 apostolicae

207 576 346 631 sedis
376 579 436 630 et
472 575 646 630 totius
692 576 952 632 Ecclesiae
986 578 1390 634 communione
1431 594 1532 633 vos
1554 577 1693 648 pelli
1719 592 1833 631 non

207 654 489 735 dubitetis,
533 665 638 725 nec
682 669 994 739 attenditis,
1045 671 1382 738 charissimi,
1433 661 1680 742 qualiter
1718 671 1831 725 Do-

204 763 388 818 minus
405 778 514 835 per
531 762 732 817 Isaiam
751 764 1090 835 prophetam
1109 765 1314 819 talibus
1334 764 1713 820 comminatus
1725 769 1832 831 est,

205 856 394 911 dicens
440 873 454 910 :
506 878 535 905 ‹‹
591 857 862 912 Dominus
912 857 991 912 eis
1032 858 1253 913 locutus
1300 862 1385 913 est
1420 857 1657 913 verbum
1701 857 1829 924 hoc,

201 950 332 1004 luxit
358 954 417 1004 et
441 949 680 1004 deﬂuxit
705 955 876 1017 terra,
915 956 972 1005 et
1015 950 1304 1005 inﬁrmata
1343 956 1445 1020 est,
1487 951 1724 1006 deﬂuxit
1747 967 1834 1005 or-

200 1042 296 1109 bis,
327 1048 391 1097 et
411 1043 706 1098 inﬁrmata
740 1049 824 1098 est
856 1044 1094 1098 altitudo
1131 1045 1330 1116 populi
1366 1049 1554 1112 terraz,
1598 1050 1654 1100 et
1678 1050 1832 1100 terra

200 1136 495 1190 interfecta
520 1141 604 1192 est
629 1137 698 1190 ab
717 1136 1125 1192 habitatoribus
1161 1137 1296 1205 suis,
1333 1138 1465 1209 quia
1494 1137 1830 1208 transgressi

197 1233 319 1283 sunt
373 1231 559 1300 leges,
616 1234 977 1285 mutavenmt
1022 1231 1138 1301 jus,
1193 1230 1606 1301 dissipaverunt
1647 1231 1831 1286 fcedus

196 1322 626 1394 sempiternum.
669 1325 902 1395 Propter
939 1325 1045 1378 hoc
1085 1325 1404 1379 maledictio
1450 1324 1669 1379 vorabit
1716 1329 1826 1378 ter-

197 1432 335 1485 ram,
367 1420 427 1470 et
470 1416 788 1488 peccabunt
836 1417 1182 1472 habitatores
1208 1418 1348 1488 ejus,
1395 1418 1635 1489 ideoque
1673 1418 1827 1472 insa-

197 1510 350 1564 nient
374 1510 626 1564 cultores
650 1511 790 1580 ejus,
819 1515 875 1566 et
903 1511 1299 1582 relinquentur
1343 1511 1603 1566 homines
1641 1512 1825 1582 pauci,

194 1603 326 1656 luxit
372 1603 687 1671 vindemia,
725 1605 1017 1658 inﬁrmata
1063 1607 1150 1660 est
1201 1605 1366 1673 vitis;
1422 1605 1829 1676 ingemuerunt

195 1712 384 1752 omnes
412 1698 519 1769 qui
538 1697 876 1752 laetabantur
894 1698 1099 1764 corde;
1127 1699 1361 1752 cessavit
1381 1698 1656 1769 gaudium
1683 1701 1826 1768 tym-

1931 480 2076 544 Quia
2103 481 2226 535 hinc
2256 484 2426 534 erunt
2449 480 2510 534 in
2537 481 2722 536 medio
2759 485 2946 548 terras,
2991 486 3047 536 et
3082 481 3142 536 in
3169 482 3358 536 medio
3383 499 3565 554 popu-

1930 573 2138 642 lorum,
2163 573 2458 644 quomodo
2485 573 2534 626 si
2563 590 2759 645 paucae
2797 574 2957 629 oliva:
2986 591 3112 646 quae
3138 580 3562 644 remanserunt,

1929 666 2290 722 excutiantur
2319 683 2390 722 ex
2417 667 2558 732 olea,
2590 670 2647 720 et
2684 666 2888 721 racemi
2909 709 2923 736 ,
2955 683 3082 722 cum
3124 667 3296 723 fuerit
3322 669 3570 724 ﬁnitima

1929 760 2241 816 vindemia.
2288 760 2356 814 Hi
2398 759 2663 815 levabunt
2712 776 2907 815 vocem
2954 777 3116 815 suam
3163 766 3330 833 atque
3379 763 3569 818 lauda-

1929 853 2074 908 bunt
2105 870 2120 907 :
2150 871 2282 908 cum
2305 853 2651 924 gloriﬁcatus
2681 853 2851 908 fuerit
2877 854 3176 921 Dominus,
3203 855 3466 911 hinnient
3494 856 3566 912 de

1930 946 2095 1001 mari.
2120 949 2361 1018 Propter
2389 947 2498 1001 hoc
2517 947 2577 1000 in
2607 946 2877 1001 doctrinis
2900 946 3210 1017 gloriﬁcate
3236 949 3564 1016 Dominum,

1931 1044 1990 1094 et
2016 1040 2077 1094 in
2123 1040 2324 1094 insulis
2363 1041 2536 1094 maris
2580 1056 2793 1094 nomen
2833 1040 3054 1094 Domini
3102 1040 3201 1094 Dei
3240 1043 3407 1097 Israel
3434 1042 3562 1112 (Isa.

1930 1150 2080 1204 xxxv,
2109 1137 2163 1200 3,
2198 1135 2302 1204 15).
2342 1154 2370 1184 »
2406 1136 2471 1189 Et
2498 1134 2788 1202 Dominus,
2817 1133 2878 1187 in
2909 1134 3161 1189 oratione
3193 1151 3365 1205 quam
3397 1135 3562 1190 disci—

1929 1228 2096 1298 pulos
2124 1244 2252 1281 suos
2277 1228 2467 1282 docuit
2494 1243 2676 1296 orare,
2708 1227 2786 1282 ait
2819 1244 2832 1282 :
2871 1244 2898 1281 «
2931 1229 3096 1284 Pater
3118 1231 3334 1296 noster,
3377 1229 3474 1300 qui
3507 1245 3566 1286 es

1929 1321 1989 1375 in
2027 1320 2201 1390 ccelis,
2248 1321 2628 1376 sanctiﬁcetur
2662 1338 2872 1377 nomen
2914 1325 3100 1377 tuum.
3146 1345 3173 1372 »
3211 1324 3272 1377 In
3310 1323 3472 1378 bonis
3511 1330 3568 1379 et

1922 1413 2095 1484 justis
2128 1413 2456 1468 hominibus
2485 1414 2869 1469 sanctiﬁcatur
2908 1431 3119 1470 nomen
3153 1415 3394 1483 Domini,
3424 1421 3481 1470 et
3507 1416 3565 1470 in

1930 1507 2093 1561 malis
2117 1507 2565 1578 blasphematur,
2597 1512 2655 1563 et
2683 1509 2806 1580 ipsa
2826 1525 2929 1580 per
2955 1525 3013 1563 se
3048 1509 3263 1563 Veritas
3293 1508 3372 1564 ait
3398 1527 3412 1564 :
3449 1532 3477 1558 «
3509 1510 3564 1565 Si

1929 1602 2101 1656 oﬁ‘ers
2144 1619 2351 1658 munus
2389 1607 2550 1658 tuum
2590 1605 2664 1658 ad
2702 1605 2894 1672 altare,
2939 1608 2995 1660 et
3031 1606 3352 1660 recordatus
3389 1606 3567 1661 fueris

1927 1696 2059 1766 quia
2098 1697 2272 1750 frater
2307 1701 2437 1751 tuus
2482 1697 2654 1752 habet
2685 1698 2902 1769 aliquid
2935 1699 3238 1753 adversum
3272 1702 3344 1765 te,
3392 1698 3560 1754 relin-

194 1807 497 1861 panorum,
539 1791 754 1862 quievit
783 1791 999 1846 sonitus
1029 1791 1367 1856 laetantium,
1400 1791 1668 1846 conticuit
1705 1792 1827 1846 dul-
1846 1773 1903 1844 Β
1927 1805 2035 1860 que
2064 1789 2142 1844 ibi
2171 1807 2380 1844 munus
2403 1796 2570 1845 tuum
2595 1791 2668 1845 ad
2693 1791 2888 1858 altare,
2926 1796 2983 1845 et
3003 1793 3146 1846 vade
3176 1792 3333 1863 prius
3362 1808 3559 1847 recon-

195 1885 323 1938 cedo
349 1885 588 1938 cithara:
601 1902 618 1952 ;
641 1901 776 1938 cum
797 1884 1010 1939 cantico
1031 1901 1150 1939 non
1179 1884 1375 1939 bibent
1393 1885 1612 1951 vinum,
1634 1901 1823 1938 amara

196 1977 292 2030 erit
319 1977 480 2047 potio
504 1977 829 2031 bibentibus
852 1977 1044 2045 illam;
1081 1977 1270 2031 attrita
1307 1981 1390 2030 est
1431 1977 1622 2030 civitas
1662 1976 1822 2030 vani-

195 2070 340 2138 tatis,
396 2071 585 2124 clausa
642 2074 730 2124 est
778 2070 962 2124 omnis
1011 2070 1214 2124 domus
1266 2070 1426 2124 nullo
1477 2069 1821 2124 introeunte.

193 2162 424 2218 Clamor
451 2164 552 2218 erit
578 2179 753 2235 super
793 2163 926 2218 vino
959 2163 1021 2217 in
1063 2162 1289 2234 plateis,
1327 2163 1549 2218 deserta
1593 2165 1678 2216 est
1707 2179 1826 2217 om-

190 2257 277 2312 nis
319 2257 546 2327 laetitia;
586 2257 925 2312 translatum
973 2259 1059 2312 est
1096 2256 1372 2327 gaudium
1407 2260 1594 2323 terrae,
1632 2254 1826 2310 relicta

1922 1883 2100 1936 ciliari
2149 1883 2310 1937 fratri
2351 1887 2471 1953 tuo,
2509 1887 2566 1938 et
2603 1890 2795 1954 postea
2832 1884 3034 1939 offeres
3070 1901 3280 1939 munus
3315 1891 3497 1940 tuum.
3530 1907 3558 1934 »

1922 1975 2071 2029 Nulli
2099 1992 2230 2030 vero
2254 1977 2416 2030 liceat
2440 1977 2755 2031 doctrinam
2785 1978 3172 2048 evangelicam
3199 1979 3478 2043 deserere,
3503 1981 3560 2031 et

1924 2068 2254 2123 sacerdotali
2289 2069 2505 2124 honore
2543 2070 2809 2140 gaudere.
2852 2071 2992 2124 Data
3028 2071 3152 2125 Kal.
3192 2070 3558 2141 Septembris,

1924 2160 2204 2216 Laterano
2233 2165 2289 2216 et
2316 2161 2543 2217 Bufﬁno
2569 2164 2636 2217 IV
2669 2179 2751 2217 cc.
2779 2163 3125 2218 consulibus.

702 2571 1280 2667 INCIPIUNT
1365 2573 1890 2666 DECRETA
1975 2573 2583 2666 ZEPHERINI
2679 2573 3048 2664 PAPIE.

1116 2738 1297 2801 (Anno
1328 2741 1552 2796 Domini
1581 2744 1704 2809 208,
1739 2744 1998 2813 tempore
2023 2739 2213 2797 Severi
2243 2741 2641 2812 imperatoris.)

251 2998 542 3054 Romana:
577 2997 733 3052 urbis
771 2998 1224 3071 archiepiscopus
1259 3000 1601 3055 Zarnnmsvs
1647 2998 1828 3052 omni-
1847 3014 1902 3088 ρ
1927 2999 2098 3055 miter
2121 3001 2273 3054 stare
2300 2999 2495 3065 voluit,
2528 3015 2645 3054 non
2669 3016 2702 3054 a
2723 2997 3071 3071 quibuslibet
3084 2997 3308 3070 agitari.
3330 2998 3557 3054 Nullum

188 3091 283 3146 bus
323 3109 438 3164 per
483 3091 732 3148 Siciliam
786 3092 1103 3148 constitutis
1148 3092 1423 3164 episc0pis
1473 3092 1533 3148 in
1583 3092 1824 3148 Domino

188 3186 462 3240 salutem.

251 3279 481 3334 Divinas
511 3279 660 3334 circa
695 3296 799 3334 nos
828 3279 1025 3350 gratiae
1068 3295 1357 3335 memores
1391 3295 1512 3334 esse
1555 3279 1824 3334 debemus

190 3389 308 3443 qua:
362 3389 482 3427 nos
534 3388 638 3443 per
691 3371 1035 3443 dignationis
1073 3389 1189 3428 suae
1244 3373 1696 3428 misericordiam
1751 3374 1824 3428 ob

190 3465 286 3519 hoc
313 3465 394 3520 ad
427 3465 731 3536 fastigium
757 3466 1102 3520 sacerdotale
1128 3466 1408 3536 provexit,
1450 3469 1511 3520 ut
1538 3465 1824 3520 mandatis

189 3557 356 3629 ipsius
397 3559 772 3628 inhaerentes,
812 3564 868 3614 et
913 3559 974 3614 in
1013 3559 1263 3630 quadam
1311 3559 1660 3614 sacerdotum
1704 3560 1825 3630 ejus

190 3651 579 3721 speculatione
621 3651 933 3719 constituti,
973 3652 1378 3723 prohibeamus
1411 3652 1606 3707 illicita
1649 3656 1707 3707 et
1744 3667 1824 3707 se-

190 3747 416 3814 quenda
454 3745 782 3799 doceamus.
820 3744 978 3800 Sicut
1011 3746 1199 3800 stellas
1231 3746 1355 3800 caeli
1397 3761 1512 3800 non
1543 3744 1826 3816 extinguit

192 3854 328 3908 nox,
373 3838 463 3892 sic
508 3842 732 3892 mentes
776 3837 1028 3892 ﬁdelium
1077 3839 1439 3893 ﬁrmamento
1480 3838 1825 3894 inhaerentes

191 3935 394 3985 sanctae
426 3931 735 4001 Scripturze
763 3947 874 3985 non
912 3930 1172 3986 obscurat
1211 3932 1501 3986 mundana
1527 3931 1820 4003 iniquitas.

193 4024 399 4079 Idcirco
434 4023 698 4078 meditari
728 4039 825 4078 vos
865 4026 1092 4095 oportet
1125 4029 1182 4080 et
1220 4025 1553 4096 Scripturas,
1589 4029 1646 4079 et
1675 4040 1821 4095 pra:-

191 4124 346 4189 cepta
374 4117 595 4185 divina,
641 4133 772 4188 quae
816 4117 876 4172 in
920 4117 1235 4189 Scripturas
1273 4117 1655 4185 continentur,
1700 4116 1825 4173 dili-

191 4214 389 4279 genter
435 4209 752 4278 attendere,
790 4226 862 4265 ne
898 4215 1346 4280 transgressores
1383 4210 1523 4282 legis
1566 4210 1686 4280 Dei,
1725 4211 1823 4265 sed

190 4303 525 4376 impletores
554 4304 894 4375 appareatis.
928 4303 1265 4359 Patriarchie
1284 4319 1416 4359 vero
1435 4304 1524 4359 vel
1551 4304 1824 4375 primates

1924 3096 2119 3149 autem
2148 3109 2345 3148 eorum
2376 3093 2655 3148 sententia
2677 3109 2708 3146 a
2737 3109 2850 3147 non
2884 3109 2984 3147 suo
3003 3093 3197 3163 judice
3240 3092 3388 3147 dicta
3419 3109 3556 3147 con-

1925 3185 2188 3258 stringat,
2222 3185 2356 3257 quia
2385 3191 2443 3241 et
2477 3186 2633 3257 leges
2657 3185 2845 3240 saeculi
2882 3185 2942 3239 id
2967 3185 3155 3257 ipsum
3194 3186 3318 3240 ﬁeri
3354 3185 3559 3256 praeci-

1925 3279 2107 3350 piunt.
2142 3279 2448 3334 Duodecim
2476 3279 2630 3334 enim
2645 3279 2866 3350 judices
2886 3279 3126 3350 quilibet
3153 3279 3445 3350 episcopus
3471 3295 3559 3333 ac-

1925 3377 2168 3441 cusatus,
2194 3374 2240 3427 si
2267 3389 2493 3428 necesse
2521 3373 2708 3440 fuerit,
2740 3372 2933 3443 eligat,
2967 3389 3002 3426 a
3028 3372 3234 3443 quibus
3254 3372 3376 3442 ejus
3396 3388 3560 3426 causa

1916 3465 2069 3536 juste
2106 3466 2418 3536 judicetur,
2458 3482 2563 3522 nec
2591 3466 2750 3538 prius
2773 3465 3058 3534 audiatur,
3099 3469 3196 3519 aut
3222 3480 3558 3519 excommu-

1923 3559 2164 3627 nicetur,
2187 3560 2278 3614 vel
2297 3559 2607 3630 judicetur,
2631 3575 2801 3630 quam
2825 3559 2928 3630 ipsi
2955 3575 3058 3630 per
3087 3575 3145 3613 se
3173 3558 3478 3630 eligantur,
3504 3563 3564 3612 et

1923 3651 2263 3722 regulariter
2302 3656 2534 3707 vocatus
2577 3653 2652 3706 ad
2695 3669 2928 3707 suorum
2978 3653 3166 3722 primo
3213 3654 3560 3706 conventum

1925 3744 2342 3816 episcoporum,
2381 3761 2487 3816 per
2523 3761 2618 3800 eos
2653 3745 2775 3814 ejus
2813 3761 2980 3800 causa
3011 3745 3165 3814 juste
3203 3745 3470 3800 audiatur
3508 3750 3564 3799 et

1923 3837 2328 3894 rationabiliter
2357 3837 2729 3893 discernatur.
2757 3838 2908 3892 Finis
2931 3853 3067 3892 vero
3112 3839 3236 3907 ejus
3267 3853 3451 3891 causas
3487 3837 3561 3890 ad

1923 3931 2117 3986 sedem
2136 3931 2503 4002 apostolicam
2531 3931 2839 3998 deferatur,
2871 3934 2934 3984 ut
2955 3929 3169 3984 ibidem
3200 3929 3560 3984 terminetur.

1924 4026 2034 4080 Nec
2063 4027 2233 4080 antea
2251 4024 2504 4092 ﬁniatur,
2551 4025 2697 4079 sicut
2729 4025 2800 4078 ab
2841 4024 3109 4096 apostolis
3151 4024 3238 4079 vel
3277 4039 3560 4079 successo-

1923 4118 2079 4173 ribus
2117 4134 2316 4173 eorum
2349 4117 2484 4172 olim
2513 4121 2788 4172 statutum
2827 4123 2930 4187 est,
2960 4133 3132 4190 quam
3169 4117 3292 4187 ejus
3319 4117 3561 4172 auctori«

1923 4215 2036 4268 tate
2064 4211 2358 4278 fulciatur;
2390 4212 2461 4266 ad
2488 4227 2619 4265 eam
2643 4227 2869 4283 quoque
2898 4211 2968 4265 ab
2994 4211 3259 4266 omnibus
3291 4210 3556 4281 (maxime

1923 4308 2117 4360 tamen
2127 4306 2196 4360 ab
2208 4304 2508 4376 oppressis)
2521 4305 2926 4375 appellandum
2938 4309 3023 4359 est
3035 4307 3092 4359 et
3107 4303 3560 4359 concurrendum

190 4399 514 4452 accusatum
545 4396 912 4454 discutientes
959 4397 1310 4469 episcopum,
1356 4414 1472 4452 non
1515 4401 1649 4453 ante
1701 4391 1900 4463 sen-D
1922 4398 2080 4470 quasi
2107 4398 2179 4453 ad
2203 4401 2474 4465 matrem,
2506 4402 2568 4452 ut
2609 4399 2735 4469 ejus
2769 4397 3040 4452 uberibus
3077 4398 3423 4468 nutriantur,
3457 4414 3556 4453 au-

193 4491 430 4546 tentiam
475 4490 768 4561 proferant
814 4490 1111 4561 ﬁnitivam,
1149 4507 1322 4562 quam
1366 4490 1670 4563 apostolica
1697 4490 1826 4546 fulti

193 4583 550 4652 auctoritate,
588 4600 653 4638 ac
690 4599 853 4639 reum
893 4584 1141 4656 seipsum
1185 4584 1542 4652 conﬁteatur,
1578 4589 1677 4639 aut
1715 4600 1820 4656 per

193 4674 519 4732 innocentes
570 4679 629 4731 et
668 4677 1006 4748 regulariter
1060 4679 1413 4733 examinatos
1453 4678 1823 4733 convincatur

191 4772 376 4825 testa.
407 4769 517 4833 Qui
547 4769 760 4825 minori
785 4787 901 4825 non
927 4770 1040 4826 sint
1065 4787 1309 4826 numero
1334 4787 1509 4842 quam
1547 4770 1630 4825 illi
1654 4770 1820 4827 disci-

194 4862 306 4931 puli
351 4863 608 4932 fuerunt,
655 4880 797 4934 quos
842 4863 1114 4919 Dominus
1146 4866 1218 4920 ad
1257 4864 1654 4936 adiumentum
1693 4880 1822 4936 apo-

195 4956 468 5010 stolarum
505 4956 716 5027 eligere
750 4957 1040 5028 praecepit,
1082 4957 1143 5012 id
1179 4960 1266 5012 est
1297 4958 1656 5028 septuaginta
1685 4957 1819 5012 duo.

197 5047 551 5104 Detractores
599 5065 824 5122 quoque
883 5051 1075 5106 divina
1115 5051 1444 5106 auctoritate
1498 5049 1822 5107 eradicandi

195 5146 344 5208 sunt,
368 5147 429 5197 et
444 5147 705 5198 auctores
731 5143 1088 5199 inimicorum
1110 5145 1181 5199 ab
1207 5144 1512 5216 episcopali
1529 5144 1824 5200 submove-

196 5250 322 5289 mns
331 5237 689 5291 accusatione
703 5237 792 5292 vel
809 5237 1153 5308 testimonio,
1174 5253 1279 5294 nec
1298 5254 1657 5294 summorum
1674 5238 1824 5310 quis.

197 5328 353 5398 piam
380 5331 670 5385 minorum
700 5331 1152 5387 accusationibus
1186 5332 1605 5404 impetatnraut
1633 5332 1820 5404 dispe-

199 5425 338 5490 reat,
368 5439 553 5496 neque
579 5423 639 5478 in
659 5440 719 5480 re
741 5424 913 5480 dubia
932 5429 1083 5480 certa
1094 5425 1382 5497 judicetur
1401 5426 1694 5495 sententia,
1719 5442 1824 5480 nec

198 5517 377 5570 ullum
391 5517 696 5588 judicium,
717 5517 824 5573 nisi
853 5518 1236 5574 ordinabiliter
1263 5519 1522 5575 habitum
1540 5523 1820 5574 teneatur.

198 5608 410 5665 Absens
423 5627 558 5666 vero
570 5627 740 5667 nemo
742 5612 766 5684 j
773 5611 1192 5685 udicetur,quia
1202 5618 1258 5669 et
1269 5613 1472 5669 divina:
1487 5618 1544 5667 et
1553 5613 1822 5667 humanae

196 5701 300 5756 hoc
321 5705 627 5774 prohibent
648 5706 820 5777 leges.
839 5709 1198 5762 Accusatores
1222 5711 1410 5762 autem
1439 5723 1640 5760 eorum
1666 5704 1823 5760 omni

197 5805 427 5854 meant
445 5799 784 5871 suspicione,
814 5799 946 5870 quia
965 5801 1254 5856 columnas
1276 5817 1404 5856 suas
1427 5799 1704 5855 Dominus
1733 5799 1824 5855 ﬁr-

1927 4492 2130 4547 ctorite
2173 4491 2574 4560 defendantur,
2622 4496 2679 4547 et
2719 4508 2754 4546 a
2796 4491 2909 4546 suis
2966 4491 3423 4563 oppressionibus
3467 4507 3558 4546 re-

1920 4586 2204 4652 leventur,
2233 4585 2367 4658 quia
2399 4601 2514 4640 non
2540 4588 2741 4656 potest,
2772 4601 2879 4642 nec
2898 4584 3069 4642 debet
3093 4589 3278 4640 mater
3303 4584 3557 4640 oblivisci

1920 4678 2107 4734 ﬁlium
2139 4694 2327 4735 suum.

1993 4770 2120 4845 29
2140 4771 2357 4827 Judicia
2381 4770 2535 4826 enim
2553 4770 2965 4843 episcoporum,
2988 4770 3350 4844 majoresque
3369 4773 3559 4830 Eccle-

1921 4866 2022 4920 size
2048 4882 2229 4920 causa
2255 4882 2289 4918 a
2316 4865 2446 4920 sede
2468 4863 2776 4936 apostolica
2795 4868 2851 4919 et
2874 4880 2990 4920 non
3015 4864 3087 4919 ab
3108 4864 3236 4934 alia,
3259 4865 3404 4921 sicut
3425 4883 3558 4938 apo-

1923 4959 2051 5014 stoli
2068 4961 2125 5013 et
2143 4958 2320 5013 sancti
2336 4973 2684 5013 successores
2702 4973 2901 5012 eorum
2921 4961 3261 5027 statuerunt,
3288 4977 3419 5015 cum
3434 4961 3557 5016 aliis

1923 5051 2198 5124 episcopis
2215 5055 2347 5106 sunt
2357 5051 2733 5106 terminandte
2749 5068 2766 5120 ;
2789 5051 2927 5122 quia
2940 5051 3077 5106 licet
3093 5051 3153 5106 in
3167 5052 3303 5107 alios
3322 5055 3557 5110 transfe-

1921 5148 2054 5200 rant
2068 5144 2554 5216 episcopos,beato
2568 5147 2760 5200 tamen
2773 5144 3030 5216 apostolo
3039 5147 3202 5200 Petro
3217 5146 3429 5202 dictum
3444 5153 3527 5203 est
3541 5161 3554 5202 ς

1921 5240 2284 5310 Quaacunque
2309 5237 2571 5309 ligaveris
2597 5255 2772 5310 super
2794 5241 3005 5293 terram
3027 5245 3198 5294 erunt
3221 5240 3398 5310 ligata
3418 5244 3474 5296 et
3498 5241 3555 5295 in

1924 5333 2159 5400 coelis,et
2179 5347 2551 5403 quaecumque
2590 5331 2820 5387 solveris
2843 5349 3014 5404 super
3042 5336 3253 5388 terram
3275 5338 3443 5388 erunt
3461 5350 3550 5388 so-

1923 5426 2040 5481 luta
2058 5425 2188 5480 etin
2203 5425 2375 5480 caelis.
2391 5426 2459 5480 Et
2473 5425 2692 5497 reliqua
2701 5425 2998 5498 privilegia
3009 5443 3137 5499 quae
3149 5427 3249 5482 soli
3263 5427 3392 5480 huic
3402 5443 3554 5481 sanc-

1921 5523 1994 5574 tae
2009 5518 2128 5574 sedi
2145 5535 2406 5574 concessa
2418 5522 2570 5588 sunt,
2588 5523 2645 5574 et
2655 5519 2712 5574 in
2725 5519 3041 5575 constitutis
3052 5521 3430 5591 apostolorum
3439 5563 3452 5589 ,
3467 5536 3556 5576 eo‘

1922 5629 2165 5685 rumque
2181 5629 2589 5682 successorum,
2605 5613 2728 5668 aliis
2741 5631 2911 5686 quam
2919 5613 3174 5684 plurimis
3186 5629 3314 5666 cum
3327 5612 3407 5668 eis
3419 5631 3550 5670 cond

1925 5706 2264 5772 cinentibus,
2289 5706 2574 5762 habentur
2589 5706 2822 5761 inserta.
2851 5705 3224 5777 Septuaginta
3239 5707 3392 5762 enim
3411 5726 3552 5782 apo-

1923 5801 2051 5858 stoli
2078 5801 2384 5856 sententias
2412 5800 2785 5872 praeﬁxerunt
2811 5815 2940 5854 cum
2965 5799 3091 5854 aliis
3123 5803 3557 5876 quamplurimis
