4026 6166
504 269 604 324 127

1378 262 1662 319 ΑΡΡΕΝΙ).
1703 259 1793 318 ΑΒ
1832 260 1992 317 ΞᾹΞΟ.
2035 263 2122 316 IX.
2155 290 2224 303 —-
2262 261 2512 318 ISIDORI
2547 262 2975 320 MERCATORIS

3753 266 3847 321 l28

498 373 794 446 episcopis,
825 375 881 426 et
905 370 1202 427 servandas
1232 373 1595 426 censuerunt.
1624 371 1699 426 De
1720 369 1951 425 occultis
1972 369 2124 424 enim
2146 383 2207 457 Α
2225 370 2464 442 perituri
2497 386 2667 442 super
2690 387 2784 425 me
2812 369 3090 442 veniebat,
3120 372 3176 425 et
3205 384 3305 425 cor
3327 369 3511 425 vidum
3541 369 3852 426 consolatus

500 466 673 522 alieni
699 465 879 520 cordis
906 467 1123 519 temere
1151 462 1408 534 judicare
1445 464 1743 535 peccatum
1771 464 1875 530 est,
1909 465 1964 518 et
1993 479 2124 517 eum

2225 480 2370 532 sum,
2382 463 2602 536 justitia
2626 464 2856 520 indutus
2891 479 3038 534 sum,
3069 467 3127 519 et
3144 462 3338 519 vestivi
3374 480 3468 519 me
3512 462 3849 520 vestimento

499 559 662 630 cujus
697 574 812 612 non
855 557 1119 614 videntur
1167 572 1339 628 opera
1380 557 1488 611 nisi
1520 556 1691 624 bona,
1738 555 2000 628 iniquum
2043 559 2127 611 est
2225 560 2282 612 et
2313 557 2656 626 diademate,
2685 557 2901 629 judicio
2928 575 3088 628 meo;
3119 558 3311 613 oculus
3346 557 3430 612 fui
3460 573 3628 626 caeco,
3664 559 3721 612 et
3754 573 3854 628 pes

499 669 572 707 ex
601 650 915 722 suspicione
944 650 1376 722 reprehendere,
1404 665 1535 704 cum
1563 664 1763 704 eorum
1787 664 1912 721 quae
1936 648 2122 704 homi-

495 745 662 800 nibus
687 748 818 800 sunt
843 744 1134 816 incognita
1164 743 1314 798 solus
1341 743 1486 798 Deus
1505 743 1683 814 judex
1713 742 1812 812 sit;
1839 741 1959 814 ipse
1987 759 2121 799 vero

495 837 654 894 novit
682 837 1012 894 abscondita
1036 837 1240 907 cordis,
1274 839 1333 893 et
1365 852 1480 892 non
1509 835 1686 906 alius;
1728 835 1937 908 injusta
1967 837 2121 892 enim

489 931 708 1004 judicia
734 932 803 986 ab
830 931 1096 986 omnibus
1122 930 1368 986 cavenda
1405 934 1554 998 sunt,
1594 929 1845 985 maxime
1872 932 2063 985 tamen
2090 947 2123 984 a

495 1026 672 1082 servis
701 1025 945 1080 Domini.
993 1025 1231 1080 Servum
1255 1027 1448 1079 autem
1488 1023 1588 1079 Dei
1629 1039 1743 1078 non
1774 1026 1994 1095 oportet
2017 1022 2124 1078 liti-

497 1135 654 1191 gare,
683 1134 790 1173 nec
820 1133 1173 1191 quemquam
1197 1118 1490 1172 damnare.
1532 1115 1792 1188 Episcopi
1818 1132 2065 1188 namque
2089 1132 2123 1170 a

493 1212 777 1285 plebibus,
807 1215 864 1267 et
892 1212 1062 1279 clero,
1108 1213 1164 1266 et
1200 1210 1425 1266 Domini
1464 1227 1496 1265 a
1527 1209 1703 1265 servis
1727 1209 1946 1265 ferendi
1968 1211 2118 1278 sunt,

493 1311 560 1362 ut
579 1306 682 1362 sub
713 1305 1114 1361 exercitatione
1138 1304 1455 1359 tolerantiae
1487 1303 1874 1359 sustineantur
1898 1307 2118 1374 tempo-

494 1399 649 1468 ralia,
701 1402 1002 1470 sperentur
1051 1401 1280 1454 aeterna.
1320 1399 1508 1469 Auget
1558 1396 1712 1452 enim
1757 1395 1960 1452 merita
2007 1395 2120 1450 vir-

493 1492 629 1547 tutis
668 1491 821 1564 quod
863 1491 1217 1564 propositum
1255 1507 1369 1545 non
1407 1489 1578 1545 violat
1614 1489 1919 1561 religionis.
1964 1487 2118 1544 Sata-

494 1585 750 1657 gendum
770 1588 856 1640 est
882 1584 1043 1639 nobis
1064 1600 1137 1638 ne
1154 1583 1359 1654 aliquis
1379 1584 1619 1638 fratrum
1633 1586 1964 1637 nostrorum
1988 1596 2120 1652 gra-

493 1677 635 1734 viter
687 1679 964 1734 laceretur
1031 1678 1118 1732 vel
1172 1681 1387 1749 pereat.
1452 1676 1790 1732 Succurrere
1840 1691 1975 1747 ergo
2020 1691 2120 1729 vos

2225 650 2456 719 claudo;
2510 656 2670 722 pater
2705 667 2860 706 eram
2909 667 3251 724 pauperum,
3303 654 3359 706 et
3398 667 3631 706 causam
3677 665 3853 721 quam

2225 744 2543 799 nesciebam
2569 743 3000 816 diligentissime
3024 744 3456 816 investigabam.
3478 743 3855 800 Conterebam

2222 837 2404 892 molas
2428 836 2635 908 iniqui,
2677 841 2733 892 et
2757 837 2828 892 de
2856 837 3118 893 dentibus
3159 837 3311 892 illius
3348 837 3672 892 auferebam
3701 852 3856 908 prm-

2222 929 2355 984 dam
2395 929 2525 1001 (Job.
2567 945 2713 998 XXIX,
2775 929 2881 1001 l3),
2925 951 2951 979 »
2993 935 3052 985 et
3110 930 3346 1003 reliqua.
3397 931 3504 984 Vos
3555 945 3715 1000 ergo,
3757 929 3858 1000 qui

2223 1021 2282 1076 in
2317 1022 2542 1093 specula
2588 1039 2622 1077 a
2668 1021 2915 1078 Domino
2968 1022 3097 1078 estis
3134 1023 3324 1094 positi,
3379 1022 3760 1095 comprimere
3803 1026 3861 1077 et

2222 1115 2498 1186 repellere
2562 1131 2656 1170 eos
2717 1131 3081 1188 summopere
3133 1115 3350 1172 debetis
3417 1116 3514 1188 qui
3583 1111 3859 1171 fratribus

2221 1207 2454 1263 insidias
2478 1213 2818 1280 prmparant,
2859 1213 2958 1265 aut
3000 1209 3062 1264 in
3104 1225 3202 1265 eos
3245 1208 3550 1265 seditiones
3592 1212 3651 1264 et
3686 1224 3856 1264 scan-

2224 1300 2349 1356 dala
2390 1301 2657 1357 excitant.
2688 1301 2872 1357 Facile
2904 1305 2988 1356 est
3028 1302 3182 1358 enim
3219 1302 3390 1359 verbo
3431 1301 3632 1357 fallere
3671 1301 3859 1356 homi—

2223 1410 2378 1465 nem,
2409 1411 2526 1450 non
2553 1399 2746 1452 tamen
2789 1396 2991 1451 Deum.
3016 1396 3172 1452 -ldeo
3209 1396 3311 1451 hos
3356 1396 3654 1467 repellere,
3695 1400 3759 1450 et
3787 1395 3857 1450 ab

2224 1488 2310 1542 his
2332 1505 2429 1543 vos
2449 1505 2644 1544 cavere
2672 1493 2917 1560 oportet,
2957 1493 3237 1562 quatenus
3274 1488 3547 1544 exstincta
3590 1489 3857 1544 funditus

2222 1582 2392 1653 hujus
2417 1582 2571 1637 modi
2589 1583 2854 1654 caligine,
2883 1582 3087 1637 lucifer
3105 1583 3185 1638 eis
3211 1583 3569 1654 resplendeat
3583 1587 3641 1638 et
3653 1581 3860 1638 latitia

2221 1675 2453 1744 oriatur,
2488 1675 2827 1730 sanctissimi
2861 1675 3086 1732 fratres.
3133 1677 3271 1732 Data
3316 1692 3392 1731 XII
3429 1675 3702 1731 Kalendas
3745 1675 3855 1730 Oc-

493 1775 714 1842 oportet
755 1769 1057 1844 oppressis,
1104 1773 1162 1826 et
1199 1770 1448 1825 liberare
1478 1785 1573 1824 eos
1608 1769 1679 1824 de
1717 1785 1895 1823 manu
1936 1751 2198 1840 perse-B
2221 1769 2422 1840 tobris,
2454 1768 2756 1826 Saturnino
2775 1774 2832 1826 et
2851 1769 3139 1826 Gallicano
3164 1771 3230 1824 IV
3255 1785 3336 1825 cc.
3365 1770 3579 1825 consul.

493 1865 813 1936 quentium,
841 1869 906 1920 ut
930 1880 1060 1920 cum
1087 1863 1257 1920 beato
1291 1862 1391 1920 Job
1426 1861 1625 1918 dicatis
1669 1879 1682 1918 :
1722 1882 1751 1915 α
1799 1861 2122 1919 Benedictio
2223 1875 2225 1877 ‘

1943 2012 2388 2027 ﬂ

1297 2156 1488 2222 ITEM
1529 2155 1918 2223 EPISTOLA
1963 2156 2312 2224 EJUSDEM
2357 2155 2756 2222 ZEPHIRINI
2801 2154 3052 2222 ΡΑΡᾸΕ.

558 2336 910 2395 Charissimis
939 2337 1206 2394 fratribus
1232 2353 1335 2409 per
1373 2339 1682 2409 Egyptum
1707 2337 1944 2392 Domino
1967 2337 2117 2393 mili-

489 2433 740 2489 tantibus
767 2434 1107 2488 ZEPHERINUS
1141 2432 1412 2486 Romanae
1447 2431 1606 2485 urbis
1636 2431 2112 2503 archiepiscopus.

557 2527 790 2581 Tantam
819 2543 852 2581 a
878 2525 1121 2581 Domino
1152 2525 1323 2596 hujus
1363 2529 1568 2579 sancta:
1597 2524 1765 2592 sedis,
1800 2529 1856 2580 et
1887 2528 2112 2596 aposto-

482 2619 606 2676 licae
646 2619 903 2676 Ecclesiae
941 2619 1266 2687 fundatore,
1319 2622 1375 2673 et
1416 2619 1580 2673 beato
1645 2619 1811 2673 Petro
1859 2618 2115 2690 principe

485 2716 892 2785 apostolorum,
924 2713 1243 2786 accepimus
1269 2711 1558 2780 ﬁduciam,
1583 2713 1650 2766 ut
1678 2728 1780 2782 pro
1813 2712 2114 2767 universali

481 2807 690 2862 Christi
719 2807 994 2878 sanguine
1015 2807 1309 2878 redempta
1334 2805 1594 2873 Ecclesia,
1627 2805 1873 2876 impigro
1897 2805 2111 2861 labore-

481 2915 609 2954 mus
629 2899 855 2969 atl'ectu,
895 2903 952 2953 et
993 2899 1255 2954 omnibus
1283 2898 1521 2953 Domino
1555 2898 1960 2953 famulantibus
1984 2915 2110 2954 suc-

481 3009 794 3061 curramus,
817 2997 872 3048 et
888 2993 1102 3048 cunctis
1121 2993 1213 3064 pie
1233 2993 1544 3048 viventibus
1563 2991 1866 3064 apostolica
1875 2992 2114 3048 auctori-

483 3090 598 3142 tate
626 3104 794 3159 opem
819 3087 1085 3142 feramus.
1113 3087 1320 3142 Omnes
1346 3087 1444 3158 qui
1472 3087 1532 3141 in
1554 3085 1775 3142 Christo
1800 3087 1997 3141 volunt
2014 3087 2110 3158 pie

479 3181 683 3248 vivere,
710 3196 934 3236 necesse
961 3185 1064 3246 est,
1097 3184 1160 3234 ut
1190 3180 1260 3234 ab
1302 3180 1494 3250 impiis
1532 3185 1585 3235 et
1612 3179 1978 3235 dissimilibus
2010 3196 2106 3250 pa-

477 3273 697 3329 tiantur
728 3272 1051 3345 opprobria,
1085 3276 1141 3328 et
1165 3272 1550 3344 despiciantur
1570 3277 1850 3344 tanquam
1879 3272 2035 3327 stulti
2055 3277 2111 3328 et

476 3367 683 3436 insani,
697 3368 1033 3422 utmeliores
1047 3371 1103 3422 et
1118 3366 1480 3438 purgatiores
1497 3366 1830 3422 efﬁciantur.
1846 3365 2112 3430 Quibona

473 3460 813 3532 temporalia
853 3460 1100 3532 perdunt
1135 3465 1201 3516 ut
1240 3459 1557 3531 percipiant
1615 3463 1847 3514 aeterna.
1900 3461 2108 3514 Eorum

2218 2339 2382 2409 mini,
2410 2339 2562 2394 unde
2592 2343 2648 2394 et
2691 2338 2812 2410 ipse
2853 2339 2972 2394 ait:
3006 2361 3034 2390 «
3065 2339 3218 2395 Beati
3261 2338 3359 2412 qui
3396 2339 3857 2412 persecutionem

2217 2433 2517 2505 patiuntur
2553 2437 2786 2505 propter
2820 2431 3100 2504 justitiam
3143 2433 3358 2504 (Matth.
3407 2450 3462 2501 v,
3516 2433 3634 2505 10);
3675 2453 3704 2484 ι)
3757 2434 3857 2488 his

2216 2525 2343 2580 fulti
2369 2525 2649 2597 suffragiis
2675 2541 2794 2581 non
2823 2526 3070 2580 multum
3108 2525 3382 2582 debemus
3411 2526 3613 2581 timere
3640 2543 3860 2599 oppro-

2214 2619 2405 2674 brium
2454 2618 2779 2687 hominum,
2832 2635 3018 2691 neque
3068 2636 3269 2676 eorum
3317 2619 3857 2692 exprobrationibus

2215 2711 2382 2780 vinci,
2413 2712 2683 2783 quoniam
2705 2712 2813 2766 hoc
2848 2712 3010 2767 nobis
3041 2712 3313 2768 Dominus
3338 2712 3503 2784 jubet
3521 2729 3625 2783 per
3641 2712 3855 2767 Isaiam

2213 2805 2558 2878 prophetam
2572 2805 2762 2860 dicens
2781 2821 2794 2860 :
2810 2806 3011 2861 Audite
3039 2822 3132 2860 me
3150 2806 3248 2878 qui
3271 2805 3421 2860 scitis
3431 2805 3735 2876 judicium,
3748 2823 3859 2878 po-

2211 2899 2381 2970 pulus
2412 2915 2574 2954 meus
2598 2899 2658 2952 in
2686 2914 2932 2970 quorum
2959 2899 3223 2954 cordibus
3251 2899 3346 2954 lex
3371 2915 3499 2954 mea
3525 2903 3625 2954 est.
3659 2899 3854 2955 Nolite

2210 2992 2411 3048 timere
2434 2991 2803 3064 opprobrium
2827 2991 3146 3063 hominum,
3167 2997 3224 3048 et
3237 2991 3612 3064 blasphemias
3639 3009 3856 3049 eorum

2210 3102 2283 3140 ne
2311 3086 2579 3155 timeatis,
2611 3085 3033 3142 considerantes
3065 3086 3219 3157 quod
3246 3087 3304 3141 in
3335 3086 3549 3157 psalmo
3569 3085 3856 3158 scriptum

2213 3182 2298 3234 est
2325 3195 2338 3233 :
2375 3201 2402 3228 «
2430 3179 2628 3234 Nonne
2650 3180 2792 3234 Deus
2821 3179 3059 3251 requirit
3086 3179 3212 3246 ista,
3236 3179 3356 3250 ipse
3377 3179 3530 3234 enim
3550 3180 3706 3234 novit
3721 3180 3856 3236 abs-

2210 3271 2436 3328 condita
2479 3271 2663 3326 cordis
2706 3273 2870 3342 (Psal.
2919 3289 3070 3341 XLIII,
3124 3272 3238 3343 22),
3287 3294 3314 3322 »
3368 3277 3423 3328 et
3467 3272 3855 3344 cogitationes

2209 3365 2412 3420 talium
2438 3364 2740 3420 hominum
2761 3365 3031 3437 quoniam
3052 3382 3216 3420 vanae
3242 3368 3403 3434 sunt;
3424 3386 3452 3418 «
3471 3368 3628 3421 Vana
3647 3372 3853 3423 autem

2207 3458 2379 3514 locuti
2398 3463 2531 3514 sunt
2541 3459 2929 3530 unusquisque
2949 3459 3022 3514 ad
3043 3459 3364 3531 proximum
3377 3476 3562 3530 suum,
3578 3459 3731 3514 labia
3749 3461 3854 3516 do-

475 3570 607 3610 vero
633 3555 916 3626 despectio
960 3559 1015 3610 et
1055 3553 1238 3609 irrisio
1275 3554 1332 3607 in
1367 3553 1514 3624 ipsos
1557 3553 1981 3625 retorquebitur
2008 3553 2108 3625 qui
2152 3625 2160 3626 ί
2206 3551 2321 3608 losa
2344 3552 2405 3606 in
2442 3551 2611 3606 corde
2650 3555 2707 3606 et
2743 3552 2909 3607 corde
2935 3552 3106 3607 locuti
3135 3557 3268 3608 sunt
3289 3552 3458 3608 mala.
3488 3553 3598 3607 Sed
3629 3553 3854 3625 disper-

474 3666 569 3704 eos
600 3625 866 3720 affligunt
896 3652 954 3703 et
984 3647 1343 3703 contumeliis
1372 3645 1646 3715 afficiunt,
1677 3662 1808 3702 cum
1836 3651 1892 3702 et
1919 3647 2102 3702 abun-
2127 3625 2182 3700 Ο
2208 3645 2304 3701 det
2332 3647 2474 3702 Deus
2505 3645 2764 3702 universa
2787 3644 2934 3700 labia
2959 3645 3153 3701 dolosa
3190 3648 3248 3701 et
3272 3645 3529 3718 linguam
3555 3647 3849 3718 magnilo-

474 3743 666 3798 dantia
692 3757 891 3797 eorum
915 3740 975 3797 in
1003 3743 1335 3813 egestatem,
1371 3744 1428 3796 et
1453 3740 1718 3813 superbia
1737 3740 2027 3797 transierit
2045 3741 2104 3796 in

473 3835 880 3892 confusionem.
903 3834 1241 3890 Nuntiatum
1257 3836 1342 3889 est
1353 3834 1510 3890 enim
1530 3833 1647 3891 sedi
1660 3834 1982 3907 apostolicae
2003 3850 2106 3906 per

470 3929 863 4003 apocrisiarios
900 3932 1121 3984 nostros
1171 3929 1449 4000 quosdam
1493 3928 1736 3983 fratrum
1779 3930 2104 3983 nostrorum

471 4025 870 4096 episcoporum
905 4022 1169 4076 videlicet
1211 4021 1280 4076 ab
1318 4020 1578 4076 Ecclesiis
1617 4025 1673 4076 et
1711 4020 1935 4076 sedibus
1980 4036 2106 4090 pro-

469 4117 609 4188 priis
645 4116 802 4187 pelli,
848 4129 1062 4185 suaque
1104 4112 1185 4167 eis
1227 4113 1442 4168 auferri
1484 4112 1850 4183 supellectilia
1874 4154 1890 4181 ,
1936 4117 1993 4168 et
2026 4113 2102 4168 sic

470 4209 652 4265 nudos
678 4211 735 4263 et
763 4206 1099 4278 exspoliatos
1146 4204 1218 4260 ad
1247 4204 1466 4276 judicia
1506 4205 1717 4274 vocari,
1759 4205 1910 4276 quod
1945 4206 2103 4262 omni

467 4301 689 4359 ratione
709 4303 880 4368 caret,
904 4316 1036 4354 cum
1067 4299 1372 4356 constituta
1392 4299 1773 4371 apostolorum
1793 4316 2103 4373 eorumque

469 4410 877 4461 successorum,
901 4398 957 4449 et
976 4397 1264 4465 praecepta
1288 4392 1725 4465 imperatorum,
1757 4410 1820 4448 ac
1840 4393 2104 4450 constitu-

468 4490 654 4547 tiones
674 4490 871 4562 legum
889 4487 1136 4560 idipsum
1157 4486 1518 4559 prohibeant,
1542 4491 1598 4543 et
1617 4487 1939 4559 apostolicae
1955 4487 2104 4544 sedis

466 4584 769 4642 auctoritas
794 4582 1043 4654 idipsum
1070 4581 1192 4636 ﬁeri
1222 4585 1391 4636 vetet.
1436 4583 1795 4653 Praeceptum
1825 4585 1909 4637 est
1944 4598 2099 4654 ergo,

467 4679 528 4734 in
576 4677 826 4749 antiquis
856 4675 1100 4745 statutis,
1135 4675 1430 4748 episcopos
1452 4675 1665 4746 ejectos
1691 4678 1862 4748 atque
1881 4676 1996 4730 suis
2013 4693 2101 4732 re-

467 4771 574 4827 bus
594 4770 945 4842 exspoliatos,
975 4769 1036 4824 in
1065 4768 1324 4824 Ecclesiis
1347 4767 1590 4840 propriis
1615 4769 1808 4840 recipi,
1833 4774 1889 4825 et
1916 4769 2101 4840 primo

468 4880 569 4920 sua
591 4864 785 4920 omnia
813 4863 892 4920 eis
921 4862 1104 4933 reddi,
1146 4867 1204 4918 et
1233 4862 1470 4918 demum
1503 4879 1642 4935 quos
1689 4879 1784 4918 eos
1820 4863 1972 4934 juste
2009 4880 2100 4918 ac—

2204 3755 2399 3812 quam.
2430 3738 2537 3804 Qui
2559 3739 2824 3794 dixerunt
2849 3738 3000 3794 labia
3028 3742 3220 3794 nostra
3263 3755 3298 3793 a
3333 3739 3499 3794 nobis
3524 3743 3676 3807 sunt,
3715 3741 3852 3812 quis

2204 3837 2400 3888 noster
2439 3833 2711 3888 Dominus
2747 3836 2832 3887 est
2875 3833 3041 3902 (Psal.
3087 3848 3161 3899 x1,
3212 3832 3371 3903 3-5)?
3401 3854 3430 3883 »
3460 3834 3605 3888 Nam
3632 3833 3678 3887 si
3718 3833 3853 3890 haec

2202 3926 2262 3981 in
2306 3925 2582 3981 memoria
2623 3925 2957 3994 retinerent,
2993 3925 3234 3980 minime
3273 3925 3347 3980 ad
3385 3929 3604 3981 tantam
3626 3927 3854 3997 prosili-

2202 4024 2331 4074 rent
2353 4019 2732 4092 iniquitatem.
2766 4019 2887 4074 Non
2920 4018 3076 4074 enim
3103 4017 3387 4090 probabili
3413 4023 3472 4075 et
3493 4023 3731 4090 paterna
3751 4021 3856 4075 do-

2204 4112 2385 4167 ctrina
2409 4113 2516 4167 hoc
2539 4112 2772 4182 faciunt,
2814 4111 2913 4168 sed
2937 4116 3003 4167 ut
3029 4129 3189 4168 suam
3227 4117 3523 4168 exerceant
3557 4112 3619 4166 in
3650 4129 3852 4168 servos

2203 4204 2306 4260 Dei
2332 4205 2657 4262 vindictam.
2687 4205 2976 4278 Scriptum
3002 4222 3252 4278 namque
3273 4210 3357 4262 est
3390 4224 3403 4261 :
3441 4206 3538 4261 Via
3558 4206 3716 4261 stulti
3745 4223 3847 4262 re-

2204 4302 2294 4355 cta
2313 4299 2373 4355 in
2401 4299 2579 4356 oculis
2603 4301 2724 4372 ejus
2745 4300 2920 4371 (Prov.
2943 4317 3037 4369 xII,
3070 4300 3175 4371 {5).
3202 4318 3229 4352 »
3252 4301 3350 4356 Et:
3374 4318 3403 4351 ι(
3425 4299 3565 4356 Sunt
3579 4299 3686 4354 viae
3707 4316 3848 4372 quae

2202 4393 2466 4450 videntur
2487 4393 2711 4450 homini
2741 4393 2934 4466 justas,
2966 4392 3271 4449 novissima
3302 4396 3493 4449 autem
3518 4409 3717 4449 earum
3739 4393 3844 4449 de-

2203 4488 2418 4544 ducunt
2441 4488 2514 4543 ad
2551 4491 2798 4544 mortem
2841 4487 3016 4560 (Prov.
3058 4503 3173 4556 xiv,
3217 4486 3324 4559 l2).
3354 4508 3384 4539 »
3416 4488 3524 4542 Nos
3551 4486 3708 4543 enim
3738 4489 3850 4560 qui

2203 4582 2327 4638 haec
2366 4581 2639 4654 patimur,
2675 4581 2890 4653 judicio
2920 4581 3021 4637 Dei
3045 4582 3167 4637 haec
3212 4597 3498 4637 reservare
3536 4581 3843 4651 debemus,

2205 4675 2304 4747 qui
2323 4675 2524 4731 reddet
2535 4675 2840 4748 unicuique
2860 4676 3172 4733 secundum
3194 4691 3366 4747 opera
3378 4675 3520 4748 ejus.
3535 4675 3642 4740 Qui
3657 4675 3846 4731 etiam

2202 4785 2305 4841 per
2323 4769 2609 4825 ministros
2635 4786 2763 4825 suos
2783 4769 3036 4825 intonuit
3060 4769 3252 4826 dicens
3271 4786 3284 4824 :
3309 4790 3338 4820 «
3356 4769 3490 4826 Mihi
3509 4768 3845 4838 vindictam,

2205 4879 2310 4935 ego
2339 4863 2651 4919 retribuam
2697 4865 2866 4935 (Rom.
2901 4879 2997 4932 xu,
3034 4863 3138 4935 l9).
3188 4884 3216 4912 »
3254 4863 3362 4918 Vos
3388 4863 3541 4919 enim
3580 4862 3641 4917 in
3682 4867 3850 4918 recta

439 4987 443 4990 ~
468 4975 662 5014 cusare
689 4957 932 5013 voluerit
969 4973 1137 5029 aaquo
1173 4956 1425 5028 periculo
1467 4957 1674 5012 facere.
1723 4956 1943 5012 Iudices
1982 4973 2102 5013 esse
2122 4998 2181 5072 D
2202 4957 2314 5012 fide
2344 4961 2401 5013 et
2424 4974 2592 5029 Opere
2618 4975 2683 5012 ac
2712 4957 2863 5012 bona
2895 4957 3183 5012 voluntate
3229 4956 3536 5012 succurrite
3564 4955 3845 5024 vicissim,

474 5053 833 5072 J-_-__.-__1-_
896 5050 1180 5072 __2_--_-_
1212 5056 1361 5072 ..-Δια
1406 5051 1683 5072 _-_2-_L-_
1751 5055 1800 5072 ,Α
1829 5050 1881 5072 ἔ..
1913 5051 2069 5072 ΠΑΑΙ-
2203 5067 2304 5072 _--
2339 5051 2537 5072 -It.___:_
2564 5068 2586 5072 -
2626 5051 3011 5072 _____1-_.-_L_
3042 5049 3230 5072 ,Ω-,ι-Ξ-
3264 5049 3812 5072 ---ιι..-ι.-ι...-..--...

466 5053 856 5122 decernentes,
890 5050 1184 5124 episcopos
1212 5056 1369 5106 recta
1403 5051 1704 5122 sapientes,
1746 5055 1804 5106 et
1828 5050 1886 5104 in
1913 5051 2100 5108 Eccle-
2122 5049 2179 5072 ν
2203 5067 2309 5106 nec
2335 5051 2539 5123 aliquis
2560 5068 2593 5106 a
2622 5051 3016 5122 supplemento
3042 5049 3231 5106 fratris
3262 5049 3554 5105 subtrahat
3570 5063 3847 5116 manum,

466 5145 549 5202 sia
595 5145 996 5201 convenientes
1034 5144 1133 5198 ubi
1176 5147 1346 5199 testes
1391 5148 1584 5200 essent
1608 5143 1962 5216 singulorum
2006 5145 2104 5217 qui
2205 5145 2475 5216 quoniam
2508 5145 2568 5200 in
2597 5145 2706 5200 hoc
2747 5144 2826 5200 ait
2855 5143 3161 5199 Dominus:
3197 5162 3225 5194 ‹‹
3253 5144 3606 5215 Cognoscent
3633 5158 3849 5197 omnes

465 5239 719 5314 Oppressi
742 5237 1104 5294 videbantur.
1152 5238 1263 5292 Nec
1288 5236 1447 5309 prius
1479 5253 1577 5293 eos
1615 5238 1960 5309 respondere
1998 5237 2100 5292 de-
2201 5238 2340 5311 quia
2375 5235 2485 5293 mei
2529 5239 2661 5294 estis
2695 5237 2974 5310 discipuli,
3021 5237 3065 5291 si
3103 5237 3469 5293 dilectionem
3522 5235 3850 5291 habueritis

464 5335 600 5390 bere
630 5349 802 5406 quam
825 5331 1019 5387 omnia
1045 5347 1148 5386 sua
1175 5330 1255 5387 eis
1284 5335 1343 5386 et
1372 5329 1630 5386 Ecclesiis
1654 5347 1852 5387 eorum
1879 5330 2103 5403 legibus
2199 5333 2270 5387 ad
2299 5332 2540 5386 invicem
2570 5330 2744 5402 (Joan.
2774 5347 2894 5400 xnI,
2927 5331 3043 5403 35);
3076 5352 3105 5382 »
3134 5332 3286 5387 unde
3323 5333 3381 5385 et
3409 5330 3528 5402 ipse
3556 5345 3663 5401 per
3689 5330 3844 5384 Pro-

463 5426 834 5500 integerrime
855 5425 1246 5481 restituantur.
1279 5425 1390 5480 Nec
1415 5424 1648 5493 mirum,
1675 5424 1895 5494 fratres,
1929 5425 1975 5479 si
2007 5441 2102 5481 vos
2198 5425 2429 5497 phetam
2471 5425 2746 5498 loquitur,
2793 5425 2985 5482 dicens
3015 5442 3028 5479 :
3066 5446 3093 5477 «
3125 5426 3264 5481 Ecce
3305 5440 3478 5497 quam
3517 5423 3734 5478 bonum
3779 5429 3850 5479 et

464 5524 884 5594 persequuntur
902 5535 1034 5575 cum
1063 5521 1232 5590 caput
1256 5535 1454 5574 verum
1482 5518 1770 5574 Christum
1795 5518 2099 5574 Dominum
2197 5535 2369 5592 quam
2399 5519 2720 5592 jucundum
2781 5518 3033 5575 habitare
3085 5521 3285 5575 fratres
3334 5518 3393 5573 in
3443 5533 3626 5574 unum
3663 5515 3847 5588 (Psal.

462 5619 726 5671 nostrum
781 5630 958 5687 usque
1007 5612 1080 5668 ad
1132 5615 1380 5668 mortem
1437 5617 1570 5668 sunt
1614 5612 1912 5684 persecuti.
1958 5614 2097 5684 Ipsa:
2194 5629 2404 5682 cxxxn,
2447 5614 2518 5685 l).
2545 5634 2574 5664 »
2609 5611 2852 5685 Spiritali
2897 5612 3022 5668 dico
3067 5611 3386 5668 habitaculo
3429 5616 3488 5667 et
3529 5609 3849 5666 concordia

461 5710 653 5763 tamen
697 5707 1118 5780 persecutiones
1157 5707 1440 5777 patienter
1481 5706 1784 5779 portandas
1826 5711 1986 5776 sunt,
2036 5712 2098 5764 ut
2195 5723 2326 5780 quae
2368 5708 2431 5764 in
2465 5709 2578 5764 Deo
2623 5710 2706 5764 est
2743 5711 2802 5764 et
2827 5707 3045 5764 unitate
3088 5706 3237 5775 ﬁdei,
3277 5705 3448 5777 hujus
3493 5703 3852 5761 delectabilis

465 5799 586 5872 ejus
611 5801 871 5875 discipuli
907 5820 1027 5860 esse
1073 5802 1519 5877 cognoscamini,
1558 5817 1662 5875 pro
1696 5818 1811 5874 quo
1852 5805 1907 5857 et
1943 5801 2092 5874 pati-
2195 5802 2509 5859 secundum
2557 5802 2850 5859 veritatem
2909 5800 3220 5858 habitaculi
3270 5815 3396 5874 quae
3459 5797 3721 5857 videlicet
3771 5797 3844 5854 in
