  <div class='ocr_page' id='page_1' title='image "/cluster/home/n/w/nwhite01/storage/ocr_20150623/130/hvd.32044054759915/094.png"; bbox 0 0 4026 6166; ppageno 0'>
   <div class='ocr_carea' id='block_1_1' title="bbox 200 249 2211 312">
    <p class='ocr_par' dir='ltr' id='par_1_1' title="bbox 200 249 2211 312">
     <span class='ocr_line' id='line_1_1' title="bbox 200 249 2211 312; baseline -0.002 -1"><span class='ocrx_word' id='word_1_1' title='bbox 200 260 272 312; x_wconf 81' lang='lat' dir='ltr'><strong>l29</strong></span> <span class='ocrx_word' id='word_1_2' title='bbox 1313 249 1788 310; x_wconf 82' lang='lat' dir='ltr'><strong>DECRETALIUM</strong></span> <span class='ocrx_word' id='word_1_3' title='bbox 1827 254 2211 310; x_wconf 85' lang='lat' dir='ltr'><strong>COLLECTIO.</strong></span> 
     </span>
    </p>
   </div>
   <div class='ocr_carea' id='block_1_2' title="bbox 3383 261 3482 314">
    <p class='ocr_par' dir='ltr' id='par_1_2' title="bbox 3383 261 3482 314">
     <span class='ocr_line' id='line_1_2' title="bbox 3383 261 3482 314; baseline 0.01 -2"><span class='ocrx_word' id='word_1_4' title='bbox 3383 261 3482 314; x_wconf 71' lang='lat'><strong>130</strong></span> 
     </span>
    </p>
   </div>
   <div class='ocr_carea' id='block_1_3' title="bbox 190 356 3480 448">
    <p class='ocr_par' dir='ltr' id='par_1_3' title="bbox 190 356 3480 448">
     <span class='ocr_line' id='line_1_3' title="bbox 190 356 3480 448; baseline 0.001 -31"><span class='ocrx_word' id='word_1_5' title='bbox 190 369 339 419; x_wconf 76' lang='lat' dir='ltr'><strong>Aaron</strong></span> <span class='ocrx_word' id='word_1_6' title='bbox 379 359 554 430; x_wconf 88' lang='lat' dir='ltr'><strong>magis</strong></span> <span class='ocrx_word' id='word_1_7' title='bbox 592 356 982 428; x_wconf 90' lang='lat' dir='ltr'><strong>decorabatur,</strong></span> <span class='ocrx_word' id='word_1_8' title='bbox 1025 362 1197 432; x_wconf 89' lang='lat' dir='ltr'><strong>atque</strong></span> <span class='ocrx_word' id='word_1_9' title='bbox 1246 362 1632 417; x_wconf 81' lang='lat' dir='ltr'><strong>sacerdotibus</strong></span> <span class='ocrx_word' id='word_1_10' title='bbox 1662 363 1748 417; x_wconf 89' lang='lat' dir='ltr'><strong>in-</strong></span> <span class='ocrx_word' id='word_1_11' title='bbox 1774 375 1832 448; x_wconf 80' lang='grc' dir='ltr'><strong>Α</strong></span> <span class='ocrx_word' id='word_1_12' title='bbox 1852 363 2061 434; x_wconf 89' lang='lat' dir='ltr'><strong>cipere,</strong></span> <span class='ocrx_word' id='word_1_13' title='bbox 2091 368 2192 417; x_wconf 90' lang='lat' dir='ltr'><strong>aut</strong></span> <span class='ocrx_word' id='word_1_14' title='bbox 2221 378 2318 418; x_wconf 92' lang='lat' dir='ltr'><strong>ore</strong></span> <span class='ocrx_word' id='word_1_15' title='bbox 2344 363 2599 435; x_wconf 88' lang='lat' dir='ltr'><strong>proferre</strong></span> <span class='ocrx_word' id='word_1_16' title='bbox 2629 363 2801 434; x_wconf 91' lang='lat' dir='ltr'><strong>unde,</strong></span> <span class='ocrx_word' id='word_1_17' title='bbox 2831 367 2887 419; x_wconf 94' lang='lat' dir='ltr'><strong>et</strong></span> <span class='ocrx_word' id='word_1_18' title='bbox 2911 363 3186 419; x_wconf 90' lang='lat' dir='ltr'><strong>Dominus</strong></span> <span class='ocrx_word' id='word_1_19' title='bbox 3212 379 3315 434; x_wconf 91' lang='lat' dir='ltr'><strong>per</strong></span> <span class='ocrx_word' id='word_1_20' title='bbox 3343 381 3480 437; x_wconf 89' lang='lat' dir='ltr'><strong>pro-</strong></span> 
     </span>
    </p>
   </div>
   <div class='ocr_carea' id='block_1_4' title="bbox 192 452 1756 528">
    <p class='ocr_par' dir='ltr' id='par_1_4' title="bbox 192 452 1756 528">
     <span class='ocr_line' id='line_1_4' title="bbox 192 452 1756 528; baseline 0 -17"><span class='ocrx_word' id='word_1_21' title='bbox 192 458 381 511; x_wconf 86' lang='lat' dir='ltr'><strong>duentes</strong></span> <span class='ocrx_word' id='word_1_22' title='bbox 419 453 742 524; x_wconf 89' lang='lat' dir='ltr'><strong>dignitatem</strong></span> <span class='ocrx_word' id='word_1_23' title='bbox 791 452 932 508; x_wconf 84' lang='lat' dir='ltr'><strong>sicut</strong></span> <span class='ocrx_word' id='word_1_24' title='bbox 981 457 1342 525; x_wconf 79' lang='lat' dir='ltr'><strong>unguentum</strong></span> <span class='ocrx_word' id='word_1_25' title='bbox 1385 472 1556 528; x_wconf 88' lang='lat' dir='ltr'><strong>super</strong></span> <span class='ocrx_word' id='word_1_26' title='bbox 1582 461 1756 528; x_wconf 93' lang='lat' dir='ltr'><strong>caput</strong></span> 
     </span>
    </p>
   </div>
   <div class='ocr_carea' id='block_1_5' title="bbox 189 546 1753 622">
    <p class='ocr_par' dir='ltr' id='par_1_5' title="bbox 189 546 1753 622">
     <span class='ocr_line' id='line_1_5' title="bbox 189 546 1753 622; baseline 0 -18"><span class='ocrx_word' id='word_1_27' title='bbox 189 548 506 622; x_wconf 83' lang='lat' dir='ltr'><strong>principalem</strong></span> <span class='ocrx_word' id='word_1_28' title='bbox 533 546 874 602; x_wconf 90' lang='lat' dir='ltr'><strong>intellectum</strong></span> <span class='ocrx_word' id='word_1_29' title='bbox 903 547 1168 619; x_wconf 80' lang='lat' dir='ltr'><strong>irrigans,</strong></span> <span class='ocrx_word' id='word_1_30' title='bbox 1192 557 1250 604; x_wconf 86' lang='lat' dir='ltr'><strong>et.</strong></span> <span class='ocrx_word' id='word_1_31' title='bbox 1272 565 1452 621; x_wconf 91' lang='lat' dir='ltr'><strong>usque</strong></span> <span class='ocrx_word' id='word_1_32' title='bbox 1476 551 1544 604; x_wconf 91' lang='lat' dir='ltr'><strong>ad</strong></span> <span class='ocrx_word' id='word_1_33' title='bbox 1572 550 1753 621; x_wconf 86' lang='lat' dir='ltr'><strong>ipsam</strong></span> 
     </span>
    </p>
   </div>
   <div class='ocr_carea' id='block_1_6' title="bbox 191 639 1750 699">
    <p class='ocr_par' dir='ltr' id='par_1_6' title="bbox 191 639 1750 699">
     <span class='ocr_line' id='line_1_6' title="bbox 191 639 1750 699; baseline 0.001 -2"><span class='ocrx_word' id='word_1_34' title='bbox 191 649 444 697; x_wconf 79' lang='lat' dir='ltr'><strong>extremam</strong></span> <span class='ocrx_word' id='word_1_35' title='bbox 469 639 754 694; x_wconf 81' lang='lat' dir='ltr'><strong>scientiam</strong></span> <span class='ocrx_word' id='word_1_36' title='bbox 783 641 1092 696; x_wconf 90' lang='lat' dir='ltr'><strong>deducens.</strong></span> <span class='ocrx_word' id='word_1_37' title='bbox 1126 643 1185 696; x_wconf 89' lang='lat' dir='ltr'><strong>In</strong></span> <span class='ocrx_word' id='word_1_38' title='bbox 1209 643 1317 698; x_wconf 91' lang='lat' dir='ltr'><strong>hoc</strong></span> <span class='ocrx_word' id='word_1_39' title='bbox 1345 644 1498 698; x_wconf 91' lang='lat' dir='ltr'><strong>enim</strong></span> <span class='ocrx_word' id='word_1_40' title='bbox 1529 643 1750 699; x_wconf 81' lang='lat' dir='ltr'><strong>habita-</strong></span> 
     </span>
    </p>
   </div>
   <div class='ocr_carea' id='block_1_7' title="bbox 189 735 1754 808">
    <p class='ocr_par' dir='ltr' id='par_1_7' title="bbox 189 735 1754 808">
     <span class='ocr_line' id='line_1_7' title="bbox 189 735 1754 808; baseline 0.001 -18"><span class='ocrx_word' id='word_1_41' title='bbox 189 737 280 791; x_wconf 90' lang='lat' dir='ltr'><strong>culo</strong></span> <span class='ocrx_word' id='word_1_42' title='bbox 294 735 719 790; x_wconf 89' lang='lat' dir='ltr'><strong>benedictionem</strong></span> <span class='ocrx_word' id='word_1_43' title='bbox 739 738 795 789; x_wconf 92' lang='lat' dir='ltr'><strong>et</strong></span> <span class='ocrx_word' id='word_1_44' title='bbox 809 738 1083 790; x_wconf 68' lang='lat' dir='ltr'><strong>mternam</strong></span> <span class='ocrx_word' id='word_1_45' title='bbox 1095 737 1271 790; x_wconf 86' lang='lat' dir='ltr'><strong>vitam</strong></span> <span class='ocrx_word' id='word_1_46' title='bbox 1291 737 1557 808; x_wconf 88' lang='lat' dir='ltr'><strong>promisit</strong></span> <span class='ocrx_word' id='word_1_47' title='bbox 1570 739 1754 792; x_wconf 85' lang='lat' dir='ltr'><strong>Domi-</strong></span> 
     </span>
    </p>
   </div>
   <div class='ocr_carea' id='block_1_8' title="bbox 190 827 1752 900">
    <p class='ocr_par' dir='ltr' id='par_1_8' title="bbox 190 827 1752 900">
     <span class='ocr_line' id='line_1_8' title="bbox 190 827 1752 900; baseline 0.002 -17"><span class='ocrx_word' id='word_1_48' title='bbox 190 846 282 883; x_wconf 89' lang='lat' dir='ltr'><strong>nus.</strong></span> <span class='ocrx_word' id='word_1_49' title='bbox 305 829 456 898; x_wconf 83' lang='lat' dir='ltr'><strong>Hujus</strong></span> <span class='ocrx_word' id='word_1_50' title='bbox 484 827 653 899; x_wconf 81' lang='lat' dir='ltr'><strong>igitur</strong></span> <span class='ocrx_word' id='word_1_51' title='bbox 669 829 1023 900; x_wconf 73' lang='lat' dir='ltr'><strong>prophetica:</strong></span> <span class='ocrx_word' id='word_1_52' title='bbox 1041 829 1462 886; x_wconf 78' lang='lat' dir='ltr'><strong>vaticinationis</strong></span> <span class='ocrx_word' id='word_1_53' title='bbox 1483 832 1752 887; x_wconf 90' lang='lat' dir='ltr'><strong>meritum</strong></span> 
     </span>
    </p>
   </div>
   <div class='ocr_carea' id='block_1_9' title="bbox 188 922 1753 997">
    <p class='ocr_par' dir='ltr' id='par_1_9' title="bbox 188 922 1753 997">
     <span class='ocr_line' id='line_1_9' title="bbox 188 922 1753 997; baseline 0.003 -21"><span class='ocrx_word' id='word_1_54' title='bbox 188 922 556 994; x_wconf 86' lang='lat' dir='ltr'><strong>amplectentes,</strong></span> <span class='ocrx_word' id='word_1_55' title='bbox 575 927 914 993; x_wconf 65' lang='lat' dir='ltr'><strong>prmsentem</strong></span> <span class='ocrx_word' id='word_1_56' title='bbox 943 925 1259 978; x_wconf 85' lang='lat' dir='ltr'><strong>fraternam</strong></span> <span class='ocrx_word' id='word_1_57' title='bbox 1280 925 1555 996; x_wconf 80' lang='lat' dir='ltr'><strong>syllabam</strong></span> <span class='ocrx_word' id='word_1_58' title='bbox 1581 943 1753 997; x_wconf 85' lang='lat' dir='ltr'><strong>expo-</strong></span> 
     </span>
    </p>
   </div>
   <div class='ocr_carea' id='block_1_10' title="bbox 187 1017 1750 1092">
    <p class='ocr_par' dir='ltr' id='par_1_10' title="bbox 187 1017 1750 1092">
     <span class='ocr_line' id='line_1_10' title="bbox 187 1017 1750 1092; baseline 0.003 -22"><span class='ocrx_word' id='word_1_59' title='bbox 187 1017 371 1083; x_wconf 87' lang='lat' dir='ltr'><strong>suimus,</strong></span> <span class='ocrx_word' id='word_1_60' title='bbox 394 1021 576 1070; x_wconf 91' lang='lat' dir='ltr'><strong>nostra</strong></span> <span class='ocrx_word' id='word_1_61' title='bbox 596 1019 826 1088; x_wconf 87' lang='lat' dir='ltr'><strong>propter</strong></span> <span class='ocrx_word' id='word_1_62' title='bbox 846 1017 1188 1072; x_wconf 88' lang='lat' dir='ltr'><strong>charitatem</strong></span> <span class='ocrx_word' id='word_1_63' title='bbox 1216 1017 1454 1073; x_wconf 90' lang='lat' dir='ltr'><strong>minime</strong></span> <span class='ocrx_word' id='word_1_64' title='bbox 1486 1036 1750 1092; x_wconf 75' lang='lat' dir='ltr'><strong>quaeren-</strong></span> 
     </span>
    </p>
   </div>
   <div class='ocr_carea' id='block_1_11' title="bbox 189 1109 1748 1181">
    <p class='ocr_par' dir='ltr' id='par_1_11' title="bbox 189 1109 1748 1181">
     <span class='ocr_line' id='line_1_11' title="bbox 189 1109 1748 1181; baseline 0.003 -18"><span class='ocrx_word' id='word_1_65' title='bbox 189 1117 261 1178; x_wconf 78' lang='lat' dir='ltr'><strong>tes,</strong></span> <span class='ocrx_word' id='word_1_66' title='bbox 287 1115 369 1164; x_wconf 90' lang='lat' dir='ltr'><strong>aut</strong></span> <span class='ocrx_word' id='word_1_67' title='bbox 391 1109 695 1181; x_wconf 61' lang='lat' dir='ltr'><strong>quaesituri.</strong></span> <span class='ocrx_word' id='word_1_68' title='bbox 728 1112 848 1165; x_wconf 90' lang='lat' dir='ltr'><strong>Non</strong></span> <span class='ocrx_word' id='word_1_69' title='bbox 876 1111 1032 1165; x_wconf 89' lang='lat' dir='ltr'><strong>enim</strong></span> <span class='ocrx_word' id='word_1_70' title='bbox 1071 1111 1504 1167; x_wconf 86' lang='lat' dir='ltr'><strong>detrahentibus</strong></span> <span class='ocrx_word' id='word_1_71' title='bbox 1529 1113 1748 1168; x_wconf 91' lang='lat' dir='ltr'><strong>bonum</strong></span> 
     </span>
    </p>
   </div>
   <div class='ocr_carea' id='block_1_12' title="bbox 187 1203 1750 1278">
    <p class='ocr_par' dir='ltr' id='par_1_12' title="bbox 187 1203 1750 1278">
     <span class='ocr_line' id='line_1_12' title="bbox 187 1203 1750 1278; baseline 0.001 -20"><span class='ocrx_word' id='word_1_72' title='bbox 187 1208 248 1258; x_wconf 87' lang='lat' dir='ltr'><strong>est</strong></span> <span class='ocrx_word' id='word_1_73' title='bbox 266 1203 546 1270; x_wconf 86' lang='lat' dir='ltr'><strong>detrahere,</strong></span> <span class='ocrx_word' id='word_1_74' title='bbox 568 1208 666 1258; x_wconf 88' lang='lat' dir='ltr'><strong>aut</strong></span> <span class='ocrx_word' id='word_1_75' title='bbox 686 1205 814 1274; x_wconf 90' lang='lat' dir='ltr'><strong>palo</strong></span> <span class='ocrx_word' id='word_1_76' title='bbox 840 1205 1155 1260; x_wconf 90' lang='lat' dir='ltr'><strong>secundum</strong></span> <span class='ocrx_word' id='word_1_77' title='bbox 1176 1205 1473 1278; x_wconf 85' lang='lat' dir='ltr'><strong>vulgarem</strong></span> <span class='ocrx_word' id='word_1_78' title='bbox 1498 1207 1750 1262; x_wconf 90' lang='lat' dir='ltr'><strong>fabulam</strong></span> 
     </span>
    </p>
   </div>
   <div class='ocr_carea' id='block_1_13' title="bbox 188 1296 1746 1368">
    <p class='ocr_par' dir='ltr' id='par_1_13' title="bbox 188 1296 1746 1368">
     <span class='ocr_line' id='line_1_13' title="bbox 188 1296 1746 1368; baseline 0.003 -18"><span class='ocrx_word' id='word_1_79' title='bbox 188 1300 391 1351; x_wconf 84' lang='lat' dir='ltr'><strong>excutere</strong></span> <span class='ocrx_word' id='word_1_80' title='bbox 415 1297 627 1368; x_wconf 90' lang='lat' dir='ltr'><strong>palum.</strong></span> <span class='ocrx_word' id='word_1_81' title='bbox 656 1296 840 1366; x_wconf 83' lang='lat' dir='ltr'><strong>Absit;</strong></span> <span class='ocrx_word' id='word_1_82' title='bbox 870 1315 988 1353; x_wconf 92' lang='lat' dir='ltr'><strong>non</strong></span> <span class='ocrx_word' id='word_1_83' title='bbox 1033 1299 1187 1354; x_wconf 91' lang='lat' dir='ltr'><strong>enim</strong></span> <span class='ocrx_word' id='word_1_84' title='bbox 1220 1303 1353 1354; x_wconf 91' lang='lat' dir='ltr'><strong>sunt</strong></span> <span class='ocrx_word' id='word_1_85' title='bbox 1394 1299 1499 1354; x_wconf 90' lang='lat' dir='ltr'><strong>ista</strong></span> <span class='ocrx_word' id='word_1_86' title='bbox 1538 1305 1746 1355; x_wconf 89' lang='lat' dir='ltr'><strong>nostra.</strong></span> 
     </span>
    </p>
   </div>
   <div class='ocr_carea' id='block_1_14' title="bbox 187 1389 1752 1462">
    <p class='ocr_par' dir='ltr' id='par_1_14' title="bbox 187 1389 1752 1462">
     <span class='ocr_line' id='line_1_14' title="bbox 187 1389 1752 1462; baseline 0.004 -20"><span class='ocrx_word' id='word_1_87' title='bbox 187 1391 277 1443; x_wconf 61' lang='lat' dir='ltr'><strong>Hoc</strong></span> <span class='ocrx_word' id='word_1_88' title='bbox 298 1389 429 1443; x_wconf 90' lang='lat' dir='ltr'><strong>enim</strong></span> <span class='ocrx_word' id='word_1_89' title='bbox 460 1394 676 1444; x_wconf 82' lang='lat' dir='ltr'><strong>avertat</strong></span> <span class='ocrx_word' id='word_1_90' title='bbox 697 1389 982 1446; x_wconf 90' lang='lat' dir='ltr'><strong>Divinitas.</strong></span> <span class='ocrx_word' id='word_1_91' title='bbox 1011 1392 1170 1446; x_wconf 83' lang='lat' dir='ltr'><strong>Justo</strong></span> <span class='ocrx_word' id='word_1_92' title='bbox 1205 1391 1418 1462; x_wconf 91' lang='lat' dir='ltr'><strong>judicio</strong></span> <span class='ocrx_word' id='word_1_93' title='bbox 1456 1392 1554 1448; x_wconf 91' lang='lat' dir='ltr'><strong>Dei</strong></span> <span class='ocrx_word' id='word_1_94' title='bbox 1581 1393 1752 1448; x_wconf 90' lang='lat' dir='ltr'><strong>datur</strong></span> 
     </span>
    </p>
   </div>
   <div class='ocr_carea' id='block_1_15' title="bbox 186 1484 1750 1558">
    <p class='ocr_par' dir='ltr' id='par_1_15' title="bbox 186 1484 1750 1558">
     <span class='ocr_line' id='line_1_15' title="bbox 186 1484 1750 1558; baseline 0.003 -21"><span class='ocrx_word' id='word_1_95' title='bbox 186 1484 460 1555; x_wconf 89' lang='lat' dir='ltr'><strong>plerumque</strong></span> <span class='ocrx_word' id='word_1_96' title='bbox 530 1484 917 1555; x_wconf 87' lang='lat' dir='ltr'><strong>peccatoribus</strong></span> <span class='ocrx_word' id='word_1_97' title='bbox 990 1488 1264 1556; x_wconf 82' lang='lat' dir='ltr'><strong>potestas,</strong></span> <span class='ocrx_word' id='word_1_98' title='bbox 1332 1503 1446 1558; x_wconf 91' lang='lat' dir='ltr'><strong>qua</strong></span> <span class='ocrx_word' id='word_1_99' title='bbox 1525 1491 1750 1542; x_wconf 88' lang='lat' dir='ltr'><strong>sanctos</strong></span> 
     </span>
    </p>
   </div>
   <div class='ocr_carea' id='block_1_16' title="bbox 186 1577 1752 1651">
    <p class='ocr_par' dir='ltr' id='par_1_16' title="bbox 186 1577 1752 1651">
     <span class='ocr_line' id='line_1_16' title="bbox 186 1577 1752 1651; baseline 0.004 -21"><span class='ocrx_word' id='word_1_100' title='bbox 186 1577 314 1647; x_wconf 80' lang='lat' dir='ltr'><strong>ipsius</strong></span> <span class='ocrx_word' id='word_1_101' title='bbox 336 1583 757 1649; x_wconf 88' lang='lat' dir='ltr'><strong>persequantur,</strong></span> <span class='ocrx_word' id='word_1_102' title='bbox 786 1583 847 1634; x_wconf 88' lang='lat' dir='ltr'><strong>ut</strong></span> <span class='ocrx_word' id='word_1_103' title='bbox 871 1579 972 1651; x_wconf 88' lang='lat' dir='ltr'><strong>qui</strong></span> <span class='ocrx_word' id='word_1_104' title='bbox 1006 1578 1206 1650; x_wconf 88' lang='lat' dir='ltr'><strong>spiritu</strong></span> <span class='ocrx_word' id='word_1_105' title='bbox 1252 1579 1355 1634; x_wconf 92' lang='lat' dir='ltr'><strong>Dei</strong></span> <span class='ocrx_word' id='word_1_106' title='bbox 1392 1581 1665 1651; x_wconf 89' lang='lat' dir='ltr'><strong>juvantur</strong></span> <span class='ocrx_word' id='word_1_107' title='bbox 1693 1586 1752 1636; x_wconf 92' lang='lat' dir='ltr'><strong>et</strong></span> 
     </span>
    </p>
   </div>
   <div class='ocr_carea' id='block_1_17' title="bbox 184 1671 1749 1746">
    <p class='ocr_par' dir='ltr' id='par_1_17' title="bbox 184 1671 1749 1746">
     <span class='ocr_line' id='line_1_17' title="bbox 184 1671 1749 1746; baseline 0.003 -22"><span class='ocrx_word' id='word_1_108' title='bbox 184 1676 393 1741; x_wconf 81' lang='lat' dir='ltr'><strong>aguntur,</strong></span> <span class='ocrx_word' id='word_1_109' title='bbox 418 1672 550 1726; x_wconf 83' lang='lat' dir='ltr'><strong>fiant</strong></span> <span class='ocrx_word' id='word_1_110' title='bbox 576 1689 684 1744; x_wconf 87' lang='lat' dir='ltr'><strong>per</strong></span> <span class='ocrx_word' id='word_1_111' title='bbox 713 1671 972 1727; x_wconf 90' lang='lat' dir='ltr'><strong>laborum</strong></span> <span class='ocrx_word' id='word_1_112' title='bbox 998 1671 1268 1728; x_wconf 88' lang='lat' dir='ltr'><strong>exercitia</strong></span> <span class='ocrx_word' id='word_1_113' title='bbox 1293 1673 1582 1744; x_wconf 90' lang='lat' dir='ltr'><strong>clariores,</strong></span> <span class='ocrx_word' id='word_1_114' title='bbox 1615 1675 1749 1746; x_wconf 90' lang='lat' dir='ltr'><strong>ipsis</strong></span> 
     </span>
    </p>
   </div>
   <div class='ocr_carea' id='block_1_18' title="bbox 1852 455 3480 528">
    <p class='ocr_par' dir='ltr' id='par_1_18' title="bbox 1852 455 3480 528">
     <span class='ocr_line' id='line_1_18' title="bbox 1852 455 3480 528; baseline 0.002 -18"><span class='ocrx_word' id='word_1_115' title='bbox 1852 457 2080 528; x_wconf 83' lang='lat' dir='ltr'><strong>phetam</strong></span> <span class='ocrx_word' id='word_1_116' title='bbox 2093 455 2365 528; x_wconf 81' lang='lat' dir='ltr'><strong>loquitur,</strong></span> <span class='ocrx_word' id='word_1_117' title='bbox 2382 457 2572 513; x_wconf 88' lang='lat' dir='ltr'><strong>dicens</strong></span> <span class='ocrx_word' id='word_1_118' title='bbox 2591 474 2604 512; x_wconf 88' lang='lat'><strong>:</strong></span> <span class='ocrx_word' id='word_1_119' title='bbox 2627 456 2787 512; x_wconf 86' lang='lat' dir='ltr'><strong>«Dixi</strong></span> <span class='ocrx_word' id='word_1_120' title='bbox 2803 475 2816 512; x_wconf 87' lang='lat'>:</span> <span class='ocrx_word' id='word_1_121' title='bbox 2831 458 3153 512; x_wconf 88' lang='lat' dir='ltr'><strong>Custodiam</strong></span> <span class='ocrx_word' id='word_1_122' title='bbox 3168 457 3286 512; x_wconf 86' lang='lat' dir='ltr'><strong>vias</strong></span> <span class='ocrx_word' id='word_1_123' title='bbox 3305 474 3480 526; x_wconf 89' lang='lat' dir='ltr'><strong>meas,</strong></span> 
     </span>
    </p>
   </div>
   <div class='ocr_carea' id='block_1_19' title="bbox 1851 550 3480 623">
    <p class='ocr_par' dir='ltr' id='par_1_19' title="bbox 1851 550 3480 623">
     <span class='ocr_line' id='line_1_19' title="bbox 1851 550 3480 623; baseline -0.001 -19"><span class='ocrx_word' id='word_1_124' title='bbox 1851 554 1917 604; x_wconf 87' lang='lat' dir='ltr'><strong>ut</strong></span> <span class='ocrx_word' id='word_1_125' title='bbox 1942 567 2055 605; x_wconf 92' lang='lat' dir='ltr'><strong>non</strong></span> <span class='ocrx_word' id='word_1_126' title='bbox 2084 550 2415 622; x_wconf 85' lang='lat' dir='ltr'><strong>delinquam</strong></span> <span class='ocrx_word' id='word_1_127' title='bbox 2446 552 2504 604; x_wconf 89' lang='lat' dir='ltr'><strong>in</strong></span> <span class='ocrx_word' id='word_1_128' title='bbox 2529 551 2729 623; x_wconf 87' lang='lat' dir='ltr'><strong>lingua</strong></span> <span class='ocrx_word' id='word_1_129' title='bbox 2758 568 2883 606; x_wconf 89' lang='lat' dir='ltr'><strong>mea</strong></span> <span class='ocrx_word' id='word_1_130' title='bbox 2913 552 3080 621; x_wconf 87' lang='lat' dir='ltr'><strong>(Psal.</strong></span> <span class='ocrx_word' id='word_1_131' title='bbox 3102 568 3330 619; x_wconf 77' lang='lat' dir='ltr'><strong>xxxviii,</strong></span> <span class='ocrx_word' id='word_1_132' title='bbox 3353 553 3425 622; x_wconf 83' lang='lat'><strong>2).</strong></span> <span class='ocrx_word' id='word_1_133' title='bbox 3450 572 3480 602; x_wconf 73' lang='grc' dir='ltr'><strong>ι)</strong></span> 
     </span>
    </p>
   </div>
   <div class='ocr_carea' id='block_1_20' title="bbox 1854 643 3486 716">
    <p class='ocr_par' dir='ltr' id='par_1_20' title="bbox 1854 643 3486 716">
     <span class='ocr_line' id='line_1_20' title="bbox 1854 643 3486 716; baseline 0.001 -19"><span class='ocrx_word' id='word_1_134' title='bbox 1854 643 2126 698; x_wconf 89' lang='lat' dir='ltr'><strong>Dominus</strong></span> <span class='ocrx_word' id='word_1_135' title='bbox 2179 644 2540 715; x_wconf 89' lang='lat' dir='ltr'><strong>omnipotens</strong></span> <span class='ocrx_word' id='word_1_136' title='bbox 2587 649 2643 699; x_wconf 91' lang='lat' dir='ltr'><strong>et</strong></span> <span class='ocrx_word' id='word_1_137' title='bbox 2686 644 2806 714; x_wconf 87' lang='lat' dir='ltr'><strong>ejus</strong></span> <span class='ocrx_word' id='word_1_138' title='bbox 2853 644 3177 716; x_wconf 90' lang='lat' dir='ltr'><strong>unigenitus</strong></span> <span class='ocrx_word' id='word_1_139' title='bbox 3210 644 3397 711; x_wconf 86' lang='lat' dir='ltr'><strong>Filius,</strong></span> <span class='ocrx_word' id='word_1_140' title='bbox 3427 648 3486 699; x_wconf 89' lang='lat' dir='ltr'><strong>et</strong></span> 
     </span>
    </p>
   </div>
   <div class='ocr_carea' id='block_1_21' title="bbox 1853 738 3479 793">
    <p class='ocr_par' dir='ltr' id='par_1_21' title="bbox 1853 738 3479 793">
     <span class='ocr_line' id='line_1_21' title="bbox 1853 738 3479 793; baseline 0 -1"><span class='ocrx_word' id='word_1_141' title='bbox 1853 738 2104 792; x_wconf 86' lang='lat' dir='ltr'><strong>Salvator</strong></span> <span class='ocrx_word' id='word_1_142' title='bbox 2131 742 2328 792; x_wconf 88' lang='lat' dir='ltr'><strong>noster</strong></span> <span class='ocrx_word' id='word_1_143' title='bbox 2351 740 2510 792; x_wconf 83' lang='lat' dir='ltr'><strong>Jesus</strong></span> <span class='ocrx_word' id='word_1_144' title='bbox 2538 738 2790 793; x_wconf 88' lang='lat' dir='ltr'><strong>Christus</strong></span> <span class='ocrx_word' id='word_1_145' title='bbox 2816 739 2924 793; x_wconf 90' lang='lat' dir='ltr'><strong>hoc</strong></span> <span class='ocrx_word' id='word_1_146' title='bbox 2961 738 3116 792; x_wconf 88' lang='lat' dir='ltr'><strong>vobis</strong></span> <span class='ocrx_word' id='word_1_147' title='bbox 3149 738 3365 793; x_wconf 88' lang='lat' dir='ltr'><strong>tribuat</strong></span> <span class='ocrx_word' id='word_1_148' title='bbox 3390 739 3479 792; x_wconf 89' lang='lat' dir='ltr'><strong>in-</strong></span> 
     </span>
    </p>
   </div>
   <div class='ocr_carea' id='block_1_22' title="bbox 1852 830 3480 903">
    <p class='ocr_par' dir='ltr' id='par_1_22' title="bbox 1852 830 3480 903">
     <span class='ocr_line' id='line_1_22' title="bbox 1852 830 3480 903; baseline 0 -18"><span class='ocrx_word' id='word_1_149' title='bbox 1852 831 2246 899; x_wconf 85' lang='lat' dir='ltr'><strong>citamentum,</strong></span> <span class='ocrx_word' id='word_1_150' title='bbox 2262 836 2324 886; x_wconf 92' lang='lat' dir='ltr'><strong>ut</strong></span> <span class='ocrx_word' id='word_1_151' title='bbox 2343 832 2608 886; x_wconf 90' lang='lat' dir='ltr'><strong>omnibus</strong></span> <span class='ocrx_word' id='word_1_152' title='bbox 2622 831 2909 898; x_wconf 86' lang='lat' dir='ltr'><strong>fratribus,</strong></span> <span class='ocrx_word' id='word_1_153' title='bbox 2923 831 3357 903; x_wconf 91' lang='lat' dir='ltr'><strong>quibuscunque</strong></span> <span class='ocrx_word' id='word_1_154' title='bbox 3380 830 3480 885; x_wconf 87' lang='lat' dir='ltr'><strong>tri-</strong></span> 
     </span>
    </p>
   </div>
   <div class='ocr_carea' id='block_1_23' title="bbox 1850 924 3484 996">
    <p class='ocr_par' dir='ltr' id='par_1_23' title="bbox 1850 924 3484 996">
     <span class='ocr_line' id='line_1_23' title="bbox 1850 924 3484 996; baseline 0 -17"><span class='ocrx_word' id='word_1_155' title='bbox 1850 924 2213 980; x_wconf 89' lang='lat' dir='ltr'><strong>bulationum</strong></span> <span class='ocrx_word' id='word_1_156' title='bbox 2257 925 2530 982; x_wconf 89' lang='lat' dir='ltr'><strong>molestiis</strong></span> <span class='ocrx_word' id='word_1_157' title='bbox 2581 925 2994 992; x_wconf 89' lang='lat' dir='ltr'><strong>laborantibus,</strong></span> <span class='ocrx_word' id='word_1_158' title='bbox 3021 924 3236 979; x_wconf 89' lang='lat' dir='ltr'><strong>viribus</strong></span> <span class='ocrx_word' id='word_1_159' title='bbox 3277 924 3484 996; x_wconf 89' lang='lat' dir='ltr'><strong>quibus</strong></span> 
     </span>
    </p>
   </div>
   <div class='ocr_carea' id='block_1_24' title="bbox 1853 1018 3482 1090">
    <p class='ocr_par' dir='ltr' id='par_1_24' title="bbox 1853 1018 3482 1090">
     <span class='ocr_line' id='line_1_24' title="bbox 1853 1018 3482 1090; baseline -0.001 -17"><span class='ocrx_word' id='word_1_160' title='bbox 1853 1019 2106 1090; x_wconf 89' lang='lat' dir='ltr'><strong>potestis,</strong></span> <span class='ocrx_word' id='word_1_161' title='bbox 2136 1019 2496 1087; x_wconf 86' lang='lat' dir='ltr'><strong>succurratis,</strong></span> <span class='ocrx_word' id='word_1_162' title='bbox 2526 1023 2584 1074; x_wconf 90' lang='lat' dir='ltr'><strong>et</strong></span> <span class='ocrx_word' id='word_1_163' title='bbox 2631 1035 2854 1086; x_wconf 90' lang='lat' dir='ltr'><strong>eorum,</strong></span> <span class='ocrx_word' id='word_1_164' title='bbox 2881 1022 2945 1073; x_wconf 90' lang='lat' dir='ltr'><strong>ut</strong></span> <span class='ocrx_word' id='word_1_165' title='bbox 2983 1018 3224 1088; x_wconf 88' lang='lat' dir='ltr'><strong>dignum</strong></span> <span class='ocrx_word' id='word_1_166' title='bbox 3267 1023 3368 1085; x_wconf 92' lang='lat' dir='ltr'><strong>est,</strong></span> <span class='ocrx_word' id='word_1_167' title='bbox 3391 1019 3482 1072; x_wconf 89' lang='lat' dir='ltr'><strong>in-</strong></span> 
     </span>
    </p>
   </div>
   <div class='ocr_carea' id='block_1_25' title="bbox 1843 1109 3487 1183">
    <p class='ocr_par' dir='ltr' id='par_1_25' title="bbox 1843 1109 3487 1183">
     <span class='ocr_line' id='line_1_25' title="bbox 1843 1109 3487 1183; baseline -0.001 -17"><span class='ocrx_word' id='word_1_168' title='bbox 1843 1112 2026 1183; x_wconf 88' lang='lat' dir='ltr'><strong>jurias</strong></span> <span class='ocrx_word' id='word_1_169' title='bbox 2049 1118 2258 1168; x_wconf 90' lang='lat' dir='ltr'><strong>vestras</strong></span> <span class='ocrx_word' id='word_1_170' title='bbox 2285 1113 2596 1181; x_wconf 61' lang='lat' dir='ltr'><strong>aestimetis,</strong></span> <span class='ocrx_word' id='word_1_171' title='bbox 2623 1113 2934 1168; x_wconf 86' lang='lat' dir='ltr'><strong>maximum</strong></span> <span class='ocrx_word' id='word_1_172' title='bbox 2962 1109 3373 1167; x_wconf 88' lang='lat' dir='ltr'><strong>adminiculum</strong></span> <span class='ocrx_word' id='word_1_173' title='bbox 3405 1111 3487 1166; x_wconf 90' lang='lat' dir='ltr'><strong>eis</strong></span> 
     </span>
    </p>
   </div>
   <div class='ocr_carea' id='block_1_26' title="bbox 1850 1203 3481 1278">
    <p class='ocr_par' dir='ltr' id='par_1_26' title="bbox 1850 1203 3481 1278">
     <span class='ocr_line' id='line_1_26' title="bbox 1850 1203 3481 1278; baseline -0.001 -19"><span class='ocrx_word' id='word_1_174' title='bbox 1850 1206 2036 1260; x_wconf 90' lang='lat' dir='ltr'><strong>verbis</strong></span> <span class='ocrx_word' id='word_1_175' title='bbox 2067 1212 2124 1261; x_wconf 91' lang='lat' dir='ltr'><strong>et</strong></span> <span class='ocrx_word' id='word_1_176' title='bbox 2149 1207 2310 1262; x_wconf 89' lang='lat' dir='ltr'><strong>factis</strong></span> <span class='ocrx_word' id='word_1_177' title='bbox 2341 1206 2660 1278; x_wconf 70' lang='lat' dir='ltr'><strong>przebeatis,</strong></span> <span class='ocrx_word' id='word_1_178' title='bbox 2686 1211 2748 1260; x_wconf 92' lang='lat' dir='ltr'><strong>ut</strong></span> <span class='ocrx_word' id='word_1_179' title='bbox 2777 1206 2898 1276; x_wconf 87' lang='lat' dir='ltr'><strong>ejus</strong></span> <span class='ocrx_word' id='word_1_180' title='bbox 2941 1204 3202 1276; x_wconf 86' lang='lat' dir='ltr'><strong>discipuli</strong></span> <span class='ocrx_word' id='word_1_181' title='bbox 3230 1203 3481 1260; x_wconf 88' lang='lat' dir='ltr'><strong>invenia-</strong></span> 
     </span>
    </p>
   </div>
   <div class='ocr_carea' id='block_1_27' title="bbox 1850 1297 3485 1371">
    <p class='ocr_par' dir='ltr' id='par_1_27' title="bbox 1850 1297 3485 1371">
     <span class='ocr_line' id='line_1_27' title="bbox 1850 1297 3485 1371; baseline -0.001 -18"><span class='ocrx_word' id='word_1_182' title='bbox 1850 1299 1992 1354; x_wconf 90' lang='lat' dir='ltr'><strong>mini</strong></span> <span class='ocrx_word' id='word_1_183' title='bbox 2021 1299 2138 1354; x_wconf 90' lang='lat' dir='ltr'><strong>veri</strong></span> <span class='ocrx_word' id='word_1_184' title='bbox 2168 1300 2265 1371; x_wconf 89' lang='lat' dir='ltr'><strong>qui</strong></span> <span class='ocrx_word' id='word_1_185' title='bbox 2305 1301 2503 1356; x_wconf 85' lang='lat' dir='ltr'><strong>fratres</strong></span> <span class='ocrx_word' id='word_1_186' title='bbox 2533 1304 2596 1354; x_wconf 88' lang='lat' dir='ltr'><strong>ut</strong></span> <span class='ocrx_word' id='word_1_187' title='bbox 2634 1317 2692 1354; x_wconf 90' lang='lat' dir='ltr'><strong>se</strong></span> <span class='ocrx_word' id='word_1_188' title='bbox 2731 1299 2999 1354; x_wconf 89' lang='lat' dir='ltr'><strong>omnibus</strong></span> <span class='ocrx_word' id='word_1_189' title='bbox 3050 1297 3287 1370; x_wconf 87' lang='lat' dir='ltr'><strong>diligere</strong></span> <span class='ocrx_word' id='word_1_190' title='bbox 3333 1314 3485 1370; x_wconf 74' lang='lat' dir='ltr'><strong>pra:-</strong></span> 
     </span>
    </p>
   </div>
   <div class='ocr_carea' id='block_1_28' title="bbox 1850 1390 3482 1466">
    <p class='ocr_par' dir='ltr' id='par_1_28' title="bbox 1850 1390 3482 1466">
     <span class='ocr_line' id='line_1_28' title="bbox 1850 1390 3482 1466; baseline -0.001 -19"><span class='ocrx_word' id='word_1_191' title='bbox 1850 1394 2012 1464; x_wconf 89' lang='lat' dir='ltr'><strong>cepit.</strong></span> <span class='ocrx_word' id='word_1_192' title='bbox 2067 1395 2469 1449; x_wconf 90' lang='lat' dir='ltr'><strong>Ordinationes</strong></span> <span class='ocrx_word' id='word_1_193' title='bbox 2529 1410 2660 1448; x_wconf 89' lang='lat' dir='ltr'><strong>vero</strong></span> <span class='ocrx_word' id='word_1_194' title='bbox 2721 1392 3186 1466; x_wconf 87' lang='lat' dir='ltr'><strong>presbyterorum</strong></span> <span class='ocrx_word' id='word_1_195' title='bbox 3241 1396 3298 1446; x_wconf 92' lang='lat' dir='ltr'><strong>et</strong></span> <span class='ocrx_word' id='word_1_196' title='bbox 3345 1390 3482 1446; x_wconf 80' lang='lat' dir='ltr'><strong>levi-</strong></span> 
     </span>
    </p>
   </div>
   <div class='ocr_carea' id='block_1_29' title="bbox 1849 1484 3486 1561">
    <p class='ocr_par' dir='ltr' id='par_1_29' title="bbox 1849 1484 3486 1561">
     <span class='ocr_line' id='line_1_29' title="bbox 1849 1484 3486 1561; baseline -0.001 -20"><span class='ocrx_word' id='word_1_197' title='bbox 1849 1489 2037 1542; x_wconf 85' lang='lat' dir='ltr'><strong>tarum</strong></span> <span class='ocrx_word' id='word_1_198' title='bbox 2063 1491 2322 1560; x_wconf 88' lang='lat' dir='ltr'><strong>tempore</strong></span> <span class='ocrx_word' id='word_1_199' title='bbox 2349 1504 2601 1561; x_wconf 89' lang='lat' dir='ltr'><strong>congruo</strong></span> <span class='ocrx_word' id='word_1_200' title='bbox 2627 1491 2684 1543; x_wconf 93' lang='lat' dir='ltr'><strong>et</strong></span> <span class='ocrx_word' id='word_1_201' title='bbox 2713 1486 2906 1542; x_wconf 88' lang='lat' dir='ltr'><strong>multis</strong></span> <span class='ocrx_word' id='word_1_202' title='bbox 2945 1502 3136 1541; x_wconf 87' lang='lat' dir='ltr'><strong>coram</strong></span> <span class='ocrx_word' id='word_1_203' title='bbox 3172 1484 3486 1540; x_wconf 80' lang='lat' dir='ltr'><strong>astantibus</strong></span> 
     </span>
    </p>
   </div>
   <div class='ocr_carea' id='block_1_30' title="bbox 1847 1578 3485 1654">
    <p class='ocr_par' dir='ltr' id='par_1_30' title="bbox 1847 1578 3485 1654">
     <span class='ocr_line' id='line_1_30' title="bbox 1847 1578 3485 1654; baseline -0.001 -20"><span class='ocrx_word' id='word_1_204' title='bbox 1847 1581 2182 1636; x_wconf 89' lang='lat' dir='ltr'><strong>solemniter</strong></span> <span class='ocrx_word' id='word_1_205' title='bbox 2228 1581 2401 1653; x_wconf 87' lang='lat' dir='ltr'><strong>agite,</strong></span> <span class='ocrx_word' id='word_1_206' title='bbox 2430 1585 2487 1636; x_wconf 91' lang='lat' dir='ltr'><strong>et</strong></span> <span class='ocrx_word' id='word_1_207' title='bbox 2527 1581 2849 1654; x_wconf 89' lang='lat' dir='ltr'><strong>probabiles</strong></span> <span class='ocrx_word' id='word_1_208' title='bbox 2887 1597 2952 1634; x_wconf 88' lang='lat' dir='ltr'><strong>ac</strong></span> <span class='ocrx_word' id='word_1_209' title='bbox 3001 1580 3197 1635; x_wconf 91' lang='lat' dir='ltr'><strong>doctos</strong></span> <span class='ocrx_word' id='word_1_210' title='bbox 3222 1579 3372 1634; x_wconf 88' lang='lat' dir='ltr'><strong>viros</strong></span> <span class='ocrx_word' id='word_1_211' title='bbox 3414 1578 3485 1632; x_wconf 88' lang='lat' dir='ltr'><strong>ad</strong></span> 
     </span>
    </p>
   </div>
   <div class='ocr_carea' id='block_1_31' title="bbox 1848 1672 3482 1748">
    <p class='ocr_par' dir='ltr' id='par_1_31' title="bbox 1848 1672 3482 1748">
     <span class='ocr_line' id='line_1_31' title="bbox 1848 1672 3482 1748; baseline -0.001 -20"><span class='ocrx_word' id='word_1_212' title='bbox 1848 1674 1955 1729; x_wconf 90' lang='lat' dir='ltr'><strong>hoc</strong></span> <span class='ocrx_word' id='word_1_213' title='bbox 1983 1691 2127 1747; x_wconf 90' lang='lat' dir='ltr'><strong>opus</strong></span> <span class='ocrx_word' id='word_1_214' title='bbox 2150 1675 2469 1748; x_wconf 90' lang='lat' dir='ltr'><strong>provehite,</strong></span> <span class='ocrx_word' id='word_1_215' title='bbox 2501 1682 2561 1731; x_wconf 90' lang='lat' dir='ltr'><strong>ut</strong></span> <span class='ocrx_word' id='word_1_216' title='bbox 2591 1676 2660 1731; x_wconf 89' lang='lat' dir='ltr'><strong>de</strong></span> <span class='ocrx_word' id='word_1_217' title='bbox 2691 1691 2892 1730; x_wconf 91' lang='lat' dir='ltr'><strong>eorum</strong></span> <span class='ocrx_word' id='word_1_218' title='bbox 2934 1675 3194 1730; x_wconf 88' lang='lat' dir='ltr'><strong>societate</strong></span> <span class='ocrx_word' id='word_1_219' title='bbox 3235 1676 3292 1727; x_wconf 91' lang='lat' dir='ltr'><strong>et</strong></span> <span class='ocrx_word' id='word_1_220' title='bbox 3321 1672 3482 1743; x_wconf 82' lang='lat' dir='ltr'><strong>adju-</strong></span> 
     </span>
    </p>
   </div>
   <div class='ocr_carea' id='block_1_32' title="bbox 185 1749 3485 1840">
    <p class='ocr_par' dir='ltr' id='par_1_32' title="bbox 185 1749 3485 1840">
     <span class='ocr_line' id='line_1_32' title="bbox 185 1749 3485 1840; baseline 0 -22"><span class='ocrx_word' id='word_1_221' title='bbox 185 1770 328 1819; x_wconf 87' lang='lat' dir='ltr'><strong>tamen</strong></span> <span class='ocrx_word' id='word_1_222' title='bbox 355 1764 440 1836; x_wconf 85' lang='lat' dir='ltr'><strong>qui</strong></span> <span class='ocrx_word' id='word_1_223' title='bbox 473 1782 567 1820; x_wconf 90' lang='lat' dir='ltr'><strong>eos</strong></span> <span class='ocrx_word' id='word_1_224' title='bbox 616 1769 1043 1838; x_wconf 89' lang='lat' dir='ltr'><strong>persequuntur</strong></span> <span class='ocrx_word' id='word_1_225' title='bbox 1086 1771 1142 1822; x_wconf 91' lang='lat' dir='ltr'><strong>et</strong></span> <span class='ocrx_word' id='word_1_226' title='bbox 1187 1768 1535 1839; x_wconf 84' lang='lat' dir='ltr'><strong>exprobrant</strong></span> <span class='ocrx_word' id='word_1_227' title='bbox 1580 1749 2042 1840; x_wconf 83' lang='lat' dir='ltr'><strong>atqueBmento</strong></span> <span class='ocrx_word' id='word_1_228' title='bbox 2089 1768 2403 1840; x_wconf 90' lang='lat' dir='ltr'><strong>plurimum</strong></span> <span class='ocrx_word' id='word_1_229' title='bbox 2458 1768 2771 1840; x_wconf 84' lang='lat' dir='ltr'><strong>gaudeatis.</strong></span> <span class='ocrx_word' id='word_1_230' title='bbox 2830 1767 3030 1822; x_wconf 89' lang='lat' dir='ltr'><strong>Ponite</strong></span> <span class='ocrx_word' id='word_1_231' title='bbox 3092 1766 3485 1821; x_wconf 89' lang='lat' dir='ltr'><strong>indesinenter</strong></span> 
     </span>
    </p>
   </div>
   <div class='ocr_carea' id='block_1_33' title="bbox 187 1856 1750 1933">
    <p class='ocr_par' dir='ltr' id='par_1_33' title="bbox 187 1856 1750 1933">
     <span class='ocr_line' id='line_1_33' title="bbox 187 1856 1750 1933; baseline 0.004 -24"><span class='ocrx_word' id='word_1_232' title='bbox 187 1856 446 1925; x_wconf 86' lang='lat' dir='ltr'><strong>detrahunt,</strong></span> <span class='ocrx_word' id='word_1_233' title='bbox 475 1859 578 1914; x_wconf 89' lang='lat' dir='ltr'><strong>erit</strong></span> <span class='ocrx_word' id='word_1_234' title='bbox 610 1858 990 1930; x_wconf 90' lang='lat' dir='ltr'><strong>proculdubio</strong></span> <span class='ocrx_word' id='word_1_235' title='bbox 1018 1876 1124 1915; x_wconf 75' lang='lat' dir='ltr'><strong>vae.</strong></span> <span class='ocrx_word' id='word_1_236' title='bbox 1144 1861 1258 1928; x_wconf 80' lang='lat' dir='ltr'><strong>Vae,</strong></span> <span class='ocrx_word' id='word_1_237' title='bbox 1283 1877 1367 1915; x_wconf 83' lang='lat' dir='ltr'><strong>vae</strong></span> <span class='ocrx_word' id='word_1_238' title='bbox 1395 1861 1506 1916; x_wconf 90' lang='lat' dir='ltr'><strong>illis</strong></span> <span class='ocrx_word' id='word_1_239' title='bbox 1533 1861 1630 1933; x_wconf 89' lang='lat' dir='ltr'><strong>qui</strong></span> <span class='ocrx_word' id='word_1_240' title='bbox 1656 1862 1750 1917; x_wconf 93' lang='lat' dir='ltr'><strong>de-</strong></span> 
     </span>
    </p>
   </div>
   <div class='ocr_carea' id='block_1_34' title="bbox 185 1950 1748 2024">
    <p class='ocr_par' dir='ltr' id='par_1_34' title="bbox 185 1950 1748 2024">
     <span class='ocr_line' id='line_1_34' title="bbox 185 1950 1748 2024; baseline 0.005 -21"><span class='ocrx_word' id='word_1_241' title='bbox 185 1950 367 2004; x_wconf 86' lang='lat' dir='ltr'><strong>trahunt</strong></span> <span class='ocrx_word' id='word_1_242' title='bbox 399 1952 560 2007; x_wconf 83' lang='lat' dir='ltr'><strong>servis</strong></span> <span class='ocrx_word' id='word_1_243' title='bbox 602 1953 723 2019; x_wconf 90' lang='lat' dir='ltr'><strong>Dei,</strong></span> <span class='ocrx_word' id='word_1_244' title='bbox 754 1953 890 2024; x_wconf 90' lang='lat' dir='ltr'><strong>quia</strong></span> <span class='ocrx_word' id='word_1_245' title='bbox 934 1953 1209 2008; x_wconf 87' lang='lat' dir='ltr'><strong>detractio</strong></span> <span class='ocrx_word' id='word_1_246' title='bbox 1253 1971 1450 2010; x_wconf 92' lang='lat' dir='ltr'><strong>eorum</strong></span> <span class='ocrx_word' id='word_1_247' title='bbox 1501 1955 1575 2009; x_wconf 89' lang='lat' dir='ltr'><strong>ad</strong></span> <span class='ocrx_word' id='word_1_248' title='bbox 1617 1972 1748 2011; x_wconf 91' lang='lat' dir='ltr'><strong>eum</strong></span> 
     </span>
    </p>
   </div>
   <div class='ocr_carea' id='block_1_35' title="bbox 182 2044 1746 2121">
    <p class='ocr_par' dir='ltr' id='par_1_35' title="bbox 182 2044 1746 2121">
     <span class='ocr_line' id='line_1_35' title="bbox 182 2044 1746 2121; baseline 0.004 -23"><span class='ocrx_word' id='word_1_249' title='bbox 182 2044 393 2113; x_wconf 87' lang='lat' dir='ltr'><strong>pertinet,</strong></span> <span class='ocrx_word' id='word_1_250' title='bbox 419 2047 564 2118; x_wconf 89' lang='lat' dir='ltr'><strong>cujus</strong></span> <span class='ocrx_word' id='word_1_251' title='bbox 601 2045 984 2102; x_wconf 89' lang='lat' dir='ltr'><strong>ministerium</strong></span> <span class='ocrx_word' id='word_1_252' title='bbox 1030 2052 1228 2120; x_wconf 89' lang='lat' dir='ltr'><strong>agunt,</strong></span> <span class='ocrx_word' id='word_1_253' title='bbox 1259 2051 1315 2103; x_wconf 90' lang='lat' dir='ltr'><strong>et</strong></span> <span class='ocrx_word' id='word_1_254' title='bbox 1343 2048 1463 2103; x_wconf 88' lang='lat' dir='ltr'><strong>vice</strong></span> <span class='ocrx_word' id='word_1_255' title='bbox 1492 2049 1746 2121; x_wconf 86' lang='lat' dir='ltr'><strong>fungun-</strong></span> 
     </span>
    </p>
   </div>
   <div class='ocr_carea' id='block_1_36' title="bbox 183 2137 1747 2214">
    <p class='ocr_par' dir='ltr' id='par_1_36' title="bbox 183 2137 1747 2214">
     <span class='ocr_line' id='line_1_36' title="bbox 183 2137 1747 2214; baseline 0.006 -26"><span class='ocrx_word' id='word_1_256' title='bbox 183 2140 274 2190; x_wconf 85' lang='lat' dir='ltr'><strong>tur.</strong></span> <span class='ocrx_word' id='word_1_257' title='bbox 297 2137 492 2194; x_wconf 88' lang='lat' dir='ltr'><strong>Oramus</strong></span> <span class='ocrx_word' id='word_1_258' title='bbox 523 2143 743 2207; x_wconf 85' lang='lat' dir='ltr'><strong>autem,</strong></span> <span class='ocrx_word' id='word_1_259' title='bbox 776 2141 988 2196; x_wconf 90' lang='lat' dir='ltr'><strong>ostium</strong></span> <span class='ocrx_word' id='word_1_260' title='bbox 1029 2140 1467 2198; x_wconf 75' lang='lat' dir='ltr'><strong>circumstantia:</strong></span> <span class='ocrx_word' id='word_1_261' title='bbox 1496 2142 1615 2214; x_wconf 88' lang='lat' dir='ltr'><strong>(qui</strong></span> <span class='ocrx_word' id='word_1_262' title='bbox 1643 2160 1747 2198; x_wconf 86' lang='lat' dir='ltr'><strong>ne-</strong></span> 
     </span>
    </p>
   </div>
   <div class='ocr_carea' id='block_1_37' title="bbox 183 2229 1750 2306">
    <p class='ocr_par' dir='ltr' id='par_1_37' title="bbox 183 2229 1750 2306">
     <span class='ocr_line' id='line_1_37' title="bbox 183 2229 1750 2306; baseline 0.006 -23"><span class='ocrx_word' id='word_1_263' title='bbox 183 2229 356 2286; x_wconf 88' lang='lat' dir='ltr'><strong>minem</strong></span> <span class='ocrx_word' id='word_1_264' title='bbox 377 2234 545 2304; x_wconf 86' lang='lat' dir='ltr'><strong>perire</strong></span> <span class='ocrx_word' id='word_1_265' title='bbox 569 2239 675 2290; x_wconf 88' lang='lat' dir='ltr'><strong>aut</strong></span> <span class='ocrx_word' id='word_1_266' title='bbox 705 2234 870 2290; x_wconf 85' lang='lat' dir='ltr'><strong>labiis</strong></span> <span class='ocrx_word' id='word_1_267' title='bbox 898 2235 1011 2290; x_wconf 90' lang='lat' dir='ltr'><strong>suis</strong></span> <span class='ocrx_word' id='word_1_268' title='bbox 1038 2234 1216 2306; x_wconf 89' lang='lat' dir='ltr'><strong>pollui</strong></span> <span class='ocrx_word' id='word_1_269' title='bbox 1241 2236 1522 2306; x_wconf 89' lang='lat' dir='ltr'><strong>volumus)</strong></span> <span class='ocrx_word' id='word_1_270' title='bbox 1550 2253 1750 2292; x_wconf 89' lang='lat' dir='ltr'><strong>eorum</strong></span> 
     </span>
    </p>
   </div>
   <div class='ocr_carea' id='block_1_38' title="bbox 182 2324 1748 2400">
    <p class='ocr_par' dir='ltr' id='par_1_38' title="bbox 182 2324 1748 2400">
     <span class='ocr_line' id='line_1_38' title="bbox 182 2324 1748 2400; baseline 0.005 -22"><span class='ocrx_word' id='word_1_271' title='bbox 182 2324 380 2380; x_wconf 89' lang='lat' dir='ltr'><strong>moribus</strong></span> <span class='ocrx_word' id='word_1_272' title='bbox 406 2327 640 2400; x_wconf 89' lang='lat' dir='ltr'><strong>imponi,</strong></span> <span class='ocrx_word' id='word_1_273' title='bbox 673 2331 731 2385; x_wconf 89' lang='lat' dir='ltr'><strong>et</strong></span> <span class='ocrx_word' id='word_1_274' title='bbox 754 2328 993 2385; x_wconf 89' lang='lat' dir='ltr'><strong>verbum</strong></span> <span class='ocrx_word' id='word_1_275' title='bbox 1029 2329 1269 2385; x_wconf 92' lang='lat' dir='ltr'><strong>minime</strong></span> <span class='ocrx_word' id='word_1_276' title='bbox 1307 2329 1573 2386; x_wconf 89' lang='lat' dir='ltr'><strong>nocivum</strong></span> <span class='ocrx_word' id='word_1_277' title='bbox 1611 2347 1748 2386; x_wconf 92' lang='lat' dir='ltr'><strong>con-</strong></span> 
     </span>
    </p>
   </div>
   <div class='ocr_carea' id='block_1_39' title="bbox 1848 1859 3485 1918">
    <p class='ocr_par' dir='ltr' id='par_1_39' title="bbox 1848 1859 3485 1918">
     <span class='ocr_line' id='line_1_39' title="bbox 1848 1859 3485 1918; baseline -0.001 -3"><span class='ocrx_word' id='word_1_278' title='bbox 1848 1862 2019 1917; x_wconf 92' lang='lat' dir='ltr'><strong>corda</strong></span> <span class='ocrx_word' id='word_1_279' title='bbox 2031 1866 2216 1918; x_wconf 89' lang='lat' dir='ltr'><strong>vestra</strong></span> <span class='ocrx_word' id='word_1_280' title='bbox 2228 1863 2286 1918; x_wconf 89' lang='lat' dir='ltr'><strong>in</strong></span> <span class='ocrx_word' id='word_1_281' title='bbox 2297 1863 2505 1918; x_wconf 88' lang='lat' dir='ltr'><strong>virtute</strong></span> <span class='ocrx_word' id='word_1_282' title='bbox 2519 1862 2616 1917; x_wconf 92' lang='lat' dir='ltr'><strong>Dei</strong></span> <span class='ocrx_word' id='word_1_283' title='bbox 2633 1865 2689 1917; x_wconf 92' lang='lat' dir='ltr'><strong>et</strong></span> <span class='ocrx_word' id='word_1_284' title='bbox 2704 1866 2962 1916; x_wconf 90' lang='lat' dir='ltr'><strong>enarrate</strong></span> <span class='ocrx_word' id='word_1_285' title='bbox 2980 1861 3101 1915; x_wconf 69' lang='lat' dir='ltr'><strong>haec</strong></span> <span class='ocrx_word' id='word_1_286' title='bbox 3119 1865 3177 1916; x_wconf 89' lang='lat' dir='ltr'><strong>et</strong></span> <span class='ocrx_word' id='word_1_287' title='bbox 3190 1865 3394 1915; x_wconf 59' lang='lat' dir='ltr'><strong>cratera</strong></span> <span class='ocrx_word' id='word_1_288' title='bbox 3405 1859 3485 1914; x_wconf 88' lang='lat' dir='ltr'><strong>di-</strong></span> 
     </span>
    </p>
   </div>
   <div class='ocr_carea' id='block_1_40' title="bbox 1848 1953 3482 2028">
    <p class='ocr_par' dir='ltr' id='par_1_40' title="bbox 1848 1953 3482 2028">
     <span class='ocr_line' id='line_1_40' title="bbox 1848 1953 3482 2028; baseline -0.002 -19"><span class='ocrx_word' id='word_1_289' title='bbox 1848 1955 1982 2010; x_wconf 90' lang='lat' dir='ltr'><strong>vina</strong></span> <span class='ocrx_word' id='word_1_290' title='bbox 1997 1957 2164 2012; x_wconf 90' lang='lat' dir='ltr'><strong>verba</strong></span> <span class='ocrx_word' id='word_1_291' title='bbox 2182 1956 2242 2011; x_wconf 92' lang='lat' dir='ltr'><strong>in</strong></span> <span class='ocrx_word' id='word_1_292' title='bbox 2263 1955 2566 2028; x_wconf 87' lang='lat' dir='ltr'><strong>progenies</strong></span> <span class='ocrx_word' id='word_1_293' title='bbox 2582 1955 2812 2020; x_wconf 87' lang='lat' dir='ltr'><strong>alteras,</strong></span> <span class='ocrx_word' id='word_1_294' title='bbox 2829 1953 3104 2026; x_wconf 90' lang='lat' dir='ltr'><strong>quoniam</strong></span> <span class='ocrx_word' id='word_1_295' title='bbox 3124 1953 3214 2007; x_wconf 90' lang='lat' dir='ltr'><strong>hic</strong></span> <span class='ocrx_word' id='word_1_296' title='bbox 3235 1957 3320 2008; x_wconf 90' lang='lat' dir='ltr'><strong>est</strong></span> <span class='ocrx_word' id='word_1_297' title='bbox 3334 1954 3482 2007; x_wconf 89' lang='lat' dir='ltr'><strong>Deus</strong></span> 
     </span>
    </p>
   </div>
   <div class='ocr_carea' id='block_1_41' title="bbox 1850 2046 3483 2121">
    <p class='ocr_par' dir='ltr' id='par_1_41' title="bbox 1850 2046 3483 2121">
     <span class='ocr_line' id='line_1_41' title="bbox 1850 2046 3483 2121; baseline -0.003 -18"><span class='ocrx_word' id='word_1_298' title='bbox 1850 2052 2040 2105; x_wconf 90' lang='lat' dir='ltr'><strong>noster</strong></span> <span class='ocrx_word' id='word_1_299' title='bbox 2064 2051 2122 2104; x_wconf 91' lang='lat' dir='ltr'><strong>in</strong></span> <span class='ocrx_word' id='word_1_300' title='bbox 2149 2053 2450 2118; x_wconf 71' lang='lat' dir='ltr'><strong>aeternum,</strong></span> <span class='ocrx_word' id='word_1_301' title='bbox 2479 2053 2536 2105; x_wconf 91' lang='lat' dir='ltr'><strong>et</strong></span> <span class='ocrx_word' id='word_1_302' title='bbox 2564 2049 2680 2121; x_wconf 89' lang='lat' dir='ltr'><strong>ipse</strong></span> <span class='ocrx_word' id='word_1_303' title='bbox 2701 2054 2865 2120; x_wconf 91' lang='lat' dir='ltr'><strong>reget</strong></span> <span class='ocrx_word' id='word_1_304' title='bbox 2890 2064 2991 2102; x_wconf 92' lang='lat' dir='ltr'><strong>nos</strong></span> <span class='ocrx_word' id='word_1_305' title='bbox 3012 2047 3065 2101; x_wconf 93' lang='lat' dir='ltr'><strong>in</strong></span> <span class='ocrx_word' id='word_1_306' title='bbox 3089 2046 3313 2101; x_wconf 67' lang='lat' dir='ltr'><strong>saecula.</strong></span> <span class='ocrx_word' id='word_1_307' title='bbox 3337 2047 3483 2099; x_wconf 90' lang='lat' dir='ltr'><strong>Data</strong></span> 
     </span>
    </p>
   </div>
   <div class='ocr_carea' id='block_1_42' title="bbox 1849 2140 3478 2209">
    <p class='ocr_par' dir='ltr' id='par_1_42' title="bbox 1849 2140 3478 2209">
     <span class='ocr_line' id='line_1_42' title="bbox 1849 2140 3478 2209; baseline -0.004 -11"><span class='ocrx_word' id='word_1_308' title='bbox 1849 2159 1924 2198; x_wconf 87' lang='lat' dir='ltr'><strong>vn</strong></span> <span class='ocrx_word' id='word_1_309' title='bbox 1955 2143 2084 2199; x_wconf 86' lang='lat' dir='ltr'><strong>Idus</strong></span> <span class='ocrx_word' id='word_1_310' title='bbox 2126 2142 2478 2209; x_wconf 84' lang='lat' dir='ltr'><strong>Novembris,</strong></span> <span class='ocrx_word' id='word_1_311' title='bbox 2513 2143 2826 2200; x_wconf 88' lang='lat' dir='ltr'><strong>Saturnino</strong></span> <span class='ocrx_word' id='word_1_312' title='bbox 2855 2145 2910 2197; x_wconf 91' lang='lat' dir='ltr'><strong>et</strong></span> <span class='ocrx_word' id='word_1_313' title='bbox 2937 2140 3226 2196; x_wconf 89' lang='lat' dir='ltr'><strong>Gallicano</strong></span> <span class='ocrx_word' id='word_1_314' title='bbox 3273 2154 3478 2194; x_wconf 84' lang='lat' dir='ltr'><strong>consu-</strong></span> 
     </span>
    </p>
   </div>
   <div class='ocr_carea' id='block_1_43' title="bbox 1850 2235 2017 2292">
    <p class='ocr_par' dir='ltr' id='par_1_43' title="bbox 1850 2235 2017 2292">
     <span class='ocr_line' id='line_1_43' title="bbox 1850 2235 2017 2292; baseline 0.018 -4"><span class='ocrx_word' id='word_1_315' title='bbox 1850 2235 2017 2292; x_wconf 89' lang='lat' dir='ltr'><strong>libus.</strong></span> 
     </span>
    </p>
   </div>
   <div class='ocr_carea' id='block_1_44' title="bbox 692 2638 1766 2738">
    <p class='ocr_par' dir='ltr' id='par_1_44' title="bbox 692 2643 1766 2738">
     <span class='ocr_line' id='line_1_44' title="bbox 692 2643 1766 2738; baseline 0.004 -6"><span class='ocrx_word' id='word_1_316' title='bbox 692 2643 1262 2738; x_wconf 86' lang='lat' dir='ltr'><strong>INCIPIUNT</strong></span> <span class='ocrx_word' id='word_1_317' title='bbox 1365 2643 1766 2737; x_wconf 81' lang='lat' dir='ltr'><strong>DECRE&#39;.</strong></span> 
     </span>
    </p>
   </div>
   <div class='ocr_carea' id='block_1_45' title="bbox 1849 2638 2895 2738">
    <p class='ocr_par' dir='ltr' id='par_1_45' title="bbox 1849 2638 2895 2735">
     <span class='ocr_line' id='line_1_45' title="bbox 1849 2638 2895 2735; baseline -0.004 0"><span class='ocrx_word' id='word_1_318' title='bbox 1849 2647 1888 2734; x_wconf 55' lang='grc' dir='ltr'>Κ</span> <span class='ocrx_word' id='word_1_319' title='bbox 1983 2641 2435 2735; x_wconf 85' lang='lat' dir='ltr'><strong>CALIXTI</strong></span> <span class='ocrx_word' id='word_1_320' title='bbox 2533 2638 2895 2732; x_wconf 60' lang='lat' dir='ltr'><strong>PAPIE.</strong></span> 
     </span>
    </p>
   </div>
   <div class='ocr_carea' id='block_1_46' title="bbox 867 2826 2737 2912">
    <p class='ocr_par' dir='ltr' id='par_1_46' title="bbox 867 2826 2737 2912">
     <span class='ocr_line' id='line_1_46' title="bbox 867 2826 2737 2912; baseline -0.005 -17"><span class='ocrx_word' id='word_1_321' title='bbox 867 2831 960 2895; x_wconf 87' lang='lat' dir='ltr'><strong>De</strong></span> <span class='ocrx_word' id='word_1_322' title='bbox 1005 2829 1270 2912; x_wconf 78' lang='lat' dir='ltr'><strong>jejunio</strong></span> <span class='ocrx_word' id='word_1_323' title='bbox 1317 2836 1603 2912; x_wconf 81' lang='lat' dir='ltr'><strong>quatuor</strong></span> <span class='ocrx_word' id='word_1_324' title='bbox 1651 2837 2043 2912; x_wconf 84' lang='lat' dir='ltr'><strong>temporum,</strong></span> <span class='ocrx_word' id='word_1_325' title='bbox 2086 2835 2149 2892; x_wconf 83' lang='lat' dir='ltr'><strong>et</strong></span> <span class='ocrx_word' id='word_1_326' title='bbox 2192 2827 2462 2909; x_wconf 75' lang='lat' dir='ltr'><strong>reliquis</strong></span> <span class='ocrx_word' id='word_1_327' title='bbox 2502 2826 2737 2890; x_wconf 86' lang='lat' dir='ltr'><strong>causis.</strong></span> 
     </span>
    </p>
   </div>
   <div class='ocr_carea' id='block_1_47' title="bbox 1037 2972 2576 3048">
    <p class='ocr_par' dir='ltr' id='par_1_47' title="bbox 1037 2972 2576 3048">
     <span class='ocr_line' id='line_1_47' title="bbox 1037 2972 2576 3048; baseline -0.003 -18"><span class='ocrx_word' id='word_1_328' title='bbox 1037 2976 1219 3040; x_wconf 83' lang='lat' dir='ltr'><strong>(Anno</strong></span> <span class='ocrx_word' id='word_1_329' title='bbox 1245 2974 1476 3030; x_wconf 89' lang='lat' dir='ltr'><strong>Domini</strong></span> <span class='ocrx_word' id='word_1_330' title='bbox 1505 2977 1629 3043; x_wconf 78' lang='grc'><strong>217,</strong></span> <span class='ocrx_word' id='word_1_331' title='bbox 1662 2977 1921 3048; x_wconf 91' lang='lat' dir='ltr'><strong>tempore</strong></span> <span class='ocrx_word' id='word_1_332' title='bbox 1952 2974 2148 3030; x_wconf 89' lang='lat' dir='ltr'><strong>Severi</strong></span> <span class='ocrx_word' id='word_1_333' title='bbox 2174 2972 2576 3046; x_wconf 88' lang='lat' dir='ltr'><strong>imperatoris.)</strong></span> 
     </span>
    </p>
   </div>
   <div class='ocr_carea' id='block_1_48' title="bbox 233 3264 3483 3360">
    <p class='ocr_par' dir='ltr' id='par_1_48' title="bbox 233 3264 3483 3360">
     <span class='ocr_line' id='line_1_48' title="bbox 233 3264 3483 3360; baseline -0 -39"><span class='ocrx_word' id='word_1_334' title='bbox 233 3265 450 3323; x_wconf 61' lang='lat' dir='ltr'><strong>Caunus</strong></span> <span class='ocrx_word' id='word_1_335' title='bbox 477 3269 944 3342; x_wconf 85' lang='lat' dir='ltr'><strong>archiepiscopus</strong></span> <span class='ocrx_word' id='word_1_336' title='bbox 981 3270 1241 3328; x_wconf 72' lang='lat' dir='ltr'><strong>Ecclesiae</strong></span> <span class='ocrx_word' id='word_1_337' title='bbox 1273 3271 1566 3328; x_wconf 68' lang='lat' dir='ltr'><strong>catholicae</strong></span> <span class='ocrx_word' id='word_1_338' title='bbox 1593 3272 1746 3328; x_wconf 89' lang='lat' dir='ltr'><strong>urbis</strong></span> <span class='ocrx_word' id='word_1_339' title='bbox 1768 3285 1823 3360; x_wconf 72' lang='grc' dir='ltr'><strong>ρ</strong></span> <span class='ocrx_word' id='word_1_340' title='bbox 1847 3276 1903 3328; x_wconf 92' lang='lat' dir='ltr'><strong>et</strong></span> <span class='ocrx_word' id='word_1_341' title='bbox 1924 3271 2214 3344; x_wconf 89' lang='lat' dir='ltr'><strong>jejunium</strong></span> <span class='ocrx_word' id='word_1_342' title='bbox 2243 3269 2494 3342; x_wconf 85' lang='lat' dir='ltr'><strong>septimi,</strong></span> <span class='ocrx_word' id='word_1_343' title='bbox 2519 3272 2577 3326; x_wconf 91' lang='lat' dir='ltr'><strong>et</strong></span> <span class='ocrx_word' id='word_1_344' title='bbox 2597 3267 2890 3341; x_wconf 88' lang='lat' dir='ltr'><strong>jejunium</strong></span> <span class='ocrx_word' id='word_1_345' title='bbox 2909 3266 3119 3323; x_wconf 90' lang='lat' dir='ltr'><strong>decimi</strong></span> <span class='ocrx_word' id='word_1_346' title='bbox 3148 3264 3256 3322; x_wconf 91' lang='lat' dir='ltr'><strong>erit</strong></span> <span class='ocrx_word' id='word_1_347' title='bbox 3280 3264 3483 3322; x_wconf 90' lang='lat' dir='ltr'><strong>domui</strong></span> 
     </span>
    </p>
   </div>
   <div class='ocr_carea' id='block_1_49' title="bbox 184 3355 1747 3440">
    <p class='ocr_par' dir='ltr' id='par_1_49' title="bbox 184 3355 1747 3440">
     <span class='ocr_line' id='line_1_49' title="bbox 184 3355 1747 3440; baseline 0.008 -31"><span class='ocrx_word' id='word_1_348' title='bbox 184 3355 325 3414; x_wconf 66' lang='lat' dir='ltr'><strong>Romae</strong></span> <span class='ocrx_word' id='word_1_349' title='bbox 350 3360 667 3434; x_wconf 75' lang='lat' dir='ltr'><strong>Bexnmcro,</strong></span> <span class='ocrx_word' id='word_1_350' title='bbox 697 3362 862 3419; x_wconf 87' lang='lat' dir='ltr'><strong>fratri</strong></span> <span class='ocrx_word' id='word_1_351' title='bbox 904 3368 960 3420; x_wconf 92' lang='lat' dir='ltr'><strong>et</strong></span> <span class='ocrx_word' id='word_1_352' title='bbox 1010 3365 1364 3440; x_wconf 90' lang='lat' dir='ltr'><strong>coepiscopo,</strong></span> <span class='ocrx_word' id='word_1_353' title='bbox 1399 3366 1644 3422; x_wconf 89' lang='lat' dir='ltr'><strong>salutem</strong></span> <span class='ocrx_word' id='word_1_354' title='bbox 1686 3367 1747 3421; x_wconf 91' lang='lat' dir='ltr'><strong>in</strong></span> 
     </span>
    </p>
   </div>
   <div class='ocr_carea' id='block_1_50' title="bbox 186 3447 383 3509">
    <p class='ocr_par' dir='ltr' id='par_1_50' title="bbox 186 3447 383 3509">
     <span class='ocr_line' id='line_1_50' title="bbox 186 3447 383 3509; baseline 0.03 -6"><span class='ocrx_word' id='word_1_355' title='bbox 186 3447 383 3509; x_wconf 84' lang='lat' dir='ltr'><strong>Domino.</strong></span> 
     </span>
    </p>
   </div>
   <div class='ocr_carea' id='block_1_51' title="bbox 233 3544 1747 3625">
    <p class='ocr_par' dir='ltr' id='par_1_51' title="bbox 233 3544 1747 3625">
     <span class='ocr_line' id='line_1_51' title="bbox 233 3544 1747 3625; baseline 0.008 -28"><span class='ocrx_word' id='word_1_356' title='bbox 233 3544 568 3606; x_wconf 81' lang='lat' dir='ltr'><strong>Fraternitatis</strong></span> <span class='ocrx_word' id='word_1_357' title='bbox 623 3567 818 3608; x_wconf 89' lang='lat' dir='ltr'><strong>amore</strong></span> <span class='ocrx_word' id='word_1_358' title='bbox 860 3551 1324 3625; x_wconf 88' lang='lat' dir='ltr'><strong>constringimur,</strong></span> <span class='ocrx_word' id='word_1_359' title='bbox 1354 3557 1412 3608; x_wconf 91' lang='lat' dir='ltr'><strong>et</strong></span> <span class='ocrx_word' id='word_1_360' title='bbox 1439 3553 1747 3625; x_wconf 87' lang='lat' dir='ltr'><strong>apostolico</strong></span> 
     </span>
    </p>
   </div>
   <div class='ocr_carea' id='block_1_52' title="bbox 184 3638 1748 3719">
    <p class='ocr_par' dir='ltr' id='par_1_52' title="bbox 184 3638 1748 3719">
     <span class='ocr_line' id='line_1_52' title="bbox 184 3638 1748 3719; baseline 0.006 -28"><span class='ocrx_word' id='word_1_361' title='bbox 184 3638 497 3699; x_wconf 87' lang='lat' dir='ltr'><strong>moderamine</strong></span> <span class='ocrx_word' id='word_1_362' title='bbox 549 3645 840 3717; x_wconf 89' lang='lat' dir='ltr'><strong>cogimur,</strong></span> <span class='ocrx_word' id='word_1_363' title='bbox 869 3649 930 3700; x_wconf 90' lang='lat' dir='ltr'><strong>ut</strong></span> <span class='ocrx_word' id='word_1_364' title='bbox 972 3646 1240 3701; x_wconf 88' lang='lat' dir='ltr'><strong>consultis</strong></span> <span class='ocrx_word' id='word_1_365' title='bbox 1284 3646 1528 3702; x_wconf 89' lang='lat' dir='ltr'><strong>fratrum</strong></span> <span class='ocrx_word' id='word_1_366' title='bbox 1578 3651 1748 3719; x_wconf 88' lang='lat' dir='ltr'><strong>prout</strong></span> 
     </span>
    </p>
   </div>
   <div class='ocr_carea' id='block_1_53' title="bbox 185 3727 1746 3812">
    <p class='ocr_par' dir='ltr' id='par_1_53' title="bbox 185 3727 1746 3812">
     <span class='ocr_line' id='line_1_53' title="bbox 185 3727 1746 3812; baseline 0.008 -30"><span class='ocrx_word' id='word_1_367' title='bbox 185 3727 393 3790; x_wconf 90' lang='lat' dir='ltr'><strong>Dominus</strong></span> <span class='ocrx_word' id='word_1_368' title='bbox 420 3737 663 3807; x_wconf 89' lang='lat' dir='ltr'><strong>dederit,</strong></span> <span class='ocrx_word' id='word_1_369' title='bbox 691 3739 1152 3811; x_wconf 87' lang='lat' dir='ltr'><strong>respondeamus,</strong></span> <span class='ocrx_word' id='word_1_370' title='bbox 1181 3756 1393 3812; x_wconf 90' lang='lat' dir='ltr'><strong>eosque</strong></span> <span class='ocrx_word' id='word_1_371' title='bbox 1422 3741 1746 3812; x_wconf 69' lang='lat' dir='ltr'><strong>apostolicae</strong></span> 
     </span>
    </p>
   </div>
   <div class='ocr_carea' id='block_1_54' title="bbox 186 3825 1747 3906">
    <p class='ocr_par' dir='ltr' id='par_1_54' title="bbox 186 3825 1747 3906">
     <span class='ocr_line' id='line_1_54' title="bbox 186 3825 1747 3906; baseline 0.008 -29"><span class='ocrx_word' id='word_1_372' title='bbox 186 3825 287 3878; x_wconf 75' lang='lat' dir='ltr'><strong>sedis</strong></span> <span class='ocrx_word' id='word_1_373' title='bbox 307 3832 624 3888; x_wconf 83' lang='lat' dir='ltr'><strong>auctoritate</strong></span> <span class='ocrx_word' id='word_1_374' title='bbox 652 3832 1020 3889; x_wconf 89' lang='lat' dir='ltr'><strong>instruamus.</strong></span> <span class='ocrx_word' id='word_1_375' title='bbox 1047 3833 1333 3905; x_wconf 81' lang='lat' dir='ltr'><strong>Jejunium</strong></span> <span class='ocrx_word' id='word_1_376' title='bbox 1375 3833 1530 3906; x_wconf 89' lang='lat' dir='ltr'><strong>quod</strong></span> <span class='ocrx_word' id='word_1_377' title='bbox 1571 3837 1658 3889; x_wconf 90' lang='lat' dir='ltr'><strong>ter</strong></span> <span class='ocrx_word' id='word_1_378' title='bbox 1687 3835 1747 3890; x_wconf 89' lang='lat' dir='ltr'><strong>in</strong></span> 
     </span>
    </p>
   </div>
   <div class='ocr_carea' id='block_1_55' title="bbox 185 3925 1747 3995">
    <p class='ocr_par' dir='ltr' id='par_1_55' title="bbox 185 3925 1747 3995">
     <span class='ocr_line' id='line_1_55' title="bbox 185 3925 1747 3995; baseline 0.006 -22"><span class='ocrx_word' id='word_1_379' title='bbox 185 3933 288 3974; x_wconf 77' lang='lat' dir='ltr'><strong>anno</strong></span> <span class='ocrx_word' id='word_1_380' title='bbox 325 3925 460 3994; x_wconf 89' lang='lat' dir='ltr'><strong>apud</strong></span> <span class='ocrx_word' id='word_1_381' title='bbox 502 3944 616 3981; x_wconf 88' lang='lat' dir='ltr'><strong>nos</strong></span> <span class='ocrx_word' id='word_1_382' title='bbox 661 3926 949 3981; x_wconf 90' lang='lat' dir='ltr'><strong>celebrare</strong></span> <span class='ocrx_word' id='word_1_383' title='bbox 995 3925 1286 3995; x_wconf 89' lang='lat' dir='ltr'><strong>didicistis,</strong></span> <span class='ocrx_word' id='word_1_384' title='bbox 1321 3927 1747 3984; x_wconf 90' lang='lat' dir='ltr'><strong>convenientius</strong></span> 
     </span>
    </p>
   </div>
   <div class='ocr_carea' id='block_1_56' title="bbox 187 4019 1748 4092">
    <p class='ocr_par' dir='ltr' id='par_1_56' title="bbox 187 4019 1748 4092">
     <span class='ocr_line' id='line_1_56' title="bbox 187 4019 1748 4092; baseline 0.006 -26"><span class='ocrx_word' id='word_1_385' title='bbox 187 4025 291 4067; x_wconf 86' lang='lat' dir='ltr'><strong>nunc</strong></span> <span class='ocrx_word' id='word_1_386' title='bbox 306 4031 393 4086; x_wconf 89' lang='lat' dir='ltr'><strong>per</strong></span> <span class='ocrx_word' id='word_1_387' title='bbox 409 4023 655 4091; x_wconf 80' lang='lat' dir='ltr'><strong>quatuor</strong></span> <span class='ocrx_word' id='word_1_388' title='bbox 680 4023 939 4092; x_wconf 89' lang='lat' dir='ltr'><strong>tempora</strong></span> <span class='ocrx_word' id='word_1_389' title='bbox 967 4020 1090 4075; x_wconf 80' lang='lat' dir='ltr'><strong>fieri</strong></span> <span class='ocrx_word' id='word_1_390' title='bbox 1114 4019 1492 4090; x_wconf 89' lang='lat' dir='ltr'><strong>decernimus,</strong></span> <span class='ocrx_word' id='word_1_391' title='bbox 1511 4023 1580 4076; x_wconf 88' lang='lat' dir='ltr'><strong>ut</strong></span> <span class='ocrx_word' id='word_1_392' title='bbox 1603 4021 1748 4076; x_wconf 86' lang='lat' dir='ltr'><strong>sicut</strong></span> 
     </span>
    </p>
   </div>
   <div class='ocr_carea' id='block_1_57' title="bbox 184 4113 1744 4187">
    <p class='ocr_par' dir='ltr' id='par_1_57' title="bbox 184 4113 1744 4187">
     <span class='ocr_line' id='line_1_57' title="bbox 184 4113 1744 4187; baseline 0.007 -28"><span class='ocrx_word' id='word_1_393' title='bbox 184 4118 315 4162; x_wconf 83' lang='lat' dir='ltr'><strong>annus</strong></span> <span class='ocrx_word' id='word_1_394' title='bbox 334 4126 426 4181; x_wconf 88' lang='lat' dir='ltr'><strong>per</strong></span> <span class='ocrx_word' id='word_1_395' title='bbox 451 4119 701 4184; x_wconf 84' lang='lat' dir='ltr'><strong>quatuor</strong></span> <span class='ocrx_word' id='word_1_396' title='bbox 729 4113 971 4168; x_wconf 86' lang='lat' dir='ltr'><strong>volvitur</strong></span> <span class='ocrx_word' id='word_1_397' title='bbox 1000 4116 1278 4186; x_wconf 89' lang='lat' dir='ltr'><strong>tempora,</strong></span> <span class='ocrx_word' id='word_1_398' title='bbox 1302 4113 1379 4170; x_wconf 90' lang='lat' dir='ltr'><strong>sic</strong></span> <span class='ocrx_word' id='word_1_399' title='bbox 1400 4117 1457 4170; x_wconf 91' lang='lat' dir='ltr'><strong>et</strong></span> <span class='ocrx_word' id='word_1_400' title='bbox 1473 4131 1580 4170; x_wconf 91' lang='lat' dir='ltr'><strong>nos</strong></span> <span class='ocrx_word' id='word_1_401' title='bbox 1600 4131 1744 4187; x_wconf 87' lang='lat' dir='ltr'><strong>qua-</strong></span> 
     </span>
    </p>
   </div>
   <div class='ocr_carea' id='block_1_58' title="bbox 185 4200 1748 4280">
    <p class='ocr_par' dir='ltr' id='par_1_58' title="bbox 185 4200 1748 4280">
     <span class='ocr_line' id='line_1_58' title="bbox 185 4200 1748 4280; baseline 0.006 -26"><span class='ocrx_word' id='word_1_402' title='bbox 185 4200 354 4257; x_wconf 75' lang='lat' dir='ltr'><strong>ternum</strong></span> <span class='ocrx_word' id='word_1_403' title='bbox 368 4206 619 4263; x_wconf 88' lang='lat' dir='ltr'><strong>solemne</strong></span> <span class='ocrx_word' id='word_1_404' title='bbox 641 4223 880 4278; x_wconf 87' lang='lat' dir='ltr'><strong>agamus</strong></span> <span class='ocrx_word' id='word_1_405' title='bbox 897 4206 1208 4279; x_wconf 90' lang='lat' dir='ltr'><strong>jejunium,</strong></span> <span class='ocrx_word' id='word_1_406' title='bbox 1228 4224 1331 4280; x_wconf 92' lang='lat' dir='ltr'><strong>per</strong></span> <span class='ocrx_word' id='word_1_407' title='bbox 1347 4208 1484 4263; x_wconf 91' lang='lat' dir='ltr'><strong>anni</strong></span> <span class='ocrx_word' id='word_1_408' title='bbox 1503 4212 1748 4280; x_wconf 89' lang='lat' dir='ltr'><strong>quatuor</strong></span> 
     </span>
    </p>
   </div>
   <div class='ocr_carea' id='block_1_59' title="bbox 185 4292 1746 4373">
    <p class='ocr_par' dir='ltr' id='par_1_59' title="bbox 185 4292 1746 4373">
     <span class='ocr_line' id='line_1_59' title="bbox 185 4292 1746 4373; baseline 0.007 -26"><span class='ocrx_word' id='word_1_409' title='bbox 185 4292 399 4368; x_wconf 72' lang='lat' dir='ltr'><strong>tempora,</strong></span> <span class='ocrx_word' id='word_1_410' title='bbox 429 4302 484 4355; x_wconf 91' lang='lat' dir='ltr'><strong>et</strong></span> <span class='ocrx_word' id='word_1_411' title='bbox 508 4301 658 4356; x_wconf 90' lang='lat' dir='ltr'><strong>sicut</strong></span> <span class='ocrx_word' id='word_1_412' title='bbox 701 4302 992 4373; x_wconf 89' lang='lat' dir='ltr'><strong>replemur</strong></span> <span class='ocrx_word' id='word_1_413' title='bbox 1018 4302 1330 4370; x_wconf 88' lang='lat' dir='ltr'><strong>frumento,</strong></span> <span class='ocrx_word' id='word_1_414' title='bbox 1361 4301 1496 4357; x_wconf 88' lang='lat' dir='ltr'><strong>vino</strong></span> <span class='ocrx_word' id='word_1_415' title='bbox 1536 4305 1593 4358; x_wconf 90' lang='lat' dir='ltr'><strong>et</strong></span> <span class='ocrx_word' id='word_1_416' title='bbox 1619 4303 1746 4358; x_wconf 90' lang='lat' dir='ltr'><strong>oleo</strong></span> 
     </span>
    </p>
   </div>
   <div class='ocr_carea' id='block_1_60' title="bbox 186 4384 1748 4467">
    <p class='ocr_par' dir='ltr' id='par_1_60' title="bbox 186 4384 1748 4467">
     <span class='ocr_line' id='line_1_60' title="bbox 186 4384 1748 4467; baseline 0.009 -31"><span class='ocrx_word' id='word_1_417' title='bbox 186 4384 233 4437; x_wconf 83' lang='lat' dir='ltr'><strong>ad</strong></span> <span class='ocrx_word' id='word_1_418' title='bbox 256 4389 421 4446; x_wconf 83' lang='lat' dir='ltr'><strong>alenda</strong></span> <span class='ocrx_word' id='word_1_419' title='bbox 446 4410 706 4467; x_wconf 86' lang='lat' dir='ltr'><strong>corpora,</strong></span> <span class='ocrx_word' id='word_1_420' title='bbox 729 4393 808 4449; x_wconf 91' lang='lat' dir='ltr'><strong>sic</strong></span> <span class='ocrx_word' id='word_1_421' title='bbox 826 4395 1150 4466; x_wconf 89' lang='lat' dir='ltr'><strong>repleamur</strong></span> <span class='ocrx_word' id='word_1_422' title='bbox 1169 4395 1392 4466; x_wconf 90' lang='lat' dir='ltr'><strong>jejunio</strong></span> <span class='ocrx_word' id='word_1_423' title='bbox 1416 4395 1488 4450; x_wconf 90' lang='lat' dir='ltr'><strong>ad</strong></span> <span class='ocrx_word' id='word_1_424' title='bbox 1509 4395 1748 4450; x_wconf 90' lang='lat' dir='ltr'><strong>alendas</strong></span> 
     </span>
    </p>
   </div>
   <div class='ocr_carea' id='block_1_61' title="bbox 183 4478 1742 4562">
    <p class='ocr_par' dir='ltr' id='par_1_61' title="bbox 183 4478 1742 4562">
     <span class='ocr_line' id='line_1_61' title="bbox 183 4478 1742 4562; baseline 0.01 -34"><span class='ocrx_word' id='word_1_425' title='bbox 183 4478 362 4551; x_wconf 82' lang='lat' dir='ltr'><strong>animas,</strong></span> <span class='ocrx_word' id='word_1_426' title='bbox 380 4487 538 4557; x_wconf 81' lang='lat' dir='ltr'><strong>juxta</strong></span> <span class='ocrx_word' id='word_1_427' title='bbox 575 4489 880 4561; x_wconf 74' lang='lat' dir='ltr'><strong>prophetae</strong></span> <span class='ocrx_word' id='word_1_428' title='bbox 921 4488 1204 4544; x_wconf 65' lang='lat' dir='ltr'><strong>Zacharias</strong></span> <span class='ocrx_word' id='word_1_429' title='bbox 1234 4505 1450 4559; x_wconf 87' lang='lat' dir='ltr'><strong>vocem,</strong></span> <span class='ocrx_word' id='word_1_430' title='bbox 1480 4489 1579 4562; x_wconf 89' lang='lat' dir='ltr'><strong>qui</strong></span> <span class='ocrx_word' id='word_1_431' title='bbox 1621 4489 1700 4544; x_wconf 88' lang='lat' dir='ltr'><strong>ait</strong></span> <span class='ocrx_word' id='word_1_432' title='bbox 1730 4506 1742 4545; x_wconf 89' lang='lat'>:</span> 
     </span>
    </p>
   </div>
   <div class='ocr_carea' id='block_1_62' title="bbox 191 4571 1748 4638">
    <p class='ocr_par' dir='ltr' id='par_1_62' title="bbox 191 4571 1748 4638">
     <span class='ocr_line' id='line_1_62' title="bbox 191 4571 1748 4638; baseline 0.005 -8"><span class='ocrx_word' id='word_1_433' title='bbox 191 4591 208 4614; x_wconf 73' lang='grc' dir='ltr'><strong>οε</strong></span> <span class='ocrx_word' id='word_1_434' title='bbox 229 4571 413 4632; x_wconf 74' lang='lat' dir='ltr'><strong>Factum</strong></span> <span class='ocrx_word' id='word_1_435' title='bbox 443 4588 524 4637; x_wconf 88' lang='lat' dir='ltr'><strong>est</strong></span> <span class='ocrx_word' id='word_1_436' title='bbox 551 4582 793 4637; x_wconf 84' lang='lat' dir='ltr'><strong>verbum</strong></span> <span class='ocrx_word' id='word_1_437' title='bbox 834 4581 1057 4637; x_wconf 88' lang='lat' dir='ltr'><strong>Domini</strong></span> <span class='ocrx_word' id='word_1_438' title='bbox 1099 4582 1169 4636; x_wconf 91' lang='lat' dir='ltr'><strong>ad</strong></span> <span class='ocrx_word' id='word_1_439' title='bbox 1211 4599 1302 4637; x_wconf 91' lang='lat' dir='ltr'><strong>me</strong></span> <span class='ocrx_word' id='word_1_440' title='bbox 1348 4582 1542 4637; x_wconf 89' lang='lat' dir='ltr'><strong>dicens</strong></span> <span class='ocrx_word' id='word_1_441' title='bbox 1573 4600 1586 4637; x_wconf 89' lang='lat'><strong>:</strong></span> <span class='ocrx_word' id='word_1_442' title='bbox 1620 4584 1748 4638; x_wconf 65' lang='lat' dir='ltr'><strong>Haec</strong></span> 
     </span>
    </p>
   </div>
   <div class='ocr_carea' id='block_1_63' title="bbox 1845 3360 3484 3438">
    <p class='ocr_par' dir='ltr' id='par_1_63' title="bbox 1845 3360 3484 3438">
     <span class='ocr_line' id='line_1_63' title="bbox 1845 3360 3484 3438; baseline -0.006 -16"><span class='ocrx_word' id='word_1_443' title='bbox 1845 3366 2003 3422; x_wconf 72' lang='lat' dir='ltr'><strong>Iuda:</strong></span> <span class='ocrx_word' id='word_1_444' title='bbox 2051 3366 2112 3421; x_wconf 91' lang='lat' dir='ltr'><strong>in</strong></span> <span class='ocrx_word' id='word_1_445' title='bbox 2162 3364 2441 3438; x_wconf 85' lang='lat' dir='ltr'><strong>gaudium</strong></span> <span class='ocrx_word' id='word_1_446' title='bbox 2486 3368 2543 3420; x_wconf 89' lang='lat' dir='ltr'><strong>et</strong></span> <span class='ocrx_word' id='word_1_447' title='bbox 2587 3362 2866 3432; x_wconf 80' lang='lat' dir='ltr'><strong>laetitiam,</strong></span> <span class='ocrx_word' id='word_1_448' title='bbox 2901 3365 2957 3417; x_wconf 91' lang='lat' dir='ltr'><strong>et</strong></span> <span class='ocrx_word' id='word_1_449' title='bbox 2996 3361 3056 3416; x_wconf 91' lang='lat' dir='ltr'><strong>in</strong></span> <span class='ocrx_word' id='word_1_450' title='bbox 3097 3360 3484 3416; x_wconf 88' lang='lat' dir='ltr'><strong>solemnitates</strong></span> 
     </span>
    </p>
   </div>
   <div class='ocr_carea' id='block_1_64' title="bbox 1847 3452 3485 3529">
    <p class='ocr_par' dir='ltr' id='par_1_64' title="bbox 1847 3452 3485 3529">
     <span class='ocr_line' id='line_1_64' title="bbox 1847 3452 3485 3529; baseline -0.005 -15"><span class='ocrx_word' id='word_1_451' title='bbox 1847 3458 2178 3529; x_wconf 63' lang='lat' dir='ltr'><strong>praeclaras;</strong></span> <span class='ocrx_word' id='word_1_452' title='bbox 2197 3457 2501 3514; x_wconf 89' lang='lat' dir='ltr'><strong>veritatem</strong></span> <span class='ocrx_word' id='word_1_453' title='bbox 2528 3461 2754 3513; x_wconf 88' lang='lat' dir='ltr'><strong>tantum</strong></span> <span class='ocrx_word' id='word_1_454' title='bbox 2777 3457 2836 3510; x_wconf 91' lang='lat' dir='ltr'><strong>et</strong></span> <span class='ocrx_word' id='word_1_455' title='bbox 2851 3469 3052 3528; x_wconf 91' lang='lat' dir='ltr'><strong>pacem</strong></span> <span class='ocrx_word' id='word_1_456' title='bbox 3075 3452 3316 3524; x_wconf 88' lang='lat' dir='ltr'><strong>diligite,</strong></span> <span class='ocrx_word' id='word_1_457' title='bbox 3340 3452 3485 3507; x_wconf 80' lang='lat' dir='ltr'><strong>dixit</strong></span> 
     </span>
    </p>
   </div>
   <div class='ocr_carea' id='block_1_65' title="bbox 1846 3549 3482 3620">
    <p class='ocr_par' dir='ltr' id='par_1_65' title="bbox 1846 3549 3482 3620">
     <span class='ocr_line' id='line_1_65' title="bbox 1846 3549 3482 3620; baseline -0.004 -13"><span class='ocrx_word' id='word_1_458' title='bbox 1846 3551 2115 3608; x_wconf 87' lang='lat' dir='ltr'><strong>Dominus</strong></span> <span class='ocrx_word' id='word_1_459' title='bbox 2146 3551 2567 3608; x_wconf 86' lang='lat' dir='ltr'><strong>exercituum.»</strong></span> <span class='ocrx_word' id='word_1_460' title='bbox 2593 3553 2655 3606; x_wconf 93' lang='lat' dir='ltr'><strong>ln</strong></span> <span class='ocrx_word' id='word_1_461' title='bbox 2678 3549 2785 3604; x_wconf 91' lang='lat' dir='ltr'><strong>hoc</strong></span> <span class='ocrx_word' id='word_1_462' title='bbox 2813 3564 2952 3620; x_wconf 90' lang='lat' dir='ltr'><strong>ergo</strong></span> <span class='ocrx_word' id='word_1_463' title='bbox 2979 3563 3178 3604; x_wconf 90' lang='lat' dir='ltr'><strong>omnes</strong></span> <span class='ocrx_word' id='word_1_464' title='bbox 3206 3561 3312 3602; x_wconf 91' lang='lat' dir='ltr'><strong>nos</strong></span> <span class='ocrx_word' id='word_1_465' title='bbox 3337 3561 3482 3602; x_wconf 89' lang='lat' dir='ltr'><strong>una-</strong></span> 
     </span>
    </p>
   </div>
   <div class='ocr_carea' id='block_1_66' title="bbox 1848 3639 3483 3717">
    <p class='ocr_par' dir='ltr' id='par_1_66' title="bbox 1848 3639 3483 3717">
     <span class='ocr_line' id='line_1_66' title="bbox 1848 3639 3483 3717; baseline -0.004 -17"><span class='ocrx_word' id='word_1_466' title='bbox 1848 3645 2033 3700; x_wconf 90' lang='lat' dir='ltr'><strong>nimes</strong></span> <span class='ocrx_word' id='word_1_467' title='bbox 2077 3648 2304 3717; x_wconf 84' lang='lat' dir='ltr'><strong>oportet</strong></span> <span class='ocrx_word' id='word_1_468' title='bbox 2344 3661 2485 3711; x_wconf 90' lang='lat' dir='ltr'><strong>esse,</strong></span> <span class='ocrx_word' id='word_1_469' title='bbox 2513 3649 2579 3699; x_wconf 88' lang='lat' dir='ltr'><strong>ut</strong></span> <span class='ocrx_word' id='word_1_470' title='bbox 2606 3643 2920 3698; x_wconf 89' lang='lat' dir='ltr'><strong>secundum</strong></span> <span class='ocrx_word' id='word_1_471' title='bbox 2963 3639 3327 3714; x_wconf 86' lang='lat' dir='ltr'><strong>apostolicam</strong></span> <span class='ocrx_word' id='word_1_472' title='bbox 3377 3640 3483 3695; x_wconf 88' lang='lat' dir='ltr'><strong>do-</strong></span> 
     </span>
    </p>
   </div>
   <div class='ocr_carea' id='block_1_67' title="bbox 1847 3733 3481 3810">
    <p class='ocr_par' dir='ltr' id='par_1_67' title="bbox 1847 3733 3481 3810">
     <span class='ocr_line' id='line_1_67' title="bbox 1847 3733 3481 3810; baseline -0.004 -16"><span class='ocrx_word' id='word_1_473' title='bbox 1847 3739 2089 3795; x_wconf 91' lang='lat' dir='ltr'><strong>ctrinam</strong></span> <span class='ocrx_word' id='word_1_474' title='bbox 2112 3739 2358 3810; x_wconf 89' lang='lat' dir='ltr'><strong>idipsum</strong></span> <span class='ocrx_word' id='word_1_475' title='bbox 2389 3738 2644 3792; x_wconf 88' lang='lat' dir='ltr'><strong>dicamus</strong></span> <span class='ocrx_word' id='word_1_476' title='bbox 2669 3751 2892 3804; x_wconf 92' lang='lat' dir='ltr'><strong>omnes,</strong></span> <span class='ocrx_word' id='word_1_477' title='bbox 2925 3739 2983 3790; x_wconf 89' lang='lat' dir='ltr'><strong>et</strong></span> <span class='ocrx_word' id='word_1_478' title='bbox 3006 3751 3122 3790; x_wconf 89' lang='lat' dir='ltr'><strong>non</strong></span> <span class='ocrx_word' id='word_1_479' title='bbox 3147 3734 3262 3789; x_wconf 89' lang='lat' dir='ltr'><strong>sint</strong></span> <span class='ocrx_word' id='word_1_480' title='bbox 3284 3733 3346 3788; x_wconf 92' lang='lat' dir='ltr'><strong>in</strong></span> <span class='ocrx_word' id='word_1_481' title='bbox 3375 3749 3481 3788; x_wconf 88' lang='lat' dir='ltr'><strong>no-</strong></span> 
     </span>
    </p>
   </div>
   <div class='ocr_carea' id='block_1_68' title="bbox 1846 3826 3479 3900">
    <p class='ocr_par' dir='ltr' id='par_1_68' title="bbox 1846 3826 3479 3900">
     <span class='ocr_line' id='line_1_68' title="bbox 1846 3826 3479 3900; baseline -0.005 -13"><span class='ocrx_word' id='word_1_482' title='bbox 1846 3832 1932 3887; x_wconf 90' lang='lat' dir='ltr'><strong>bis</strong></span> <span class='ocrx_word' id='word_1_483' title='bbox 1957 3832 2288 3888; x_wconf 89' lang='lat' dir='ltr'><strong>schismata.</strong></span> <span class='ocrx_word' id='word_1_484' title='bbox 2306 3831 2491 3887; x_wconf 91' lang='lat' dir='ltr'><strong>Simus</strong></span> <span class='ocrx_word' id='word_1_485' title='bbox 2511 3832 2703 3885; x_wconf 89' lang='lat' dir='ltr'><strong>autem</strong></span> <span class='ocrx_word' id='word_1_486' title='bbox 2722 3827 2960 3900; x_wconf 88' lang='lat' dir='ltr'><strong>perfecti</strong></span> <span class='ocrx_word' id='word_1_487' title='bbox 2983 3826 3043 3881; x_wconf 90' lang='lat' dir='ltr'><strong>in</strong></span> <span class='ocrx_word' id='word_1_488' title='bbox 3065 3826 3266 3881; x_wconf 91' lang='lat' dir='ltr'><strong>eodem</strong></span> <span class='ocrx_word' id='word_1_489' title='bbox 3290 3841 3479 3894; x_wconf 90' lang='lat' dir='ltr'><strong>sensu,</strong></span> 
     </span>
    </p>
   </div>
   <div class='ocr_carea' id='block_1_69' title="bbox 1848 3918 3480 3994">
    <p class='ocr_par' dir='ltr' id='par_1_69' title="bbox 1848 3918 3480 3994">
     <span class='ocr_line' id='line_1_69' title="bbox 1848 3918 3480 3994; baseline -0.007 -12"><span class='ocrx_word' id='word_1_490' title='bbox 1848 3931 1905 3982; x_wconf 92' lang='lat' dir='ltr'><strong>et</strong></span> <span class='ocrx_word' id='word_1_491' title='bbox 1932 3926 1990 3981; x_wconf 87' lang='lat' dir='ltr'><strong>in</strong></span> <span class='ocrx_word' id='word_1_492' title='bbox 2017 3925 2219 3982; x_wconf 88' lang='lat' dir='ltr'><strong>eadem</strong></span> <span class='ocrx_word' id='word_1_493' title='bbox 2247 3923 2500 3994; x_wconf 89' lang='lat' dir='ltr'><strong>scientia,</strong></span> <span class='ocrx_word' id='word_1_494' title='bbox 2531 3922 2590 3978; x_wconf 92' lang='lat' dir='ltr'><strong>in</strong></span> <span class='ocrx_word' id='word_1_495' title='bbox 2615 3922 2775 3993; x_wconf 85' lang='lat' dir='ltr'><strong>cujus</strong></span> <span class='ocrx_word' id='word_1_496' title='bbox 2801 3919 2987 3992; x_wconf 90' lang='lat' dir='ltr'><strong>operis</strong></span> <span class='ocrx_word' id='word_1_497' title='bbox 3021 3918 3320 3974; x_wconf 87' lang='lat' dir='ltr'><strong>devotione</strong></span> <span class='ocrx_word' id='word_1_498' title='bbox 3346 3934 3480 3990; x_wconf 89' lang='lat' dir='ltr'><strong>gra-</strong></span> 
     </span>
    </p>
   </div>
   <div class='ocr_carea' id='block_1_70' title="bbox 1847 4011 3475 4076">
    <p class='ocr_par' dir='ltr' id='par_1_70' title="bbox 1847 4011 3475 4076">
     <span class='ocr_line' id='line_1_70' title="bbox 1847 4011 3475 4076; baseline -0.006 0"><span class='ocrx_word' id='word_1_499' title='bbox 1847 4021 2100 4076; x_wconf 91' lang='lat' dir='ltr'><strong>tulamur</strong></span> <span class='ocrx_word' id='word_1_500' title='bbox 2124 4019 2484 4075; x_wconf 87' lang='lat' dir='ltr'><strong>dilectionem</strong></span> <span class='ocrx_word' id='word_1_501' title='bbox 2510 4023 2673 4072; x_wconf 87' lang='lat' dir='ltr'><strong>tuam</strong></span> <span class='ocrx_word' id='word_1_502' title='bbox 2700 4031 2822 4071; x_wconf 91' lang='lat' dir='ltr'><strong>esse</strong></span> <span class='ocrx_word' id='word_1_503' title='bbox 2851 4016 3195 4069; x_wconf 89' lang='lat' dir='ltr'><strong>consortem.</strong></span> <span class='ocrx_word' id='word_1_504' title='bbox 3226 4013 3347 4066; x_wconf 88' lang='lat' dir='ltr'><strong>Non</strong></span> <span class='ocrx_word' id='word_1_505' title='bbox 3376 4011 3475 4067; x_wconf 87' lang='lat' dir='ltr'><strong>de-</strong></span> 
     </span>
    </p>
   </div>
   <div class='ocr_carea' id='block_1_71' title="bbox 1848 4105 3480 4184">
    <p class='ocr_par' dir='ltr' id='par_1_71' title="bbox 1848 4105 3480 4184">
     <span class='ocr_line' id='line_1_71' title="bbox 1848 4105 3480 4184; baseline -0.005 -16"><span class='ocrx_word' id='word_1_506' title='bbox 1848 4118 1938 4169; x_wconf 90' lang='lat' dir='ltr'><strong>cet</strong></span> <span class='ocrx_word' id='word_1_507' title='bbox 1962 4115 2116 4170; x_wconf 89' lang='lat' dir='ltr'><strong>enim</strong></span> <span class='ocrx_word' id='word_1_508' title='bbox 2143 4129 2177 4168; x_wconf 89' lang='lat' dir='ltr'><strong>a</strong></span> <span class='ocrx_word' id='word_1_509' title='bbox 2196 4111 2378 4184; x_wconf 91' lang='lat' dir='ltr'><strong>capite</strong></span> <span class='ocrx_word' id='word_1_510' title='bbox 2404 4109 2668 4166; x_wconf 90' lang='lat' dir='ltr'><strong>membra</strong></span> <span class='ocrx_word' id='word_1_511' title='bbox 2689 4107 2986 4176; x_wconf 90' lang='lat' dir='ltr'><strong>dissidere,</strong></span> <span class='ocrx_word' id='word_1_512' title='bbox 3005 4107 3105 4162; x_wconf 91' lang='lat' dir='ltr'><strong>sed</strong></span> <span class='ocrx_word' id='word_1_513' title='bbox 3121 4105 3286 4178; x_wconf 82' lang='lat' dir='ltr'><strong>juxta</strong></span> <span class='ocrx_word' id='word_1_514' title='bbox 3305 4121 3480 4161; x_wconf 69' lang='lat' dir='ltr'><strong>sacra:</strong></span> 
     </span>
    </p>
   </div>
   <div class='ocr_carea' id='block_1_72' title="bbox 1847 4201 3478 4279">
    <p class='ocr_par' dir='ltr' id='par_1_72' title="bbox 1847 4201 3478 4279">
     <span class='ocr_line' id='line_1_72' title="bbox 1847 4201 3478 4279; baseline -0.007 -15"><span class='ocrx_word' id='word_1_515' title='bbox 1847 4207 2156 4279; x_wconf 76' lang='lat' dir='ltr'><strong>Scripturae</strong></span> <span class='ocrx_word' id='word_1_516' title='bbox 2192 4205 2585 4262; x_wconf 89' lang='lat' dir='ltr'><strong>testimonium</strong></span> <span class='ocrx_word' id='word_1_517' title='bbox 2636 4202 2829 4258; x_wconf 89' lang='lat' dir='ltr'><strong>omnia</strong></span> <span class='ocrx_word' id='word_1_518' title='bbox 2879 4201 3139 4257; x_wconf 89' lang='lat' dir='ltr'><strong>membra</strong></span> <span class='ocrx_word' id='word_1_519' title='bbox 3185 4205 3355 4272; x_wconf 89' lang='lat' dir='ltr'><strong>caput</strong></span> <span class='ocrx_word' id='word_1_520' title='bbox 3388 4215 3478 4254; x_wconf 90' lang='lat' dir='ltr'><strong>se-</strong></span> 
     </span>
    </p>
   </div>
   <div class='ocr_carea' id='block_1_73' title="bbox 1847 4293 3478 4374">
    <p class='ocr_par' dir='ltr' id='par_1_73' title="bbox 1847 4293 3478 4374">
     <span class='ocr_line' id='line_1_73' title="bbox 1847 4293 3478 4374; baseline -0.007 -17"><span class='ocrx_word' id='word_1_521' title='bbox 1847 4304 2117 4374; x_wconf 89' lang='lat' dir='ltr'><strong>quantur.</strong></span> <span class='ocrx_word' id='word_1_522' title='bbox 2147 4299 2298 4355; x_wconf 86' lang='lat' dir='ltr'><strong>Nulli</strong></span> <span class='ocrx_word' id='word_1_523' title='bbox 2323 4315 2456 4354; x_wconf 90' lang='lat' dir='ltr'><strong>vero</strong></span> <span class='ocrx_word' id='word_1_524' title='bbox 2477 4297 2714 4353; x_wconf 89' lang='lat' dir='ltr'><strong>dubium</strong></span> <span class='ocrx_word' id='word_1_525' title='bbox 2741 4300 2846 4366; x_wconf 90' lang='lat' dir='ltr'><strong>est,</strong></span> <span class='ocrx_word' id='word_1_526' title='bbox 2869 4294 3025 4367; x_wconf 88' lang='lat' dir='ltr'><strong>quod</strong></span> <span class='ocrx_word' id='word_1_527' title='bbox 3045 4293 3351 4365; x_wconf 89' lang='lat' dir='ltr'><strong>apostolica</strong></span> <span class='ocrx_word' id='word_1_528' title='bbox 3374 4293 3478 4348; x_wconf 85' lang='lat' dir='ltr'><strong>Ec-</strong></span> 
     </span>
    </p>
   </div>
   <div class='ocr_carea' id='block_1_74' title="bbox 1846 4387 3479 4459">
    <p class='ocr_par' dir='ltr' id='par_1_74' title="bbox 1846 4387 3479 4459">
     <span class='ocr_line' id='line_1_74' title="bbox 1846 4387 3479 4459; baseline -0.006 -9"><span class='ocrx_word' id='word_1_529' title='bbox 1846 4394 2017 4451; x_wconf 92' lang='lat' dir='ltr'><strong>clesia</strong></span> <span class='ocrx_word' id='word_1_530' title='bbox 2045 4397 2232 4450; x_wconf 85' lang='lat' dir='ltr'><strong>mater</strong></span> <span class='ocrx_word' id='word_1_531' title='bbox 2256 4393 2327 4448; x_wconf 91' lang='lat' dir='ltr'><strong>sit</strong></span> <span class='ocrx_word' id='word_1_532' title='bbox 2359 4391 2619 4448; x_wconf 88' lang='lat' dir='ltr'><strong>omnium</strong></span> <span class='ocrx_word' id='word_1_533' title='bbox 2645 4389 3019 4448; x_wconf 88' lang='lat' dir='ltr'><strong>Ecclesiarum</strong></span> <span class='ocrx_word' id='word_1_534' title='bbox 3037 4404 3072 4442; x_wconf 92' lang='lat' dir='ltr'><strong>a</strong></span> <span class='ocrx_word' id='word_1_535' title='bbox 3096 4387 3256 4459; x_wconf 71' lang='lat' dir='ltr'><strong>cuius</strong></span> <span class='ocrx_word' id='word_1_536' title='bbox 3272 4402 3368 4441; x_wconf 91' lang='lat' dir='ltr'><strong>vos</strong></span> <span class='ocrx_word' id='word_1_537' title='bbox 3387 4402 3479 4441; x_wconf 85' lang='lat' dir='ltr'><strong>re-</strong></span> 
     </span>
    </p>
   </div>
   <div class='ocr_carea' id='block_1_75' title="bbox 1848 4479 3480 4562">
    <p class='ocr_par' dir='ltr' id='par_1_75' title="bbox 1848 4479 3480 4562">
     <span class='ocr_line' id='line_1_75' title="bbox 1848 4479 3480 4562; baseline -0.006 -20"><span class='ocrx_word' id='word_1_538' title='bbox 1848 4489 1995 4562; x_wconf 89' lang='lat' dir='ltr'><strong>gulis</strong></span> <span class='ocrx_word' id='word_1_539' title='bbox 2037 4487 2370 4543; x_wconf 88' lang='lat' dir='ltr'><strong>nullatenus</strong></span> <span class='ocrx_word' id='word_1_540' title='bbox 2417 4484 2682 4542; x_wconf 89' lang='lat' dir='ltr'><strong>convenit</strong></span> <span class='ocrx_word' id='word_1_541' title='bbox 2727 4483 2967 4539; x_wconf 91' lang='lat' dir='ltr'><strong>deviare.</strong></span> <span class='ocrx_word' id='word_1_542' title='bbox 3009 4482 3078 4536; x_wconf 89' lang='lat' dir='ltr'><strong>Et</strong></span> <span class='ocrx_word' id='word_1_543' title='bbox 3114 4480 3259 4535; x_wconf 91' lang='lat' dir='ltr'><strong>sicut</strong></span> <span class='ocrx_word' id='word_1_544' title='bbox 3307 4479 3480 4534; x_wconf 87' lang='lat' dir='ltr'><strong>Filius</strong></span> 
     </span>
    </p>
   </div>
   <div class='ocr_carea' id='block_1_76' title="bbox 1847 4573 3478 4647">
    <p class='ocr_par' dir='ltr' id='par_1_76' title="bbox 1847 4573 3478 4647">
     <span class='ocr_line' id='line_1_76' title="bbox 1847 4573 3478 4647; baseline -0.006 -11"><span class='ocrx_word' id='word_1_545' title='bbox 1847 4582 2002 4638; x_wconf 86' lang='lat' dir='ltr'><strong>venit</strong></span> <span class='ocrx_word' id='word_1_546' title='bbox 2022 4582 2208 4637; x_wconf 88' lang='lat' dir='ltr'><strong>facere</strong></span> <span class='ocrx_word' id='word_1_547' title='bbox 2228 4582 2577 4636; x_wconf 89' lang='lat' dir='ltr'><strong>voluntatem</strong></span> <span class='ocrx_word' id='word_1_548' title='bbox 2604 4577 2806 4647; x_wconf 87' lang='lat' dir='ltr'><strong>Patris,</strong></span> <span class='ocrx_word' id='word_1_549' title='bbox 2827 4575 2904 4630; x_wconf 89' lang='lat' dir='ltr'><strong>sic</strong></span> <span class='ocrx_word' id='word_1_550' title='bbox 2929 4578 2985 4630; x_wconf 91' lang='lat' dir='ltr'><strong>et</strong></span> <span class='ocrx_word' id='word_1_551' title='bbox 3012 4590 3108 4628; x_wconf 90' lang='lat' dir='ltr'><strong>vos</strong></span> <span class='ocrx_word' id='word_1_552' title='bbox 3125 4573 3478 4628; x_wconf 90' lang='lat' dir='ltr'><strong>voluntatem</strong></span> 
     </span>
    </p>
   </div>
   <div class='ocr_carea' id='block_1_77' title="bbox 189 4657 3477 4748">
    <p class='ocr_par' dir='ltr' id='par_1_77' title="bbox 189 4657 3477 4748">
     <span class='ocr_line' id='line_1_77' title="bbox 189 4657 3477 4748; baseline 0.002 -32"><span class='ocrx_word' id='word_1_553' title='bbox 189 4661 283 4720; x_wconf 83' lang='lat' dir='ltr'><strong>dicit</strong></span> <span class='ocrx_word' id='word_1_554' title='bbox 295 4669 537 4730; x_wconf 89' lang='lat' dir='ltr'><strong>Dominus</strong></span> <span class='ocrx_word' id='word_1_555' title='bbox 551 4676 924 4731; x_wconf 87' lang='lat' dir='ltr'><strong>exercituum.</strong></span> <span class='ocrx_word' id='word_1_556' title='bbox 942 4674 1096 4732; x_wconf 87' lang='lat' dir='ltr'><strong>Sicut</strong></span> <span class='ocrx_word' id='word_1_557' title='bbox 1111 4676 1349 4747; x_wconf 87' lang='lat' dir='ltr'><strong>cogitavi</strong></span> <span class='ocrx_word' id='word_1_558' title='bbox 1360 4676 1544 4731; x_wconf 89' lang='lat' dir='ltr'><strong>utafﬂi</strong></span> <span class='ocrx_word' id='word_1_559' title='bbox 1552 4692 1749 4748; x_wconf 90' lang='lat' dir='ltr'><strong>gerem</strong></span> <span class='ocrx_word' id='word_1_560' title='bbox 1765 4657 1826 4731; x_wconf 88' lang='lat' dir='ltr'><strong>D</strong></span> <span class='ocrx_word' id='word_1_561' title='bbox 1848 4681 2048 4732; x_wconf 76' lang='lat' dir='ltr'><strong>vestrae</strong></span> <span class='ocrx_word' id='word_1_562' title='bbox 2063 4674 2346 4747; x_wconf 89' lang='lat' dir='ltr'><strong>impleatis</strong></span> <span class='ocrx_word' id='word_1_563' title='bbox 2361 4672 2715 4744; x_wconf 68' lang='lat' dir='ltr'><strong>matris,quaa</strong></span> <span class='ocrx_word' id='word_1_564' title='bbox 2733 4674 2820 4725; x_wconf 92' lang='lat' dir='ltr'><strong>est</strong></span> <span class='ocrx_word' id='word_1_565' title='bbox 2832 4667 3101 4736; x_wconf 89' lang='lat' dir='ltr'><strong>Ecclesia,</strong></span> <span class='ocrx_word' id='word_1_566' title='bbox 3114 4667 3277 4738; x_wconf 75' lang='lat' dir='ltr'><strong>cujus</strong></span> <span class='ocrx_word' id='word_1_567' title='bbox 3289 4672 3477 4739; x_wconf 88' lang='lat' dir='ltr'><strong>caput,</strong></span> 
     </span>
    </p>
   </div>
   <div class='ocr_carea' id='block_1_78' title="bbox 190 4768 1747 4842">
    <p class='ocr_par' dir='ltr' id='par_1_78' title="bbox 190 4768 1747 4842">
     <span class='ocr_line' id='line_1_78' title="bbox 190 4768 1747 4842; baseline 0.006 -25"><span class='ocrx_word' id='word_1_568' title='bbox 190 4771 255 4810; x_wconf 62' lang='grc' dir='ltr'><strong>τοῦ</strong></span> <span class='ocrx_word' id='word_1_569' title='bbox 275 4779 380 4820; x_wconf 89' lang='lat' dir='ltr'><strong>cum</strong></span> <span class='ocrx_word' id='word_1_570' title='bbox 404 4768 471 4822; x_wconf 91' lang='lat' dir='ltr'><strong>ad</strong></span> <span class='ocrx_word' id='word_1_571' title='bbox 501 4770 856 4825; x_wconf 89' lang='lat' dir='ltr'><strong>iracundiam</strong></span> <span class='ocrx_word' id='word_1_572' title='bbox 895 4774 1292 4841; x_wconf 90' lang='lat' dir='ltr'><strong>provocassent</strong></span> <span class='ocrx_word' id='word_1_573' title='bbox 1317 4786 1409 4825; x_wconf 90' lang='lat' dir='ltr'><strong>me</strong></span> <span class='ocrx_word' id='word_1_574' title='bbox 1435 4775 1622 4842; x_wconf 89' lang='lat' dir='ltr'><strong>patres</strong></span> <span class='ocrx_word' id='word_1_575' title='bbox 1651 4787 1747 4826; x_wconf 87' lang='lat' dir='ltr'><strong>ve-</strong></span> 
     </span>
    </p>
   </div>
   <div class='ocr_carea' id='block_1_79' title="bbox 189 4853 1748 4937">
    <p class='ocr_par' dir='ltr' id='par_1_79' title="bbox 189 4853 1748 4937">
     <span class='ocr_line' id='line_1_79' title="bbox 189 4853 1748 4937; baseline 0.001 -18"><span class='ocrx_word' id='word_1_576' title='bbox 189 4853 273 4919; x_wconf 62' lang='grc' dir='ltr'><strong>δίτίν</strong></span> <span class='ocrx_word' id='word_1_577' title='bbox 305 4863 352 4910; x_wconf 83' lang='lat' dir='ltr'><strong>et</strong></span> <span class='ocrx_word' id='word_1_578' title='bbox 385 4877 496 4918; x_wconf 90' lang='lat' dir='ltr'><strong>non</strong></span> <span class='ocrx_word' id='word_1_579' title='bbox 539 4880 667 4918; x_wconf 88' lang='lat' dir='ltr'><strong>sum</strong></span> <span class='ocrx_word' id='word_1_580' title='bbox 712 4863 1000 4934; x_wconf 88' lang='lat' dir='ltr'><strong>misertus,</strong></span> <span class='ocrx_word' id='word_1_581' title='bbox 1032 4863 1110 4918; x_wconf 92' lang='lat' dir='ltr'><strong>sic</strong></span> <span class='ocrx_word' id='word_1_582' title='bbox 1156 4880 1461 4920; x_wconf 91' lang='lat' dir='ltr'><strong>conversus</strong></span> <span class='ocrx_word' id='word_1_583' title='bbox 1503 4864 1748 4937; x_wconf 90' lang='lat' dir='ltr'><strong>cogitavi</strong></span> 
     </span>
    </p>
   </div>
   <div class='ocr_carea' id='block_1_80' title="bbox 188 4941 1744 5016">
    <p class='ocr_par' dir='ltr' id='par_1_80' title="bbox 188 4941 1744 5016">
     <span class='ocr_line' id='line_1_80' title="bbox 188 4941 1744 5016; baseline 0.011 -18"><span class='ocrx_word' id='word_1_584' title='bbox 188 4941 227 4996; x_wconf 88' lang='lat' dir='ltr'><strong>in</strong></span> <span class='ocrx_word' id='word_1_585' title='bbox 237 4945 397 5007; x_wconf 87' lang='lat' dir='ltr'><strong>diebus</strong></span> <span class='ocrx_word' id='word_1_586' title='bbox 410 4955 525 5010; x_wconf 88' lang='lat' dir='ltr'><strong>istis</strong></span> <span class='ocrx_word' id='word_1_587' title='bbox 538 4961 605 5011; x_wconf 90' lang='lat' dir='ltr'><strong>ut</strong></span> <span class='ocrx_word' id='word_1_588' title='bbox 618 4956 967 5012; x_wconf 88' lang='lat' dir='ltr'><strong>benefaciam</strong></span> <span class='ocrx_word' id='word_1_589' title='bbox 979 4959 1292 5013; x_wconf 89' lang='lat' dir='ltr'><strong>Jerusalem</strong></span> <span class='ocrx_word' id='word_1_590' title='bbox 1307 4963 1361 5014; x_wconf 89' lang='lat' dir='ltr'><strong>et</strong></span> <span class='ocrx_word' id='word_1_591' title='bbox 1376 4958 1573 5014; x_wconf 92' lang='lat' dir='ltr'><strong>domui</strong></span> <span class='ocrx_word' id='word_1_592' title='bbox 1583 4960 1744 5016; x_wconf 83' lang='lat' dir='ltr'><strong>Juda.</strong></span> 
     </span>
    </p>
   </div>
   <div class='ocr_carea' id='block_1_81' title="bbox 187 5034 1744 5126">
    <p class='ocr_par' dir='ltr' id='par_1_81' title="bbox 187 5034 1744 5126">
     <span class='ocr_line' id='line_1_81' title="bbox 187 5034 1744 5126; baseline 0.012 -36"><span class='ocrx_word' id='word_1_593' title='bbox 187 5034 317 5098; x_wconf 66' lang='lat' dir='ltr'><strong>Nolite</strong></span> <span class='ocrx_word' id='word_1_594' title='bbox 339 5046 543 5120; x_wconf 85' lang='lat' dir='ltr'><strong>timere,</strong></span> <span class='ocrx_word' id='word_1_595' title='bbox 571 5051 692 5105; x_wconf 72' lang='lat' dir='ltr'><strong>haec</strong></span> <span class='ocrx_word' id='word_1_596' title='bbox 735 5054 867 5106; x_wconf 88' lang='lat' dir='ltr'><strong>sunt</strong></span> <span class='ocrx_word' id='word_1_597' title='bbox 891 5051 1067 5106; x_wconf 89' lang='lat' dir='ltr'><strong>verba</strong></span> <span class='ocrx_word' id='word_1_598' title='bbox 1097 5067 1224 5124; x_wconf 64' lang='lat' dir='ltr'><strong>quae</strong></span> <span class='ocrx_word' id='word_1_599' title='bbox 1273 5051 1510 5107; x_wconf 85' lang='lat' dir='ltr'><strong>facietis.</strong></span> <span class='ocrx_word' id='word_1_600' title='bbox 1540 5053 1744 5126; x_wconf 87' lang='lat' dir='ltr'><strong>Loqui-</strong></span> 
     </span>
    </p>
   </div>
   <div class='ocr_carea' id='block_1_82' title="bbox 189 5131 1748 5217">
    <p class='ocr_par' dir='ltr' id='par_1_82' title="bbox 189 5131 1748 5217">
     <span class='ocr_line' id='line_1_82' title="bbox 189 5131 1748 5217; baseline 0.011 -33"><span class='ocrx_word' id='word_1_601' title='bbox 189 5131 287 5188; x_wconf 86' lang='lat' dir='ltr'><strong>mini</strong></span> <span class='ocrx_word' id='word_1_602' title='bbox 306 5141 578 5199; x_wconf 75' lang='lat' dir='ltr'><strong>veritatem</strong></span> <span class='ocrx_word' id='word_1_603' title='bbox 608 5145 994 5217; x_wconf 86' lang='lat' dir='ltr'><strong>unusquisque</strong></span> <span class='ocrx_word' id='word_1_604' title='bbox 1023 5161 1155 5200; x_wconf 89' lang='lat' dir='ltr'><strong>cum</strong></span> <span class='ocrx_word' id='word_1_605' title='bbox 1181 5145 1439 5217; x_wconf 87' lang='lat' dir='ltr'><strong>proximo</strong></span> <span class='ocrx_word' id='word_1_606' title='bbox 1462 5163 1586 5215; x_wconf 90' lang='lat' dir='ltr'><strong>suo,</strong></span> <span class='ocrx_word' id='word_1_607' title='bbox 1609 5147 1748 5203; x_wconf 85' lang='lat' dir='ltr'><strong>veri-</strong></span> 
     </span>
    </p>
   </div>
   <div class='ocr_carea' id='block_1_83' title="bbox 187 5227 1749 5312">
    <p class='ocr_par' dir='ltr' id='par_1_83' title="bbox 187 5227 1749 5312">
     <span class='ocr_line' id='line_1_83' title="bbox 187 5227 1749 5312; baseline 0.009 -28"><span class='ocrx_word' id='word_1_608' title='bbox 187 5227 309 5284; x_wconf 60' lang='lat' dir='ltr'><strong>tatem</strong></span> <span class='ocrx_word' id='word_1_609' title='bbox 325 5239 372 5288; x_wconf 90' lang='lat' dir='ltr'><strong>et</strong></span> <span class='ocrx_word' id='word_1_610' title='bbox 391 5235 668 5305; x_wconf 88' lang='lat' dir='ltr'><strong>judicium</strong></span> <span class='ocrx_word' id='word_1_611' title='bbox 696 5238 848 5310; x_wconf 89' lang='lat' dir='ltr'><strong>pacis</strong></span> <span class='ocrx_word' id='word_1_612' title='bbox 868 5239 1122 5310; x_wconf 90' lang='lat' dir='ltr'><strong>judicate</strong></span> <span class='ocrx_word' id='word_1_613' title='bbox 1155 5239 1214 5294; x_wconf 91' lang='lat' dir='ltr'><strong>in</strong></span> <span class='ocrx_word' id='word_1_614' title='bbox 1241 5239 1416 5312; x_wconf 90' lang='lat' dir='ltr'><strong>portis</strong></span> <span class='ocrx_word' id='word_1_615' title='bbox 1446 5241 1667 5312; x_wconf 90' lang='lat' dir='ltr'><strong>vestris,</strong></span> <span class='ocrx_word' id='word_1_616' title='bbox 1692 5247 1749 5298; x_wconf 90' lang='lat' dir='ltr'><strong>et</strong></span> 
     </span>
    </p>
   </div>
   <div class='ocr_carea' id='block_1_84' title="bbox 191 5327 1748 5408">
    <p class='ocr_par' dir='ltr' id='par_1_84' title="bbox 191 5327 1748 5408">
     <span class='ocr_line' id='line_1_84' title="bbox 191 5327 1748 5408; baseline 0.008 -29"><span class='ocrx_word' id='word_1_617' title='bbox 191 5327 506 5400; x_wconf 80' lang='lat' dir='ltr'><strong>uIlusquisque</strong></span> <span class='ocrx_word' id='word_1_618' title='bbox 536 5332 749 5387; x_wconf 88' lang='lat' dir='ltr'><strong>malum</strong></span> <span class='ocrx_word' id='word_1_619' title='bbox 776 5336 975 5388; x_wconf 91' lang='lat' dir='ltr'><strong>contra</strong></span> <span class='ocrx_word' id='word_1_620' title='bbox 992 5332 1240 5388; x_wconf 89' lang='lat' dir='ltr'><strong>amicum</strong></span> <span class='ocrx_word' id='word_1_621' title='bbox 1261 5350 1428 5388; x_wconf 91' lang='lat' dir='ltr'><strong>suum</strong></span> <span class='ocrx_word' id='word_1_622' title='bbox 1447 5351 1520 5390; x_wconf 90' lang='lat' dir='ltr'><strong>ne</strong></span> <span class='ocrx_word' id='word_1_623' title='bbox 1539 5335 1748 5408; x_wconf 90' lang='lat' dir='ltr'><strong>cogite-</strong></span> 
     </span>
    </p>
   </div>
   <div class='ocr_carea' id='block_1_85' title="bbox 189 5409 1745 5498">
    <p class='ocr_par' dir='ltr' id='par_1_85' title="bbox 189 5409 1745 5498">
     <span class='ocr_line' id='line_1_85' title="bbox 189 5409 1745 5498; baseline 0.009 -28"><span class='ocrx_word' id='word_1_624' title='bbox 189 5409 236 5464; x_wconf 61' lang='lat' dir='ltr'><strong>tis</strong></span> <span class='ocrx_word' id='word_1_625' title='bbox 261 5416 304 5470; x_wconf 88' lang='lat' dir='ltr'><strong>in</strong></span> <span class='ocrx_word' id='word_1_626' title='bbox 329 5420 577 5478; x_wconf 88' lang='lat' dir='ltr'><strong>cordibus</strong></span> <span class='ocrx_word' id='word_1_627' title='bbox 603 5425 816 5494; x_wconf 90' lang='lat' dir='ltr'><strong>vestris,</strong></span> <span class='ocrx_word' id='word_1_628' title='bbox 849 5431 905 5481; x_wconf 89' lang='lat' dir='ltr'><strong>et</strong></span> <span class='ocrx_word' id='word_1_629' title='bbox 943 5425 1339 5498; x_wconf 90' lang='lat' dir='ltr'><strong>juramcntum</strong></span> <span class='ocrx_word' id='word_1_630' title='bbox 1386 5428 1626 5484; x_wconf 84' lang='lat' dir='ltr'><strong>mendax</strong></span> <span class='ocrx_word' id='word_1_631' title='bbox 1672 5446 1745 5484; x_wconf 91' lang='lat' dir='ltr'><strong>ne</strong></span> 
     </span>
    </p>
   </div>
   <div class='ocr_carea' id='block_1_86' title="bbox 192 5501 1747 5593">
    <p class='ocr_par' dir='ltr' id='par_1_86' title="bbox 192 5501 1747 5593">
     <span class='ocr_line' id='line_1_86' title="bbox 192 5501 1747 5593; baseline 0.011 -32"><span class='ocrx_word' id='word_1_632' title='bbox 192 5501 395 5578; x_wconf 77' lang='lat' dir='ltr'><strong>diligatis.</strong></span> <span class='ocrx_word' id='word_1_633' title='bbox 416 5515 621 5571; x_wconf 89' lang='lat' dir='ltr'><strong>Omnia</strong></span> <span class='ocrx_word' id='word_1_634' title='bbox 647 5519 799 5575; x_wconf 89' lang='lat' dir='ltr'><strong>enim</strong></span> <span class='ocrx_word' id='word_1_635' title='bbox 828 5520 951 5575; x_wconf 65' lang='lat' dir='ltr'><strong>haec</strong></span> <span class='ocrx_word' id='word_1_636' title='bbox 972 5523 1106 5574; x_wconf 90' lang='lat' dir='ltr'><strong>sunt</strong></span> <span class='ocrx_word' id='word_1_637' title='bbox 1129 5537 1257 5593; x_wconf 69' lang='lat' dir='ltr'><strong>qua:</strong></span> <span class='ocrx_word' id='word_1_638' title='bbox 1285 5521 1458 5593; x_wconf 90' lang='lat' dir='ltr'><strong>odivi,</strong></span> <span class='ocrx_word' id='word_1_639' title='bbox 1482 5523 1620 5578; x_wconf 85' lang='lat' dir='ltr'><strong>dixit</strong></span> <span class='ocrx_word' id='word_1_640' title='bbox 1640 5524 1747 5578; x_wconf 90' lang='lat' dir='ltr'><strong>Do-</strong></span> 
     </span>
    </p>
   </div>
   <div class='ocr_carea' id='block_1_87' title="bbox 191 5599 1748 5672">
    <p class='ocr_par' dir='ltr' id='par_1_87' title="bbox 191 5599 1748 5672">
     <span class='ocr_line' id='line_1_87' title="bbox 191 5599 1748 5672; baseline 0.013 -20"><span class='ocrx_word' id='word_1_641' title='bbox 191 5599 330 5658; x_wconf 84' lang='lat' dir='ltr'><strong>minus</strong></span> <span class='ocrx_word' id='word_1_642' title='bbox 369 5611 727 5669; x_wconf 85' lang='lat' dir='ltr'><strong>exercituum.</strong></span> <span class='ocrx_word' id='word_1_643' title='bbox 759 5615 826 5669; x_wconf 86' lang='lat' dir='ltr'><strong>Et</strong></span> <span class='ocrx_word' id='word_1_644' title='bbox 867 5615 1079 5670; x_wconf 86' lang='lat' dir='ltr'><strong>factum</strong></span> <span class='ocrx_word' id='word_1_645' title='bbox 1121 5620 1205 5671; x_wconf 92' lang='lat' dir='ltr'><strong>est</strong></span> <span class='ocrx_word' id='word_1_646' title='bbox 1242 5616 1480 5672; x_wconf 89' lang='lat' dir='ltr'><strong>verbum</strong></span> <span class='ocrx_word' id='word_1_647' title='bbox 1521 5617 1748 5672; x_wconf 90' lang='lat' dir='ltr'><strong>Domini</strong></span> 
     </span>
    </p>
   </div>
   <div class='ocr_carea' id='block_1_88' title="bbox 191 5699 1746 5768">
    <p class='ocr_par' dir='ltr' id='par_1_88' title="bbox 191 5699 1746 5768">
     <span class='ocr_line' id='line_1_88' title="bbox 191 5699 1746 5768; baseline 0.01 -17"><span class='ocrx_word' id='word_1_648' title='bbox 191 5699 476 5758; x_wconf 68' lang='lat' dir='ltr'><strong>exercituum</strong></span> <span class='ocrx_word' id='word_1_649' title='bbox 525 5705 600 5759; x_wconf 89' lang='lat' dir='ltr'><strong>ad</strong></span> <span class='ocrx_word' id='word_1_650' title='bbox 649 5725 739 5763; x_wconf 91' lang='lat' dir='ltr'><strong>me</strong></span> <span class='ocrx_word' id='word_1_651' title='bbox 791 5708 982 5764; x_wconf 89' lang='lat' dir='ltr'><strong>dicens</strong></span> <span class='ocrx_word' id='word_1_652' title='bbox 1032 5726 1045 5764; x_wconf 91' lang='lat'>:</span> <span class='ocrx_word' id='word_1_653' title='bbox 1099 5710 1226 5765; x_wconf 68' lang='lat' dir='ltr'><strong>Haec</strong></span> <span class='ocrx_word' id='word_1_654' title='bbox 1279 5709 1414 5765; x_wconf 88' lang='lat' dir='ltr'><strong>dicit</strong></span> <span class='ocrx_word' id='word_1_655' title='bbox 1469 5711 1746 5768; x_wconf 90' lang='lat' dir='ltr'><strong>Dominus</strong></span> 
     </span>
    </p>
   </div>
   <div class='ocr_carea' id='block_1_89' title="bbox 193 5793 1742 5880">
    <p class='ocr_par' dir='ltr' id='par_1_89' title="bbox 193 5793 1742 5880">
     <span class='ocr_line' id='line_1_89' title="bbox 193 5793 1742 5880; baseline 0.011 -35"><span class='ocrx_word' id='word_1_656' title='bbox 193 5793 480 5853; x_wconf 71' lang='lat' dir='ltr'><strong>exercituum</strong></span> <span class='ocrx_word' id='word_1_657' title='bbox 520 5815 533 5853; x_wconf 90' lang='lat'>:</span> <span class='ocrx_word' id='word_1_658' title='bbox 565 5800 846 5871; x_wconf 82' lang='lat' dir='ltr'><strong>Jejunium</strong></span> <span class='ocrx_word' id='word_1_659' title='bbox 885 5803 1096 5875; x_wconf 89' lang='lat' dir='ltr'><strong>quarti,</strong></span> <span class='ocrx_word' id='word_1_660' title='bbox 1125 5808 1182 5861; x_wconf 92' lang='lat' dir='ltr'><strong>et</strong></span> <span class='ocrx_word' id='word_1_661' title='bbox 1214 5803 1503 5877; x_wconf 88' lang='lat' dir='ltr'><strong>jejunium</strong></span> <span class='ocrx_word' id='word_1_662' title='bbox 1535 5806 1742 5880; x_wconf 90' lang='lat' dir='ltr'><strong>quinti,</strong></span> 
     </span>
    </p>
   </div>
   <div class='ocr_carea' id='block_1_90' title="bbox 529 5894 1069 5968">
    <p class='ocr_par' dir='ltr' id='par_1_90' title="bbox 529 5894 1069 5968">
     <span class='ocr_line' id='line_1_90' title="bbox 529 5894 1069 5968; baseline 0.009 -5"><span class='ocrx_word' id='word_1_663' title='bbox 529 5894 792 5966; x_wconf 77' lang='lat' dir='ltr'><strong>PATROL.</strong></span> <span class='ocrx_word' id='word_1_664' title='bbox 841 5901 1069 5968; x_wconf 79' lang='lat' dir='ltr'><strong>CXXX.</strong></span> 
     </span>
    </p>
   </div>
   <div class='ocr_carea' id='block_1_91' title="bbox 1848 4760 3480 4843">
    <p class='ocr_par' dir='ltr' id='par_1_91' title="bbox 1848 4760 3480 4843">
     <span class='ocr_line' id='line_1_91' title="bbox 1848 4760 3480 4843; baseline -0.007 -17"><span class='ocrx_word' id='word_1_665' title='bbox 1848 4773 1914 4826; x_wconf 92' lang='lat' dir='ltr'><strong>ut</strong></span> <span class='ocrx_word' id='word_1_666' title='bbox 1938 4770 2278 4843; x_wconf 58' lang='lat' dir='ltr'><strong>praedictum</strong></span> <span class='ocrx_word' id='word_1_667' title='bbox 2297 4770 2400 4835; x_wconf 91' lang='lat' dir='ltr'><strong>est,</strong></span> <span class='ocrx_word' id='word_1_668' title='bbox 2421 4767 2673 4822; x_wconf 84' lang='lat' dir='ltr'><strong>Romana</strong></span> <span class='ocrx_word' id='word_1_669' title='bbox 2691 4764 2880 4820; x_wconf 90' lang='lat' dir='ltr'><strong>existit</strong></span> <span class='ocrx_word' id='word_1_670' title='bbox 2899 4760 3165 4818; x_wconf 88' lang='lat' dir='ltr'><strong>Ecclesia.</strong></span> <span class='ocrx_word' id='word_1_671' title='bbox 3190 4760 3480 4832; x_wconf 86' lang='lat' dir='ltr'><strong>Quidquid</strong></span> 
     </span>
    </p>
   </div>
   <div class='ocr_carea' id='block_1_92' title="bbox 1848 4855 3480 4937">
    <p class='ocr_par' dir='ltr' id='par_1_92' title="bbox 1848 4855 3480 4937">
     <span class='ocr_line' id='line_1_92' title="bbox 1848 4855 3480 4937; baseline -0.007 -15"><span class='ocrx_word' id='word_1_672' title='bbox 1848 4880 1984 4937; x_wconf 90' lang='lat' dir='ltr'><strong>ergo</strong></span> <span class='ocrx_word' id='word_1_673' title='bbox 1998 4865 2117 4920; x_wconf 85' lang='lat' dir='ltr'><strong>sine</strong></span> <span class='ocrx_word' id='word_1_674' title='bbox 2130 4862 2467 4918; x_wconf 91' lang='lat' dir='ltr'><strong>discretione</strong></span> <span class='ocrx_word' id='word_1_675' title='bbox 2479 4859 2718 4932; x_wconf 67' lang='lat' dir='ltr'><strong>justitiaa</strong></span> <span class='ocrx_word' id='word_1_676' title='bbox 2731 4862 2928 4913; x_wconf 86' lang='lat' dir='ltr'><strong>contra</strong></span> <span class='ocrx_word' id='word_1_677' title='bbox 2939 4856 3110 4928; x_wconf 89' lang='lat' dir='ltr'><strong>hujus</strong></span> <span class='ocrx_word' id='word_1_678' title='bbox 3123 4855 3480 4927; x_wconf 88' lang='lat' dir='ltr'><strong>disciplinam</strong></span> 
     </span>
    </p>
   </div>
   <div class='ocr_carea' id='block_1_93' title="bbox 1849 4949 3404 5025">
    <p class='ocr_par' dir='ltr' id='par_1_93' title="bbox 1849 4949 3404 5025">
     <span class='ocr_line' id='line_1_93' title="bbox 1849 4949 3404 5025; baseline -0.007 -11"><span class='ocrx_word' id='word_1_679' title='bbox 1849 4964 2041 5014; x_wconf 89' lang='lat' dir='ltr'><strong>actum</strong></span> <span class='ocrx_word' id='word_1_680' title='bbox 2067 4957 2261 5025; x_wconf 90' lang='lat' dir='ltr'><strong>fuerit,</strong></span> <span class='ocrx_word' id='word_1_681' title='bbox 2288 4958 2474 5010; x_wconf 90' lang='lat' dir='ltr'><strong>ratum</strong></span> <span class='ocrx_word' id='word_1_682' title='bbox 2500 4952 2703 5009; x_wconf 90' lang='lat' dir='ltr'><strong>haberi</strong></span> <span class='ocrx_word' id='word_1_683' title='bbox 2732 4951 2878 5006; x_wconf 88' lang='lat' dir='ltr'><strong>ratio</strong></span> <span class='ocrx_word' id='word_1_684' title='bbox 2909 4950 3066 5005; x_wconf 88' lang='lat' dir='ltr'><strong>nulla</strong></span> <span class='ocrx_word' id='word_1_685' title='bbox 3103 4949 3404 5021; x_wconf 85' lang='lat' dir='ltr'><strong>permittit.</strong></span> 
     </span>
    </p>
   </div>
   <div class='ocr_carea' id='block_1_94' title="bbox 1916 5043 3475 5107">
    <p class='ocr_par' dir='ltr' id='par_1_94' title="bbox 1916 5043 3475 5107">
     <span class='ocr_line' id='line_1_94' title="bbox 1916 5043 3475 5107; baseline -0.005 -1"><span class='ocrx_word' id='word_1_686' title='bbox 1916 5050 2344 5107; x_wconf 90' lang='lat' dir='ltr'><strong>Criminationes</strong></span> <span class='ocrx_word' id='word_1_687' title='bbox 2372 5065 2504 5103; x_wconf 89' lang='lat' dir='ltr'><strong>vero</strong></span> <span class='ocrx_word' id='word_1_688' title='bbox 2530 5049 2728 5102; x_wconf 88' lang='lat' dir='ltr'><strong>contra</strong></span> <span class='ocrx_word' id='word_1_689' title='bbox 2757 5044 3046 5100; x_wconf 89' lang='lat' dir='ltr'><strong>doctorem</strong></span> <span class='ocrx_word' id='word_1_690' title='bbox 3090 5059 3261 5099; x_wconf 92' lang='lat' dir='ltr'><strong>nemo</strong></span> <span class='ocrx_word' id='word_1_691' title='bbox 3300 5043 3475 5098; x_wconf 89' lang='lat' dir='ltr'><strong>susci-</strong></span> 
     </span>
    </p>
   </div>
   <div class='ocr_carea' id='block_1_95' title="bbox 1847 5137 3474 5222">
    <p class='ocr_par' dir='ltr' id='par_1_95' title="bbox 1847 5137 3474 5222">
     <span class='ocr_line' id='line_1_95' title="bbox 1847 5137 3474 5222; baseline -0.006 -19"><span class='ocrx_word' id='word_1_692' title='bbox 1847 5148 1983 5222; x_wconf 88' lang='lat' dir='ltr'><strong>piat,</strong></span> <span class='ocrx_word' id='word_1_693' title='bbox 2013 5145 2146 5218; x_wconf 89' lang='lat' dir='ltr'><strong>quia</strong></span> <span class='ocrx_word' id='word_1_694' title='bbox 2176 5160 2292 5199; x_wconf 91' lang='lat' dir='ltr'><strong>non</strong></span> <span class='ocrx_word' id='word_1_695' title='bbox 2335 5144 2562 5214; x_wconf 89' lang='lat' dir='ltr'><strong>oportet</strong></span> <span class='ocrx_word' id='word_1_696' title='bbox 2608 5139 2754 5194; x_wconf 87' lang='lat' dir='ltr'><strong>filios</strong></span> <span class='ocrx_word' id='word_1_697' title='bbox 2794 5137 3220 5210; x_wconf 90' lang='lat' dir='ltr'><strong>reprehendere</strong></span> <span class='ocrx_word' id='word_1_698' title='bbox 3261 5141 3474 5209; x_wconf 89' lang='lat' dir='ltr'><strong>patres,</strong></span> 
     </span>
    </p>
   </div>
   <div class='ocr_carea' id='block_1_96' title="bbox 1846 5231 3479 5302">
    <p class='ocr_par' dir='ltr' id='par_1_96' title="bbox 1846 5231 3479 5302">
     <span class='ocr_line' id='line_1_96' title="bbox 1846 5231 3479 5302; baseline -0.008 -5"><span class='ocrx_word' id='word_1_699' title='bbox 1846 5258 1952 5298; x_wconf 91' lang='lat' dir='ltr'><strong>nec</strong></span> <span class='ocrx_word' id='word_1_700' title='bbox 1978 5255 2166 5296; x_wconf 87' lang='lat' dir='ltr'><strong>servos</strong></span> <span class='ocrx_word' id='word_1_701' title='bbox 2194 5236 2457 5293; x_wconf 89' lang='lat' dir='ltr'><strong>dominos</strong></span> <span class='ocrx_word' id='word_1_702' title='bbox 2490 5235 2760 5290; x_wconf 92' lang='lat' dir='ltr'><strong>lacerare.</strong></span> <span class='ocrx_word' id='word_1_703' title='bbox 2794 5231 2915 5286; x_wconf 86' lang='lat' dir='ltr'><strong>Filii</strong></span> <span class='ocrx_word' id='word_1_704' title='bbox 2951 5246 3087 5302; x_wconf 90' lang='lat' dir='ltr'><strong>ergo</strong></span> <span class='ocrx_word' id='word_1_705' title='bbox 3122 5234 3254 5286; x_wconf 87' lang='lat' dir='ltr'><strong>sunt</strong></span> <span class='ocrx_word' id='word_1_706' title='bbox 3287 5231 3479 5286; x_wconf 88' lang='lat' dir='ltr'><strong>docto-</strong></span> 
     </span>
    </p>
   </div>
   <div class='ocr_carea' id='block_1_97' title="bbox 1847 5324 3474 5404">
    <p class='ocr_par' dir='ltr' id='par_1_97' title="bbox 1847 5324 3474 5404">
     <span class='ocr_line' id='line_1_97' title="bbox 1847 5324 3474 5404; baseline -0.009 -12"><span class='ocrx_word' id='word_1_707' title='bbox 1847 5353 1976 5392; x_wconf 91' lang='lat' dir='ltr'><strong>rum</strong></span> <span class='ocrx_word' id='word_1_708' title='bbox 2007 5348 2203 5391; x_wconf 89' lang='lat' dir='ltr'><strong>omnes</strong></span> <span class='ocrx_word' id='word_1_709' title='bbox 2227 5348 2371 5404; x_wconf 90' lang='lat' dir='ltr'><strong>quos</strong></span> <span class='ocrx_word' id='word_1_710' title='bbox 2397 5329 2705 5385; x_wconf 81' lang='lat' dir='ltr'><strong>instruunt.</strong></span> <span class='ocrx_word' id='word_1_711' title='bbox 2740 5327 2807 5382; x_wconf 90' lang='lat' dir='ltr'><strong>Et</strong></span> <span class='ocrx_word' id='word_1_712' title='bbox 2832 5326 2978 5381; x_wconf 89' lang='lat' dir='ltr'><strong>sicut</strong></span> <span class='ocrx_word' id='word_1_713' title='bbox 3014 5324 3115 5380; x_wconf 82' lang='lat' dir='ltr'><strong>filii</strong></span> <span class='ocrx_word' id='word_1_714' title='bbox 3143 5329 3327 5396; x_wconf 89' lang='lat' dir='ltr'><strong>patres</strong></span> <span class='ocrx_word' id='word_1_715' title='bbox 3354 5339 3474 5378; x_wconf 88' lang='lat' dir='ltr'><strong>car-</strong></span> 
     </span>
    </p>
   </div>
   <div class='ocr_carea' id='block_1_98' title="bbox 1847 5416 3472 5498">
    <p class='ocr_par' dir='ltr' id='par_1_98' title="bbox 1847 5416 3472 5498">
     <span class='ocr_line' id='line_1_98' title="bbox 1847 5416 3472 5498; baseline -0.01 -12"><span class='ocrx_word' id='word_1_716' title='bbox 1847 5430 2023 5498; x_wconf 90' lang='lat' dir='ltr'><strong>nales,</strong></span> <span class='ocrx_word' id='word_1_717' title='bbox 2053 5427 2130 5483; x_wconf 91' lang='lat' dir='ltr'><strong>sic</strong></span> <span class='ocrx_word' id='word_1_718' title='bbox 2167 5431 2220 5482; x_wconf 88' lang='lat' dir='ltr'><strong>et</strong></span> <span class='ocrx_word' id='word_1_719' title='bbox 2260 5425 2320 5479; x_wconf 90' lang='lat' dir='ltr'><strong>hi</strong></span> <span class='ocrx_word' id='word_1_720' title='bbox 2358 5429 2548 5496; x_wconf 88' lang='lat' dir='ltr'><strong>patres</strong></span> <span class='ocrx_word' id='word_1_721' title='bbox 2597 5421 2810 5477; x_wconf 90' lang='lat' dir='ltr'><strong>debent</strong></span> <span class='ocrx_word' id='word_1_722' title='bbox 2853 5419 3091 5491; x_wconf 90' lang='lat' dir='ltr'><strong>diligere</strong></span> <span class='ocrx_word' id='word_1_723' title='bbox 3136 5416 3472 5488; x_wconf 86' lang='lat' dir='ltr'><strong>spirituales.</strong></span> 
     </span>
    </p>
   </div>
   <div class='ocr_carea' id='block_1_99' title="bbox 1847 5509 3473 5589">
    <p class='ocr_par' dir='ltr' id='par_1_99' title="bbox 1847 5509 3473 5589">
     <span class='ocr_line' id='line_1_99' title="bbox 1847 5509 3473 5589; baseline -0.011 -9"><span class='ocrx_word' id='word_1_724' title='bbox 1847 5525 1967 5580; x_wconf 89' lang='lat' dir='ltr'><strong>Non</strong></span> <span class='ocrx_word' id='word_1_725' title='bbox 1993 5522 2151 5578; x_wconf 90' lang='lat' dir='ltr'><strong>enim</strong></span> <span class='ocrx_word' id='word_1_726' title='bbox 2190 5519 2337 5574; x_wconf 90' lang='lat' dir='ltr'><strong>bene</strong></span> <span class='ocrx_word' id='word_1_727' title='bbox 2361 5517 2519 5585; x_wconf 88' lang='lat' dir='ltr'><strong>vivit,</strong></span> <span class='ocrx_word' id='word_1_728' title='bbox 2544 5515 2643 5589; x_wconf 90' lang='lat' dir='ltr'><strong>qui</strong></span> <span class='ocrx_word' id='word_1_729' title='bbox 2673 5531 2787 5570; x_wconf 91' lang='lat' dir='ltr'><strong>non</strong></span> <span class='ocrx_word' id='word_1_730' title='bbox 2822 5517 2975 5569; x_wconf 90' lang='lat' dir='ltr'><strong>recte</strong></span> <span class='ocrx_word' id='word_1_731' title='bbox 3007 5509 3204 5578; x_wconf 91' lang='lat' dir='ltr'><strong>credit,</strong></span> <span class='ocrx_word' id='word_1_732' title='bbox 3236 5512 3335 5563; x_wconf 89' lang='lat' dir='ltr'><strong>aut</strong></span> <span class='ocrx_word' id='word_1_733' title='bbox 3367 5525 3473 5580; x_wconf 89' lang='lat' dir='ltr'><strong>pa-</strong></span> 
     </span>
    </p>
   </div>
   <div class='ocr_carea' id='block_1_100' title="bbox 1846 5604 3472 5689">
    <p class='ocr_par' dir='ltr' id='par_1_100' title="bbox 1846 5604 3472 5689">
     <span class='ocr_line' id='line_1_100' title="bbox 1846 5604 3472 5689; baseline -0.01 -13"><span class='ocrx_word' id='word_1_734' title='bbox 1846 5623 1960 5676; x_wconf 90' lang='lat' dir='ltr'><strong>tres</strong></span> <span class='ocrx_word' id='word_1_735' title='bbox 1985 5613 2374 5689; x_wconf 90' lang='lat' dir='ltr'><strong>reprehendit,</strong></span> <span class='ocrx_word' id='word_1_736' title='bbox 2403 5611 2490 5668; x_wconf 92' lang='lat' dir='ltr'><strong>vel</strong></span> <span class='ocrx_word' id='word_1_737' title='bbox 2529 5608 2779 5667; x_wconf 89' lang='lat' dir='ltr'><strong>detrahit</strong></span> <span class='ocrx_word' id='word_1_738' title='bbox 2818 5623 2987 5676; x_wconf 87' lang='lat' dir='ltr'><strong>suos;</strong></span> <span class='ocrx_word' id='word_1_739' title='bbox 3038 5604 3294 5660; x_wconf 89' lang='lat' dir='ltr'><strong>doctores</strong></span> <span class='ocrx_word' id='word_1_740' title='bbox 3331 5618 3472 5677; x_wconf 90' lang='lat' dir='ltr'><strong>ergo</strong></span> 
     </span>
    </p>
   </div>
   <div class='ocr_carea' id='block_1_101' title="bbox 1847 5696 3474 5785">
    <p class='ocr_par' dir='ltr' id='par_1_101' title="bbox 1847 5696 3474 5785">
     <span class='ocr_line' id='line_1_101' title="bbox 1847 5696 3474 5785; baseline -0.008 -18"><span class='ocrx_word' id='word_1_741' title='bbox 1847 5711 1946 5785; x_wconf 90' lang='lat' dir='ltr'><strong>qui</strong></span> <span class='ocrx_word' id='word_1_742' title='bbox 1971 5716 2028 5769; x_wconf 91' lang='lat' dir='ltr'><strong>et</strong></span> <span class='ocrx_word' id='word_1_743' title='bbox 2054 5715 2240 5784; x_wconf 89' lang='lat' dir='ltr'><strong>patres</strong></span> <span class='ocrx_word' id='word_1_744' title='bbox 2269 5710 2542 5764; x_wconf 88' lang='lat' dir='ltr'><strong>vocantur</strong></span> <span class='ocrx_word' id='word_1_745' title='bbox 2571 5702 2755 5775; x_wconf 89' lang='lat' dir='ltr'><strong>magis</strong></span> <span class='ocrx_word' id='word_1_746' title='bbox 2785 5696 3048 5774; x_wconf 78' lang='lat' dir='ltr'><strong>portendi</strong></span> <span class='ocrx_word' id='word_1_747' title='bbox 3071 5711 3246 5770; x_wconf 88' lang='lat' dir='ltr'><strong>quam</strong></span> <span class='ocrx_word' id='word_1_748' title='bbox 3276 5713 3474 5771; x_wconf 89' lang='lat' dir='ltr'><strong>repre-</strong></span> 
     </span>
    </p>
   </div>
   <div class='ocr_carea' id='block_1_102' title="bbox 1845 5789 3476 5873">
    <p class='ocr_par' dir='ltr' id='par_1_102' title="bbox 1845 5789 3476 5873">
     <span class='ocr_line' id='line_1_102' title="bbox 1845 5789 3476 5873; baseline -0.005 -12"><span class='ocrx_word' id='word_1_749' title='bbox 1845 5805 2135 5863; x_wconf 89' lang='lat' dir='ltr'><strong>hendendi</strong></span> <span class='ocrx_word' id='word_1_750' title='bbox 2160 5806 2312 5873; x_wconf 90' lang='lat' dir='ltr'><strong>sunt,</strong></span> <span class='ocrx_word' id='word_1_751' title='bbox 2342 5800 2451 5857; x_wconf 90' lang='lat' dir='ltr'><strong>nisi</strong></span> <span class='ocrx_word' id='word_1_752' title='bbox 2485 5799 2546 5854; x_wconf 91' lang='lat' dir='ltr'><strong>in</strong></span> <span class='ocrx_word' id='word_1_753' title='bbox 2576 5801 2728 5854; x_wconf 88' lang='lat' dir='ltr'><strong>recta</strong></span> <span class='ocrx_word' id='word_1_754' title='bbox 2767 5794 2882 5849; x_wconf 82' lang='lat' dir='ltr'><strong>ﬁde</strong></span> <span class='ocrx_word' id='word_1_755' title='bbox 2920 5789 3253 5848; x_wconf 86' lang='lat' dir='ltr'><strong>erraverint.</strong></span> <span class='ocrx_word' id='word_1_756' title='bbox 3281 5792 3476 5853; x_wconf 85' lang='lat' dir='ltr'><strong>Nullus</strong></span> 
     </span>
    </p>
   </div>
   <div class='ocr_carea' id='block_1_103' title="bbox 3043 5897 3073 5916">
    <p class='ocr_par' dir='ltr' id='par_1_103' title="bbox 3043 5897 3073 5916">
     <span class='ocr_line' id='line_1_103' title="bbox 3043 5897 3073 5916; baseline 0 -2"><span class='ocrx_word' id='word_1_757' title='bbox 3043 5897 3073 5916; x_wconf 70' lang='grc' dir='ltr'><strong>υ</strong></span> 
     </span>
    </p>
   </div>
   <div class='ocr_carea' id='block_1_104' title="bbox 3041 5917 3077 5961">
    <p class='ocr_par' dir='ltr' id='par_1_104' title="bbox 3041 5917 3077 5961">
     <span class='ocr_line' id='line_1_104' title="bbox 3041 5917 3077 5961; baseline 0 0"><span class='ocrx_word' id='word_1_758' title='bbox 3041 5917 3077 5961; x_wconf 75' lang='grc' dir='ltr'>ο</span> 
     </span>
    </p>
   </div>
  </div>
