4026 6166
532 280 619 333 131
1405 278 1690 333 .tPPEND.
1734 279 1823 331 AD
1861 279 2019 333 SxEC.
2063 279 2149 332 IX.
2181 308 2248 316 —
2287 278 2527 333 lSlDORI
2566 278 2987 334 MERCATORIS

3780 287 3872 340 £32

526 403 665 458 ergo
692 387 983 440 doctorem
1009 400 1114 455 per
1144 384 1352 456 scripta
1384 391 1625 453 accuset,
1649 402 1756 440 nec
1781 386 1892 440 nisi
1922 386 2073 440 ﬁdeli
2097 392 2151 441 et
2172 402 2230 475 Α
2250 388 2359 442 lica
2386 388 2637 443 defendit
2667 388 2934 443 Ecclesia.
2962 386 3111 443 Nulli
3135 388 3471 460 imperatori
3501 390 3588 444 vel
3613 389 3871 462 cuiquam

523 482 781 553 legitimo
814 481 910 551 qui
940 480 1107 535 etiam
1139 481 1697 551 irreprehensibilem
1722 482 1895 536 vitam
1922 499 1986 536 ac
2013 500 2149 536 con-

522 576 899 631 versationem
929 574 1097 629 ducat
1123 575 1458 643 accusatori,
1489 576 1855 646 respondeat,
1886 576 2018 647 quia
2062 576 2148 630 in-

522 670 760 740 dignum
787 671 873 722 est
899 671 961 721 ut
987 668 1188 722 doctor
1212 669 1384 722 stulto
1412 672 1469 722 et
1496 669 1723 723 indocto
1750 675 1918 740 atque
1955 685 2146 740 repre-

522 762 883 817 hensibiliter
895 761 1103 817 viventi
1122 762 1466 833 respondeat
1478 763 1639 833 juxta
1657 764 1952 817 stultitiam
1968 780 2146 829 suam,

522 857 747 913 dicente
798 855 1086 927 Scriptura
1117 872 1127 909 :
1162 876 1189 903 ‹‹
1226 856 1347 910 Non
1390 858 1729 927 respondeas
1772 857 1944 911 stulto
1983 858 2148 927 juxta

521 950 825 1006 stultitiam
854 965 1015 1004 suam
1040 951 1213 1019 (Prov.
1246 966 1396 1019 XXVI,
1419 952 1503 1020 li);
1530 973 1557 1000 »
1582 968 1698 1006 non
1728 951 1874 1005 bene
1899 951 2031 1004 vivit
2051 951 2149 1021 qui

522 1062 638 1100 non
681 1048 835 1099 recte
884 1043 1081 1099 credit.
1109 1044 1257 1097 Nihil
1285 1044 1422 1098 mali
1451 1045 1569 1099 vult
1609 1045 1706 1116 qui
1740 1046 1918 1099 ﬁdelis
1957 1049 2061 1100 est.
2095 1044 2149 1100 Si

523 1140 651 1211 quis
670 1138 852 1193 ﬁdelis
872 1141 976 1204 est,
995 1138 1183 1193 videat
1207 1156 1279 1193 ne
1302 1139 1437 1192 falsa
1460 1138 1741 1211 loquatur,
1764 1144 1861 1193 aut
1886 1139 2149 1210 cuiquam

518 1233 755 1288 insidias
779 1235 972 1304 ponat.
1002 1232 1209 1287 Fidelis
1239 1233 1410 1287 homo
1454 1249 1681 1303 semper
1723 1232 1965 1287 ﬁdeliter
2006 1232 2145 1303 agit,

522 1326 649 1400 30
666 1330 723 1382 et
742 1326 983 1381 inﬁdelis
1008 1326 1209 1381 callide
1231 1326 1549 1396 insidiatur,
1566 1332 1732 1398 atque
1756 1327 1952 1381 fideles
1981 1332 2037 1380 et
2056 1326 2148 1397 pie

522 1437 587 1476 ac
604 1421 758 1492 juste
788 1420 1041 1475 viventes
1070 1420 1306 1491 perdere
1333 1420 1553 1487 nititur,
1583 1420 1719 1491 quia
1764 1420 1960 1474 similis
1990 1419 2145 1473 simi-

520 1516 633 1570 lem
660 1515 765 1569 sibi
798 1513 1020 1585 quzerit.
1053 1514 1296 1569 lnﬁdelis
1324 1514 1498 1569 homo
1524 1519 1784 1569 mortuus
1823 1517 1909 1567 est
1944 1513 2003 1567 in
2034 1530 2149 1567 cor-

520 1625 661 1681 pore
688 1608 933 1664 vivente.
957 1609 1025 1663 Et
1050 1611 1247 1663 contra
1275 1624 1564 1663 sermones
1592 1607 1774 1663 ﬁdelis
1800 1607 2049 1662 hominis
2073 1607 2149 1661 vi-

518 1708 641 1758 tam
668 1701 990 1758 custodiunt
1023 1702 1367 1757 auditorum.
1396 1703 1695 1757 Doctorem
1727 1702 1879 1757 enim
1910 1700 2147 1755 catholi-

2250 482 2519 552 pietatem
2552 482 2904 549 custodienti,
2936 482 3069 537 licet
3113 483 3325 553 aliquid
3371 488 3570 539 contra
3610 485 3871 540 mandata

2251 576 2441 630 divina
2468 592 2839 646 praesumere.
2868 578 3142 647 lnjustum
3172 594 3307 648 ergo
3325 578 3630 648 judicium,
3656 584 3711 633 et
3740 578 3874 632 difﬁ-

2252 669 2392 724 nitio
2420 670 2634 739 injuste
2665 671 2823 741 regio
2854 676 3007 726 metu
3040 676 3139 725 aut
3157 671 3339 741 jussu,
3371 676 3469 725 aut
3493 672 3876 742 cujuscunque

2251 763 2502 835 episcopi
2529 768 2626 818 aut
2669 766 2918 835 potentis
2959 781 2990 819 a
3028 765 3323 836 judicibus
3350 766 3609 821 ordinata
3634 767 3720 820 vel
3756 771 3878 820 acta

2251 874 2367 911 non
2392 860 2593 926 valeat,
2622 859 2843 913 homini
2874 859 3137 929 religioso
3167 876 3370 930 parum
3397 876 3515 913 esse
3551 860 3724 914 debet
3771 858 3876 913 ini-

2252 951 2487 1005 micitias
2518 952 2757 1007 aliorum
2786 970 2901 1007 non
2929 969 3213 1021 exercere,
3242 955 3329 1008 vel
3357 970 3472 1008 non
3489 970 3702 1024 augere
3732 953 3878 1007 male

2249 1044 2556 1116 loquendo,
2585 1047 2695 1101 nisi
2723 1048 2895 1101 etiam
2923 1064 3014 1101 cas
3041 1048 3403 1118 exstinguere
3429 1048 3573 1102 bene
3596 1047 3879 1118 loquendo

2252 1140 2545 1194 studuerit.
2578 1141 2770 1195 Melior
2802 1145 2883 1195 est
2914 1142 2971 1195 in
3002 1143 3166 1195 malis
3201 1142 3363 1196 factis
3393 1142 3625 1195 humilis
3660 1142 3881 1195 confes-

2250 1232 2330 1287 sio
2357 1250 2531 1305 quam
2552 1235 2609 1289 in
2638 1236 2801 1290 bonis
2828 1236 3071 1307 superba
3095 1236 3373 1306 gloriatio.
3398 1235 3608 1291 Omnes
3628 1251 3765 1289 vero
3788 1236 3881 1306 qui

2248 1331 2443 1381 amant
2465 1328 2641 1383 vitam
2662 1330 2911 1399 beatam,
2931 1331 3149 1383 malunt
3168 1346 3291 1383 eam
3318 1329 3746 1400 tranquillitatis
3766 1344 3882 1383 sua:

2249 1424 2305 1475 et
2322 1421 2557 1491 justitiae
2584 1428 2733 1478 statu
2759 1441 2987 1478 currere
3031 1436 3211 1495 quam‘
3252 1429 3577 1478 nostrorum
3618 1427 3879 1495 peccato-

2248 1530 2378 1568 rum
2409 1518 2591 1586 pmnis
2623 1518 2917 1572 ultricibus
2947 1518 3300 1589 interpolari.
3327 1518 3541 1572 Memor
3567 1517 3723 1572 enim
3757 1534 3882 1571 sum

2248 1624 2342 1662 me
2372 1610 2475 1663 sub
2519 1610 2669 1665 illius
2711 1611 2947 1666 nomine
2992 1611 3251 1666 Ecclesia:
3299 1610 3622 1682 praesidere,
3654 1610 3823 1680 cujus
3852 1627 3882 1664 a

2250 1702 2492 1758 Domino
2518 1706 2647 1760 Jesu
2669 1706 2892 1761 Christo
2920 1709 3004 1761 est
3035 1706 3349 1778 gloriﬁcata
3376 1704 3676 1771 confessio,
3705 1708 3765 1759 et
3794 1722 3885 1757 cu-

521 1813 672 1866 cum,
706 1802 762 1852 et
802 1796 1085 1868 praecipue
1132 1795 1345 1851 domini
1400 1797 1775 1862 sacerdotem,
1806 1795 1947 1850 sicut
1992 1794 2150 1849 nullo
2169 1787 2227 1858 B
2244 1796 2338 1867 jus
2362 1797 2502 1852 ﬁdes
2529 1814 2731 1853 omnes
2757 1816 2985 1870 semper
3015 1799 3257 1854 destruit
3285 1815 3529 1853 errores.
3567 1800 3636 1853 Et
3665 1798 3882 1853 intelli-

520 1907 710 1947 errore
731 1890 1036 1962 implicari,
1054 1890 1135 1945 ita
1160 1889 1317 1944 nulla
1342 1894 1568 1961 oportet
1586 1889 2028 1957 machinatione,
2051 1892 2149 1943 aut

520 1984 830 2057 cupiditate
856 1984 1077 2053 violari,
1111 1984 1331 2039 dicente
1358 1984 1566 2056 quippe
1588 1984 1879 2055 Scriptura
1903 1987 2097 2037 sancta
2130 1999 2144 2036 :

521 2100 551 2131 ‹‹
573 2081 701 2135 Post
728 2077 1211 2151 concupiscentias
1251 2082 1380 2133 tuas
1428 2096 1543 2133 non
1574 2094 1685 2145 eas,
1715 2082 1772 2132 et
1803 2095 1835 2132 a
1862 2078 2146 2132 voluntate

517 2178 618 2229 tua
679 2176 930 2229 avertere
982 2174 1168 2243 (Eccli.
1219 2189 1374 2241 xvm,
1440 2175 1559 2240 30);
1624 2195 1652 2222 »
1721 2172 1915 2227 multis
1975 2171 2147 2241 hujus

519 2267 722 2321 mundi
771 2265 1068 2333 illecebris,
1125 2266 1319 2320 multis
1371 2265 1713 2320 vanitatibus
1765 2265 2147 2320 resistendum

520 2364 605 2413 est
628 2363 693 2414 ut
716 2375 867 2413 vera:
892 2358 1253 2414 continentiae
1277 2359 1600 2414 obtineatur
1625 2358 1945 2428 integritas.
1978 2358 2146 2429 Cujus

517 2452 709 2524 prima
734 2456 819 2509 est
843 2453 999 2507 labes
1024 2452 1305 2524 superbia,
1329 2453 1557 2508 initium
1582 2452 2066 2524 transgressionis,
2090 2456 2148 2506 et

520 2547 681 2620 origo
702 2547 939 2619 peccati,
958 2546 1230 2619 quoniam
1256 2564 1422 2601 mens
1443 2550 1646 2619 sponte
1673 2547 1836 2601 avida
1854 2563 1959 2601 nec
1980 2546 2148 2600 absti-

515 2658 655 2698 nere
670 2642 825 2698 novit
845 2659 948 2696 nec
965 2641 1162 2713 pietati
1186 2641 1460 2697 adhibere
1485 2657 1812 2697 consensus.
1832 2640 2027 2695 Nullus
2050 2640 2146 2694 bo-

517 2753 723 2792 norum
754 2735 1049 2790 inimicum
1080 2735 1249 2789 habet
1278 2735 1383 2789 nisi
1425 2737 1663 2790 malum.
1696 2734 1805 2799 Qui
1848 2734 1978 2788 ideo
2023 2750 2144 2789 esse

515 2828 885 2902 permittitur,
914 2834 977 2884 ut
1000 2833 1098 2885 aut
1122 2829 1459 2901 corrigatur,
1488 2834 1585 2884 aut
1611 2846 1718 2901 per
1747 2829 1933 2901 ipsum
1961 2828 2145 2883 bonus

518 2927 862 2981 exerceatur.
883 2922 1173 2995 Quidquid
1192 2939 1328 2995 ergo
1344 2923 1839 2995 irreprehensibile
1853 2927 1936 2980 est
1956 2923 2146 2977 catho-

2250 1907 2321 1961 go
2347 1891 2511 1947 aliter
2536 1892 2681 1947 mihi
2712 1910 2829 1948 non
2866 1893 3034 1947 licere
3077 1910 3248 1965 quam
3283 1898 3348 1947 ut
3394 1908 3595 1947 omnes
3640 1896 3883 1947 conatus

2246 2001 2404 2041 meos
2435 1986 2486 2040 ei
2511 2003 2695 2042 causa:
2715 1987 2775 2042 in
2796 2004 2911 2058 qua
2928 1987 3263 2042 universalis
3291 1986 3547 2041 Ecclesiae
3565 1987 3718 2040 salus
3742 1986 3884 2041 infe-

2249 2083 2445 2149 statur,
2472 2080 2828 2153 impendam.
2853 2083 3028 2152 Spero
3066 2085 3258 2136 autem
3297 2080 3625 2135 adfuturam
3662 2079 3883 2134 miseri-

2247 2174 2501 2230 cordiam
2532 2175 2624 2231 Dei
2654 2176 2807 2247 quod
2839 2178 3181 2247 cooperante
3209 2175 3330 2245 ejus
3359 2174 3670 2229 clementia
3692 2174 3883 2228 omnis

2246 2269 2480 2340 pestifer
2503 2269 2735 2324 morbus
2754 2270 2879 2340 ipso
2900 2271 3148 2342 pellente
3168 2270 3476 2324 auferatur.
3505 2270 3573 2323 Et
3596 2268 3882 2339 quidquid

2248 2363 2367 2434 ipso
2393 2363 2707 2433 inspirante
2751 2369 2920 2435 atque
2965 2363 3273 2419 auxiliante
3319 2362 3530 2434 poterit
3571 2362 3884 2417 salubriter

2246 2457 2388 2526 ﬁeri,
2423 2474 2553 2512 cum
2580 2462 2694 2512 tute
2720 2458 2853 2513 ﬁdei
2890 2461 2947 2512 et
2979 2457 3291 2513 devotionis
3329 2458 3498 2512 laude
3543 2462 3880 2528 peragatur,

2246 2551 2519 2623 quoniam
2546 2568 2633 2606 res
2658 2569 2856 2606 omnes
2878 2552 3041 2606 aliter
3056 2554 3193 2607 tutae
3215 2568 3334 2607 esse
3358 2568 3472 2605 non
3491 2555 3752 2621 possunt,
3772 2550 3883 2604 nisi

2246 2661 2375 2717 qua:
2402 2645 2475 2700 ad
2504 2645 2676 2700 divini
2704 2646 2960 2701 muneris
2987 2646 3325 2700 famulatum
3350 2644 3660 2720 pertinent,
3695 2661 3885 2698 sacer-

2248 2738 2451 2793 dotalis
2496 2739 2766 2795 defendat
2811 2740 3134 2795 auctoritas.
3167 2740 3302 2794 Data
3331 2756 3382 2794 x1
3414 2738 3616 2804 Kalen.
3646 2740 3880 2794 Decem-

2245 2833 2379 2903 bris,
2409 2834 2652 2889 Antonio
2680 2837 2736 2888 et
2757 2834 3074 2889 Alexandro
3105 2833 3454 2889 consulibus.

761 3179 1219 3252 EPISTOLA
1292 3179 1571 3250 PAPZE
1633 3177 2021 3250 CALIXTI
2085 3177 2216 3249 AD
2287 3175 2610 3248 OMNES
2676 3174 3057 3246 GALLI/E
3127 3173 3630 3247 EPISCOPOS

1239 3329 1334 3393 De
1362 3329 1949 3411 conspirationibus
1978 3336 2041 3392 et
2061 3328 2328 3411 reliquis
2355 3327 2567 3391 causis
2596 3325 2839 3389 illicitis
2867 3344 2947 3389 ne
2964 3326 3152 3405 ﬁant.

586 3500 977 3559 Dilectissimis
999 3500 1267 3557 fratribus
1294 3517 1396 3574 per
1420 3502 1623 3558 Gallias
1648 3501 1988 3572 constitutis,
2021 3502 2144 3558 uni-
2165 3516 2219 3591 ρ
2246 3502 2492 3557 existunt
2528 3501 2897 3572 jussionibus,
2932 3498 3311 3556 severioribus
3360 3496 3722 3569 corrigantur
3760 3497 3882 3551 vin-

514 3598 687 3655 versis
714 3596 989 3669 episcopis
1012 3595 1299 3653 CALIXTUS.

582 3691 965 3748 Plurimorum
994 3692 1179 3747 relatu
1220 3689 1628 3763 comperimus,
1659 3691 2019 3748 dilectionem
2045 3708 2142 3748 ve-

515 3790 692 3843 stram
706 3787 926 3843 fervore
942 3786 1182 3858 Spiritus
1198 3785 1379 3841 sancti
1396 3785 1472 3841 ita
1487 3786 1746 3842 Ecclesiae
1764 3786 2146 3859 gubernacula

511 3881 755 3938 ﬁrmiter
767 3883 966 3936 contra
980 3880 1227 3952 impetus
1244 3883 1436 3936 tenere
1456 3884 1511 3935 et
1531 3896 1750 3952 regere,
1772 3883 1834 3934 ut
1850 3879 2147 3951 naufragia

514 3981 612 4033 aut
641 3976 1077 4047 naufragiorum
1104 3974 1443 4031 detrimenta
1471 3975 1582 4029 Deo
1607 3977 1839 4029 auctore
1865 3990 1981 4028 non
2012 3989 2143 4027 sen-

512 4070 633 4125 tiat.
665 4069 891 4124 Talibus
932 4067 1111 4138 igitur
1146 4067 1459 4137 gloriantes
1502 4066 1743 4135 indiciis,
1774 4083 2046 4138 rogamus
2073 4082 2146 4122 ne

511 4164 573 4218 in
602 4162 711 4216 illis
740 4160 998 4232 partibus
1026 4164 1222 4213 contra
1248 4162 1459 4213 statuta
1497 4160 1808 4230 apostolica
1832 4159 2144 4231 quidquam

513 4254 639 4311 ﬁeri
664 4252 889 4321 sinatis;
922 4253 1019 4307 sed
1041 4256 1232 4307 nostra
1260 4252 1387 4308 fulti
1412 4253 1746 4309 auctoritate
1778 4254 1973 4309 nociva
1997 4270 2145 4309 com-

515 4348 747 4421 pescite,
775 4346 968 4402 illicita
997 4346 1318 4419 prohibete.
1342 4346 1843 4419 Conspirationum
1867 4364 2001 4402 vero
2032 4348 2142 4402 cri-

514 4442 675 4499 mina
704 4440 904 4498 vestris
952 4441 1013 4496 in
1055 4440 1314 4514 partibus
1351 4440 1547 4513 vigere
1577 4441 1913 4509 audivimus,
1945 4444 2003 4496 et
2030 4442 2148 4513 ple-

514 4538 615 4595 bes
641 4540 840 4595 contra
870 4536 1162 4608 episcopos
1192 4552 1322 4591 suos
1349 4535 1674 4609 conspirare
1718 4536 1880 4591 nobis
1914 4538 2147 4595 manda-

517 4635 639 4688 tum
677 4635 779 4688 est.
804 4631 976 4703 Cujus
1027 4630 1282 4686 criminis
1329 4631 1537 4686 astutia
1589 4647 1707 4686 non
1762 4631 1947 4686 solum
1994 4631 2147 4689 inter

517 4726 865 4783 Christianos
883 4725 1274 4781 abominabilis
1305 4728 1409 4793 est,
1441 4725 1541 4780 sed
1580 4725 1757 4780 etiam
1793 4725 1944 4780 inter
1970 4727 2148 4782 ethni-

518 4838 631 4893 cos,
661 4823 721 4876 et
749 4820 820 4875 ab
848 4819 1052 4876 exteris
1076 4820 1298 4892 legibus
1322 4819 1629 4892 prohibita.
1653 4820 1723 4874 Et
1744 4819 1951 4875 idcirco
1979 4822 2147 4894 hujus

2245 3596 2425 3665 dictis,
2457 3600 2736 3668 quatenus
2766 3594 2959 3649 caeteri
2984 3595 3252 3661 timorem
3287 3592 3537 3648 habeant
3560 3590 3695 3646 talia
3721 3607 3877 3646 com—

2243 3692 2493 3758 mittere,
2512 3695 2567 3745 et
2586 3691 2731 3745 Deus
2752 3689 2995 3760 gaudeat
3012 3688 3367 3743 fraternitate
3386 3703 3451 3741 ac
3476 3684 3803 3751 concordia,
3822 3692 3881 3740 et

2246 3784 2433 3840 cuncti
2459 3785 2687 3839 sumant
2713 3782 3023 3839 severitatis
3044 3786 3213 3853 atque
3234 3780 3504 3836 bonitatis
3524 3780 3879 3850 exemplum.

2245 3879 2408 3947 Nam,
2439 3878 2505 3945 si,
2546 3877 2702 3949 quod
2748 3876 2911 3945 absit,
2952 3874 3393 3931 ecclesiasticam
3434 3873 3883 3928 sollicitudinem

2244 3971 2623 4043 vigoremque
2642 3970 3007 4041 negligimus,
3041 3969 3227 4040 perdit
3252 3968 3461 4023 desidia
3489 3967 3881 4037 disciplinam,

2246 4070 2302 4121 et
2342 4065 2641 4120 animabus
2696 4064 2950 4120 ﬁdelium
2995 4064 3251 4135 profecto
3300 4061 3618 4117 nocebitur.
3650 4060 3719 4114 Hi
3743 4077 3883 4115 vero

2245 4160 2305 4215 in
2336 4159 2544 4215 nullius
2574 4159 2989 4214 accusationem
3016 4162 3148 4213 sunt
3186 4155 3516 4229 recipiendi,
3544 4172 3648 4210 nec
3676 4171 3883 4211 eorum

2246 4255 2336 4310 vel
2371 4254 2981 4310 anathematizatorum
3010 4269 3118 4308 vox
3143 4251 3244 4306 ulli
3266 4266 3469 4306 nocere
3497 4250 3584 4305 vel
3611 4265 3882 4305 accusare

2248 4352 2451 4421 potest.

2316 4443 2847 4499 Excommunieatos
2866 4459 3092 4515 quoque
3110 4458 3144 4497 a
3167 4439 3553 4496 sacerdotibus
3581 4439 3772 4494 nullus
3794 4456 3886 4495 re-

2247 4538 2419 4610 cipiat
2441 4540 2573 4593 ante
2602 4538 2898 4610 utriusque
2924 4538 3100 4609 partis
3124 4536 3341 4608 justam
3372 4532 3889 4605 examinationem,

2248 4649 2351 4687 nec
2390 4649 2524 4687 cum
2566 4632 2647 4687 eis
2691 4631 2751 4686 in
2796 4632 3072 4699 oratione,
3113 4632 3210 4684 aut
3258 4629 3401 4697 cibo,
3442 4631 3539 4683 aut
3586 4630 3745 4699 potu,
3784 4631 3894 4682 aut

2247 4727 2435 4781 osculo
2482 4724 2881 4794 communicet,
2920 4741 3024 4780 nec
3070 4740 3169 4779 ave
3219 4722 3299 4778 eis
3352 4723 3515 4777 dicat.
3566 4721 3711 4786 Quia
3752 4722 3893 4793 qui-

2250 4837 2472 4893 cunque
2513 4820 2572 4875 in
2599 4819 2685 4873 his
2709 4820 2795 4874 vel
2818 4818 2878 4874 in
2905 4818 3028 4873 aliis
3053 4816 3353 4890 prohibitis
3383 4817 3627 4873 scienter
3650 4832 3891 4871 excom-

519 4914 773 4973 criminis
792 4931 921 4970 reos
947 4931 1066 4970 non
1088 4914 1272 4970 solum
1300 4913 1707 4984 ecclesiasticaa,
1734 4914 1829 4968 sed
1857 4915 2028 4971 etiam
2052 4934 2151 4972 δερ-
2168 4900 2227 4973 D
2250 4915 2554 4971 municatis
2583 4912 3109 4983 communicaverit,
3127 4913 3293 4983 juxta
3317 4912 3709 4983 apostolorum
3729 4909 3899 4965 insti-

518 5011 632 5067 culi
660 5010 937 5066 damnant
960 5009 1137 5081 leges,
1171 5012 1228 5065 et
1256 5026 1372 5065 non
1400 5008 1583 5063 solum
1607 5008 2016 5080 conspirantes,
2050 5010 2152 5065 sed

521 5103 699 5161 etiam
755 5103 1173 5159 consentientes
1221 5103 1322 5157 eis.
1374 5105 1764 5159 Antecessores
1801 5120 1933 5159 vero
1972 5104 2152 5158 nostri

519 5215 651 5255 cum
681 5197 935 5271 plurima
963 5196 1132 5252 turba
1151 5196 1567 5268 episcoporum,
1592 5196 1920 5270 quicunque
1951 5214 2152 5253 eorum

519 5293 581 5348 in
601 5290 942 5347 sacerdotali
966 5290 1183 5345 honore
1201 5293 1333 5345 sunt
1347 5289 1535 5361 positi,
1554 5293 1651 5359 aut
1672 5292 1922 5346 existunt
1941 5291 2148 5360 clerici,

520 5388 741 5443 honore
782 5401 895 5458 quo
941 5386 1179 5439 utuntur
1206 5383 1408 5439 cadere
1454 5388 1867 5456 praeceperunt.
1908 5386 2152 5441 Caeteros

518 5500 653 5539 vero
704 5478 1108 5537 communione
1154 5478 1387 5550 privari,
1415 5483 1469 5533 et
1499 5478 1569 5534 ab
1607 5480 1852 5535 Ecclesia
1900 5483 2153 5536 extorres

519 5576 644 5632 ﬁeri
671 5575 985 5649 jusserunt,
1019 5589 1337 5645 omnesque
1379 5572 1549 5628 simul
1594 5573 1887 5646 utriusque
1937 5576 2151 5631 ordinis

520 5671 670 5726 viros
687 5670 930 5726 infames
945 5685 1061 5726 esse
1074 5671 1442 5739 censuerunt,
1457 5672 1513 5724 et
1526 5685 1641 5723 non
1654 5670 1836 5724 solum
1857 5669 2147 5739 facientes,

525 5765 621 5818 sed
670 5767 726 5819 et
770 5764 852 5818 eis
894 5764 1333 5821 consentientes.
1366 5764 1588 5818 Justum
1630 5766 1717 5817 est
1754 5764 1933 5832 enim,
1964 5770 2024 5819 ut
2052 5763 2150 5835 qui

523 5855 709 5914 divina
735 5860 1109 5917 contemnunt
1128 5858 1415 5927 mandata,
1436 5860 1493 5913 et
1516 5856 1903 5915 inobedientes
1924 5862 2148 5931 patrum

2250 5011 2529 5065 tutionem
2558 5014 2612 5064 et
2646 5008 2764 5080 ipse
2800 5006 2972 5061 simili
3008 5005 3583 5062 excommunicationi
3632 5004 3901 5076 subjace-

2250 5104 2352 5160 bit.
2384 5104 2467 5159 Ab
2498 5104 2587 5158 his
2615 5119 2752 5173 ergo
2790 5101 2981 5156 clerici
3024 5106 3079 5156 et
3126 5100 3258 5156 laici
3310 5117 3369 5155 se
3412 5099 3738 5154 abstineant
3787 5098 3899 5170 qui

2252 5198 2451 5255 eadem
2475 5198 2593 5270 pati
2618 5196 2923 5252 noluerint.
2948 5195 3274 5252 lnﬁdelibus
3299 5210 3523 5267 quoque
3549 5192 3728 5249 nolite
3753 5208 3900 5248 con—

2244 5292 2433 5365 jungi,
2453 5308 2556 5348 nec
2575 5308 2704 5347 cum
2721 5290 2799 5346 eis
2819 5290 2993 5345 ullam
3016 5289 3509 5362 participationem
3529 5287 3763 5343 habere.
3787 5288 3899 5341 Ta-

2250 5386 2327 5441 lia
2345 5403 2479 5441 vero
2508 5390 2740 5457 agentes
2758 5401 2877 5441 non
2896 5384 3112 5453 ﬁdeles,
3133 5384 3229 5439 sed
3256 5383 3511 5439 inﬁdeles
3523 5381 3893 5453 judicantur,

2250 5481 2404 5536 unde
2432 5480 2512 5535 ait
2536 5480 2835 5552 Apostolus
2867 5496 2880 5534 :
2917 5501 2945 5529 «
2974 5478 3112 5543 Quae.
3142 5494 3271 5549 pars
3298 5476 3455 5532 ﬁdeli
3485 5492 3615 5531 cum
3642 5473 3899 5542 inﬁdeli,

2253 5576 2329 5645 (II
2351 5576 2469 5632 Cor.
2498 5590 2573 5642 v1,
2607 5573 2711 5644 15),
2740 5594 2767 5623 ››
2802 5581 2899 5628 aut
2927 5589 3056 5644 quae
3097 5569 3451 5643 participatio
3481 5568 3725 5641 justitize
3752 5583 3903 5624 cum

2250 5667 2570 5741 iniquitate.
2598 5668 2774 5723 Nemo
2801 5682 3025 5739 quoque
3051 5665 3282 5721 alterius
3309 5664 3590 5721 terminos
3615 5667 3899 5735 usurpet,

2250 5780 2354 5818 nec
2388 5763 2616 5819 alterius
2665 5761 3075 5835 parochianum
3115 5760 3399 5832 judicare,
3428 5762 3525 5815 aut
3552 5773 3909 5813 excommu~

2250 5857 2439 5913 nicare
2464 5855 2906 5931 praesumpserit,
2931 5855 3061 5929 quia
3085 5854 3524 5928 talisjudicatio,
3544 5855 3643 5910 aut
3661 5866 3911 5912 excom-
