4026 6166
154 278 245 331 i33

1396 276 1868 332 DECRETALIUM
1907 277 2291 331 COLLECTIO.

3408 278 3507 331 134

146 383 469 450 municatio,
512 383 600 437 vel
644 383 959 453 damnatio,
1008 399 1110 438 nec
1161 387 1279 438 rata
1325 383 1451 453 erit,
1485 401 1587 441 nec
1628 386 1774 439 vires
1797 398 1855 471 Α
1875 384 2230 456 regulariter.
2263 383 2321 438 Si
2343 382 2496 437 enim
2513 398 2579 437 eo
2598 383 2841 453 vivente,
2865 384 3024 439 alteri
3046 383 3322 454 nupserit,
3345 384 3504 438 adul-

144 477 279 531 ullas
302 476 560 543 habebit,
605 478 878 549 quoniam
921 477 1112 532 nullus
1146 478 1381 533 alterius
1417 478 1625 549 judicis
1666 478 1771 533 nisi

143 572 218 625 sui
256 571 543 625 sententia
588 554 893 639 tenebitur,
940 576 1037 626 aut
1080 572 1465 641 damnabitur,
1518 573 1672 627 unde
1718 578 1774 628 et

144 664 410 718 Dominus
488 665 759 736 loquitur,
830 665 1024 719 dicens
1092 682 1104 719 :
1176 684 1202 716 ‹‹
1259 667 1337 719 Ne
1401 667 1774 738 transgredia-

141 759 212 811 ris
260 758 540 812 terminos
590 758 851 831 antiquos
904 776 1045 830 quos
1094 764 1415 831 posuerunt
1455 763 1645 832 patres
1692 760 1775 815 tui

142 854 306 906 ‘Pror.
356 870 496 919 xm,
528 854 638 923 28).
672 876 700 901 ν
748 853 945 907 Nullus
970 858 1161 909 autem
1198 854 1413 925 primas
1444 856 1526 909 vel
1571 857 1775 909 metro-

139 944 419 1017 politanus
474 946 777 1001 dioecesani
820 947 1123 1003 Ecclesium
1174 948 1261 1003 vel
1306 948 1626 1019 parochiam
1678 953 1776 1003 aut

139 1039 389 1111 aliquem
403 1040 477 1093 de
501 1041 622 1111 ejus
644 1041 909 1112 parochia
934 1046 1241 1113 praesumat
1259 1042 1772 1110 excommunicare,

139 1134 215 1187 vel
244 1133 543 1203 judicare,
574 1134 661 1188 vel
694 1134 906 1205 aliquid
937 1152 1109 1205 agere
1140 1135 1350 1207 absque
1393 1136 1514 1206 ejus
1544 1135 1775 1190 consilio

138 1227 214 1281 vel
239 1226 467 1296 judicio
494 1244 507 1293 ;
550 1228 649 1282 sed
692 1227 796 1283 hoc
838 1228 1118 1299 observet,
1146 1229 1298 1301 quod
1322 1230 1391 1283 ab
1419 1229 1689 1300 apostolis
1712 1246 1774 1283 ac

138 1320 392 1392 patribus
424 1324 488 1375 et
516 1321 1026 1392 praedecessoribus
1056 1322 1267 1377 nostris
1305 1327 1389 1377 est
1417 1326 1692 1378 statutum
1719 1326 1776 1377 et

139 1426 169 1462 a
195 1408 359 1463 nobis
389 1410 816 1481 confirmatum,
836 1410 911 1466 “id
952 1416 1035 1466 est
1081 1411 1125 1465 si
1154 1412 1283 1483 quis
1309 1413 1776 1483 metropolitanus

136 1503 450 1575 episcopus,
479 1505 586 1558 nisi
622 1504 776 1576 quod
804 1505 874 1559 ad
899 1521 1063 1559 suam
1105 1506 1459 1560 solummodo
1486 1506 1776 1578 propriam

136 1596 380 1668 pertinet
421 1599 757 1669 parochiam
808 1598 926 1654 sine
964 1599 1196 1654 consilio
1232 1616 1296 1653 ac
1324 1599 1615 1654 voluntate
1659 1616 1777 1654 om-

138 1690 289 1744 nium
323 1692 899 1762 comprovincialium
935 1693 1335 1764 episcoporum
1378 1698 1534 1748 extra
1559 1692 1776 1766 aliquid

138 1800 297 1855 agere
327 1786 665 1853 teutaverit,
696 1785 905 1856 gradus
950 1786 1038 1841 sui
1076 1786 1325 1857 periculo
1351 1787 1686 1858 subjacebit,
1720 1790 1776 1842 et
1796 1771 1851 1843 Β

134 1878 274 1948 quod
302 1880 522 1949 egerit,
552 1879 780 1933 irritum
806 1880 1084 1935 habeatur
1109 1887 1164 1935 et
1185 1896 1451 1936 vacuum.
1481 1880 1588 1936 Sed
1615 1881 1777 1952 quid-

134 1971 265 2042 quid
294 1973 374 2027 de
398 1972 834 2044 provincialium
855 1963 1319 2046 coepiscoporum
1341 1974 1523 2030 causis
1549 1991 1776 2030 eorum-

130 2081 241 2137 que
270 2066 643 2121 ecclesiarum
691 2070 748 2123 et
793 2067 1149 2139 clericorum,
1196 2072 1367 2140 atque
1415 2069 1774 2125 saecularium

130 2159 570 2215 necessitatibus
600 2177 791 2233 agere,
822 2167 921 2217 aut
956 2162 1280 2234 disponere,
1312 2178 1537 2219 necesse
1568 2163 1769 2233 fuerit,

132 2252 235 2307 hoc
285 2269 431 2308 cum
479 2254 741 2309 omnium
782 2271 1057 2311 consensu
1099 2256 1531 2327 provincialium
1574 2260 1775 2329 agatur

134 2346 497 2417 pontiﬁcum,
513 2365 620 2403 nec
640 2350 831 2421 aliquo
852 2350 1255 2405 dominationis
1273 2351 1439 2419 fastu,
1465 2351 1561 2406 sed
1574 2351 1777 2406 humil-

132 2441 257 2495 lima
280 2444 347 2496 et
367 2442 637 2497 concordi
668 2444 1176 2514 administratione,
1199 2444 1343 2500 sicut
1364 2445 1637 2500 Dominus
1657 2446 1735 2500 ait
1757 2462 1770 2500 :

135 2535 245 2589 Non
276 2536 420 2590 veni
451 2537 783 2608 ministrari,
817 2538 917 2593 sed
963 2538 1322 2607 ministrare;
1351 2543 1409 2594 et
1432 2539 1565 2594 alibi
1608 2556 1621 2594 :
1668 2539 1773 2604 Qui

132 2630 413 2700 majorem
442 2630 736 2699 virtutem,
768 2632 879 2686 erit
907 2632 1170 2689 minister
1205 2637 1407 2701 vester,
1447 2638 1502 2688 et
1534 2634 1771 2705 reliqua.

133 2722 411 2778 Similiter
436 2724 548 2796 ipsi
578 2726 1080 2797 comprovinciales
1112 2726 1361 2799 episcopi
1382 2744 1511 2782 cum
1533 2728 1612 2782 eis
1639 2744 1772 2781 con-

133 2816 243 2871 silio
272 2818 415 2885 (nisi
446 2822 729 2889 quantum
771 2820 843 2874 ad
887 2820 1149 2892 proprias
1177 2821 1427 2893 pertinet
1452 2821 1773 2892 parochias)

136 2918 297 2981 agant
369 2913 538 2982 juxta
605 2918 927 2968 sanctorum
998 2915 1303 2970 constituta
1361 2918 1609 2987 patrum,
1678 2915 1777 2987 qui

134 3005 391 3075 quamvis
417 3006 614 3078 aliquo
645 3011 970 3080 temporum
997 3008 1297 3064 intervallo
1328 3026 1430 3064 nos
1458 3010 1786 3064 antecesse?

136 3098 255 3168 rint,
278 3100 363 3153 ab
384 3115 508 3154 uno
528 3105 717 3156 tamen
737 3102 1052 3174 eodemque
1072 3103 1332 3175 puritatis
1346 3102 1503 3159 fonte
1522 3104 1777 3159 veritatis

136 3198 183 3246 et
205 3193 349 3248 ﬁdei
375 3194 580 3249 lumen
610 3195 938 3264 hauserunt,
963 3201 1021 3252 et
1035 3197 1237 3252 eodem
1257 3196 1598 3252 illustratore
1625 3201 1681 3253 et
1701 3198 1779 3253 di-

138 3292 345 3344 rectore
375 3279 612 3360 spiritu,
656 3289 915 3345 Ecclesiae
948 3291 1047 3345 Dei
1085 3291 1529 3347 stabilimentum
1572 3297 1628 3348 et
1653 3309 1776 3347 om-

140 3380 288 3436 nium
329 3381 799 3438 Christianorum
837 3400 1204 3440 communem
1253 3385 1598 3457 quaesierunt
1636 3386 1780 3442 utili-

139 3480 325 3546 tatem,
354 3479 420 3531 et
474 3492 587 3531 uno
615 3477 828 3545 animo,
884 3495 995 3533 uno
1053 3495 1149 3535 ore
1193 3479 1548 3536 concorditer
1584 3484 1778 3535 sancta

140 3568 494 3638 glorificatur
519 3570 764 3625 Trinitas
789 3572 850 3627 in
873 3573 1099 3630 saecula.

199 3665 398 3719 Nullus
428 3665 672 3737 primas,
717 3666 904 3721 nullus
946 3669 1436 3740 metropolitanus,
1480 3670 1780 3741 nullusque

142 3757 501 3831 reliquorum
548 3760 942 3832 episcoporum
989 3762 1219 3818 alterius
1262 3763 1427 3819 adeat
1472 3764 1776 3833 civitatem,

142 3855 226 3905 aut
249 3853 323 3907 ad
353 3854 781 3925 possessionem
808 3856 1037 3911 accedat
1056 3873 1184 3927 quae
1212 3857 1281 3925 ad
1300 3874 1431 3913 eum
1452 3874 1569 3913 non
1597 3858 1776 3931 perti-

144 3950 247 4011 net,
273 3952 331 4001 et
345 3946 593 4001 alterius
607 3946 851 4020 episcopi
864 3951 1243 4021 estparochiaa
1259 3968 1430 4023 super
1444 3954 1780 4024 cujusquam

145 4038 546 4112 dispositione,
570 4041 677 4095 nisi
693 4046 915 4098 vocatus
934 4044 1003 4098 ab
1025 4061 1090 4100 eo
1112 4046 1273 4117 cujus
1285 4046 1430 4117 juris
1445 4063 1563 4102 esse
1581 4046 1780 4118 digno-

144 4132 325 4205 scitur,
341 4134 639 4206 quidquid
663 4134 737 4190 ibi
761 4135 1037 4208 disponat,
1065 4140 1150 4194 vel
1172 4140 1414 4210 ordinet,
1435 4145 1533 4195 aut
1541 4140 1778 4211 judicet,

144 4226 185 4279 si
208 4229 293 4283 sui
323 4229 549 4301 gradus
596 4229 807 4285 honore
846 4232 1019 4303 potiri
1051 4233 1309 4289 voluerit.
1349 4234 1403 4289 Si
1442 4234 1608 4289 aliter
1630 4250 1777 4305 pras-

148 4324 472 4394 sumpserit,
491 4323 875 4379 damnabitur.
899 4327 965 4380 Et
984 4342 1099 4381 non
1121 4328 1305 4382 solum
1325 4328 1439 4397 ille,
1462 4328 1556 4383 sed
1576 4344 1778 4399 coope-

146 4418 352 4471 ratores
374 4422 561 4488 atque
577 4419 1016 4488 consentientes,
1046 4421 1179 4492 quia
1204 4421 1348 4475 sicut
1373 4422 1675 4491 ordinatio,
1704 4422 1783 4477 ita

1799 3146 1853 3220 C

1875 484 1991 533 tera
2012 477 2383 550 judicabitur.
2413 476 2685 532 Similiter
2715 482 2771 532 et
2797 477 2909 545 ille,
2947 477 2992 531 si
3024 478 3263 533 alteram
3306 481 3506 548 sponte

1875 572 2121 642 duxerit,
2150 571 2371 627 adulter
2397 570 2767 626 aastimabitur
2792 577 2848 626 et
2884 571 3287 625 communione
3326 571 3508 643 priva-

1874 666 2044 720 bitur.
2094 665 2148 722 Si
2196 669 2387 720 autem
2427 668 2754 736 persecutus
2793 664 2961 719 fuerit
2998 664 3053 719 in
3108 664 3369 734 Ecclesia,
3422 667 3508 719 fu-

1877 760 2149 831 giendum
2182 759 2260 813 illi
2300 762 2383 813 est
2418 758 2488 813 ad
2528 759 2761 813 alteram
2804 758 2967 829 eique
3009 758 3389 826 associandus,
3430 757 3512 813 di-

1876 859 2034 908 cente
2066 853 2301 909 Domino
2334 869 2347 907 :
2377 851 2436 907 Si
2493 852 2775 923 persecuti
2815 868 2913 905 vos
2942 851 3154 906 fuerint
3192 853 3253 906 in
3289 869 3403 907 una
3436 852 3512 906 ci-

1876 948 2065 1016 vitate,
2120 947 2300 1018 fugite
2352 946 2411 1000 in
2459 945 2649 1000 aliam.
2698 945 2754 1001 Si
2799 950 2991 1000 autem
3043 944 3296 1000 utilitatis
3339 962 3508 1001 causa

1874 1040 2046 1094 fuerit
2064 1040 2372 1095 mutandus
2399 1056 2517 1094 non
2547 1054 2650 1110 per
2675 1055 2732 1093 se
2759 1039 2865 1093 hoc
2911 1040 3063 1108 agat,
3106 1037 3201 1092 sed
3237 1038 3510 1093 fratribus

1876 1134 2243 1188 invitantibus
2270 1139 2328 1189 et
2354 1133 2689 1188 auctoritate
2717 1132 2888 1203 hujus
2909 1135 3117 1186 sanctae
3152 1131 3296 1186 sedis
3320 1132 3507 1201 faciat,

1876 1244 1990 1282 non
2015 1228 2257 1281 ambitus
2284 1244 2468 1296 causa,
2505 1225 2607 1280 sed
2635 1225 2911 1280 utilitatis.

1947 1320 2387 1391 Conjunctiones
2417 1323 2613 1374 autem
2640 1317 3194 1389 consanguineorum
3221 1317 3345 1373 ﬁeri
3371 1335 3508 1390 pro-

1876 1414 2088 1485 hibete,
2119 1414 2348 1486 quando
2369 1414 2473 1467 bas
2501 1418 2556 1467 et
2585 1413 2790 1468 divinae
2810 1417 2866 1467 et
2886 1412 3073 1467 saeculi
3103 1412 3413 1483 prohibent
3438 1414 3514 1467 le-

1878 1525 1993 1579 ges.
2023 1509 2199 1580 Leges
2226 1524 2361 1579 ergo
2390 1507 2596 1562 divina:
2636 1508 2756 1560 haec
2798 1510 3051 1577 agentes,
3092 1511 3148 1560 et
3190 1522 3286 1561 eos
3314 1507 3414 1578 qui
3442 1524 3510 1561 ex

1879 1602 1979 1669 eis,
2007 1602 2311 1673 prodeunt,
2341 1618 2455 1656 non
2482 1601 2671 1655 solum
2688 1600 2943 1670 ejiciunt,
2975 1599 3074 1653 sed
3102 1603 3158 1654 et
3184 1600 3510 1655 maledictos

1878 1697 2185 1767 appellant.
2216 1695 2391 1765 Leges
2422 1711 2559 1765 ergo
2591 1694 2781 1749 saeculi
2832 1692 3075 1749 infames
3112 1693 3249 1749 tales
3281 1696 3507 1762 vocant,

1876 1790 2024 1843 etab
2068 1789 2393 1845 haereditate
2435 1788 2737 1860 repellunt.
2783 1788 2891 1841 Nos
2917 1803 3046 1841 vere
3088 1791 3390 1858 sequentes
3413 1803 3515 1858 pa-

1875 1887 1989 1937 tres
2018 1885 2260 1950 nostros,
2291 1886 2347 1937 et
2371 1898 2568 1937 eorum
2595 1879 2841 1951 vestigiis
2872 1879 3235 1946 inhaerentes,
3271 1879 3510 1935 infamia

1876 1994 1969 2033 eos
1994 1980 2277 2045 notamus,
2324 1980 2379 2031 et
2420 1974 2656 2030 infames
2682 1989 2799 2028 esse
2843 1989 3157 2040 censemus,
3200 1972 3332 2044 quia
3368 1973 3508 2027 infa-

1875 2071 2007 2125 mia:
2035 2071 2270 2125 maculis
2301 2075 2431 2124 sunt
2457 2067 2693 2140 aspersi.
2728 2068 2841 2121 Nec
2862 2084 2956 2121 eos
2986 2066 3132 2121 viros
3161 2067 3248 2121 vel
3281 2082 3505 2121 accusa-

1874 2170 2023 2220 tores
2051 2181 2191 2237 quos
2216 2163 2374 2235 leges
2400 2161 2591 2217 saeculi
2614 2160 2881 2231 rejiciunt
2902 2159 3184 2231 suscipere
3214 2159 3503 2215 debemus.

1874 2259 2009 2323 Quis
2045 2258 2199 2313 enim
2229 2257 2447 2312 dubitat
2490 2257 2646 2325 leges
2685 2254 2962 2309 humanas
3001 2253 3205 2308 rationi
3233 2258 3289 2307 et
3338 2254 3511 2309 bone-

1876 2352 2006 2407 stati
2025 2368 2140 2407 non
2160 2351 2549 2423 repugnantes
2575 2365 2693 2404 esse
2715 2347 3173 2419 amplectendas?
3193 2346 3511 2418 praesertim

1876 2446 1974 2500 ubi
1999 2447 2084 2500 vel
2112 2444 2349 2516 publicae
2375 2444 2675 2498 consulunt
2719 2440 2968 2509 utilitati,
3009 2441 3095 2495 vel
3127 2439 3511 2495 ecclesiasticae

1878 2540 2167 2611 dignitatis
2186 2538 2574 2593 auctoritatem
2597 2534 2933 2601 defendunt,
2951 2550 3015 2588 ac
3038 2550 3143 2605 pro
3166 2532 3510 2589 adminiculo

1874 2634 2149 2689 tuentur?
2178 2634 2284 2686 Eos
2311 2633 2502 2685 autem
2524 2627 2981 2699 consanguineos
3009 2626 3276 2695 diximus,
3297 2644 3437 2699 quos
3453 2632 3512 2683 et

1877 2727 2079 2783 divinae
2100 2727 2529 2798 imperatorum,
2562 2740 2624 2778 ac
2641 2724 3055 2789 Romanorum,
3083 2724 3254 2792 atque
3285 2721 3508 2775 Graeco-

1878 2838 2007 2876 rum
2035 2822 2190 2892 leges
2216 2817 2667 2889 consanguineos
2684 2816 2995 2889 appellant,
3026 2820 3084 2870 et
3103 2814 3161 2869 in
3179 2813 3509 2870 haereditate

1878 2915 2214 2987 suscipiunt,
2246 2930 2346 2969 nec
2378 2913 2654 2985 repellere
2675 2913 2927 2983 possunt.
2963 2908 3186 2964 Talium
3210 2909 3367 2964 enim
3384 2924 3515 2964 con-

1870 3009 2213 3081 junctiones,
2246 3024 2350 3062 nec
2371 3005 2638 3078 legitimae
2666 3008 2818 3071 sunt,
2851 3018 2956 3058 nec
2984 3018 3216 3058 manere
3250 3005 3510 3074 possunt,

1878 3102 1975 3158 sed
2003 3105 2133 3157 sunt
2148 3100 2509 3173 repellendae,
2528 3104 2584 3154 et
2594 3099 2641 3152 si
2654 3114 2783 3170 quas
2802 3113 2942 3151 ausu
2960 3095 3264 3152 temerario
3277 3098 3513 3151 tentata:

1880 3196 2011 3267 sint,
2068 3195 2401 3251 auctoritate
2464 3191 2767 3266 apostolica
2811 3190 3203 3246 rescindendae
3251 3189 3509 3245 veniunt.

1879 3290 2141 3363 Quisquis
2166 3306 2304 3361 ergo
2334 3288 2434 3361 qui
2470 3304 2583 3343 non
2625 3289 2707 3342 est
2748 3284 2999 3357 legitime
3042 3284 3395 3356 conjunctus,
3428 3284 3515 3340 vel

1879 3386 2090 3457 absque
2122 3384 2298 3439 dotati
2323 3383 2509 3453 titulo,
2540 3399 2604 3437 ac
2631 3380 3025 3436 benedictione
3055 3378 3356 3434 sacerdotis
3381 3394 3516 3433 con-

1881 3482 1989 3533 stat
2007 3479 2317 3551 copulatus,
2348 3476 2662 3532 sacerdotes
2682 3474 2768 3530 vel
2788 3474 3039 3546 legitime
3059 3472 3395 3544 conjunctos
3412 3471 3515 3526 cri-

1882 3572 2111 3640 minari,
2136 3572 2223 3627 vel
2246 3572 2305 3625 in
2337 3586 2431 3625 eos
2450 3568 2735 3625 testificari
2764 3567 2981 3622 minine
3007 3570 3215 3639 potest,
3238 3564 3514 3638 quoniam

1882 3665 2070 3722 omnis
2099 3664 2297 3720 incesti
2326 3664 2545 3719 macula
2570 3663 2819 3734 pollutus
2859 3660 3086 3715 infamis
3124 3664 3225 3727 est,
3269 3662 3327 3715 et
3350 3675 3511 3715 accu-

1881 3776 2007 3815 sare
2034 3757 2388 3829 supradictus
2424 3772 2543 3811 non
2586 3753 2969 3826 permittitur;
3020 3769 3136 3807 non
3164 3753 3346 3806 solum
3375 3767 3512 3823 ergo

1882 3853 1941 3908 hi
1970 3850 2263 3924 rejiciendi
2294 3854 2444 3918 sunt,
2478 3851 2535 3904 et
2560 3848 2802 3903 infames
2827 3844 3174 3914 efﬁciuntur,
3207 3844 3309 3899 sed
3335 3843 3513 3898 etiam

1883 3963 2081 4003 omnes
2096 3944 2175 4001 eis
2199 3943 2635 3999 consentientes.
2663 3939 2940 3996 Similiter
2961 3938 3033 3993 de
3055 3937 3397 4009 raptoribus,
3423 3937 3514 3991 vel

1882 4041 1961 4097 eis
1988 4039 2087 4112 qui
2117 4038 2365 4094 seniores
2404 4037 2691 4108 impetunt
2723 4033 2845 4089 fieri
2889 4048 3204 4088 censemus.
3234 4033 3347 4086 Hos
3376 4046 3514 4103 ergo

1882 4135 2074 4190 saeculi
2085 4135 2242 4205 leges
2260 4130 2621 4198 interﬁciunt,
2635 4128 2735 4183 sed
2748 4144 2850 4183 nos
2860 4125 3243 4182 misericordia
3258 4140 3514 4197 praeeun-

1884 4233 1938 4284 te
1954 4229 2059 4283 sub
2078 4226 2331 4282 infamia:
2346 4230 2482 4281 nota
2494 4224 2564 4279 ad
2582 4221 2975 4295 paenitentiam
2993 4219 3319 4291 recipimus,
3332 4218 3516 4290 ipsam

1882 4338 2106 4396 quoque
2127 4320 2425 4376 infamiam
2445 4335 2555 4390 qua
2571 4321 2703 4371 sunt
2716 4315 2950 4387 aspersi,
2977 4313 3164 4368 delere
3188 4329 3302 4368 non
3323 4328 3517 4385 possu-

1882 4435 2031 4484 mus,
2053 4416 2147 4472 sed
2160 4416 2375 4471 animas
2388 4427 2585 4467 eorum
2606 4426 2707 4483 per
2721 4407 3117 4481 paenitentiam
3136 4407 3438 4478 publicam,
3459 4407 3518 4461 et

147 4507 219 4569 Eis
244 4512 302 4564 et
322 4505 631 4582 judicatio,
655 4515 710 4566 et
726 4512 963 4568 aliarum
985 4530 1176 4569 rerum
1206 4514 1496 4587 dispositio
1522 4517 1783 4588 prohibe-
1802 4524 1862 4598 D
1884 4512 2140 4568 Ecclesiae
2190 4505 2632 4564 satisfactionem
2679 4519 2875 4558 sanare
2908 4501 3189 4573 cupimus,
3239 4500 3376 4572 quia
3400 4516 3517 4554 ma-

149 4607 251 4657 tur.
267 4605 416 4659 Nam
433 4606 536 4676 qui
551 4606 814 4662 ordinare
828 4625 943 4662 non
964 4609 1193 4681 poterit,
1216 4610 1456 4682 qualiter
1468 4610 1784 4681 judicabit?

149 4694 478 4754 Nullatenus
488 4700 865 4772 proculdubio
880 4702 1159 4773 judicabit
1176 4707 1276 4759 aut
1278 4704 1536 4776 judicare
1552 4706 1782 4778 poterit,

149 4792 425 4860 quoniam
444 4794 592 4848 sicut
611 4795 841 4851 alterius
861 4813 1021 4865 uxor,
1043 4814 1147 4853 nec
1163 4798 1471 4853 adulterari
1484 4799 1553 4853 ab
1573 4799 1783 4872 aliquo,

150 4885 227 4938 vel
246 4886 527 4956 judicari,
562 4893 661 4942 aut
688 4888 936 4961 disponi,
982 4892 1092 4946 nisi
1122 4909 1156 4946 a
1199 4893 1430 4963 proprio
1465 4892 1585 4947 viro
1612 4911 1679 4949 eo
1705 4893 1783 4947 vi-

152 4984 304 5035 vente
335 4982 717 5053 permittitur,
762 4984 841 5038 sic
892 5001 997 5040 nec
1034 5002 1176 5040 uxor
1213 4987 1462 5059 episcOpi
1506 5004 1635 5059 quae
1666 4986 1787 5058 ejus

151 5071 392 5129 Ecclesia
419 5077 507 5131 vel
540 5078 812 5149 parocbia
838 5078 1227 5135 indubitanter
1250 5081 1612 5153 intelligitur,
1638 5081 1789 5137 covi-

154 5174 307 5224 vente
336 5169 562 5244 absque
588 5172 711 5243 ejus
724 5172 939 5243 judicio
964 5177 1020 5228 et
1048 5175 1332 5229 voluntate
1358 5174 1520 5231 alteri
1538 5175 1790 5247 judicari

151 5263 233 5317 vel
256 5263 511 5337 disponi,
546 5269 645 5319 aut
673 5266 797 5337 ejus
837 5266 1144 5323 concubitu
1173 5268 1306 5336 frui,
1336 5268 1395 5324 id
1434 5272 1519 5324 est
1558 5268 1786 5324 ordina-

154 5355 321 5427 tione,
368 5359 700 5415 nullatenus
738 5362 1087 5432 conceditur,
1131 5361 1281 5417 undc
1318 5361 1397 5417 ait
1442 5364 1786 5434 Apostolus:

156 5449 399 5523 Alligata
446 5457 537 5508 est
581 5471 730 5510 uxor
767 5455 881 5527 legi
925 5456 1183 5528 quandiu
1223 5455 1309 5511 vir
1354 5456 1476 5528 ejus
1520 5456 1673 5525 vivit,
1726 5474 1793 5513 eo

159 5558 281 5599 vero
331 5546 624 5619 defuncto,
669 5549 851 5606 soluta
884 5554 969 5606 est
1010 5569 1043 5606 a
1080 5552 1206 5623 lege
1245 5549 1371 5606 viri.
1414 5550 1688 5606 Similiter
1739 5556 1794 5607 et

159 5652 367 5710 sponsa
390 5642 634 5716 episcopi
655 5642 808 5716 (quia
834 5661 1042 5717 sponsa
1061 5661 1207 5701 uxor
1238 5646 1362 5718 ejus
1381 5644 1588 5700 dicitur
1613 5645 1796 5701 Eccle‘

163 5732 251 5803 sia)
276 5735 385 5791 illo
416 5737 639 5793 vivente
667 5738 720 5793 ei
744 5743 828 5794 est
856 5739 1105 5813 alligata.
1135 5742 1212 5815 Eo
1238 5757 1372 5796 vero
1387 5740 1678 5808 defuncto,
1698 5756 1792 5796 so-

161 5824 275 5885 luta
300 5832 418 5902 est,
447 5832 536 5887 cui
562 5832 808 5890 voluerit
837 5833 1016 5891 nubat
1040 5838 1267 5893 tantum
1288 5835 1348 5892 in
1364 5834 1694 5908 Domino,id
1712 5840 1796 5893 est

1884 4606 2090 4662 nifesta
2133 4606 2362 4675 peccata
2409 4616 2527 4655 non
2570 4604 2702 4654 sunt
2748 4597 2965 4653 occulta
2999 4594 3345 4650 correctione
3384 4610 3516 4666 pure

1887 4698 2090 4772 ganda.
2119 4698 2326 4753 Omnes
2366 4710 2505 4766 ergo
2534 4693 2632 4765 qui
2659 4692 2718 4746 in
2747 4693 2902 4745 recta
2944 4688 3056 4743 ﬁde
3086 4687 3333 4759 suspecti
3359 4692 3512 4757 sunt,

1884 4794 1943 4849 in
1968 4792 2320 4847 accusatione
2347 4788 2702 4844 sacerdotum
2740 4789 2795 4840 et
2832 4799 3031 4839 eorum
3067 4798 3238 4854 super
3272 4797 3517 4853 quorum

1885 4888 1995 4943 ﬁde
2016 4904 2130 4941 non
2155 4884 2466 4954 btesitatur,
2496 4880 2733 4935 minime
2767 4876 3137 4949 recipiantur,
3167 4879 3225 4931 et
3268 4874 3329 4929 in
3358 4874 3513 4930 testi-

1886 4980 2078 5038 monio
2098 4981 2347 5036 humano
2361 4974 2520 5031 dubii
2536 4974 2884 5030 habeantur.
2903 4969 3182 5026 Inﬁrmari
3203 4985 3341 5040 ergo
3357 4985 3520 5041 opor-

1888 5078 1971 5132 tet
1998 5091 2196 5131 eorum
2217 5087 2415 5128 vocem
2444 5071 2512 5125 de
2541 5085 2790 5141 quorum
2832 5066 2941 5120 ﬁde
2970 5064 3279 5131 dubitatur,
3307 5079 3412 5119 nec
3438 5063 3520 5118 eis

1889 5170 2120 5227 omnino
2151 5183 2269 5223 esse
2298 5163 2649 5221 credendum
2670 5161 2767 5234 qui
2800 5162 3012 5215 rectam
3039 5157 3516 5229 ﬁdemignoraut.

1887 5262 2271 5331 Quaerendum
2303 5262 2388 5315 est
2426 5274 2565 5330 ergo
2590 5256 2648 5311 in
2675 5252 2909 5327 judicio,
2943 5252 3103 5324 cujus
3128 5251 3199 5306 sit
3222 5266 3516 5306 conversa-

1888 5358 2063 5415 tionis
2093 5361 2151 5412 et
2194 5353 2327 5409 ﬁdei
2365 5352 2412 5407 is
2455 5350 2555 5423 qui
2597 5352 2837 5415 accusat,
2883 5352 2940 5403 et
2976 5346 3023 5401 is
3069 5346 3171 5417 qui
3205 5346 3515 5409 accusatur,

1890 5451 2162 5526 quoniam
2179 5448 2239 5503 bi
2251 5446 2349 5520 qui
2360 5462 2478 5502 non
2491 5445 2625 5499 sunt
2637 5446 2807 5497 rectas
2829 5436 3274 5495 conversationis
3286 5452 3351 5491 ac
3365 5433 3517 5503 ﬁdei,

1892 5549 1949 5603 et
1972 5560 2220 5618 quorum
2242 5542 2357 5598 vita
2381 5543 2465 5596 est
2489 5535 2816 5594 accusabilis
2835 5550 2950 5590 non
2968 5531 3380 5605 permittuntur
3393 5543 3517 5582 ma-

1884 5642 2040 5715 jores
2058 5644 2200 5695 natu
2226 5650 2507 5702 accusare,
2540 5648 2645 5688 nec
2668 5644 2914 5704 quorum
2944 5626 3101 5694 fides,
3131 5624 3244 5680 vita
3268 5627 3325 5679 et
3347 5622 3519 5679 liber-

1890 5738 1976 5791 tas
2001 5733 2271 5801 nescitur,
2292 5745 2480 5803 neque
2506 5726 2646 5783 viles
2659 5738 2919 5798 personae
2940 5721 3001 5777 in
3029 5734 3227 5776 eorum
3244 5716 3525 5793 recipiun-

1892 5833 1987 5887 tur
2014 5825 2449 5887 accusationem.
2496 5818 2784 5879 Rimandae
2826 5831 2957 5872 vero
3004 5819 3134 5873 sunt
3183 5814 3527 5874 enucleatim
