4026 6166
549 227 650 279 135

1433 218 1718 272 Al’PEND.
1757 217 1846 272 ΑΙ)
1883 219 2042 272 SEC.
2086 217 2173 270 1X.
2202 245 2269 253 —
2310 214 2554 270 ISIDORI
2592 212 3019 272 MERCATORIS

3796 219 3883 270 136

545 345 801 404 persona
825 332 1231 394 accusatorum,
1261 343 1387 398 qua
1415 328 1535 382 sine
1565 327 1771 398 scripto
1798 327 2047 397 difﬁcile,
2077 345 2178 398 per
2198 338 2256 411 Α
2278 325 2582 395 credimus,
2603 330 2842 393 testante
2873 326 3110 382 Domino
3142 341 3246 397 per
3271 325 3611 396 prOphetam
3643 340 3658 378 :
3695 346 3720 371 ‹‹
3745 324 3883 378 Nun-

545 425 818 496 scriptum
843 427 1032 476 autem
1052 438 1350 492 nunquam
1377 421 1742 493 recipiantur,
1767 421 1898 492 quia
1918 437 2019 493 per
2039 421 2173 474 scri-

545 523 774 590 pturam
800 516 988 570 nullus
1017 532 1278 569 accusare
1301 517 1389 569 vel
1418 516 1668 570 accusari
1689 519 1895 585 potest,
1932 515 2025 569 sed
2043 531 2174 585 pro-

544 611 668 683 pria
680 627 812 666 voce
825 615 880 664 et
899 615 1180 681 prasente
1195 626 1262 664 eo
1279 626 1450 680 quem
1463 626 1725 664 accusare
1738 608 2001 678 voluerit,
2018 625 2176 661 suam

543 705 786 776 quisque
829 707 965 773 agat
1003 702 1447 772 accusationem,
1487 719 1589 758 nec
1631 702 1864 756 absente
1908 719 1974 755 eo
2004 718 2177 773 quem

544 813 811 854 accusare
858 796 1116 865 voluerit,
1174 796 1496 867 quicunque
1543 800 1835 850 accusator
1895 795 2173 850 credatur.

544 891 820 948 Similiter
836 893 1006 945 testes
1023 905 1124 961 per
1144 905 1542 962 quamcunque
1567 890 1905 960 scripturam
1928 889 2178 944 testimo-

543 986 705 1040 nium
731 1001 846 1039 non
886 983 1196 1055 proferant,
1235 983 1331 1038 sed
1373 988 1682 1054 prasentes
1719 983 1789 1037 de
1821 983 1908 1036 his
1939 999 2065 1053 qua
2093 982 2174 1035 vi-

545 1079 754 1133 derunt
789 1082 846 1133 et
875 1080 1174 1145 noverunt,
1217 1077 1490 1132 veraciter
1532 1077 1922 1132 testimonium
1965 1076 2172 1130 dicant.

542 1173 656 1225 Nec
685 1171 755 1225 de
783 1170 906 1226 aliis
937 1170 1118 1225 causis
1145 1172 1232 1226 vel
1262 1170 1507 1242 negotiis
1537 1170 1729 1225 dicant
1757 1169 2172 1239 testimonium,

541 1263 651 1320 nisi
683 1264 752 1319 de
778 1263 866 1318 his
890 1281 1020 1335 qua
1051 1263 1155 1318 sub
1183 1264 1489 1335 praesentia
1518 1280 1719 1318 eorum
1760 1268 1884 1318 acta
1919 1279 2038 1317 esse
2067 1280 2174 1317 no-

545 1360 797 1412 scuntur.
816 1360 1182 1413 Accusatores
1203 1375 1332 1413 vero
1353 1357 1762 1428 consanguinei
1783 1357 2051 1411 adversus
2080 1373 2174 1410 ex-

542 1456 768 1506 traneos
799 1451 1194 1506 testimonium
1221 1467 1339 1506 non
1369 1451 1578 1520 dicant,
1621 1467 1729 1504 nec
1753 1450 2062 1504 familiares
2088 1451 2172 1504 vel

546 1545 616 1600 de
667 1545 840 1600 domo
884 1545 1264 1616 prodeuntes,
1317 1545 1416 1598 sed
1471 1543 1518 1597 si
1571 1544 1876 1611 voluerint,
1933 1549 1990 1598 et
2031 1543 2173 1597 invi-

545 1655 668 1695 cem
722 1637 1132 1708 consenserint,
1178 1637 1331 1692 inter
1371 1653 1430 1692 se
1480 1640 1743 1708 parentes
1783 1638 2175 1692 tantummodo

2277 421 2410 492 quid
2439 420 2536 492 qui
2566 421 2715 475 cadit
2737 437 2850 474 non
2889 421 3117 490 adjiciet
3145 425 3204 474 ut
3234 423 3514 489 resurgat,
3545 420 3600 472 et
3627 418 3722 488 qui
3743 435 3884 472 aver-

2279 532 2370 568 sus
2392 521 2492 586 est,
2516 532 2628 568 non
2653 515 3009 569 revertetur?
3031 514 3156 585 (Jer.
3187 496 3304 582 νιιιξ
3323 512 3401 580 4.)
3424 533 3450 560 ››
3475 513 3541 566 Et
3556 511 3688 565 alibi
3712 528 3724 564 :
3747 512 3885 578 Nolo,

2275 609 2462 680 inquit
2487 609 2773 673 Dominus,
2806 613 3048 662 mortem
3088 606 3418 679 peccatoris,
3454 606 3550 660 sed
3587 609 3648 658 ut
3672 621 3887 659 conver-

2279 706 2429 756 tatur
2459 705 2514 757 et
2532 702 2701 757 vivat.
2726 703 2793 755 Et
2810 702 3088 773 propheta
3108 701 3283 755 David
3303 699 3690 770 paenitentiam
3709 715 3888 768 agens,

2279 796 2420 850 dixit
2447 813 2460 849 :
2495 817 2522 844 ‹‹
2553 796 2748 850 Redde
2779 795 2919 849 mihi
2965 795 3221 850 laetitiam
3265 793 3525 848 salutaris
3562 793 3666 858 tui,
3698 795 3758 846 et
3791 793 3888 862 spi-

2278 889 2390 944 ritu
2427 889 2725 960 principali
2767 889 3039 943 confirma
3091 906 3183 943 me
3231 888 3400 958 (Psal.
3449 903 3498 955 L,
3556 886 3659 956 14).
3716 906 3742 934 ››
3789 886 3892 954 Ipse

2278 1000 2520 1054 namque
2545 987 2669 1054 post
2698 983 3088 1052 paenitentiam
3116 986 3172 1036 et
3203 981 3346 1035 alios
3377 979 3588 1048 docuit,
3622 982 3679 1033 et
3706 977 3892 1032 sacrifi-

2278 1077 2426 1132 cium
2447 1079 2559 1132 Deo
2580 1077 2800 1143 obtulit,
2825 1076 2966 1130 dans
2987 1076 3315 1146 exemplum
3351 1072 3680 1128 doctoribus
3705 1077 3892 1126 sanctae

2277 1171 2556 1237 Ecclesia,
2585 1171 2629 1224 si
2655 1171 2795 1240 lapsi
2821 1171 3034 1224 fuerint
3059 1175 3114 1224 et
3139 1169 3485 1239 condignam
3512 1165 3896 1239 panitentiam

2278 1267 2393 1319 Deo
2425 1264 2721 1335 gesserint,
2767 1267 3074 1334 utrumque
3105 1263 3286 1317 facere
3314 1278 3498 1334 posse.
3530 1259 3730 1314 Docuit
3760 1258 3895 1312 enim

2276 1359 2504 1431 quando
2525 1358 2667 1412 dixit
2689 1375 2702 1412 :
2731 1378 2758 1406 «
2780 1357 3001 1411 Docebo
3017 1357 3243 1429 iniquos
3262 1356 3378 1410 vias
3397 1359 3544 1420 tuas,
3567 1359 3624 1408 et
3651 1351 3816 1423 impii
3836 1351 3894 1405 ad

2278 1457 2333 1507 te
2364 1457 2764 1507 convertentur
2786 1452 2966 1522 (Ibid.,
3003 1453 3105 1522 15).
3140 1474 3167 1499 ››
3207 1452 3272 1504 Et
3301 1448 3635 1504 sacrificium
3661 1448 3783 1501 Deo
3808 1463 3895 1518 pro

2278 1563 2335 1602 se
2368 1545 2571 1601 obtulit
2611 1545 2749 1599 dum
2785 1544 3005 1598 dicebat
3035 1561 3047 1598 :
3085 1565 3113 1593 «
3151 1541 3498 1598 Sacrificium
3532 1542 3648 1595 Deo
3677 1539 3897 1610 spiritus

2277 1639 2685 1694 contribulatus
2707 1639 2890 1709 (Ibid.,
2917 1637 3022 1709 19).
3046 1660 3072 1687 ››
3089 1637 3301 1691 Videns
3327 1636 3480 1692 enim
3495 1634 3783 1706 propheta
3796 1649 3896 1688 sce-

542 1732 936 1799 testiﬁcentur,
958 1737 1016 1786 et
1035 1748 1153 1786 non
1171 1731 1230 1785 in
1248 1731 1410 1786 alios.
1435 1732 1545 1785 Nec
1566 1736 1910 1785 accusatores
1941 1730 2056 1803 31
2089 1732 2174 1786 vel
2196 1710 2253 1782 B
2279 1736 2393 1788 lera
2409 1750 2506 1787 sua
2521 1732 2797 1787 mundata
2813 1749 2917 1802 per
2937 1731 3346 1803 paenitentiam,
3361 1746 3477 1784 non
3487 1727 3769 1784 dubitavit
3780 1743 3898 1798 pra-

544 1829 712 1882 testes
748 1825 992 1898 suspecti
1038 1825 1408 1896 recipiantur,
1454 1825 1590 1895 quia
1636 1825 2077 1896 propinquitatis
2121 1829 2180 1878 et

540 1919 960 1988 familiaritatis,
1023 1935 1088 1972 ac
1144 1918 1552 1973 dominationis
1606 1918 1829 1974 affectio
1884 1919 2177 1974 veritatem

538 2013 819 2085 impedire
855 2014 1022 2082 solet,
1060 2028 1223 2066 amor
1261 2013 1500 2066 carnalis
1539 2017 1596 2067 et
1620 2013 1790 2067 timor
1825 2018 1998 2084 atque
2045 2029 2175 2066 ava-

540 2107 673 2162 ritia
699 2107 1038 2177 plerumque
1072 2122 1268 2160 sensus
1307 2106 1582 2160 hebetant
1619 2106 1922 2176 humanos,
1961 2109 2017 2160 et
2050 2123 2174 2177 per-

540 2203 772 2254 vertunt
801 2198 1119 2269 opiniones,
1163 2201 1227 2251 ut
1256 2201 1537 2269 quastum
1566 2199 1835 2269 pietatem
1871 2203 2092 2270 putent,
2124 2202 2180 2254 et

540 2291 844 2366 pecuniam
873 2291 1038 2362 quasi
1077 2291 1402 2346 mercedem
1432 2292 1772 2363 prudentia.
1805 2293 1984 2347 Nemo
2020 2293 2177 2347 enim

541 2387 601 2440 in
633 2387 761 2441 dolo
791 2386 1061 2457 loquatur
1086 2386 1156 2440 ad
1186 2385 1493 2456 proximun
1534 2402 1723 2452 suum,
1762 2386 1925 2440 fovea
1955 2387 2069 2440 alta
2094 2390 2179 2441 est

544 2497 606 2535 os
627 2479 905 2548 malevoli,
926 2479 1200 2535 innocens
1230 2480 1368 2534 dum
1398 2479 1576 2534 credit
1606 2479 1788 2547 facile,
1822 2479 1930 2533 cito
1950 2479 2173 2535 labitur.

542 2575 650 2631 Sed
678 2573 780 2630 iste
813 2575 1001 2645 lapsus
1038 2573 1238 2645 surgit,
1281 2576 1338 2629 et
1371 2573 1771 2644 tergiversator
1809 2573 1924 2627 suis
1963 2573 2177 2628 artibus

539 2669 950 2741 praecipitatur,
981 2667 1135 2723 unde
1165 2683 1460 2739 nunquam
1500 2667 1717 2721 exsiliat
1745 2671 1917 2738 atque
1958 2668 2173 2722 evadat.

539 2762 820 2818 Ponderet
876 2778 1014 2833 ergo
1076 2760 1462 2833 unusquisque
1523 2777 1816 2816 sermones
1877 2777 2009 2816 suos
2041 2804 2054 2829 ,
2121 2765 2178 2816 et

540 2855 693 2928 quod
740 2855 846 2910 sibi
900 2855 1055 2926 loqui
1125 2871 1241 2909 non
1300 2855 1440 2923 vult,
1509 2855 1672 2910 alteri
1721 2871 1839 2910 non
1886 2855 2171 2927 loquatur,

541 2949 692 3004 unde
752 2948 899 3003 bene
957 2964 1116 3002 sacra
1175 2947 1257 3001 ait
1313 2947 1604 3018 Scriptura
1663 2964 1676 3000 :
1747 2968 1774 2997 «
1840 2949 1997 3011 Quod
2074 2947 2174 3003 tibi

540 3059 657 3098 non
683 3041 767 3096 vis
797 3040 944 3104 fieri,
986 3040 1149 3096 alteri
1196 3057 1267 3095 ne
1290 3040 1516 3095 feceris.
1543 3062 1569 3089 »
1594 3041 1704 3095 Nos
1731 3040 1885 3095 enim
1909 3046 2172 3112 tempore

539 3136 883 3207 indigemus,
914 3137 975 3189 ut
1000 3135 1217 3206 aliquid
1249 3135 1530 3189 maturius
1557 3150 1811 3206 agamus,
1843 3151 1946 3190 nec
1971 3135 2171 3206 praci-

540 3229 790 3302 pitemus
829 3227 1064 3283 consilia
1117 3231 1176 3282 et
1208 3244 1378 3299 opera
1424 3231 1636 3295 nostra,
1688 3244 1873 3300 neque
1914 3229 2172 3284 ordinem

541 3338 994 3395 corrumpamus.
1018 3321 1125 3376 Sed
1144 3320 1188 3374 si
1213 3320 1420 3392 aliquis
1436 3321 1628 3392 lapsus
1645 3337 1986 3393 quocunque
2006 3323 2174 3378 modo

539 3416 714 3473 fuerit
738 3432 856 3471 non
885 3414 1199 3487 perdamus
1228 3430 1381 3484 eum,
1413 3414 1510 3470 sed
1535 3415 1784 3470 fraterno
1804 3415 2174 3487 corripiamus

539 3509 765 3579 affectu,
811 3509 955 3564 sicut
999 3508 1078 3564 ait
1112 3508 1308 3564 beatus
1349 3509 1694 3580 Apostolus:
1732 3531 1760 3559 ‹‹
1802 3509 1860 3564 Si
1893 3527 2174 3581 praoccu—

539 3607 705 3676 patus
731 3602 906 3658 fuerit
939 3602 1112 3657 homo
1159 3602 1218 3657 in
1244 3602 1434 3674 aliquo
1461 3602 1683 3673 delicto,
1724 3619 1840 3673 vos,
1881 3604 1980 3676 qui
2007 3603 2171 3676 spiri-

540 3697 724 3753 tuales
757 3696 912 3767 estis,
945 3695 1206 3752 instruite
1234 3696 1558 3768 hujusmodi
1585 3697 1643 3751 in
1681 3696 1882 3769 spiritu
1907 3698 2172 3771 lenitatis,

541 3790 908 3848 considerans
935 3789 1181 3862 teipsum
1211 3806 1283 3845 ne
1315 3793 1374 3844 et
1397 3795 1460 3845 tu
1485 3791 1739 3860 tenteris,
1771 3792 1915 3846 alter
1939 3791 2175 3848 alterius

541 3901 718 3942 onera
765 3887 1016 3956 portate,
1064 3890 1120 3940 et
1167 3885 1246 3939 sic
1299 3883 1678 3955 adimplebitis
1734 3885 1920 3955 legem
1969 3885 2175 3941 Christi

543 3980 685 4051 (Gal.
713 3995 788 4046 v1,
823 3983 873 4046 1,
902 3978 978 4049 2.)
1010 3999 1038 4028 »
1068 3979 1244 4032 Porro
1274 3980 1502 4032 sanctus
1528 3977 1707 4032 David
1747 3978 1816 4032 de
1845 3978 2178 4034 criminibus

540 4070 848 4130 mortiferis
890 4069 1006 4140 egit
1045 4069 1462 4140 paenitentiam,
1509 4071 1568 4122 et
1611 4074 1805 4124 tamen
1852 4070 1910 4124 in
1953 4071 2174 4127 honore

541 4162 883 4237 permansit.
913 4162 1116 4216 Beatus
1144 4178 1374 4234 quoque
1395 4165 1591 4218 Petrus
1605 4163 1979 4219 amarissimas
2000 4165 2176 4238 lacry-

543 4274 669 4314 mas
695 4255 844 4312 fudit
877 4255 1106 4327 quando
1147 4255 1451 4310 Dominum
1490 4272 1728 4327 negasse
1760 4257 2041 4329 paenituit,
2076 4259 2176 4315 sed

543 4357 742 4408 tamen
770 4348 1057 4422 apostolus
1097 4349 1427 4421 permansit.
1466 4351 1535 4405 Et
1573 4349 1850 4407 Dominus
1890 4369 1993 4424 per
2038 4370 2173 4426 pro-

2279 1828 2538 1893 dicando,
2575 1813 2892 1882 et'Domino
2918 1825 3141 1880 libando
3168 1841 3364 1878 curare
3385 1823 3589 1878 aliena.
3617 1822 3900 1892 Lacryma-

2278 1938 2409 1976 rum
2436 1937 2573 1990 ergo
2616 1919 2812 1975 effusio
2851 1923 3038 1974 movet
3075 1918 3251 1972 animi
3297 1917 3641 1989 passionem.
3684 1915 3900 1971 Satisfe-

2279 2015 2464 2070 ctione
2493 2018 2686 2068 autem
2719 2013 2954 2084 impleta
2997 2011 3270 2067 avertitur
3303 2011 3526 2065 animus
3553 2009 3623 2064 ab
3663 2009 3786 2078 ira;
3816 2008 3900 2080 qui

2280 2109 2433 2163 enim
2463 2125 2578 2162 non
2605 2107 2846 2178 ignoscit
2860 2105 3042 2173 alteri,
3066 2105 3350 2177 quomodo
3378 2104 3512 2158 sibit
3530 2107 3698 2174 putat
3718 2102 3902 2156 subve-

2277 2202 2426 2257 niri?
2447 2201 2924 2272 Superabundant
2953 2217 3089 2271 ergo
3121 2203 3366 2271 peccata,
3399 2197 3830 2270 superabundet
3855 2201 3902 2250 et

2277 2295 2687 2351 misericordia.
2708 2294 2994 2358 Quoniam
3005 2293 3158 2365 apud
3173 2293 3477 2348 Dominum
3495 2289 3899 2354 misericordia,

2279 2394 2337 2444 ct
2361 2389 2583 2462 cepiosa
2609 2388 2759 2460 apud
2787 2405 2920 2443 eum
2947 2387 3296 2459 redemptio;
3327 2401 3503 2458 penes
3533 2383 3691 2440 enim
3725 2383 3901 2438 Domi-

2279 2500 2418 2537 num
2443 2482 2700 2538 omnium
2726 2481 3073 2536 abundantia
3109 2486 3213 2548 est,
3241 2480 3376 2551 quia
3410 2477 3688 2533 Dominus
3737 2477 3902 2532 virtu-

2279 2580 2403 2632 tum
2455 2577 2576 2648 ipse
2631 2580 2717 2632 est
2777 2591 2877 2630 rex
2935 2575 3181 2646 gloria;
3239 2574 3319 2628 ait
3356 2573 3509 2628 enim
3565 2571 3899 2643 Apostolus:

2279 2693 2308 2722 ‹‹
2339 2671 2552 2726 Omnes
2576 2673 2952 2742 peccaverunt
2980 2673 3035 2723 et
3060 2671 3232 2739 egent
3259 2667 3446 2739 gloria
3476 2666 3595 2733 Dei,
3616 2664 3905 2737 justiﬁcati

2277 2766 2450 2836 gratis
2469 2781 2572 2836 per
2593 2763 2838 2836 gratiam
2857 2763 3053 2834 ipsius,
3076 2778 3178 2833 per
3197 2760 3658 2832 redemptionem
3681 2775 3817 2830 qua
3833 2763 3906 2814 est

2275 2859 2334 2913 in
2380 2859 2602 2914 Christo
2639 2859 2788 2928 Jesu,
2833 2873 3005 2928 quem
3039 2856 3335 2928 proposuit
3377 2855 3526 2908 Deus
3567 2852 3904 2924 propitiato-

2274 2969 2422 3022 rem,
2449 2968 2554 3024 per
2578 2952 2752 3006 fidem
2781 2951 2841 3005 in
2876 2950 3157 3022 sanguine
3199 2949 3377 3020 ipsius
3413 2948 3488 3002 ad
3524 2946 3904 3002 ostensionem

2267 3047 2502 3121 justitia
2532 3063 2649 3102 sua
2667 3050 2904 3117 propter
2921 3043 3317 3098 remissionem
3338 3041 3795 3113 pracedentium
3813 3041 3906 3095 de-

2272 3140 2633 3208 lictorum,in
2660 3138 3132 3194 sustentationem
3157 3137 3274 3205 Dei,
3301 3135 3372 3191 ad
3398 3134 3786 3190 ostensionem
3801 3135 3907 3205 jus-

2272 3236 2412 3290 titia
2444 3235 2564 3305 ejus
2594 3233 2651 3287 in
2671 3233 2778 3288 hoc
2803 3237 3077 3303 tempore,
3103 3235 3170 3285 ut
3191 3230 3265 3284 sit
3292 3229 3410 3301 ipse
3423 3229 3611 3300 justus
3625 3233 3686 3283 et
3698 3227 3907 3300 justiﬁ-

2273 3345 2408 3384 cans
2432 3343 2563 3382 eum
2601 3325 2701 3398 qui
2730 3342 2792 3380 ex
2831 3324 2946 3379 ﬁde
2987 3329 3074 3379 est
3107 3325 3236 3378 Jesu
3273 3322 3481 3378 Christi
3520 3323 3689 3392 (Rom.
3731 3338 3815 3390 ur,
3846 3324 3901 3376 2t

2273 3428 2321 3478 et
2350 3421 2481 3492 seq.)
2512 3442 2539 3471 ››
2570 3419 2738 3474 David
2760 3418 2916 3473 enim
2941 3418 3080 3473 dicit
3109 3435 3122 3472 :
3160 3439 3188 3467 «
3219 3416 3370 3472 Beati
3389 3431 3636 3488 quorum
3657 3415 3910 3470 remissa

2274 3519 2408 3571 sunt
2449 3514 2796 3586 iniquitates,
2829 3517 2886 3567 et
2930 3527 3179 3584 quorum
3219 3514 3368 3566 tecta
3409 3513 3542 3564 sunt
3582 3515 3842 3580 peccata.
3880 3530 3905 3557 υ

2273 3609 2572 3665 Mundatur
2606 3624 2744 3679 ergo
2780 3607 2953 3661 homo
2992 3623 3026 3660 a
3061 3607 3312 3677 peccato,
3355 3609 3411 3659 et
3444 3602 3694 3674 resurgit
3737 3603 3910 3676 gratia

2275 3703 2372 3760 Dei
2400 3703 2607 3774 lapsus,
2638 3707 2695 3756 et
2718 3701 2779 3756 in
2797 3699 3038 3772 pristino
3065 3703 3264 3754 manet
3301 3697 3485 3753 officio
3507 3697 3673 3768 juxta
3704 3696 3907 3769 pradi-

2274 3802 2390 3853 ctas
2420 3795 2802 3865 auctoritates,
2838 3793 3030 3848 videat
3073 3810 3144 3850 ne
3178 3792 3422 3864 amplius
3462 3794 3656 3863 peccet
3684 3796 3755 3846 ut
3781 3807 3910 3846 sen—

2274 3888 2452 3946 tentia
2480 3887 2771 3959 Evangelii
2796 3890 3030 3943 maneat
3054 3887 3114 3941 in
3141 3902 3230 3954 eo,
3264 3886 3406 3941 vade
3435 3887 3493 3940 et
3517 3883 3770 3956 amplius
3798 3883 3913 3938 noli

2274 3998 2547 4056 peccare;
2587 3981 2738 4037 unde
2771 3981 2851 4036 ait
2889 3981 3186 4053 Apostolus
3238 3997 3252 4035 :
3300 4001 3327 4028 «
3366 3981 3486 4035 Non
3525 3995 3664 4050 ergo
3705 3980 3914 4050 regnet

2275 4080 2576 4148 peccatum
2617 4076 2676 4129 in
2725 4081 2910 4130 vestro
2957 4075 3179 4130 mortali
3229 4089 3484 4146 corpore,
3527 4077 3593 4128 ut
3633 4071 3915 4128 obediatis

2277 4168 2747 4241 concupiscentiis
2773 4169 2925 4240 ejus;
2955 4169 3055 4224 sed
3079 4183 3265 4240 neque
3301 4166 3616 4223 exhibeatis
3645 4166 3918 4221 membra

2275 4268 2462 4319 vestra
2486 4279 2642 4318 arma
2661 4262 2978 4334 iniquitatis
2997 4266 3252 4334 peccato,
3273 4262 3370 4318 sed
3393 4259 3650 4316 exhibete
3671 4276 3772 4315 vos
3795 4266 3918 4315 tan-

2277 4375 2449 4430 quam
2481 4374 2546 4414 ex
2589 4356 2828 4412 mortuis
2860 4357 3107 4412 viventes
3153 4361 3210 4411 et
3247 4355 3512 4410 membra
3534 4358 3722 4409 vestra
3747 4369 3918 4408 arma

544 4446 779 4518 phetam
809 4442 1180 4516 peccantibus
1208 4443 1508 4514 pollicetur
1536 4444 1728 4500 dicens
1761 4461 1774 4501 :
1815 4447 2082 4502 Peccator
2115 4449 2177 4504 in
2195 4453 2256 4528 D
2271 4451 2506 4525 justitia
2537 4453 2673 4506 Deo.
2699 4453 2994 4506 Peccatum
3028 4451 3183 4517 enim
3198 4449 3357 4505 vobis
3377 4466 3495 4505 non
3517 4447 3921 4517 damnabitur;

544 4553 880 4611 quacunque
909 4535 1000 4591 die
1036 4552 1334 4592 conversus
1374 4537 1740 4609 ingemuerit,
1776 4540 2039 4596 omnium
2065 4541 2175 4597 ini-

544 4633 827 4704 quitatum
855 4631 1004 4685 illius
1027 4647 1144 4686 non
1175 4631 1512 4686 recordabor
1538 4632 1804 4704 amplius.

617 4727 820 4781 Errant
860 4724 1014 4779 enim
1041 4725 1139 4797 qui
1186 4728 1387 4796 putant
1415 4725 1738 4782 sacerdotes
1770 4732 1900 4798 post
1929 4728 2175 4801 lapsum,

545 4821 592 4876 si
623 4819 967 4891 condignam
1007 4819 1233 4890 egerint
1267 4819 1684 4891 poenitentiam,
1727 4822 1965 4878 Domino
2004 4825 2175 4879 mini-

546 4917 726 4970 strare
756 4929 873 4968 non
913 4929 1080 4985 posse
1113 4916 1169 4968 et
1206 4912 1317 4967 suis
1346 4913 1664 4969 honoribus
1700 4915 1832 4983 frui,
1879 4918 1926 4971 si
1967 4918 2179 4974 bonam

547 5008 815 5079 deinceps
830 5007 1001 5061 vitam
1032 5006 1320 5076 duxerint,
1355 5011 1410 5061 et
1441 5024 1606 5062 suum
1635 5010 2011 5066 sacerdotium
2038 5029 2177 5068 con-

549 5101 721 5174 digne
747 5099 1133 5156 custodierint.
1163 5101 1229 5154 Et
1249 5099 1356 5171 ipsi
1384 5100 1479 5171 qui
1502 5101 1606 5156 hoc
1621 5107 1828 5174 putant
1857 5122 1970 5159 non
1993 5106 2176 5160 solum

548 5199 759 5266 errant,
809 5194 908 5248 sed
953 5193 1123 5248 etiam
1166 5196 1364 5248 contra
1405 5194 1640 5249 traditas
1688 5197 1948 5253 Ecclesia
1999 5201 2179 5256 claves

549 5289 834 5362 disputare
865 5291 923 5344 et
948 5303 1117 5359 agere
1145 5287 1428 5356 videntur,
1459 5288 1530 5343 de
1560 5288 1769 5361 quibus
1806 5292 2018 5347 dictum
2046 5298 2130 5349 est
2162 5312 2175 5350 :

550 5408 578 5439 ‹‹
605 5388 964 5455 Quaecunque
1009 5381 1283 5436 solveritis
1315 5381 1373 5437 in
1417 5385 1587 5452 terra,
1625 5390 1793 5439 erunt
1819 5387 2002 5442 soluta
2033 5393 2090 5442 et
2121 5389 2178 5444 in

549 5482 686 5538 coelo
743 5478 958 5549 (Matth.
1019 5493 1168 5543 xvm,
1221 5478 1324 5546 l8),
1373 5495 1400 5528 »
1447 5477 1694 5548 alioquin
1741 5479 1860 5534 hac
1895 5481 2180 5538 sententia

549 5579 647 5630 aut
675 5571 907 5628 Domini
932 5587 1050 5626 non
1076 5574 1176 5636 est,
1206 5572 1306 5624 aut
1334 5587 1487 5626 vera.
1507 5571 1615 5625 Nos
1635 5589 1768 5628 vero
1791 5573 2180 5633 indubitanter

550 5673 666 5719 tam
685 5665 916 5720 Domini
959 5662 1278 5718 sacerdotes
1313 5679 1485 5734 quam
1529 5665 1776 5737 reliquos
1821 5669 2016 5724 fideles
2048 5672 2180 5742 post

553 5756 784 5829 dignam
847 5757 1290 5814 satisfactionem
1349 5773 1512 5828 posse
1569 5759 1751 5816 redire
1807 5763 1876 5818 ad
1933 5763 2178 5822 honores

2276 4564 2391 4602 non
2422 4547 2577 4601 enim
2608 4545 2709 4600 sub
2733 4546 2858 4617 lege
2890 4545 3042 4616 estis,
3078 4545 3174 4600 sed
3213 4544 3318 4600 sub
3359 4543 3558 4616 gratia.
3593 4543 3744 4607 Quid
3784 4557 3926 4612 ergo

2277 4639 2654 4713 peccabimus,
2679 4639 2956 4712 quoniam
2988 4655 3101 4694 non
3140 4655 3337 4694 sumus
3373 4638 3476 4693 sub
3501 4638 3646 4709 lege,
3680 4635 3788 4691 sed
3819 4635 3924 4689 sub

2279 4734 2494 4805 gratia?
2505 4733 2913 4790 Absit.Nescitis
2927 4733 3200 4805 quoniam
3216 4733 3307 4788 cui
3324 4731 3495 4788 exhib
3503 4731 3605 4786 etis
3621 4747 3718 4785 vos
3730 4746 3929 4785 servos

2277 4829 2348 4883 ad
2391 4827 2793 4897 obediendum,
2840 4828 2986 4883 servi
3025 4827 3159 4882 estis
3195 4827 3316 4899 ejus
3358 4826 3450 4882 cui
3491 4825 3752 4894 obeditis,
3807 4825 3929 4879 sive

2276 4922 2492 4995 peccati
2528 4921 2600 4976 ad
2640 4925 2904 4990 mortem,
2948 4921 3064 4976 sive
3097 4920 3436 4977 obeditionis
3482 4919 3554 4974 ad
3591 4917 3935 4990 justitiam?

2278 5017 2494 5072 Gratias
2529 5020 2720 5071 autem
2749 5017 2865 5070 Deo
2905 5016 3059 5087 quod
3095 5015 3277 5070 fuistis
3312 5015 3457 5070 servi
3493 5012 3730 5086 peccati,
3781 5013 3930 5067 obe-

2277 5111 2435 5166 distis
2461 5115 2651 5166 autem
2689 5126 2758 5164 ex
2797 5110 2963 5165 corde
3005 5110 3066 5164 in
3097 5126 3222 5165 eam
3263 5111 3508 5164 formam
3546 5107 3837 5162 doctrina
3871 5107 3936 5162 in

2277 5221 2389 5277 qua
2431 5203 2628 5259 traditi
2680 5204 2831 5259 estis.
2880 5203 3128 5259 Liberati
3165 5208 3354 5258 autem
3402 5219 3436 5256 a
3481 5206 3726 5272 peccato,
3772 5199 3938 5255 servi

2277 5302 2471 5353 autem
2503 5297 2634 5353 facti
2671 5299 2803 5354 estis
2826 5296 3086 5369 justitia,
3133 5297 3452 5352 humanum
3479 5294 3602 5350 dico
3631 5293 3810 5362 (Rom.
3849 5310 3936 5362 vi,

2283 5396 2346 5446 l2
2392 5397 2442 5447 et
2485 5393 2618 5463 seq.)
2649 5414 2675 5442 »
2724 5393 2897 5463 Majus
2939 5391 3093 5446 enim
3135 5395 3433 5464 peccatum
3477 5394 3562 5445 est
3602 5386 3941 5459 judicantis

2279 5503 2450 5558 quam
2482 5487 2603 5559 ejus
2629 5486 2727 5560 qui
2744 5486 3053 5558 judicatur.
3088 5506 3114 5538 (ι
3139 5485 3455 5551 Existimas,
3476 5483 3662 5555 inquit
3677 5485 3945 5552 Aposto-

2276 5580 2382 5647 lus,
2420 5597 2452 5636 ο
2485 5581 2679 5651 homo,
2703 5581 2887 5636 omnis
2921 5581 3017 5652 qui
3041 5581 3261 5652 judicas
3292 5596 3389 5634 eos
3431 5578 3528 5650 qui
3556 5577 3690 5632 talia
3726 5582 3946 5648 agunt

2280 5677 2337 5727 et
2365 5675 2500 5729 facis
2525 5692 2608 5745 ea,
2638 5676 2770 5748 quia
2809 5681 2871 5730 tu
2908 5675 3142 5746 elfugies
3165 5673 3447 5746 judicium
3485 5671 3619 5727 Dei?
3645 5673 3727 5724 An
3766 5671 3944 5726 divi-

2277 5767 2380 5824 tias
2398 5769 2664 5826 bonitatis
2690 5771 2811 5842 ejus
2836 5775 2894 5828 et
2917 5770 3206 5844 patientia
3226 5772 3283 5825 et
3309 5764 3757 5840 longanimitatis
3783 5781 3950 5824 con-
