4026 6166
522 272 618 329 130
1410 264 1696 319 ΑΡΡΕΝΙ).
1738 264 1824 317 Al)
1863 262 2022 315 SxEC.
2065 262 2112 314 1)

2297 260 2532 315 lSlDORl
2573 258 2996 314 MERCATORIS
3794 258 3813 310 l
3834 258 3887 309 30

519 378 829 438 Confestim
854 373 1057 431 cecidit
1082 373 1151 429 ad
1174 372 1348 445 pedes
1376 373 1518 444 ejus,
1541 376 1598 428 et
1619 368 1911 442 expiravit.
1940 371 2153 425 lntran-
2173 390 2233 466 Α
2256 367 2488 435 faciatis,
2524 367 2621 422 sed
2654 365 3024 438 sponsionem
3049 380 3226 436 quam
3251 363 3493 420 Domino
3518 363 3577 418 in
3604 363 3889 434 baptismo

517 481 602 532 tes
652 477 845 529 autem
882 470 1122 541 juvenes
1166 468 1506 523 invenerunt
1549 465 1702 520 illam
1744 469 2051 534 mortuam,
2094 468 2150 519 et
2173 458 2233 466 “’
2251 463 2479 531 fecistis,
2507 460 2751 516 ﬁrmiter
2794 458 3050 527 teneatis,
3080 475 3152 514 ne
3198 458 3445 530 reprobi,
3472 458 3571 513 sed
3618 458 3890 529 condigni

520 567 843 623 extulerunt
863 566 919 618 et
945 562 1295 635 sepelierunt
1336 562 1407 616 ad
1445 560 1630 615 virum
1656 576 1841 614 suum.
1880 560 1947 614 Et
1972 559 2150 613 factus
2250 573 2443 612 coram
2468 572 2536 611 eo
2563 553 2954 609 inveniamini.
2988 555 3055 609 Et
3093 553 3417 625 quicunque
3449 557 3701 609 vestram
3732 568 3889 606 com-

520 662 603 713 est
645 655 819 710 timor
866 670 1109 724 magnus
1152 652 1211 707 in
1256 650 1584 706 universam
1626 647 1932 705 Ecclesiam
1982 650 2037 701 et
2091 647 2151 701 in
2251 666 2489 705 munem
2510 649 2684 704 vitam
2712 650 3031 718 susceptam
3055 647 3248 714 habet,
3271 649 3329 700 et
3353 646 3748 702 vovitsenihil
3771 663 3891 717 pro-

520 766 717 805 omnes
745 748 844 821 qui
883 747 1181 802 audierant
1223 746 1343 799 haec
1393 745 1535 816 (Act.
1568 747 1665 812 v,l
1703 747 1753 797 et
1778 741 1906 814 seq).
1938 764 1963 790 ››
2000 743 2148 807 Haec,
2251 744 2441 817 prium
2468 744 2703 811 habere,
2741 742 2925 796 videat
2950 758 3021 795 ne
3051 740 3515 812 pollicitationem
3558 757 3724 795 suam
3766 739 3889 795 irri-

519 845 742 911 fratres,
772 842 932 897 valde
982 839 1230 895 cavenda
1280 841 1409 893 sunt
1460 842 1518 893 et
1561 836 1835 903 timenda,
1882 836 2019 907 quia
2060 851 2152 889 res
2252 844 2371 894 tam
2403 838 2591 906 faciat,
2628 836 2725 891 sed
2747 836 2851 890 hoc
2879 835 3030 907 quod
3055 835 3298 889 Domino
3328 836 3414 888 est
3433 833 3743 906 pollicitus,
3768 832 3895 889 ﬁde-

523 937 769 994 ecclesiae
813 954 930 992 non
972 934 1129 1007 quasi
1168 932 1434 1004 propriai,
1478 932 1576 986 sed
1621 934 1687 985 ut
1724 946 2057 984 communes
2096 931 2155 982 et
2254 932 2385 987 liter
2409 930 2690 987 custodiat
2719 946 2790 985 ne
2821 929 3275 995 damnationem,
3310 928 3404 983 sed
3457 927 3768 999 prtemium
3797 926 3895 982 sibi

520 1031 761 1089 Domino
803 1031 1022 1098 oblatae,
1066 1044 1193 1083 cum
1240 1043 1463 1081 summo
1506 1026 1711 1081 timore
1760 1041 1871 1078 non
1915 1023 1972 1077 in
2016 1022 2153 1077 alios
2253 1026 2530 1099 acquirat,
2552 1024 2823 1096 quoniam
2852 1022 3028 1078 satius
3045 1025 3131 1077 est
3150 1038 3268 1077 non
3288 1038 3679 1093 voverequam
3695 1025 3895 1077 votum

520 1142 696 1198 quam
726 1125 785 1179 in
813 1123 1082 1196 praefatos
1121 1138 1257 1175 usus
1296 1123 1430 1174 sunt
1458 1119 1705 1174 ﬁdeliter
1734 1117 2151 1189 dispensandae,
2254 1123 2427 1193 prout
2468 1118 2676 1173 melius
2716 1120 2921 1189 potest,
2964 1132 3081 1170 non
3122 1115 3415 1186 perﬁcere.
3460 1114 3697 1170 Gravius
3742 1115 3896 1170 enim

519 1236 594 1275 ne
633 1218 907 1290 sacrilegii
948 1219 1166 1271 reatum
1209 1215 1503 1269 incurrant
1528 1213 1625 1284 qui
1655 1229 1745 1266 eas
1775 1212 1903 1265 inde
1936 1210 2152 1265 abstra-
2256 1214 2576 1287 puniuntur
2612 1212 2711 1283 qui
2751 1214 2949 1265 votum
2986 1210 3260 1279 fecerunt,
3284 1213 3341 1264 et
3382 1213 3578 1264 votum
3618 1225 3743 1264 non
3770 1226 3897 1281 per-

522 1314 670 1368 hunt
698 1312 795 1366 ubi
828 1311 1047 1365 tradita
1083 1311 1232 1377 sunt,
1274 1324 1345 1361 ne
1376 1323 1602 1378 pccnam
1635 1311 1693 1360 et
1736 1309 1981 1360 mortem
2006 1306 2152 1358 Ana-
2254 1309 2532 1374 fecerunt,
2565 1308 2666 1361 aut
2695 1305 2867 1359 ﬁdem
2899 1308 3295 1375 perceperunt,
3333 1307 3389 1358 et
3421 1302 3480 1357 in
3526 1303 3694 1357 malis
3724 1303 3901 1358 vitam

522 1407 634 1462 nim
666 1410 722 1461 et
758 1404 1010 1475 Saphirte
1050 1402 1356 1468 incurrant,
1394 1407 1449 1456 et
1480 1400 1654 1472 (quod
1680 1399 1845 1470 pejus
1883 1401 1981 1465 est)
2016 1414 2153 1453 ana-
2257 1401 2549 1468 ﬁnierunt,
2601 1415 2775 1471 quam
2806 1398 2886 1453 illi
2929 1398 3026 1470 qui
3070 1398 3241 1451 vitam
3287 1397 3407 1450 sine
3439 1400 3567 1451 voto
3599 1397 3901 1465 ﬁnierunt,

523 1502 719 1555 thema
744 1497 1082 1553 maranatha
1113 1497 1267 1549 ﬁant.
1295 1496 1360 1549 Et
1393 1494 1437 1548 si
1467 1511 1584 1549 non
1610 1509 1867 1563 corpore,
1912 1496 1972 1547 ut
2008 1495 2153 1546 Ana-
2258 1499 2356 1549 aut
2381 1495 2501 1549 sine
2545 1494 2653 1549 ﬁde
2691 1492 2905 1547 mortui
2952 1496 3103 1561 sunt,
3134 1497 3189 1547 et
3223 1495 3416 1549 tamen
3462 1490 3613 1544 bona
3654 1494 3905 1562 egerunt

523 1594 646 1650 nias
690 1594 746 1647 et
785 1590 1041 1662 Saphira,
1084 1588 1293 1643 mortui
1338 1587 1680 1656 ceciderunt,
1721 1586 1913 1640 anima
1945 1587 2153 1652 tamen,
2259 1604 2449 1661 opera.
2496 1588 2578 1643 Ad
2620 1587 2723 1641 hoc
2771 1586 2925 1642 enim
2971 1601 3199 1640 sensum
3246 1583 3651 1639 rationabilem
3679 1589 3903 1639 natura:

525 1704 654 1758 quae
694 1685 881 1757 potior
916 1688 999 1738 est
1037 1698 1296 1752 corpore,
1329 1684 1550 1735 mortua
1590 1683 1647 1735 et
1683 1679 1928 1735 alienata
1966 1696 1997 1733 a
2021 1695 2155 1733 con-
2260 1698 2504 1738 munere
2532 1686 2587 1737 et
2613 1681 2879 1735 secundae
2916 1678 3226 1735 nativitatis
3254 1678 3679 1750 reparationem
3714 1694 3901 1733 susce-

525 1780 701 1835 sortio
738 1778 987 1833 ﬁdelium
1027 1775 1209 1843 cadat,
1243 1780 1298 1829 et
1333 1774 1392 1828 in
1424 1774 1769 1845 profundum
1798 1773 2049 1827 barathri
2074 1773 2151 1827 la-
2176 1766 2233 1838 B
2258 1777 2471 1849 pimus,
2498 1778 2560 1830 ut
2585 1775 2897 1830 secundum
2916 1773 3248 1844 Apostolum
3272 1773 3504 1844 «magis
3524 1789 3653 1844 quae
3673 1790 3904 1827 sursum

523 1875 709 1929 batur.
750 1872 908 1928 Unde
948 1868 1365 1924 attendendum
1412 1872 1498 1923 est
1539 1868 1802 1922 omnibus
1846 1872 1901 1922 et
1920 1866 2163 1921 ﬁdeliter
2263 1874 2395 1925 sunt
2424 1868 2734 1941 sapiamus,
2769 1884 2882 1922 non
2912 1883 3040 1939 qum
3069 1883 3239 1938 super
3262 1870 3493 1936 terram,
3520 1866 3655 1937 quia
3683 1867 3908 1939 sapien-

526 1965 984 2031 custodiendum,
1015 1967 1072 2018 et.
1097 1962 1247 2017 illius
1278 1961 1659 2033 usurpationis
1687 1960 2033 2015 contumelia
2059 1960 2158 2014 de-
2262 1964 2341 2018 tia
2385 1964 2555 2035 hujus
2598 1961 2799 2017 mundi
2851 1961 3091 2016 stultitia
3132 1965 3217 2015 est
3260 1960 3413 2031 apud
3438 1961 3643 2015 Deum.
3700 1983 3731 2010 »
3762 1960 3907 2025 Quid

526 2060 808 2133 pellenda,
854 2075 926 2113 ne
971 2057 1187 2130 praedia
1237 2055 1427 2110 usibus
1458 2056 1821 2110 decretorum
1850 2053 2160 2109 caelestium
2265 2060 2455 2112 autem
2500 2056 2719 2123 suadet,
2760 2054 3098 2122 charissimi,
3145 2053 3422 2126 sapientia
3470 2054 3644 2124 hujus
3689 2054 3907 2117 saeculi,

527 2153 791 2209 dedicata
816 2150 1206 2223 aquibusdam
1232 2149 1576 2204 irruentibus
1601 2151 1897 2203 vexentur.
1933 2148 2097 2212 Quod
2117 2147 2162 2201 si
2266 2152 2376 2206 nisi
2401 2150 2661 2205 nocitura
2689 2165 2966 2222 quazrere,
2998 2151 3056 2203 et
3080 2163 3273 2203 amare
3304 2147 3574 2220 peritura,
3611 2148 3911 2220 negligere

527 2248 656 2320 quis
692 2245 920 2314 fecerit,
964 2248 1093 2314 post
1130 2243 1330 2298 debitas
1371 2242 1601 2297 ultionis
1644 2241 2010 2297 acrimoniam
2037 2258 2164 2313 quae
2267 2244 2554 2311 salutaria,
2577 2260 2680 2315 pro
2704 2242 2882 2297 nihilo
2902 2246 3168 2314 reputare
3187 2241 3501 2314 perpetua?
3517 2241 3910 2312 Cupiditatem

532 2356 667 2411 erga
690 2338 991 2408 sacrilegos
1010 2338 1140 2408 jure
1163 2335 1482 2407 promenda
1512 2341 1613 2404 est,
1635 2338 1908 2406 perpetua
1939 2335 2165 2389 danme-
2265 2338 2653 2405 commendat,
2682 2337 2753 2392 de
2781 2353 2893 2409 qua
2923 2336 3055 2392 dicit
3085 2353 3099 2391 :
3149 2358 3176 2385 ‹‹
3213 2335 3390 2390 Radix
3425 2335 3685 2390 omnium
3722 2335 3913 2390 malo-

529 2438 623 2488 tur
648 2431 909 2499 infamia,
943 2433 1000 2485 et
1017 2429 1228 2485 carceri
1258 2430 1513 2484 tradatur
1542 2432 1642 2484 aut
1657 2428 1852 2483 exsilio
1874 2431 2165 2499 perpetuae
2266 2448 2393 2486 rum
2420 2436 2503 2486 est
2527 2430 2828 2502 cupiditas.
2846 2452 2873 2479 ››
2891 2429 3027 2494 Quae
3056 2429 3113 2483 in
3139 2429 3341 2501 primis
3363 2430 3466 2483 hoc
3487 2430 3711 2483 malum
3737 2430 3917 2484 habet

532 2524 941 2599 deportationis
965 2526 1182 2593 utatur,
1215 2523 1487 2595 quoniam
1506 2523 1671 2594 juxta
1700 2522 2029 2593 Apostolum
2047 2528 2162 2577 tra-
2267 2525 2420 2597 quod
2451 2524 2588 2580 dum
2624 2524 2836 2596 ingerit
2874 2523 3223 2591 transitoria,
3251 2522 3546 2578 abscondit
3569 2526 3827 2593 aeterna;
3865 2529 3917 2577 et

533 2622 668 2678 dere
685 2623 912 2693 oportet
928 2617 1257 2690 hujusmodi
1279 2616 1573 2672 hominem
1590 2615 1831 2687 Satanze,
1857 2616 2166 2687 utspiritus
2270 2619 2407 2673 dum
2444 2635 2477 2672 a
2521 2617 2656 2673 foris
2700 2618 2887 2691 posita
2931 2617 3204 2689 conspicit
3245 2617 3397 2671 intra
3420 2633 3477 2671 se
3508 2617 3755 2671 latentia
3798 2634 3919 2672 non

534 2717 721 2771 salvus
749 2714 821 2768 sit
844 2713 904 2767 in
941 2712 1033 2768 die
1066 2711 1310 2766 Domini.
1340 2710 1656 2766 Memoratis
1682 2726 1819 2780 ergo
1838 2714 2167 2781 augmenta-
2268 2711 2605 2783 introspicit,
2653 2715 2709 2767 et
2737 2712 2877 2767 dum
2916 2711 3098 2767 aliena
3135 2711 3364 2782 quaerit,
3389 2710 3654 2765 sectatori
3688 2727 3797 2765 suo
3830 2728 3917 2765 se-

535 2808 787 2864 tionibus
851 2823 914 2861 ac
995 2805 1237 2859 cultibus
1307 2804 1595 2859 intantum
1649 2803 1897 2859 ecclesiae
1962 2802 2167 2874 quibus
2268 2805 2579 2877 metipsum
2618 2805 2870 2861 alienum
2913 2805 3069 2859 facit.
3108 2805 3246 2859 Ecce
3285 2803 3438 2876 quod
3477 2804 3677 2859 suadet
3718 2804 3923 2859 saeculi

534 2900 787 2974 episcopi
830 2899 1158 2971 praesident,
1199 2898 1440 2952 Domino
1479 2896 1940 2967 adminiculante,
1973 2913 2164 2951 creve-
2268 2899 2565 2972 sapientia,
2594 2899 2779 2955 vivere
2806 2899 2864 2953 in
2891 2898 3123 2967 deliciis,
3153 2898 3305 2953 unde
3332 2897 3541 2953 dicitur
3585 2915 3600 2952 :
3646 2919 3674 2947 ‹‹
3705 2898 3924 2953 Anima

537 2998 690 3064 runt,
722 2996 781 3049 et
808 2993 976 3047 tantis
1005 2991 1257 3047 maxima
1287 3007 1414 3061 pars
1434 3006 1631 3046 earum
1658 2990 1959 3053 abundant,
1977 2990 2165 3058 rebus,
2271 3010 2397 3067 qua
2421 2993 2480 3048 in
2507 2992 2719 3048 deliciis
2739 2997 2824 3048 est
2850 2993 3062 3061 vivens,
3086 2996 3317 3048 mortua
3345 2997 3447 3046 est.
3473 3013 3500 3040 »
3531 2991 3753 3047 Suadet
3778 3008 3926 3063 ergo

535 3094 600 3145 ut
624 3087 816 3144 nullus
844 3087 915 3141 sit
950 3087 1009 3140 in
1051 3085 1129 3141 eis
1169 3101 1534 3139 communem
1566 3084 1783 3156 eligens
1808 3084 1984 3139 vitam
2014 3084 2163 3139 indi-
2193 3136 2242 3158 η
2271 3087 2619 3143 mollissimis
2643 3086 3031 3155 suavitatibus,
3054 3086 3302 3158 peccatis
3322 3090 3378 3141 et
3402 3086 3554 3140 vitiis
3575 3090 3634 3141 et
3658 3087 3927 3141 ﬂammis

541 3136 600 3145 ,η
624 3136 813 3144 --.ωπ-
844 3136 913 3141 ---
950 3136 1009 3140 .-
1056 3136 1125 3141 -_-
2017 3136 2131 3139 τη
2271 3136 2616 3143 -------_-__.__
2643 3136 3031 3155 __“.___--_“-,
3054 3136 3299 3158 rh"---
3328 3136 3377 3141 --
3581 3136 3632 3141 ν-
3658 3136 3921 3141 ﬁ__-___,

541 3199 699 3255 gens,
756 3181 853 3236 sed
903 3179 1094 3234 omnia
1134 3178 1448 3233 necessaria
1495 3179 1565 3233 ab
1627 3178 1893 3250 episcopo
1945 3136 2246 3250 suisqueC
2273 3182 2493 3237 nutrire
2525 3197 2778 3251 carnem,
2809 3180 2918 3235 cibi
2947 3184 3004 3236 et
3030 3180 3149 3235 vini
3192 3180 3631 3251 intemperantia
3657 3180 3930 3235 animam

537 3275 812 3331 ministris
838 3273 1096 3346 percipit.
1143 3272 1270 3327 Ideo
1298 3272 1344 3325 si
1386 3271 1590 3343 aliquis
1634 3272 1915 3327 exstiterit
1942 3271 2171 3325 moder-
2270 3291 2555 3346 premere,
2588 3292 2652 3330 ac
2678 3275 2852 3329 vitam
2896 3274 3129 3347 spiritus
3172 3273 3573 3340 intercludere,
3614 3277 3671 3327 et
3710 3278 3932 3329 contra

537 3370 626 3424 nis
653 3373 751 3424 aut
778 3367 982 3423 futuris
1025 3364 1375 3437 temporibus
1400 3365 1499 3436 qui
1525 3366 1631 3419 hoc
1656 3366 1893 3420 avellere
1923 3363 2050 3438 32
2082 3364 2170 3418 ni-
2274 3386 2331 3424 se
2380 3368 2530 3424 hosti
2582 3385 2683 3423 suo
2728 3369 2797 3424 de
2844 3385 2901 3424 se
2932 3368 3190 3440 gladium
3218 3366 3561 3422 ministrare.
3587 3367 3735 3421 Ecce
3766 3367 3935 3439 quod

537 3467 712 3533 tatur,
736 3463 857 3535 jam
884 3461 1030 3516 dicta
1057 3458 1422 3516 damnatione
1449 3458 1705 3514 feriatur.
2274 3463 2472 3517 suadet
2498 3463 2689 3517 saeculi
2718 3462 3013 3534 sapientia,
3045 3466 3106 3515 ut
3145 3461 3244 3533 qui
3268 3460 3403 3515 boui
3434 3460 3565 3515 facti
3595 3464 3757 3529 sunt,
3786 3461 3934 3516 mali

613 3556 774 3623 Quod
821 3559 1011 3611 autem
1061 3553 1222 3609 sedes
1266 3552 1324 3607 in
1367 3552 1761 3625 episcoporum
1805 3552 2052 3610 ecclesiis
2082 3570 2175 3608 ex-
2277 3573 2397 3611 esse
2426 3556 2652 3625 malint,
2694 3561 2751 3613 et
2773 3572 2875 3629 per
2903 3570 3158 3611 errorem
3201 3554 3408 3611 mentis
3437 3554 3561 3608 ﬁeri
3591 3554 3781 3610 etiam
3809 3561 3930 3610 stu-

540 3652 705 3706 celsze
719 3646 2172 3720 constitutasetprzeparatteinveniunturutthronus,
2276 3651 2450 3706 deant
2487 3653 2833 3722 peccatores,
2864 3653 2918 3706 et
2946 3666 3063 3704 non
3100 3648 3354 3720 cogitent
3398 3648 3550 3703 illam
3594 3649 3936 3705 terribilem

543 3743 996 3818 speculationem
1025 3745 1083 3798 et
1123 3743 1472 3813 potestatem
1505 3740 1800 3812 judicandi
1826 3747 1882 3797 et
1922 3741 2177 3797 solvendi
2277 3744 2375 3799 Dei
2423 3760 2641 3812 vocem,
2701 3761 2827 3799 cum
2885 3747 3197 3801 exurentur
3254 3747 3575 3815 peccatores
3632 3740 3795 3799 sicut
3848 3744 3935 3797 fe-

542 3843 722 3911 atque
738 3836 954 3909 ligandi
982 3852 1015 3890 a
1041 3834 1280 3890 Domino
1309 3833 1417 3888 sibi
1442 3833 1633 3889 datam
1672 3835 1967 3890 materiam
1994 3835 2174 3903 docet,
2277 3854 2439 3893 num.

540 3932 695 3988 unde
732 3931 852 4002 ipse
892 3930 1152 3985 Salvator
1184 3928 1244 3982 in
1270 3927 1574 3998 Evangelio
1603 3927 1681 3982 ait
1716 3945 1728 3983 :
1758 3948 1784 3977 ‹‹
1814 3927 2178 3999 Quaecunque
2352 3932 2564 3987 Omnes
2589 3932 2742 3987 enim
2762 3931 2955 3987 ﬁdeles
2985 3948 3089 4004 per
3113 3948 3320 3987 manus
3345 3929 3790 4003 impositionem
3820 3932 3947 4004 epi-

540 4024 850 4098 ligaveritis
878 4039 1048 4095 super
1070 4025 1283 4077 terram
1325 4023 1494 4075 erunt
1535 4021 1711 4092 ligata
1746 4023 1804 4075 et
1841 4021 1900 4074 in
1928 4021 2094 4089 coelo;
2125 4024 2182 4075 et
2282 4042 2587 4098 sc0porum
2604 4026 2876 4097 Spiritum
2890 4032 3149 4082 sanctum
3162 4025 3645 4098 postbaptismum
3658 4026 3947 4099 accipere

545 4133 902 4190 quaecunque
929 4114 1204 4171 solveritis
1234 4128 1406 4184 super
1440 4115 1654 4168 terram
1701 4117 1871 4169 erunt
1911 4114 2096 4169 soluta
2125 4119 2182 4170 et
2283 4120 2511 4188 debent,
2542 4124 2605 4174 ut
2631 4121 2798 4192 plene
2827 4120 3133 4176 Christiani
3168 4120 3563 4189 inveniantur;
3592 4118 3762 4191 quia,
3801 4137 3951 4176 cum

543 4212 604 4267 in
660 4211 797 4265 coelo
844 4210 1059 4279 (Matth.
1104 4224 1262 4276 xvm,
1318 4209 1423 4280 18).
1456 4231 1481 4258 »
1530 4209 1598 4263 Et
1639 4207 1773 4263 alibi
1804 4225 1817 4264 :
1852 4229 1879 4258 «
1934 4208 2181 4281 Accipite
2282 4209 2522 4282 Spiritus
2548 4213 2773 4265 sanctus
2793 4210 3133 4277 infunditur,
3153 4208 3431 4265 corﬁdele
3452 4208 3524 4262 ad
3544 4208 3951 4280 prudentiam

546 4303 823 4377 Spiritum
852 4304 1142 4372 sanctum;
1190 4318 1429 4374 quorum
1467 4302 1795 4358 remiseritis
1820 4305 2049 4374 peccata
2086 4319 2179 4357 re-
2284 4308 2341 4360 et
2369 4304 2738 4359 constantiam
2784 4304 3073 4358 dilatatur.
3102 4305 3180 4358 De
3227 4303 3440 4375 Spiritu
3483 4306 3678 4357 sancto
3709 4305 3951 4377 accipi-

543 4400 851 4453 mittuntur
888 4396 988 4464 eis,
1034 4400 1090 4451 et
1121 4412 1365 4467 quorum
1407 4396 1755 4451 retinueritis
1800 4400 2022 4451 retenta
2052 4401 2184 4452 sunt
2281 4402 2500 4467 mus,ut
2516 4398 2833 4453 efﬁciamur
2848 4397 3958 4469 spirituales,quiaanimalishomonon

548 4495 721 4567 (Joan.
768 4508 864 4561 xx,
891 4491 1000 4561 23).
1028 4509 1057 4542 »
1108 4490 1241 4545 Ideo
1284 4490 1394 4546 ista
1430 4490 1806 4563 prmtuﬁmus,
1835 4490 2177 4559 charissimi,
2199 4505 2259 4579 D
2281 4492 2526 4566 percipit
2550 4509 2617 4547 ea
2643 4508 2770 4564 quas
2807 4495 2938 4546 sunt
2964 4492 3204 4563 Spiritus
3230 4491 3349 4547 Dei.
3381 4492 3455 4546 De
3483 4490 3701 4562 Spiritu
3732 4500 3963 4549 sancto

547 4584 957 4657 ntintelligatis
977 4587 1314 4657 potestatem
1340 4585 1736 4657 episcoporum
1755 4588 2092 4654 vestrorum,
2124 4583 2183 4640 in
2285 4585 2612 4658 accipimus,
2640 4591 2707 4641 ut
2732 4586 3020 4658 sapiamus
3046 4586 3196 4641 inter
3220 4586 3434 4640 bonum
3451 4584 3813 4658 malumque
3844 4588 3965 4643 dis-

552 4682 744 4754 eisque
766 4680 1068 4735 Dominum
1083 4678 1456 4749 veneremini,
1478 4683 1641 4734 eteos
1659 4683 1721 4734 ut
1738 4679 2183 4735 animasvestras
2284 4696 2539 4747 cernere,
2563 4680 2719 4751 justa
2750 4680 3008 4751 diligere,
3039 4679 3249 4750 injusta
3273 4695 3564 4752 respuere,
3589 4683 3655 4733 ut
3682 4682 3966 4738 malitiae

553 4775 892 4847 diligatis,et
906 4773 1111 4846 quibus
1126 4773 1203 4828 illi
1226 4790 1341 4828 non
1361 4773 1784 4829 communicant
1804 4790 1917 4828 non
1932 4790 2182 4828 commu-
2282 4790 2344 4829 ac
2372 4773 2651 4845 superbiae
2698 4788 3102 4845 repugnemus,
3131 4779 3192 4829 ut
3232 4772 3471 4828 luxuriae
3501 4788 3564 4826 ac
3596 4771 3871 4829 diversis
3904 4776 3970 4830 il~

550 4869 770 4937 nicetis,
794 4873 849 4924 et
878 4869 1030 4940 quod
1058 4868 1325 4939 ejecerint
1349 4885 1466 4923 non
1497 4868 1801 4940 recipiatis.
1823 4868 1996 4922 Valde
2026 4868 2181 4923 enim
2282 4868 2516 4924 lecebris
2542 4872 2598 4923 et
2638 4868 2782 4923 fedis
2820 4868 3188 4939 indignisque
3230 4866 3635 4939 cupiditatibus
3686 4870 3969 4925 resista-

549 4963 803 5019 timenda
832 4966 916 5017 est
940 4962 1218 5018 sententia
1246 4962 1518 5034 episcopi,
1542 4961 1677 5017 licet
1699 4962 1904 5033 injuste
1929 4962 2068 5033 liget
2087 4962 2183 5017 ali-
2283 4980 2430 5018 mus.
2464 4965 2540 5018 De
2566 4962 2776 5034 Spiritu
2803 4966 2994 5017 sancto
3018 4962 3325 5035 accipimus
3368 4966 3429 5015 ut
3465 4978 3657 5016 amore
3708 4964 3873 5019 vitae
3907 4972 3971 5021 et

553 5073 743 5129 quem,
765 5056 920 5128 quod
935 5061 1128 5111 tamen
1147 5072 1509 5129 summopere
1530 5055 1845 5129 praevidere
1866 5056 2057 5112 debet.
2078 5058 2185 5112 Vos
2285 5057 2479 5130 gloria:
2500 5057 2701 5112 ardore
2728 5056 2998 5126 succensi,
3023 5056 3240 5129 erigere
3259 5075 3291 5112 a
3312 5056 3554 5112 terrenis
3574 5061 3865 5116 mentem
3892 5062 3975 5117 ad

553 5153 741 5205 autem
755 5151 1049 5205 hortantes
1066 5166 1365 5205 monemus
1381 5166 1577 5205 omnes
1588 5150 1684 5223 qui
1700 5149 2184 5206 Christianitatem
2286 5168 2526 5223 superna
2553 5156 2610 5207 et
2630 5151 2817 5206 divina
2842 5150 3152 5206 valeamus.
3180 5152 3317 5205 Data
3330 5152 3517 5205 Nonas
3542 5151 3973 5225 Septembris,

553 5243 895 5317 suscepistis,
926 5247 982 5299 et
1005 5261 1038 5298 a
1074 5243 1294 5300 Christo
1334 5244 1668 5299 vocabulum
1692 5243 1999 5301 Christiani
2024 5260 2182 5298 sum-
2282 5246 2342 5301 id
2362 5248 2445 5300 est
2464 5246 2664 5318 quinta
2683 5245 2771 5300 die
2798 5245 3054 5317 ejusdem
3074 5245 3305 5314 mensis,
3329 5245 3573 5303 Antonio
3595 5248 3653 5300 et
3679 5247 3981 5306 Alexan-

553 5339 760 5413 psistis,
785 5354 857 5394 ne
886 5337 944 5393 in
973 5337 1166 5411 aliquo
1191 5338 1680 5395 Cbristianitatem
1704 5342 1945 5394 vestram
1964 5337 2183 5393 irritam
2283 5340 2386 5395 dro
2420 5342 2484 5395 lV
2512 5356 2591 5395 cc.
2622 5340 2835 5396 consul.

1580 5560 2898 5603 ﬂ—w—
