4026 6166
186 296 275 350 lit

1428 294 1899 352 DECRETALIUM
1938 294 2318 351 COLLECTIO.

3449 299 3546 354 M'l

777 563 1346 658 INCIPIUNT
1414 565 1938 659 DECRETA
2005 563 2539 658 PONTIANI
2606 566 2967 661 PAP/E.

1036 732 1222 803 (Anno
1257 731 1485 788 Domini
1513 735 1637 802 230,
1667 736 1928 804 tempore
1954 729 2263 787 Alexandri
2289 729 2696 802 imperatoris.)

250 960 574 1013 Pox‘nxscs
619 958 909 1030 episcopus
952 960 1132 1013 Fauor
1182 960 1503 1014 succriboni
1555 958 1817 1015 salutem.
1844 971 1903 1045 Α
1924 958 2237 1015 contristari
2274 956 2617 1028 audivimus,
2645 973 2762 1013 non
2790 957 3015 1015 modico
3056 960 3331 1032 compulsi
3360 978 3554 1018 sumus

251 1051 483 1123 Oppido
513 1068 611 1106 cor
635 1057 895 1108 nostrum
940 1053 1199 1109 charitati
1232 1057 1434 1110 vestrae
1477 1054 1821 1125 congaudet,

178 1146 329 1218 quod
364 1146 627 1201 studium
657 1152 862 1201 sanctas
899 1146 1196 1218 religionis
1235 1165 1598 1220 summopere
1642 1148 1823 1203 adim-

176 1241 338 1311 plere
369 1240 636 1307 studetis,
671 1244 729 1295 et
755 1241 955 1296 fratres
981 1246 1306 1313 maerentes,
1339 1259 1404 1298 ac
1435 1243 1733 1297 destitutos
1766 1241 1827 1296 in

176 1335 287 1388 ﬁde
344 1336 406 1389 et
458 1334 747 1405 religione
804 1335 1152 1392 confortatis.
1208 1337 1367 1392 Unde
1432 1335 1827 1407 Redemptoris

180 1428 363 1482 nostri
394 1428 851 1484 misericordiam
881 1446 1209 1499 exoramus,
1233 1433 1296 1485 ut
1320 1447 1421 1486 sua
1440 1430 1602 1485 nobis
1627 1430 1688 1484 in
1710 1447 1827 1485 om—

176 1523 349 1577 nibus
378 1522 569 1592 gratia
601 1522 960 1595 suffragetur,
990 1529 1047 1579 et
1089 1524 1292 1580 effectu
1336 1525 1574 1596 implere
1618 1524 1829 1579 tribuat

176 1616 329 1688 quod
354 1617 507 1671 velle
526 1616 821 1671 concessit.
854 1618 914 1672 In
942 1618 1051 1672 hoc
1082 1618 1272 1690 itaque
1299 1618 1472 1686 bono,
1496 1622 1651 1673 tanto
1678 1634 1830 1673 com-

176 1710 347 1763 moda
396 1710 792 1765 retributionis
832 1714 1179 1779 accrescunt,
1207 1716 1423 1783 quanto
1468 1715 1525 1766 et
1571 1710 1828 1766 studium

184 1803 395 1858 laboris
420 1807 690 1875 augetur.
716 1805 785 1859 Et
813 1805 947 1876 quia
974 1806 1035 1859 in
1060 1805 1152 1860 his
1178 1806 1444 1860 omnibus
1470 1805 1674 1860 divinas
1705 1821 1830 1876 gra-

184 1898 275 1952 tiae
295 1897 592 1968 adjutorio
613 1914 756 1968 opus
776 1901 880 1966 est,
899 1898 1309 1970 omnipotentis
1327 1899 1428 1954 Dei
1450 1898 1690 1954 assiduis
1706 1914 1829 1969 pre-

187 1992 349 2046 cibus
396 1991 766 2046 clementiam
817 2008 1138 2062 exoramus,
1182 1997 1462 2065 quatenus
1510 1993 1633 2048 haec
1674 1992 1830 2047 vobis

188 2102 423 2157 semper
450 2085 737 2156 operanda
761 2085 914 2140 bona
946 2091 1003 2141 et
1027 2087 1167 2142 velle
1193 2086 1408 2141 tribuat
1431 2089 1489 2142 et
1514 2102 1677 2159 posse
1699 2102 1830 2141 con-

189 2180 384 2247 cedat,
412 2182 577 2251 atque
604 2180 665 2233 in
693 2196 761 2234 ea
790 2196 889 2234 vos
918 2180 1030 2247 via,
1059 2196 1190 2235 cum
1224 2181 1410 2235 fructu
1447 2181 1583 2235 boni
1620 2180 1828 2252 operis,

189 2289 364 2345 quam
397 2289 456 2327 se
487 2274 683 2328 Pastor
708 2277 1001 2345 pastorum
1037 2290 1157 2329 esse
1204 2278 1442 2330 testatus
1477 2279 1563 2330 est
1595 2274 1825 2345 dirigat,

1926 1070 2193 1108 maerore.
2242 1052 2399 1107 Unde
2444 1051 2899 1124 omnipotentem
2942 1054 3121 1108 Deum
3166 1070 3464 1125 rogamus,
3489 1062 3557 1114 ut

1927 1163 2045 1201 suae
2070 1163 2168 1201 vos
2200 1145 2394 1217 gratiae
2419 1146 2764 1217 aspiratione
2796 1147 3137 1217 consoletur,
3166 1164 3380 1220 vosque
3422 1154 3481 1204 et
3522 1168 3556 1207 a

1926 1239 2197 1310 malignis
2220 1238 2512 1310 spiritibus
2541 1243 2599 1294 et
2622 1256 2655 1294 a
2679 1240 2959 1311 perversis
2987 1240 3317 1297 hominibus
3347 1243 3555 1299 caelesti

1924 1333 2280 1406 protectione
2307 1333 2603 1389 custodiat.
2624 1334 2763 1389 Nam
2790 1338 2846 1390 et
2864 1335 2909 1389 si
2939 1352 3084 1407 quos
3113 1340 3244 1407 post
3267 1336 3416 1391 illius
3441 1337 3556 1393 obi-

1926 1432 2051 1483 tum
2076 1428 2351 1483 tumultus
2384 1427 2765 1499 quorumdam
2796 1429 3217 1485 adversantium
3249 1430 3555 1499 sustinetis,

1927 1522 2104 1577 nolite
2130 1521 2326 1577 mirari
2358 1522 2403 1575 si
2432 1538 2528 1576 vos
2557 1521 2654 1593 qui
2680 1522 2793 1577 frui
2817 1522 2980 1577 bonis
3007 1523 3067 1577 in
3100 1526 3251 1579 terra
3275 1530 3479 1594 vestra,
3500 1526 3560 1582 id

1930 1621 2014 1671 est
2040 1616 2100 1670 in
2126 1620 2279 1671 terra
2302 1615 2638 1684 viventium,
2672 1617 2949 1689 quaeritis,
2981 1619 3138 1673 mala
3163 1618 3467 1674 hominum
3497 1620 3558 1676 in

1926 1716 2082 1765 terra
2125 1710 2309 1766 aliena
2346 1711 2607 1781 portatis.
2642 1710 3029 1783 Peregrinatio
3075 1712 3285 1785 quippe
3328 1717 3415 1768 est
3446 1713 3561 1769 vita

1926 1805 2228 1876 paenitens,
2258 1808 2315 1860 et
2344 1805 2446 1876 qui
2470 1804 2716 1876 suspirat
2749 1806 2821 1860 ad
2850 1805 3096 1877 patriam
3126 1807 3180 1862 ei
3204 1811 3561 1864 tormentum

1929 1904 2014 1955 est
2040 1898 2518 1971 peregrinationis
2548 1900 2726 1967 locus,
2760 1899 2931 1955 etiam
2974 1900 3019 1954 si
3056 1900 3295 1957 blandus
3321 1918 3442 1957 esse
3474 1902 3558 1957 vi-

1931 1993 2150 2060 deatur,
2179 1992 2332 2047 vobis
2359 1995 2552 2048 autem
2582 1992 2681 2065 qui
2707 1992 2952 2064 patriam
2978 1994 3229 2066 quaeritis
3259 1994 3410 2051 inter
3438 2012 3558 2051 sus-

1928 2086 2077 2158 piria
2102 2102 2229 2158 qua:
2249 2084 2484 2152 habetis,
2508 2084 2683 2140 etiam
2705 2086 2950 2156 gemitus
2979 2087 3149 2142 audio
3176 2087 3445 2143 humanae
3465 2105 3561 2161 op-

1929 2179 2238 2252 pressionis
2276 2195 2600 2251 exsurgere.
2633 2180 2794 2244 Quod
2834 2181 2981 2235 mira
3023 2181 3433 2253 omnipotentis
3458 2182 3561 2238 Dei

1932 2274 2303 2346 dispositione
2329 2273 2541 2345 agitur,
2575 2277 2636 2328 ut
2660 2274 2799 2328 dum
2825 2274 3030 2331 veritas
3056 2291 3160 2347 per
3183 2291 3437 2332 amorem
3461 2292 3559 2332 vo-

194 2370 253 2420 nt
274 2367 398 2421 sine
422 2383 539 2438 quo
562 2367 707 2422 nihil
732 2367 826 2439 agi
853 2371 1059 2439 potest,
1081 2384 1185 2439 per
1208 2368 1399 2439 ipsum
1419 2368 1660 2439 implere
1678 2368 1830 2423 bona
1848 2348 1905 2421 B
1930 2374 2039 2439 cat,
2070 2368 2319 2423 mundus
2359 2367 2641 2439 pmnitens
2680 2384 2715 2422 a
2759 2385 2819 2422 se
2862 2368 2984 2440 ipso
3028 2368 3283 2424 animam
3310 2371 3563 2426 vestram

196 2477 317 2533 quae
338 2460 594 2532 coepistis
615 2460 861 2516 valeatis.
884 2463 963 2516 De
992 2461 1374 2517 sacerdotibus
1392 2466 1582 2518 autem
1602 2462 1829 2517 Domini

198 2572 332 2626 quos
358 2571 460 2609 vos
492 2554 812 2610 audivimus
842 2561 1045 2611 contra
1072 2572 1378 2627 pravorum
1405 2556 1708 2611 hominum
1737 2555 1826 2610 in-

200 2648 357 2703 sidias
404 2649 697 2720 adjuvare,
738 2666 1050 2720 eorumque
1096 2666 1292 2704 causas
1337 2654 1584 2721 portare,
1631 2650 1829 2704 scitote

198 2759 287 2796 vos
311 2743 373 2797 in
398 2758 468 2798 eo
497 2742 661 2797 valde
690 2743 803 2798 Deo
828 2742 1070 2814 placere,
1104 2743 1203 2815 qui
1229 2743 1336 2798 sibi
1362 2760 1456 2799 eos
1484 2744 1553 2799 ad
1574 2744 1827 2798 servien-

203 2837 330 2891 dum
356 2836 578 2903 ascivit,
608 2840 662 2891 et
694 2836 1005 2892 familiares
1028 2837 1315 2892 intantum
1351 2837 1457 2892 sibi
1482 2854 1602 2893 esse
1631 2838 1827 2905 voluit,

202 2932 453 2986 utetiam
498 2931 742 2986 aliorum
778 2931 991 2985 hostias
1022 2948 1125 3002 per
1150 2948 1249 2986 eos
1295 2936 1631 3003 acceptaret,
1660 2937 1830 3003 atque

204 3042 389 3079 eorum
444 3027 681 3096 peccata
721 3024 965 3079 donaret
1006 3024 1225 3096 sibique
1270 3025 1679 3094 reconciliaret,
1724 3026 1832 3097 ipsi

202 3136 416 3191 quoque
446 3119 686 3190 proprio
709 3134 806 3174 ore
828 3135 1033 3189 corpus
1054 3118 1275 3173 Domini
1306 3119 1616 3174 conﬁciunt
1644 3123 1701 3175 et
1724 3136 1826 3191 po-

204 3215 333 3285 pulis
358 3213 622 3268 tradunt.
655 3214 734 3267 De
765 3212 877 3267 illis
915 3213 1068 3267 enim
1111 3213 1327 3268 dictum
1373 3217 1458 3268 est
1490 3230 1502 3269 :
1538 3236 1565 3263 «
1603 3213 1711 3279 Qui
1736 3231 1832 3269 vos

202 3307 553 3363 contristabit
581 3323 673 3361 me
712 3306 1086 3375 contristabit,
1116 3309 1173 3361 et
1204 3307 1301 3378 qui
1329 3307 1487 3361 vobis
1518 3307 1653 3363 facit
1679 3308 1827 3379 inju-

201 3400 618 3472 riam,recipiet
638 3400 697 3454 id
712 3400 868 3473 quod
888 3400 1081 3471 inique
1105 3400 1317 3472 gessit:
1340 3420 1368 3452 »
1387 3402 1455 3455 Et
1479 3401 1613 3456 alibi
1640 3419 1652 3457 :
1680 3424 1708 3453 ‹‹
1726 3401 1831 3467 Qui

201 3513 288 3551 vos
324 3495 495 3550 audit
535 3511 629 3550 me
658 3494 836 3563 audit,
871 3499 927 3549 et
955 3494 1054 3565 qui
1079 3511 1175 3549 vos
1200 3494 1417 3566 spernit
1460 3511 1550 3550 me
1591 3496 1827 3567 spernit.

201 3591 299 3654 Qui
330 3594 536 3643 autem
575 3605 668 3642 me
700 3587 936 3658 spernit,
964 3587 1181 3658 spernit
1227 3604 1361 3643 eum
1403 3588 1503 3659 qui
1544 3605 1636 3644 me
1679 3590 1834 3644 misit

202 3685 340 3753 (Luc.
370 3700 424 3747 ι,
470 3684 575 3751 16).
608 3705 636 3732 υ
666 3682 733 3736 Hi
761 3682 916 3735 enim
946 3698 1061 3736 non
1090 3685 1223 3737 sunt
1245 3681 1575 3750 infestandi,
1599 3683 1698 3739 sed
1725 3684 1828 3739 ho-

200 3778 459 3833 norandi.
496 3779 555 3831 ln
582 3775 664 3830 eis
710 3792 940 3847 quoque
988 3776 1262 3830 Dominus
1308 3777 1641 3845 honoratur,
1672 3778 1834 3850 cujus

200 3872 485 3943 legatione
518 3870 863 3940 funguntur.
896 3869 961 3923 Hi
996 3886 1155 3941 ergo,
1185 3869 1231 3923 si
1259 3870 1407 3924 forte
1450 3870 1754 3926 ceciderint
1798 3889 1833 3927 a

202 3966 483 4033 ﬁdelibus,
529 3968 665 4018 sunt
707 3962 1037 4018 sublevandi
1085 3965 1143 4019 et
1187 3963 1469 4035 portendi.
1517 3966 1831 4021 Accusandi

198 4063 379 4115 autem
423 4074 547 4113 non
600 4060 731 4111 sunt
790 4057 860 4112 ab
913 4056 1241 4126 infamibus,
1277 4063 1375 4113 aut
1412 4059 1714 4128 sceleratis,
1744 4059 1831 4115 vel

200 4152 464 4221 inimicis,
488 4156 592 4205 aut
613 4150 843 4206 alterius
864 4156 1031 4206 secta:
1057 4151 1382 4206 hominibus
1396 4152 1485 4207 vel
1506 4152 1827 4224 religionis;

202 4248 241 4300 si
264 4245 647 4318 peccaverint,
664 4261 697 4299 a
716 4245 950 4317 reliquis
969 4249 1289 4316 arguantur
1307 4246 1715 4317 sacerdotibus,
1735 4247 1835 4302 sed

203 4346 251 4394 et
278 4359 309 4396 a
336 4340 586 4395 summis
624 4338 987 4411 pontiﬁcibus
1029 4339 1518 4410 constringantur,
1550 4345 1607 4395 et
1644 4357 1763 4395 non
1801 4359 1835 4396 a

204 4433 564 4489 secularibus
597 4436 698 4487 aut
723 4432 888 4487 malae
908 4433 1038 4488 vitae
1060 4434 1387 4489 hominibus
1413 4437 1728 4506 arguantur
1746 4435 1835 4490 vel

208 4531 521 4585 meantum
552 4526 715 4592 Quod
758 4543 896 4599 ergo
936 4527 1006 4583 de
1048 4527 1238 4583 fratris
1261 4527 1432 4582 vestri
1473 4528 1713 4584 transitu
1736 4545 1834 4582 vos

1927 2480 2034 2535 per
2061 2461 2455 2518 tribulationes
2476 2478 2619 2533 quas
2647 2461 2876 2533 ingerit,
2899 2462 3134 2534 rejiciat.
3157 2464 3453 2536 Tantaque
3485 2465 3567 2521 fa-

1929 2557 2090 2612 cilius
2117 2556 2189 2611 ab
2219 2572 2419 2611 amore
2445 2555 2616 2626 huius
2641 2555 2834 2610 saeculi
2857 2572 3022 2612 mens
3049 2561 3234 2625 exeat,
3264 2561 3478 2630 quanto
3509 2562 3567 2615 et

1930 2651 2245 2722 impellitur
2274 2651 2413 2705 dum
2446 2653 2697 2705 vocatur.
2726 2651 2918 2722 Itaque
2962 2650 3115 2722 quod
3154 2651 3418 2723 coepistis,
3451 2652 3561 2708 ho-

1931 2744 2252 2816 spitalitatis
2272 2760 2469 2798 curam
2489 2743 2824 2815 impendite,
2845 2742 2904 2798 in
2931 2744 3188 2801 oratione
3214 2749 3271 2800 et
3295 2745 3559 2818 lacrymis

1929 2838 2334 2894 instantissime
2381 2838 2654 2893 laborate.
2701 2838 3086 2910 Eleemosynis
3145 2855 3282 2911 quas
3331 2856 3563 2913 semper

1930 2933 2155 2988 amastis
2166 2933 2287 3004 jam
2307 2948 2459 2987 nunc
2477 2932 2690 3004 largius
2711 2937 2883 3004 atque
2902 2932 3136 2988 uberius
3156 2934 3286 2991 date
3305 2951 3559 3007 operam,

1933 3032 1994 3082 ut
2028 3030 2186 3081 tanto
2217 3029 2346 3099 post
2384 3030 2597 3081 crescat
2620 3026 2775 3081 vobis
2822 3025 2882 3080 in
2925 3026 3302 3084 retributione
3347 3029 3563 3085 fructus

1932 3120 2205 3187 muneris,
2245 3123 2457 3192 quanto
2512 3120 2603 3175 hic
2662 3120 2969 3177 excreverit
3023 3120 3277 3178 studium
3332 3123 3561 3181 laboris.

1930 3217 2214 3270 Praeterea
2260 3214 2567 3270 salutantes
2615 3217 2854 3286 paterna
2899 3214 3198 3271 dulcedine
3243 3216 3561 3274 bonitatem

1930 3313 2197 3376 vestram,
2225 3308 2472 3379 petimus
2508 3311 2570 3363 ut
2595 3307 2654 3363 in
2681 3308 2847 3363 bonis
2878 3325 3007 3381 quae
3045 3309 3290 3381 cmpistis
3316 3328 3390 3367 ne
3422 3312 3560 3368 deﬁ-

1933 3402 2109 3457 ciatis.
2137 3404 2333 3474 Neque
2376 3402 2524 3457 nllus
2551 3419 2652 3457 vos
2695 3402 2767 3458 ab
2816 3403 2897 3458 eis
2941 3408 3196 3460 avertere
3242 3405 3440 3477 possit,
3466 3407 3565 3462 sed

1930 3496 1991 3552 in
2014 3496 2230 3551 cunctis
2254 3496 2521 3551 affectum
2551 3502 2752 3552 vestrae
2778 3497 3084 3566 charitatis,
3115 3498 3302 3553 clerici
3333 3502 3393 3553 et
3416 3500 3564 3556 servi

1931 3590 2030 3645 Dei
2058 3606 2121 3643 ac
2148 3590 2335 3644 cuncti
2369 3590 2675 3646 Christiani
2712 3589 2810 3662 qui
2853 3590 2912 3645 in
2953 3590 3063 3645 illis
3108 3591 3360 3662 partibus
3404 3610 3562 3649 com-

1934 3686 2255 3752 morantur,
2284 3700 2479 3738 amorc
2506 3683 2711 3738 Christi
2740 3688 2798 3738 et
2827 3685 3009 3739 sancti
3037 3685 3186 3740 Petri
3212 3686 3458 3757 pleniter
3482 3688 3565 3743 in-

1933 3776 2182 3847 vcniant,
2214 3780 2271 3831 et
2306 3776 2515 3831 favoris
2542 3776 2714 3831 vestri
2751 3776 2963 3831 solatiis
3006 3794 3349 3851 quocunque
3393 3783 3562 3838 modo

1934 3886 2162 3926 necesse
2190 3870 2363 3937 fuerit
2388 3870 2698 3941 potiantur,
2718 3873 2998 3941 quatenus
3022 3876 3209 3927 vestra
3235 3875 3425 3928 cuncti
3453 3891 3560 3947 ope

1932 3964 2149 4021 defensi
2185 3967 2356 4036 atque
2388 3963 2585 4035 adjuti,
2615 3967 2672 4019 et
2710 3980 2814 4018 nos
2841 3964 3003 4019 vobis
3029 3965 3342 4037 gratiarum
3380 3968 3557 4039 possi-

1931 4076 2061 4115 mus
2087 4058 2325 4114 existere
2356 4058 2655 4125 debitores,
2684 4061 2741 4112 et
2768 4057 3020 4114 Christus
3064 4059 3331 4116 Dominus
3369 4064 3561 4120 noster

1934 4158 2103 4226 atque
2144 4153 2343 4208 beatus
2389 4153 2587 4207 Petrus
2619 4152 3005 4223 apostolorum
3032 4152 3297 4226 princeps
3322 4154 3382 4211 in
3413 4172 3559 4227 quo-

1932 4265 2064 4303 rum
2093 4264 2191 4302 vos
2217 4246 2399 4302 causis
2428 4245 2781 4318 impenditis,
2812 4248 2969 4302 Jesus
3007 4247 3260 4304 Christus
3288 4253 3562 4307 aeternam

1936 4341 2179 4414 gloriam
2198 4343 2549 4412 compenset,
2566 4344 2622 4395 et
2638 4339 2839 4395 beatus
2859 4343 3145 4413 apostolus
3163 4345 3363 4399 Petrus
3386 4344 3562 4416 ipsius

1937 4435 2131 4508 gloriae
2150 4435 2395 4506 januam
2426 4433 2667 4505 aperiat.
2696 4435 2836 4490 Data
2862 4451 2898 4489 x
2938 4435 3215 4492 Kalendas
3247 4437 3559 4511 Februarii,

1934 4528 2135 4585 Severo
2162 4531 2219 4585 et
2242 4528 2549 4594 Quintiano
2581 4530 2648 4585 IV
2677 4545 2757 4584 cc.
2782 4529 2996 4584 consul.

1206 4752 1667 4825 EPISTOLA
1729 4752 2190 4825 PONTIANI
2253 4753 2558 4824 PAPJE.

1070 4885 1167 4948 De
1230 4885 1531 4965 fraterna
1601 4885 1938 4949 dilectione
2003 4894 2066 4949 et
2128 4885 2417 4949 vitandis
2486 4882 2700 4947 malis.

272 5023 586 5076 Pomums
626 5024 839 5076 sancte
875 5022 933 5074 et
965 5019 1299 5077 universalis
1323 5021 1587 5077 Ecclesia:
1614 5020 1832 5092 episco-
1854 5034 1915 5108 D
1936 5022 2174 5095 phetam
2192 5021 2461 5093 loquitur
2499 5020 2725 5075 dicens:
2751 5040 2779 5071 ‹‹
2797 5019 2981 5085 Quam
2998 5020 3183 5077 bonus
3219 5021 3391 5079 Israel
3421 5023 3566 5080 Deus

204 5117 285 5186 pis
313 5115 590 5171 omnibus
624 5118 775 5170 recte
815 5114 1118 5170 Dominum
1145 5116 1467 5172 colentibus
1495 5117 1552 5170 et
1582 5116 1837 5172 divinum

206 5212 415 5264 cultum
450 5208 802 5277 amantibus,
831 5208 1096 5263 salutem.

274 5303 461 5359 Gloria
492 5303 555 5357 in
583 5302 823 5357 excelsis
852 5303 986 5371 Deo,
1018 5308 1075 5359 et
1103 5303 1162 5358 in
1190 5307 1343 5360 terra
1367 5320 1477 5376 pax
1508 5303 1840 5359 hominibus

202 5397 367 5453 bonae
394 5397 732 5453 voluntatis.
762 5398 889 5453 Haec
919 5397 1106 5465 verba,
1138 5398 1483 5468 cbarissimi,
1509 5415 1627 5454 non
1656 5398 1841 5454 homi-

203 5508 340 5548 num
377 5497 535 5562 sunt,
569 5491 673 5546 sed
713 5493 1069 5564 angelorum,
1111 5496 1170 5547 et
1206 5509 1322 5549 non
1365 5493 1619 5549 humano
1669 5508 1840 5548 sensu

200 5588 543 5659 excogitata,
566 5586 669 5642 sed
695 5586 766 5642 ab
795 5586 1016 5659 angelis
1044 5587 1104 5642 in
1132 5590 1260 5642 ortu
1290 5588 1593 5643 Salvatoris
1618 5602 1841 5643 annun-

202 5682 359 5752 ἥλιε,
391 5681 608 5755 quibus
652 5680 1043 5738 indubitanter
1067 5681 1137 5737 ab
1162 5681 1424 5737 omnibus
1463 5680 1704 5753 intelligi
1732 5698 1839 5753 po-

202 5780 329 5845 test,
346 5778 510 5851 quod
524 5792 648 5833 non
666 5777 833 5833 malae
846 5776 1175 5847 voluntatis,
1194 5777 1291 5834 sed
1308 5775 1638 5833 hominibus
1652 5776 1836 5845 bona),

202 5886 310 5943 pax
337 5872 419 5930 sit
443 5888 477 5930 a
502 5872 746 5931 Domino
769 5872 923 5944 data,
956 5871 1112 5930 unde
1161 5874 1219 5928 et
1263 5870 1540 5931 Dominus
1576 5887 1679 5945 per
1701 5887 1837 5946 pro-

1938 5116 2026 5171 his
2051 5116 2148 5189 qui
2179 5118 2335 5171 recto
2364 5117 2496 5170 sunt
2521 5114 2708 5185 corde,
2732 5114 2847 5170 mei
2878 5119 3069 5171 autem
3089 5132 3239 5188 pene
3267 5118 3409 5173 moti
3436 5122 3569 5174 sunt

1936 5211 2130 5283 pedes,
2162 5227 2311 5282 pene
2340 5209 2505 5266 effusi
2530 5213 2664 5264 sunt
2699 5225 2923 5281 gressus
2951 5210 3063 5265 mei
3100 5209 3234 5283 quia
3270 5213 3567 5267 aemulatus

1939 5321 2067 5360 sum
2100 5307 2301 5361 contra
2339 5304 2567 5376 iniquos
2596 5319 2794 5376 pacem
2836 5304 3150 5376 impiorum
3174 5305 3373 5361 videns
3399 5305 3562 5375 (Psal.

1940 5416 2087 5455 Lxxu
2126 5405 2177 5455 et
2209 5401 2400 5471 seqq.).
2434 5420 2462 5449 ››
2497 5400 2577 5454 De
2622 5398 2785 5453 bonis
2812 5415 2944 5455 vero
2969 5399 3093 5472 ipsa
3130 5416 3235 5471 per
3264 5416 3322 5453 se
3350 5398 3567 5453 Veritas

1942 5494 2057 5549 ait:
2087 5494 2293 5550 «Beati
2321 5494 2538 5550 mundo
2567 5493 2754 5561 corde,
2776 5493 3046 5566 quoniam
3070 5492 3179 5564 ipsi
3211 5493 3384 5547 Deum
3409 5490 3567 5547 vide-

1939 5588 2085 5643 bunt
2115 5587 2329 5659 (Matth.
2356 5604 2412 5656 v,
2441 5589 2513 5658 8).
2544 5608 2571 5637 ››
2598 5586 2791 5643 Mundi
2813 5587 2967 5643 enim
2992 5602 3107 5642 non
3128 5587 3258 5639 sunt
3274 5583 3443 5640 corde
3466 5585 3566 5657 qui

1939 5682 2091 5737 mala
2137 5681 2407 5754 cogitant,
2456 5685 2556 5737 aut
2602 5681 2806 5737 nociva
2849 5679 3116 5736 adversus
3158 5676 3362 5732 fratres
3410 5694 3563 5747 suos,

1941 5776 2077 5849 quia
2103 5776 2248 5832 nihil
2264 5775 2400 5832 mali
2420 5775 2541 5831 vult
2558 5774 2656 5847 qui
2674 5774 2857 5830 ﬁdelis
2874 5776 2976 5830 est.
3004 5770 3209 5828 Fidelis
3232 5787 3370 5845 ergo
3391 5772 3564 5829 homo

1940 5870 2121 5944 magis
2147 5869 2332 5943 diligit
2360 5869 2559 5927 audire
2590 5884 2716 5941 quae
2745 5868 2970 5941 oportet
3012 5882 3185 5941 quam
3221 5866 3408 5927 dicere
3439 5884 3566 5942 quae
