4026 6166
487 289 585 347 H3

1386 290 1667 344 APPEND.
1710 291 1797 346 AD
1835 291 1993 345 SzEC.
2038 290 2125 343 IX.
2150 317 2217 330 -
2257 287 2500 344 lSlDORl
2540 287 2957 346 MERCATORIS
3731 297 3810 352 144

481 417 602 457 non
629 401 869 472 Oportet.
899 399 970 452 Et
1008 397 1054 452 si
1096 396 1222 469 quis
1251 396 1434 453 fidelis
1472 403 1574 470 est,
1602 399 1793 456 videat
1841 415 1910 454 ne
1955 399 2106 454 mala
2126 409 2184 482 Α
2207 395 2419 452 dividet
2443 398 2704 452 vulnera.
2748 397 3035 463 Quoniam
3061 397 3161 471 qui
3186 397 3331 455 fodit
3354 396 3598 471 foveam,
3631 401 3813 458 incidet

478 495 766 565 loquatur,
782 496 880 548 aut
895 490 1162 562 cuiquam
1180 490 1411 546 insidias
1427 497 1620 564 ponat.
1637 495 1701 550 In
1720 493 1826 549 hoc
1845 510 1981 565 ergo
2002 492 2108 548 dis-

481 591 795 644 cernuntur
835 585 936 641 ﬁlii
981 586 1077 642 Dei
1109 589 1166 640 et
1192 586 1292 641 filii
1322 586 1555 643 diaboli.
1584 588 1707 643 Filii
1738 604 1986 660 namque
2013 588 2110 643 Dei

479 698 705 754 semper
735 679 984 753 cogitant
1013 685 1070 736 et
1095 697 1266 753 agere
1297 682 1648 737 contendunt
1674 698 1803 754 quae
1831 682 1931 736 Dei
1956 688 2106 752 sunt,

477 780 536 833 et
558 777 759 831 fratres
785 774 1177 830 indesinenter
1203 774 1493 846 adjuvant,
1525 779 1580 831 et
1606 775 1752 831 nulli
1777 791 1980 831 nocere
2008 792 2104 830 vo-

477 870 622 926 lunt.
645 868 768 924 Filii
790 871 982 924 autem
1001 867 1216 924 diaboli
1238 872 1471 924 econtra
1488 870 1643 924 mala
1662 872 1719 926 et
1737 871 1939 925 nociva
1960 886 2107 926 sem-

476 980 580 1038 per
609 963 981 1030 meditantur,
1007 962 1140 1033 quia
1176 979 1352 1034 opera
1397 978 1595 1018 eorum
1642 965 1792 1018 mala
1839 968 1992 1020 sunt.
2028 965 2106 1020 De

477 1058 686 1132 quibus
711 1057 967 1128 loquitur
989 1055 1267 1112 Dominus
1290 1073 1393 1129 per
1416 1057 1720 1113 Jeremiam
1749 1059 2104 1131 prophetam,

480 1152 674 1208 dicens
706 1168 720 1205 :
757 1172 784 1201 ‹‹
818 1151 1038 1222 Loquar
1069 1149 1289 1222 judicia
1316 1167 1444 1206 mea
1483 1168 1613 1206 cum
1643 1153 1722 1207 eis
1752 1170 1926 1224 super
1952 1153 2106 1208 omni

478 1244 699 1301 malitia
742 1260 940 1300 eorum
977 1243 1102 1316 (Jer.
1136 1249 1186 1314 l,
1231 1246 1334 1316 16).
1366 1247 1674 1317 Propterea
1714 1246 1933 1317 judicio
1969 1264 2104 1302 con-

476 1339 714 1396 tendam
743 1339 928 1394 adhuc
954 1338 1264 1407 vobiscum,
1294 1340 1375 1394 ait
1406 1339 1699 1411 Dominus,
1723 1344 1779 1395 et
1815 1357 1946 1395 cum
1978 1341 2107 1396 ﬁliis

476 1433 674 1490 vestris
727 1432 1051 1504 disceptabo
1109 1433 1234 1504 (Jer.
1292 1451 1360 1504 ιι,
1421 1435 1491 1504 9).
1547 1436 1686 1490 Ecce
1735 1451 1845 1506 ego
1895 1435 2107 1505 fingam

477 1533 678 1585 contra
698 1544 796 1583 vos
813 1527 1029 1583 malum
1061 1531 1118 1582 et
1144 1527 1330 1598 cogito
1363 1533 1560 1583 contra
1584 1545 1681 1583 vos
1705 1528 2106 1599 cogitationem

475 1625 603 1695 (Jer.
633 1638 785 1691 xvm,
817 1622 920 1691 Η).
957 1642 984 1670 ››
1017 1622 1163 1689 Haec,
1198 1620 1425 1692 fratres,
1465 1622 1629 1676 valde
1678 1627 1810 1678 sunt
1855 1622 2108 1678 timenda

476 1721 534 1774 et
561 1715 629 1771 ab
659 1714 925 1770 omnibus
953 1715 1227 1785 cavenda,
1256 1715 1532 1788 quoniam
1562 1719 1736 1787 super
1765 1732 1939 1788 quem
1957 1716 2108 1788 judi-

2207 491 2267 546 in
2285 491 2464 562 illam,
2494 493 2550 547 et
2573 491 2672 564 qui
2703 493 2897 548 statuit
2922 492 3170 566 lapidem
3202 493 3480 564 proximo,
3504 495 3741 552 offendet
3765 497 3814 552 in

2211 601 2296 655 eo,
2321 588 2377 640 et
2395 585 2493 656 qui
2513 586 2784 656 laqueum
2811 587 2904 642 alii
2935 586 3112 659 ponit,
3134 587 3342 659 peribit
3372 588 3430 643 in
3456 589 3570 644 illo.
3596 590 3814 647 Facienti

2207 678 2620 751 ncquissimum
2669 679 2991 752 consilium,
3026 697 3198 753 super
3241 699 3372 737 eum
3410 683 3744 753 devolvetur,
3768 689 3818 740 et

2209 789 2328 828 non
2361 778 2667 846 cognoscet
2709 774 2860 830 unde
2900 775 3167 832 adveniet
3208 775 3310 831 illi.
3341 777 3527 833 lllusio
3555 783 3611 834 et
3637 779 3820 850 impro-

2208 867 2431 940 perium
2472 868 2852 940 superborum
2896 874 2951 924 et
2977 869 3225 925 vindicta
3253 870 3397 926 sicut
3432 873 3523 926 leo
3547 873 3817 929 insidiabi-

2208 965 2305 1016 tur
2334 961 2435 1016 illi.
2466 962 2693 1033 Laqueo
2722 963 2992 1034 peribunt
3011 965 3108 1035 qui
3133 964 3492 1021 oblectantur
3516 983 3647 1022 casu
3664 967 3820 1039 justo-

2208 1055 2521 1123 rum,dolor
2530 1059 2723 1111 autem
2735 1060 3034 1112 consumet
3046 1058 3175 1113 illos
3187 1061 3492 1132 antequam
3502 1061 3820 1132 moriantur,

2209 1147 2294 1203 ira
2315 1151 2370 1204 et
2395 1149 2554 1204 furor
2575 1152 2819 1222 utraque
2845 1151 3231 1220 exsecrabilia,
3256 1156 3312 1208 et
3330 1152 3416 1208 vir
3429 1156 3690 1225 peccator
3707 1171 3824 1211 con-

2206 1242 2393 1297 tinens
2417 1241 2525 1298 erit
2544 1243 2789 1298 illorum.
2812 1245 2916 1309 Qui
2944 1245 3215 1301 vindicari
3232 1247 3370 1315 vult,
3393 1263 3427 1301 a
3455 1248 3571 1302 Deo
3596 1248 3825 1305 inveniet

2209 1335 2539 1406 vindictam,
2583 1343 2640 1393 et
2685 1343 2912 1409 peccata
2953 1339 3100 1394 illius
3147 1357 3376 1396 servans
3429 1343 3684 1398 servabit.
3724 1345 3821 1400 Re-

2206 1430 2401 1504 linque
2443 1431 2701 1503 proximo
2739 1438 2837 1488 tuo
2883 1434 3113 1488 nocenti
3139 1438 3213 1503 te,
3247 1440 3304 1490 et
3341 1438 3476 1491 tunc
3514 1436 3824 1509 deprecanti

2209 1523 2312 1579 tibi
2352 1529 2589 1596 peccata
2633 1526 2946 1583 solventur.
2981 1529 3162 1584 Homo
3190 1529 3412 1585 homini
3451 1536 3631 1586 servat
3671 1533 3822 1602 iram,

2210 1621 2266 1671 et
2285 1635 2317 1671 a
2337 1619 2450 1674 Deo
2480 1620 2687 1691 quaerit
2705 1620 2989 1676 medelam
3006 1621 3033 1676 ?
3062 1623 3122 1676 In
3151 1623 3442 1680 hominem
3471 1625 3708 1681 similem
3729 1626 3825 1681 sibi

2210 1728 2324 1766 non
2353 1712 2525 1768 habet
2552 1713 3024 1783 misericordiam,
3055 1720 3112 1771 et
3132 1716 3202 1772 de
3233 1717 3477 1789 peccatis
3505 1718 3618 1774 suis
3647 1720 3825 1792 depre-

475 1810 630 1866 cium
673 1809 772 1865 Dei
811 1808 1098 1878 ceciderit,
1133 1824 1246 1863 non
1273 1786 1438 1864 ﬁexiet
1482 1786 1817 1880 impunitus.
1865 1812 1931 1866 Et
1963 1786 2108 1865 video
2128 1786 2185 1858 B
2209 1810 2371 1860 catur
2394 1805 2743 1861 Altissimum
2763 1808 2790 1862 Τ
2815 1810 2941 1880 Ipse
2971 1809 3107 1864 dum
3136 1827 3266 1866 caro
3294 1811 3383 1882 sit,
3415 1817 3597 1868 servat
3620 1813 3754 1869 iram
3776 1820 3827 1869 et

476 1903 868 1976 unusquisque
905 1901 1211 1974 praevideat
1235 1919 1308 1957 ne
1336 1903 1445 1958 hoc
1469 1901 1831 1958 machinetur
1855 1907 1954 1959 aut
1977 1909 2111 1976 agat

475 1999 535 2054 in
565 1998 802 2053 fratrem
838 1996 990 2067 quod
1023 1996 1142 2067 ipse
1171 1995 1287 2067 pati
1315 1997 1579 2052 noluerit.
1610 1997 1678 2051 Et
1701 2013 1805 2054 nec
1829 1997 1888 2052 in
1921 1998 2106 2068 suspi-

473 2092 700 2148 cionem
715 2090 907 2146 veniat
919 2090 1095 2145 homo
1113 2089 1318 2160 ﬁdelis,
1341 2095 1402 2146 ut
1421 2090 1569 2145 dicat
1589 2095 1688 2145 aut
1707 2090 1879 2146 faciat
1900 2108 1966 2146 ea
1979 2109 2109 2162 quae

471 2186 586 2257 pati
615 2200 731 2240 non
755 2183 891 2250 vult,
915 2183 1072 2238 unde
1104 2187 1396 2254 suspectos
1424 2189 1481 2239 et
1509 2183 1794 2254 inimicos,
1818 2189 1918 2240 aut
1942 2184 2106 2240 facile

469 2278 781 2349 litigantes,
804 2281 862 2332 et
891 2292 990 2330 eos
1015 2275 1115 2347 qui
1143 2292 1262 2330 non
1294 2280 1429 2331 sunt
1452 2277 1617 2332 bona;
1646 2278 2105 2346 conversationis,

471 2375 571 2426 aut
594 2385 839 2443 quorum
868 2367 980 2423 vita
1006 2371 1094 2424 est
1122 2368 1472 2438 accusabilis,
1500 2369 1599 2442 qui
1626 2373 1842 2426 rectam
1873 2387 1987 2426 non
2021 2375 2104 2426 te-

474 2467 616 2521 nent
657 2466 756 2519 aut
805 2462 1016 2518 docent
1071 2461 1271 2532 ﬁdem,
1318 2467 1676 2520 accusatores
1722 2467 2108 2522 antecessores

470 2558 650 2615 nostri
679 2556 987 2629 apostolica
1013 2557 1348 2629 repulerunt
1377 2557 1733 2628 auctoritate,
1765 2560 1823 2614 et
1849 2575 1955 2614 nos
1980 2560 2109 2615 sub—

471 2668 768 2709 movemus
797 2653 970 2723 atque
1000 2649 1209 2707 futuris
1244 2651 1601 2723 temporibus
1642 2651 2000 2708 excludimus
2031 2670 2106 2708 ne

469 2747 720 2803 libenter
741 2744 854 2800 labi
879 2743 1102 2817 possint
1130 2761 1271 2818 quos
1302 2761 1408 2800 nos
1437 2749 1635 2800 tenere
1673 2749 1729 2802 et
1766 2746 1981 2803 salvare
2009 2747 2102 2803 de-

469 2841 693 2909 bemus,
721 2855 814 2906 ne,
839 2839 994 2910 quod
1021 2837 1188 2907 absit,
1220 2839 1558 2910 praedictum
1587 2840 1686 2895 Dei
1707 2839 1994 2911 judicium
2020 2857 2107 2896 su-

470 2949 578 3008 per
602 2936 876 3004 utrosque
905 2930 1115 3001 veniat,
1147 2937 1205 2987 et
1230 2949 1334 2987 nos
1361 2949 1560 2989 eorum
1589 2933 1745 3002 vitio,
1774 2933 1926 3005 quod
1956 2935 2107 2988 Deus

469 3028 705 3095 avertat,
733 3041 1057 3098 pereamus.
1085 3025 1369 3098 Scriptum
1399 3031 1485 3083 est
1511 3027 1665 3083 enim
1696 3047 1711 3083 :
1746 3049 1773 3077 «
1802 3028 2106 3084 Rectorem

468 3128 526 3178 te
539 3121 892 3194 posuerunt?
908 3134 1105 3175 curam
1125 3119 1354 3176 illorum
1373 3120 1543 3192 habe,
1563 3125 1627 3177 ut
1646 3121 1853 3177 laeteris
1873 3126 2108 3194 propter
2126 3160 2181 3236 Ο

469 3216 614 3285 illos,
638 3217 696 3270 et
727 3217 1132 3270 ornamentum
1160 3214 1364 3286 gratiae
1385 3214 1649 3286 accipias,
1675 3217 1734 3270 et
1759 3231 2030 3271 coronam
2051 3221 2108 3272 et

469 3308 860 3382 dignationem
877 3307 1242 3381 consequaris
1260 3324 1392 3363 cum
1413 3309 1711 3379 rogatione
1729 3308 1913 3380 (Eecli.
1933 3326 2102 3378 xxxu,

474 3407 495 3459 t
530 3407 580 3459 et
603 3401 775 3475 seqq.)
797 3423 825 3451 ››
849 3401 1098 3458 Verbum
1125 3400 1278 3457 enim
1300 3417 1550 3473 nequam
1573 3401 1899 3459 immutavit
1923 3419 2021 3459 cor
2041 3420 2105 3459 ex

472 3513 585 3568 quo
609 3499 857 3568 quatuor
880 3498 1073 3567 partes
1099 3494 1383 3550 oriuntur.
1407 3497 1625 3551 Bonum
1649 3499 1706 3553 et
1735 3496 1972 3568 malum,
1993 3496 2107 3552 vita

473 3595 529 3646 et
553 3606 726 3658 mors,
750 3594 807 3644 et
826 3588 1174 3645 dominatrix
1195 3591 1278 3644 est
1297 3604 1497 3644 eorum
1515 3589 1741 3646 assidua
1759 3589 1976 3663 lingua.
1998 3592 2105 3647 Pro

469 3683 676 3740 talibus
694 3681 950 3755 praedicti
965 3680 1177 3738 vitandi
1192 3681 1504 3738 admodum
1522 3687 1674 3753 sunt,
1693 3688 1749 3740 et
1767 3685 2104 3758 priusquam

468 3777 756 3851 praedictae
791 3775 1132 3832 enucleatim
1171 3775 1580 3833 examinentur
1602 3778 1919 3851 opiniones,
1954 3782 2010 3835 et
2033 3779 2104 3835 ab

467 3871 579 3928 illis
620 3870 790 3928 alieni
836 3870 1202 3927 inveniantur
1230 3887 1348 3927 non
1399 3876 1531 3928 sunt
1577 3872 1938 3944 suscipiendi,
1969 3890 2105 3946 quo:

467 3965 625 4022 niam
650 3964 989 4021 sacriﬁcium
1014 3965 1258 4021 salutare
1295 3969 1380 4021 est
1415 3965 1710 4020 attendere
1741 3965 2024 4021 mandatis
2048 3969 2107 4021 et

470 4059 758 4116 discedere
789 4058 860 4114 ab
886 4058 1045 4114 omni
1075 4058 1402 4129 iniquitate.
1432 4057 1858 4129 Beneplacitum
1890 4061 1974 4112 est
2001 4059 2106 4114 Do.

469 4153 629 4209 mino
653 4152 924 4207 recedere
947 4151 1016 4206 ab
1043 4151 1367 4222 iniquitate,
1391 4153 1448 4205 et
1472 4149 1724 4206 laudatio
1751 4151 2015 4207 recedere
2033 4151 2103 4206 ab

471 4244 766 4317 injustitia.
814 4243 1101 4308 Quoniam
1145 4243 1420 4315 scriptum
1463 4246 1590 4299 est:
1627 4265 1654 4293 «
1685 4243 1865 4317 Dilige
1911 4246 2100 4317 proxi-

469 4355 631 4395 mum
659 4341 823 4394 tuum
848 4341 905 4394 et
929 4338 1279 4410 conjungere
1311 4337 1421 4393 ﬁde
1445 4353 1574 4393 cum
1606 4337 1738 4408 illo;
1763 4339 2033 4410 quoniam
2057 4341 2103 4397 si

472 4432 850 4491 denudaveris
897 4431 1166 4488 absconsa
1209 4431 1379 4502 illius,
1413 4449 1526 4487 non
1572 4434 1931 4505 persequeris
1978 4441 2105 4506 post

2208 1899 2677 1971 propitiationem
2710 1901 2851 1972 petit
2882 1919 2915 1956 a
2942 1903 3094 1958 Deo?
3117 1904 3250 1969 Quis
3291 1907 3544 1961 exorabit
3571 1924 3672 1979 pro
3697 1909 3824 1964 deli-

2209 1993 2312 2048 ctis
2337 1993 2526 2048 illius?
2548 1996 2830 2050 Memento
2863 1997 3304 2054 novissimorum
3335 2003 3393 2054 et
3430 2001 3623 2066 desine
3655 2002 3831 2058 inimi-

2208 2086 2342 2155 cari,
2374 2087 2629 2143 tabitudo
2675 2089 2832 2144 enim
2877 2093 2933 2146 et
2974 2108 3128 2146 mors
3172 2091 3479 2150 imminent
3533 2097 3828 2152 mandatis.

2207 2181 2518 2237 Memorare
2564 2181 2836 2238 timorem
2879 2184 2982 2239 Dei
3028 2185 3307 2255 altissimi,
3341 2193 3398 2243 et
3437 2205 3552 2244 non
3580 2189 3832 2246 irascaris

2207 2274 2465 2345 proximo
2494 2277 2614 2330 tuo.
2641 2277 2952 2333 Memorare
2981 2281 3302 2336 testamenti
3335 2281 3628 2352 Altissimi,
3659 2287 3715 2339 et
3737 2285 3831 2340 de-

2208 2367 2360 2438 spice
2385 2368 2774 2440 ignorantiam
2801 2372 3070 2442 proximi.
3099 2373 3330 2431 Abstine
3359 2378 3414 2432 te
3442 2393 3476 2431 a
3501 2377 3623 2445 lite,
3657 2382 3714 2434 et
3737 2379 3834 2434 mi-

2207 2478 2348 2517 nues
2371 2465 2621 2533 peccata.
2649 2464 2825 2520 Homo
2855 2465 3012 2520 enim
3044 2467 3352 2524 iracundus
3376 2469 3630 2526 incendit
3657 2471 3832 2542 litem,

2207 2559 2265 2612 et
2306 2555 2392 2610 vir
2423 2560 2688 2628 peccator
2713 2559 2967 2615 turbabit
2989 2561 3222 2633 amicos,
3251 2567 3309 2620 et
3335 2564 3396 2619 in
3424 2565 3613 2622 medio
3639 2583 3834 2638 pacem

2208 2649 2538 2706 habentium
2595 2651 2866 2710 immittet
2910 2653 3257 2713 inimicitias.
3307 2657 3635 2715 Secundum
3685 2661 3832 2717 enim

2207 2742 2363 2815 ligna
2389 2743 2560 2814 silvae,
2592 2745 2669 2801 sic
2693 2746 2841 2818 ignis
2871 2750 3200 2820 exardescit,
3232 2755 3288 2808 et
3311 2753 3628 2810 secundum
3659 2755 3835 2812 virtu-

2207 2841 2325 2892 tem
2355 2838 2608 2894 hominis
2632 2840 2928 2897 iracundia
2956 2843 3105 2898 illius
3133 2844 3260 2914 erit,
3284 2848 3344 2901 et
3370 2848 3685 2905 secundum
3712 2851 3839 2906 sub-

2207 2931 2477 2988 stantiam
2499 2950 2657 2988 suam
2685 2935 2960 2992 exaltabit
2984 2937 3128 2992 iram
3155 2956 3337 2994 suam.
3359 2941 3663 2998 Certamen
3688 2944 3839 3000 festi-

2206 3029 2404 3081 natum
2429 3027 2698 3084 incendat
2720 3028 2939 3101 ignem,
2961 3035 3019 3086 et
3045 3032 3114 3086 lis
3139 3032 3413 3089 festinans
3437 3035 3689 3092 effundet
3718 3055 3843 3095 san-

2209 3117 2466 3190 guinem,
2490 3125 2546 3177 et
2563 3121 2760 3193 lingua
2783 3123 3087 3180 testiﬁcans
3105 3126 3352 3182 adducet
3370 3134 3639 3202 mortem,
3664 3132 3712 3186 si
3727 3133 3843 3188 suf-

2205 3212 2428 3269 ﬂaveris
2448 3214 2611 3286 quasi
2625 3215 2774 3288 ignis
2791 3217 3028 3288 ardebit,
3047 3223 3104 3274 ct
3119 3221 3166 3274 si
3183 3223 3468 3293 exspueris
3481 3240 3652 3295 super
3660 3225 3840 3295 illam,

2207 3306 2620 3380 exstinguetur,
2654 3314 2711 3365 et
2750 3315 2990 3383 utraque
3021 3329 3088 3367 ex
3123 3330 3219 3370 ore
3249 3315 3705 3386 proﬁciscuntur.
3740 3321 3845 3376 Su-

2206 3416 2368 3454 surro
2395 3404 2453 3456 et
2479 3400 2768 3473 bilinguis,
2797 3404 3152 3474 maledictus,
3175 3408 3386 3464 multos
3412 3411 3567 3465 enim
3594 3413 3848 3470 turbavit

2203 3510 2404 3566 pacem
2429 3494 2721 3567 habentes,
2752 3496 2949 3569 lingua
2978 3499 3145 3556 tertia
3190 3502 3403 3558 multos
3430 3506 3756 3575 commovit,
3789 3513 3849 3565 et

2208 3587 2470 3660 dispersit
2495 3589 2620 3644 illos
2643 3589 2714 3645 de
2747 3596 2918 3663 gente
2948 3591 3011 3647 in
3037 3597 3292 3665 gentem.
3317 3595 3582 3653 Civitates
3601 3599 3850 3659 divitum

2204 3682 2453 3738 munitas
2482 3683 2777 3753 destruxit,
2800 3687 2857 3740 et
2882 3684 3082 3742 domos
3109 3693 3450 3760 magnatum
3477 3692 3708 3764 effodit;
3735 3695 3849 3751 vir-

2205 3781 2352 3833 tutes
2376 3777 2723 3848 populorum
2749 3779 3016 3849 concidit,
3049 3786 3106 3838 et
3132 3787 3334 3854 gentes
3359 3785 3534 3842 fortes
3559 3787 3849 3846 dissolvit.

2203 3870 2422 3942 Lingua
2446 3871 2618 3926 tertia
2645 3873 2913 3930 mulieres
2935 3875 3144 3931 viratas
3171 3877 3355 3948 ejecit,
3381 3884 3439 3934 et
3457 3879 3701 3952 privavit
3717 3883 3856 3940 illas

2205 3962 2274 4018 de
2319 3963 2604 4018 laboribus
2650 3965 2786 4022 suis.
2831 3967 2936 4032 Qui
2977 3969 3204 4041 respicit
3245 3970 3422 4041 illam,
3454 3991 3568 4028 non
3608 3975 3859 4033 habebit

2202 4056 2482 4129 requiem,
2517 4075 2620 4114 nec
2660 4059 2938 4117 habitabit
2977 4079 3108 4117 cum
3153 4065 3382 4136 requie;
3424 4066 3635 4139 flagelli
3667 4071 3858 4144 plaga

2202 4149 2438 4206 livorem
2469 4152 2624 4223 facit,
2658 4155 2823 4226 plaga
2857 4160 3050 4212 autem
3076 4157 3290 4230 linguae
3316 4161 3658 4218 comminuit
3689 4181 3855 4220 ossa.

2202 4243 2360 4299 Multi
2384 4245 2712 4302 ceciderunt
2750 4247 2808 4303 in
2836 4265 2934 4304 ore
2961 4250 3156 4322 gladii,
3186 4253 3282 4308 sed
3309 4270 3415 4309 nec
3443 4255 3520 4310 sic
3549 4256 3712 4328 quod
3746 4259 3862 4330 qui

2203 4337 2542 4396 interierunt
2553 4340 2931 4414 perlinguam
2951 4361 3135 4401 suam.
3159 4346 3365 4402 Beatus
3385 4349 3484 4421 qui
3505 4354 3693 4405 tectus
3715 4357 3814 4408 est
3828 4371 3863 4407 a

2205 4431 2399 4505 lingua
2441 4450 2711 4506 nequam,
2761 4439 2819 4491 et
2868 4437 2967 4508 qui
3014 4439 3072 4494 in
3118 4439 3474 4497 iracundiam
3519 4443 3671 4500 illius
3724 4463 3864 4502 non

471 4544 623 4584 eum.
650 4527 807 4584 Sicut
835 4527 988 4582 enim
1018 4527 1192 4581 homo
1215 4525 1313 4598 qui
1335 4526 1519 4598 perdit
1543 4527 1795 4582 amicum
1817 4544 2004 4598 suum,
2027 4529 2105 4585 sic
2122 4532 2182 4606 D
2206 4526 2462 4582 transivit
2489 4531 2546 4582 et
2571 4529 2671 4600 qui
2712 4546 2826 4585 non
2865 4533 3099 4587 attraxit
3131 4534 3340 4606 jugum
3366 4537 3487 4608 ejus
3519 4541 3575 4593 et
3600 4537 3872 4596 vinculis

471 4623 571 4696 qui
603 4622 790 4695 perdit
829 4619 1137 4676 amicitiam
1185 4620 1438 4692 proximi
1485 4621 1590 4675 sui.
1621 4622 1689 4677 Et
1719 4621 1861 4676 sicut
1890 4623 1989 4694 qui
2017 4623 2102 4679 di-

467 4716 645 4772 mittit
669 4732 834 4772 avem
863 4715 932 4771 de
962 4730 1141 4770 manu
1167 4730 1292 4783 sua,
1311 4714 1389 4770 sic
1414 4714 1511 4786 qui
1541 4713 1890 4786 dereliquisti
1919 4718 2106 4788 proxi-

467 4826 630 4866 mum
663 4814 852 4880 tuum,
887 4814 945 4864 et
972 4825 1086 4864 non
1115 4824 1248 4864 eum
1274 4808 1478 4880 capies.
1508 4809 1634 4863 Non
1659 4809 1821 4865 illum
1852 4811 2103 4883 sequaris

466 4904 743 4977 quoniam
769 4904 943 4974 longe
971 4902 1128 4958 abest
1159 4920 1171 4957 :
1203 4901 1404 4974 effugit
1429 4903 1582 4958 enim
1611 4904 1768 4976 quasi
1801 4920 2006 4976 caprea
2033 4906 2102 4960 de

465 5000 691 5071 laqueo,
721 4997 854 5070 quia
877 4997 1179 5052 vulnerata
1222 4999 1305 5051 est
1349 4996 1540 5052 anima
1577 4997 1727 5068 ejus;
1777 4999 1928 5053 ultra
1969 5015 2099 5053 eum

466 5108 586 5148 non
613 5091 823 5164 poteris
851 5091 1141 5162 colligare,
1175 5095 1230 5146 et
1256 5090 1548 5146 maledicti
1576 5094 1662 5145 est
1688 5091 2052 5147 concordatio
2085 5108 2098 5148 :

467 5186 757 5243 denudare
779 5184 934 5241 enim
957 5184 1124 5240 amici
1143 5184 1432 5256 mysteria,
1454 5183 1774 5256 desperatio
1792 5188 1878 5240 est
1895 5185 2101 5240 animae

462 5280 732 5337 inﬁdelis.
752 5283 1023 5335 Annuens
1038 5279 1200 5334 oculo
1217 5277 1684 5350 fabricatiniqua,
1703 5281 1759 5335 et
1777 5295 1951 5335 nemo
1969 5296 2101 5334 eum

463 5374 593 5449 33
619 5373 862 5446 abjiciet.
902 5375 964 5428 In
1011 5377 1316 5443 conspectu
1361 5372 1657 5428 oculorum
1697 5374 1929 5428 tuorum
1966 5389 2098 5428 con-

463 5468 712 5524 culcabit
741 5485 801 5523 os
827 5483 1017 5537 suum,
1043 5471 1100 5523 et
1125 5484 1297 5540 super
1325 5481 1622 5523 sermones
1649 5469 1776 5521 tuos
1801 5465 2100 5522 admirabi-

459 5566 574 5618 tur.
609 5561 922 5618 Novissime
949 5564 1140 5617 autem
1170 5563 1454 5632 pervertet
1479 5577 1541 5615 os
1571 5576 1760 5631 suum,
1793 5563 1850 5616 et
1878 5560 1938 5615 in
1969 5577 2096 5616 ver-

458 5655 548 5710 bis
587 5655 696 5710 tuis
735 5656 895 5712 dabit
937 5655 1282 5710 scandalum.
1335 5654 1501 5709 Multa
1546 5653 1698 5709 odivi
1741 5659 1799 5711 et
1842 5671 1957 5710 non
2003 5672 2096 5711 co-

459 5747 682 5815 mquavi
703 5749 775 5816 ei,
799 5754 859 5804 et
876 5748 1150 5804 Dominus
1171 5747 1328 5802 odiet
1344 5747 1526 5802 illum.
1551 5748 1656 5812 Qui
1683 5747 1741 5803 in
1761 5749 1939 5804 altum
1960 5749 2098 5821 lapi-

460 5836 594 5892 dem
625 5838 815 5908 mittit,
846 5858 1017 5914 super
1046 5841 1169 5914 ejus
1211 5845 1382 5915 caput
1419 5840 1598 5912 cadet,
1629 5844 1688 5900 ct
1723 5843 1891 5916 plaga
1921 5843 2098 5900 dolosi

2206 4620 2354 4674 illius
2382 4635 2501 4676 non
2525 4624 2609 4676 est
2637 4621 2866 4694 ligatus.
2897 4627 3108 4698 Iugum
3135 4629 3288 4684 enim
3313 4629 3463 4686 illius
3485 4632 3702 4704 jugum
3732 4635 3869 4689 fer-

2205 4731 2372 4769 reum
2403 4718 2505 4784 est,
2534 4719 2589 4771 et
2614 4715 2906 4774 vinculum
2943 4719 3100 4776 illius
3131 4721 3422 4780 vinculum
3467 4741 3688 4781 aereum
3744 4734 3873 4784 est.

2202 4808 2349 4863 Mors
2375 4807 2528 4864 illius
2567 4826 2722 4865 mors
2753 4812 3101 4884 nequissima
3135 4820 3240 4880 est.
3270 4822 3326 4872 et
3355 4818 3502 4874 utilis
3532 4819 3736 4889 potius
3766 4821 3872 4878 in-

2203 4902 2399 4958 fernus
2411 4919 2583 4975 quam
2596 4903 2712 4960 illa.
2729 4906 3153 4963 Perseverantia
3165 4909 3313 4965 illius
3325 4927 3439 4966 non
3454 4915 3877 4984 permanebit,

2205 4996 2301 5052 sed
2341 4996 2616 5053 obtinebit
2650 4998 2768 5053 vias
2809 4999 3154 5070 injustorum
3205 5008 3261 5059 et
3303 5004 3538 5061 ﬂamma
3579 5025 3687 5062 sua
3735 5026 3883 5065 non

2203 5089 2496 5146 comburat
2512 5092 2717 5163 justos.
2739 5093 2847 5156 Qui
2869 5093 3279 5168 derelinquunt
3302 5099 3480 5154 Deum
3502 5099 3781 5158 incidant
3807 5104 3880 5159 in

2205 5181 2375 5252 illam,
2412 5189 2468 5239 et
2500 5185 2824 5241 exardescet
2850 5186 2908 5242 in
2939 5186 3046 5243 illis
3087 5195 3143 5245 et
3177 5207 3294 5246 non
3335 5193 3773 5266 exstinguetur,
3814 5202 3889 5253 et.

2203 5276 2550 5334 immittatur
2579 5279 2637 5333 in
2669 5295 2763 5334 eos
2795 5281 2954 5351 quasi
2988 5283 3074 5338 lco
3114 5286 3171 5339 et
3211 5286 3370 5356 quasi
3416 5288 3627 5358 pardus
3672 5290 3891 5346 laedet

2202 5387 2315 5426 eos.
2349 5371 2480 5443 Sepi
2517 5388 2682 5428 aures
2712 5376 2840 5430 tuas
2869 5374 3045 5447 spinis
3082 5380 3139 5432 et
3169 5379 3285 5434 noli
3331 5381 3527 5438 audire
3573 5381 3886 5455 linguanl

2202 5481 2473 5538 nequam,
2505 5469 2564 5520 et
2607 5466 2693 5522 ori
2739 5471 2840 5524 tuo
2885 5469 3054 5526 facito
3098 5471 3259 5540 ostia,
3299 5477 3358 5529 et
3401 5491 3554 5532 seras
3598 5477 3889 5533 auribus

2199 5559 2331 5615 tuis.
2355 5561 2572 5616 Aurum
2599 5563 2763 5616 tuum
2785 5567 2841 5617 et
2867 5568 3172 5634 argentum
3204 5566 3409 5636 conﬂa,
3429 5572 3487 5624 et
3512 5569 3714 5625 verbis
3740 5572 3892 5628 tuis

2199 5653 2367 5710 facito
2397 5658 2684 5724 stateram,
2713 5657 2770 5710 et
2805 5656 2997 5712 frenos
3029 5659 3114 5714 ori
3139 5663 3238 5716 tuo
3270 5664 3470 5732 rectos,
3504 5667 3557 5719 et
3598 5665 3893 5722 attende

2198 5765 2272 5802 ne
2303 5748 2447 5803 forte
2478 5748 2680 5804 labaris
2708 5749 2768 5805 in
2795 5750 2990 5822 lingua
3014 5757 3131 5819 tua,
3160 5757 3217 5809 et
3236 5755 3407 5811 cadas
3433 5755 3492 5812 in
3523 5764 3894 5829 conspectu

2197 5840 2558 5898 inimicorum
2587 5843 2974 5902 insidiantium
3005 5846 3127 5916 tibi,
3155 5853 3213 5905 et
3240 5849 3312 5906 sit
3337 5863 3496 5908 casus
3523 5853 3650 5908 tuus
3683 5852 3893 5908 insa-
