4026 6166
222 243 319 296 145

1435 238 1905 296 DECRETALIUII
1940 241 2325 298 COLLECTIO.

3484 244 3581 296 146

216 345 418 402 nabilis
457 345 531 402 ad
576 347 822 401 mortem
863 345 1046 416 (Eccli.
1088 362 1257 415 xxvn,
1300 350 1364 403 18
1407 352 1458 403 et
1495 363 1632 419 seq.;
1663 365 1849 418 xxvm,
1873 361 1932 435 Α
1953 355 2062 406 ter.
2091 351 2217 405 Noli
2245 350 2366 405 ﬁeri
2401 367 2507 424 pro
2541 349 2722 406 amico
2752 349 3018 406 inimicus
3053 349 3333 422 proximo.
3364 350 3580 424 Impro-

223 445 239 495 l
274 446 325 495 et
355 441 493 510 seq.)
523 459 552 487 ι)
589 462 614 487 α
636 440 716 496 Ne
741 440 930 495 tardes
961 441 1214 496 converti
1241 441 1314 496 ad
1345 442 1674 509 Dominum,
1697 447 1753 498 et
1777 459 1850 500 ne

216 534 446 589 differas
466 534 534 588 de
561 533 654 588 die
676 533 737 588 in
764 533 936 588 diem.
964 533 1158 589 Subito
1179 535 1334 590 enim
1362 536 1552 591 veniet
1577 536 1658 591 ira
1680 535 1847 604 illius,

214 633 268 684 et
289 628 350 682 in
376 631 639 700 tempore
663 626 926 682 vindictae
953 626 1242 699 disperdet
1267 631 1343 684 te.
1363 629 1485 684 Noli
1505 630 1711 685 anxius
1731 646 1850 686 esse

215 722 272 776 in
307 721 522 778 divitiis
558 721 802 793 iniustis,
836 720 978 778 nihil
1011 721 1166 778 enim
1195 722 1512 794 proderunt
1538 723 1641 779 tibi
1670 723 1727 778 in
1757 723 1850 779 die

215 815 580 872 obductionis
607 820 664 872 et
691 814 973 871 vindictae.
1012 817 1134 871 Non
1176 815 1413 872 ventiles
1437 821 1492 872 te
1526 817 1586 872 in
1619 834 1850 873 omnem

211 915 467 977 ventum,
505 914 564 964 et
593 926 712 965 non
740 925 838 965 eas
867 910 926 964 in
955 911 1114 965 omni
1143 909 1252 965 via.
1287 910 1374 966 Sic
1403 912 1559 966 enim
1588 916 1851 983 peccator

212 1003 490 1076 probatur
517 1003 727 1074 duplici
752 1003 970 1075 lingua.
1003 1004 1134 1058 Esto
1166 1005 1366 1059 ﬁrmus
1395 1005 1452 1059 in
1482 1003 1574 1059 via
1600 1005 1846 1073 Domini,

211 1101 263 1153 et
294 1097 357 1152 in
384 1097 624 1152 veritate
659 1112 856 1152 sensus
891 1097 976 1152 tui
1005 1103 1062 1152 et
1089 1097 1343 1167 scientia,
1382 1102 1437 1154 et
1475 1104 1851 1170 prosequatur

211 1194 262 1246 te
291 1191 535 1245 verbum
565 1191 717 1262 pacis
747 1197 803 1246 et
825 1191 1084 1262 justitiae.
1124 1192 1256 1247 Esto
1288 1197 1622 1248 mansuetus
1645 1193 1719 1248 ad
1747 1209 1845 1248 au-

209 1284 488 1340 diendum
517 1284 756 1340 verbum
780 1290 845 1340 ut
873 1284 1177 1356 intelligas,
1208 1289 1265 1340 et
1295 1302 1426 1340 cum
1451 1287 1735 1358 sapientia
1763 1287 1850 1342 fer

211 1394 547 1450 responsum
591 1395 808 1433 verum.
845 1379 902 1434 Si
945 1382 1030 1434 est
1070 1379 1171 1433 tibi
1212 1380 1528 1435 intellectus
1566 1381 1848 1453 responde

209 1472 510 1545 proximo;
531 1473 620 1527 sin
643 1475 859 1540 autem,
884 1472 955 1527 sit
974 1489 1178 1528 manus
1193 1477 1292 1528 tua
1314 1490 1486 1545 super
1508 1491 1570 1529 os
1590 1478 1753 1529 tuum
1774 1491 1847 1529 ne

209 1566 451 1638 capiaris
479 1566 540 1621 in
579 1565 752 1622 verbo
783 1566 1204 1638 indisciplinato
1235 1570 1294 1621 et
1328 1567 1708 1638 confundaris,
1741 1568 1845 1623 ho-

208 1676 312 1714 nor
330 1665 389 1715 et
415 1658 604 1731 gloria
621 1660 682 1714 in
705 1676 964 1715 sermone
989 1660 1220 1728 sensati,
1242 1659 1443 1732 lingua
1470 1661 1848 1733 imprudentis

1951 445 2175 516 perium
2213 444 2366 500 enim
2393 449 2450 498 et
2483 443 2881 500 contumeliam
2909 445 3091 499 malus
3116 442 3493 514 haareditabit,
3525 447 3584 498 et

1950 538 2137 593 omnis
2166 542 2430 609 peccator
2457 537 2682 592 invidus
2707 541 2764 593 et
2792 537 3081 610 bilinguis.
3114 538 3238 592 Non
3267 541 3325 592 te
3355 537 3582 592 extollas

1949 633 2010 688 in
2031 631 2383 705 cogitatione
2414 631 2621 687 anima:
2645 635 2761 686 tua;
2787 631 2944 686 velut
2961 636 3176 697 taurus,
3203 646 3275 686 ne
3300 631 3444 686 forte
3474 630 3579 686 eli-

1950 727 2116 782 datur
2142 725 2317 781 virtus
2347 729 2448 780 tua
2473 741 2642 797 super
2673 724 2991 794 stultitiam,
3023 727 3081 780 et
3106 724 3239 779 folia
3262 728 3362 779 tua
3387 739 3578 780 come-

1951 820 2047 875 dat
2098 824 2156 874 et
2205 820 2423 874 fructus
2477 822 2602 873 tuos
2655 818 2874 891 perdat,
2931 823 2988 873 et
3046 817 3388 890 relinquaris
3431 817 3584 874 velut

1949 913 2182 991 lignum.
2223 912 2446 968 aridum
2501 911 2559 966 in
2611 928 2822 967 eremo.
2875 911 3079 966 Anima
3126 911 3281 966 enim
3328 927 3579 983 nequam

1950 1007 2224 1078 disperdit
2261 1007 2360 1078 qui
2395 1022 2452 1061 se
2490 1005 2685 1075 habet,
2716 1010 2772 1062 et
2807 1005 2867 1061 in
2907 1005 3182 1077 gaudium
3211 1003 3457 1059 inimicis
3483 1005 3582 1059 dat

1948 1100 2134 1171 illum,
2161 1103 2219 1155 et
2242 1099 2484 1155 deducet
2502 1099 2560 1154 in
2589 1102 2802 1155 sortem
2821 1098 3134 1170 impiorum
3155 1097 3334 1168 (Eccli'.
3357 1114 3410 1167 v,
3434 1099 3530 1168 v1).
3549 1118 3577 1147 »

1948 1193 2292 1261 Charissimi,
2309 1209 2612 1266 oppressos
2638 1193 2857 1265 erigere
2887 1193 3127 1260 studete,
3150 1195 3207 1248 et
3235 1207 3464 1247 necesse
3486 1190 3583 1246 ha-

1949 1288 2149 1344 bentes
2178 1304 2403 1359 semper
2431 1287 2713 1358 adjuvate,
2741 1286 3014 1358 quoniam
3042 1285 3139 1358 qui
3169 1285 3406 1342 fratrem
3431 1284 3579 1340 afﬂi-

1948 1386 2103 1438 ctum
2127 1381 2341 1436 relevat
2363 1381 2789 1452 apprehensum
2808 1379 2994 1452 eripit,
3025 1382 3368 1435 maerentem
3387 1395 3583 1434 conso-

1947 1476 2115 1546 latur,
2133 1475 2203 1530 ab
2224 1475 2321 1530 illo
2343 1474 2447 1530 sibi
2466 1474 2704 1530 retribui
2725 1473 2816 1530 cui
2837 1478 3025 1530 totum
3045 1473 3325 1547 impendit
3344 1489 3462 1528 non
3483 1471 3581 1527 du-

1948 1570 2090 1626 bitet
2118 1569 2217 1642 qui
2250 1569 2330 1624 ait
2360 1585 2373 1624 :
2406 1590 2433 1618 «
2463 1569 2623 1633 Quod
2653 1568 2750 1623 uni
2788 1584 2857 1624 ex
2886 1568 3141 1624 minimis
3168 1567 3311 1622 meis
3348 1565 3578 1634 fecistis,

1949 1663 2092 1719 mihi
2111 1663 2341 1719 fecistis.
2367 1683 2394 1715 »
2417 1662 2622 1718 Taliter
2647 1662 2802 1718 enim
2823 1663 2975 1718 bona
3000 1661 3392 1718 indesinenter
3409 1675 3581 1731 agere

209 1753 501 1808 subversio
528 1753 723 1825 ipsius.
752 1755 872 1809 Non
894 1753 1194 1826 appelleris
1214 1771 1463 1823 susurro,
1489 1758 1546 1809 et
1566 1755 1624 1810 in
1648 1755 1848 1828 lingua
1867 1737 1924 1810 B
1948 1758 2189 1825 studete,
2217 1761 2284 1812 ut
2309 1756 2557 1812 fructum
2579 1755 2716 1812 boni
2736 1755 2925 1828 operis
2945 1760 3001 1812 et
3019 1756 3113 1810 hic
3132 1753 3579 1827 consequamini,

210 1853 303 1902 tua
338 1863 417 1901 ne
457 1847 702 1919 capiaris
741 1851 799 1902 et
831 1846 1219 1903 confundaris.
1252 1847 1438 1920 Super
1466 1849 1654 1904 furem
1689 1850 1847 1905 enim
1947 1851 2081 1908 etin
2100 1851 2293 1906 futuro
2314 1851 2494 1922 gratia
2508 1851 2607 1906 Dei
2627 1850 3020 1922 perfruamini,
3039 1853 3318 1922 quatenus
3345 1845 3582 1903 ccelestis

210 1952 294 2002 est
329 1944 589 2002 confusio
615 1945 673 1998 et
698 1941 1055 2014 pcenitentia,
1086 1941 1373 1998 denotatio
1408 1943 1652 2014 pessima
1677 1960 1849 2016 super
1947 1944 2112 2016 regni
2145 1944 2336 2000 aulam
2360 1943 2595 1999 introire
2618 1947 2808 2016 postea
2833 1942 3186 1999 mereamini.
3220 1943 3359 1997 Data
3380 1939 3580 2014 quinto

207 2039 546 2112 bilinguem.
581 2035 937 2094 Susurratori
966 2040 1159 2091 autem
1187 2035 1386 2092 odium
1412 2041 1517 2107 est,
1549 2037 1849 2094 inimicitia
1948 2038 2146 2094 Kaleu.
2200 2037 2358 2109 Maii,
2411 2038 2619 2094 Severo
2670 2041 2728 2094 et
2767 2036 3070 2103 Quintanio
3115 2037 3184 2094 IV
3229 2052 3312 2092 cc.
3371 2051 3576 2090 consu-

205 2137 264 2190 et
297 2131 665 2189 contumelia.
692 2129 943 2187 Justifica
967 2129 1243 2202 pusillum
1269 2134 1325 2186 et
1351 2147 1627 2204 magnum
1653 2130 1849 2186 simili-
1947 2131 2117 2188 libus.

862 2457 1436 2555 lNClPIUNT
1503 2459 2028 2553 DECRETA
2097 2459 2514 2553 ANTERI
2586 2459 2952 2552 PAPZE.

1086 2639 1271 2708 (Anno
1300 2637 1527 2694 Domini
1554 2641 1678 2706 239,
1708 2641 1971 2710 tempore
1997 2636 2280 2694 Maximini
2308 2639 2710 2710 imperatoris.)

265 2895 636 2953 Chaﬁssimis
663 2896 934 2952 fratribus
973 2913 1078 2969 per
1105 2897 1324 2952 Baetica:
1361 2901 1529 2970 atque
1559 2898 1847 2953 Toletanaa
1945 2901 2182 2970 propter
2210 2897 2522 2954 doctrinam
2567 2901 2625 2952 et
2661 2898 2872 2953 bonam
2898 2897 3076 2952 vitam
3108 2911 3280 2968 quam
3312 2893 3578 2959 habebat,

200 2991 524 3064 provincias
563 2989 841 3063 episcopis
877 2991 1220 3058 constitutis,
1262 2993 1513 3048 ANTERUS
1551 2991 1846 3063 episcopus
1947 2992 2241 3047 communi
2261 2991 2655 3064 episcoporum
2683 2997 2740 3047 et
2764 2991 3118 3064 reliquorum
3144 2989 3498 3044 sacerdotum
3517 3003 3582 3042 ac

203 3086 256 3141 in
281 3085 544 3142 Domino
571 3084 836 3139 salutem.

268 3179 500 3253 Optavi,
541 3179 745 3235 fratres
789 3177 1126 3248 charissimi,
1175 3193 1400 3250 semper
1437 3178 1750 3234 dilectionis
1793 3184 1849 3235 et

201 3276 349 3347 pacis
382 3277 594 3329 vestra:
623 3272 963 3328 sinceritatis
991 3272 1202 3344 gaudia
1239 3272 1456 3340 audire,
1487 3273 1566 3328 ita
1593 3278 1656 3329 ut
1684 3272 1845 3327 vicis-

203 3371 304 3424 sim
334 3366 796 3423 discurrentibus
819 3365 1019 3421 litteris
1043 3365 1328 3437 sospitatis
1356 3365 1567 3422 indicia
1583 3366 1849 3438 juvaren-

202 3467 310 3529 tur,
353 3465 404 3517 si
444 3461 671 3534 quietos
701 3476 802 3514 nos
832 3459 900 3514 ab
939 3459 1265 3515 incursione
1303 3476 1405 3514 sua
1438 3476 1633 3516 vacare
1672 3461 1850 3516 hostis

201 3557 478 3628 antiquus
504 3554 738 3609 sineret.
760 3553 864 3618 Qui
893 3553 964 3608 ab
991 3553 1155 3608 initio
1177 3553 1446 3622 mendax,
1477 3553 1740 3608 inimicus
1760 3571 1849 3608 ve-

205 3650 407 3717 ritatis,
443 3647 688 3703 aemulus
722 3647 990 3717 hominis,
1021 3663 1194 3719 quem
1225 3650 1286 3701 ut
1319 3646 1610 3719 deciperet
1635 3663 1693 3704 se
1719 3654 1848 3704 ante

203 3743 450 3815 decepit,
465 3740 761 3814 pudicitite
777 3739 1397 3809 adversarius,luxurize
1417 3741 1712 3813 magister,
1727 3758 1851 3796 cru-

205 3835 537 3891 delitatibus
567 3835 832 3906 pascitur,
853 3834 1191 3890 abstinentia
1211 3835 1470 3907 punitur.
1487 3834 1617 3890 Odit
1629 3835 1708 3905 jej
1719 3835 1850 3889 unia

203 3929 486 3986 ministris
522 3928 640 3983 suis
668 3927 1134 4001 praedicantibus,
1167 3929 1305 3984 dum
1335 3928 1469 3983 dicit
1497 3943 1615 3983 esse
1645 3945 1844 4000 super-

205 4025 329 4094 ﬂua,
360 4040 535 4096 spem
563 4039 678 4077 non
707 4023 924 4077 habens
949 4023 1020 4078 de
1049 4023 1275 4090 futuris,
1306 4021 1544 4093 apostoli
1567 4021 1851 4077 sententia

203 4133 579 4190 repercussus
620 4115 856 4171 dicentis
893 4132 907 4170 :
960 4138 986 4164 ‹‹
1025 4115 1424 4170 Manducemus
1467 4119 1523 4170 et
1563 4115 1846 4182 bibamus,

204 4228 323 4265 eras
361 4212 530 4266 enim
557 4209 874 4264 moriemur
903 4211 950 4279 (Ι
971 4209 1091 4265 Cor.
1126 4225 1216 4275 xv,
1246 4210 1358 4278 32).
1394 4231 1421 4258 ››
1453 4210 1496 4264 Ο
1526 4209 1723 4264 infelix
1747 4226 1846 4264 au-

205 4304 381 4370 dacia,
405 4320 442 4357 o
461 4304 779 4374 desperata:
794 4301 1000 4357 mentis
1021 4301 1249 4357 astutia.
1272 4303 1392 4373 Ipse
1412 4301 1569 4358 enim
1592 4301 1852 4357 hortatur

204 4397 327 4452 odia
355 4403 419 4453 et
445 4397 614 4468 fugat
639 4395 1033 4463 concordiam;
1066 4398 1123 4451 et
1147 4395 1280 4468 quia
1309 4395 1468 4451 facile
1501 4395 1574 4451 ad
1601 4395 1848 4451 deterio-

1949 3086 2292 3158 populorum
2334 3085 2568 3140 consilio
2617 3087 2919 3141 translatus
2966 3090 3054 3139 est
3099 3083 3408 3156 Ephesum.
3456 3084 3582 3137 Non

1949 3180 2106 3236 enim
2149 3179 2346 3236 transit
2381 3180 2451 3234 de
2495 3179 2718 3236 civitate
2756 3181 2824 3236 ad
2870 3179 3156 3234 civitatem
3191 3177 3292 3249 qui
3323 3193 3438 3232 non
3478 3193 3580 3231 suo

1947 3273 2115 3328 libitu
2159 3277 2259 3328 aut
2295 3273 2516 3328 ambitu
2563 3274 2671 3328 hoc
2711 3273 2866 3340 facit,
2908 3271 3007 3328 sed
3053 3271 3289 3326 utilitate
3334 3270 3580 3342 quadam

1950 3371 2049 3422 aut
2066 3367 2397 3423 necessitate
2419 3367 2683 3434 aliorum,
2705 3367 2940 3422 hortatu
2959 3369 3017 3421 et
3037 3364 3270 3420 consilio
3292 3363 3582 3434 potiorum

1947 3461 2308 3516 transfertur.
2340 3462 2460 3516 Non
2499 3461 2841 3516 transfertur
2877 3460 2947 3515 de
2991 3458 3201 3514 minori
3240 3457 3466 3512 civitate
3509 3455 3582 3510 ad

1947 3552 2223 3622 majorem
2269 3552 2368 3623 qui
2415 3569 2532 3607 non
2583 3552 2823 3619 ambitu,
2870 3567 2975 3607 nec
3023 3549 3252 3622 propria
3295 3549 3582 3604 voluntate

1949 3645 2102 3713 facit,
2145 3645 2243 3700 sed
2282 3650 2381 3700 aut
2416 3646 2468 3700 vi
2503 3663 2536 3700 a
2574 3645 2809 3716 propria
2848 3645 2980 3700 sede
3017 3646 3230 3716 pulsus,
3261 3647 3356 3697 aut
3386 3658 3580 3698 neces-

1950 3739 2112 3794 sitate
2139 3742 2384 3808 coactus,
2420 3743 2520 3794 aut
2543 3739 2786 3794 utilitate
2813 3738 2942 3807 loci,
2973 3742 3073 3792 aut
3099 3736 3317 3808 populi,
3341 3753 3457 3790 non
3485 3753 3579 3789 su-

1949 3833 2124 3905 perbe
2148 3875 2160 3899 ,
2208 3832 2307 3887 sed
2357 3849 2488 3887 cum
2539 3831 2860 3887 humilitate
2902 3831 2972 3885 ab
3017 3829 3144 3884 aliis
3189 3829 3491 3884 translatus
3527 3833 3584 3883 et

1949 3926 2322 3982 intronizatus
2365 3931 2468 3993 est,
2526 3925 2659 3996 quia
2701 3925 2871 3979 homo
2915 3923 3067 3979 videt
3111 3923 3170 3977 in
3215 3922 3394 3989 facie,
3438 3924 3584 3976 Deus

1951 4025 2143 4076 autem
2163 4021 2223 4075 in
2255 4020 2444 4075 corde.
2468 4021 2535 4075 Et
2561 4019 2832 4074 Dominus
2852 4035 2956 4090 per
2974 4019 3316 4090 prophetam
3335 4015 3584 4088 loquitur

1949 4115 2140 4171 dicens
2169 4132 2182 4170 :
2210 4135 2239 4167 «
2267 4113 2545 4170 Dominus
2573 4113 2675 4168 scit
2705 4112 3082 4184 cogitationes
3110 4111 3412 4166 hominum
3440 4127 3579 4181 quo-

1949 4210 2104 4264 niam
2128 4225 2292 4264 vanie
2325 4211 2460 4264 sunt
2498 4209 2659 4277 (Psal.
2697 4224 2846 4274 xcur,
2882 4208 2985 4277 ll).
3015 4225 3044 4257 »
3079 4207 3200 4261 Non
3229 4222 3368 4277 ergo
3399 4208 3587 4259 mutat

1953 4304 2146 4359 sedem
2175 4303 2272 4375 qui
2303 4319 2420 4358 nou
2447 4306 2634 4357 mutat
2659 4305 2941 4367 mentem;
2967 4317 3073 4355 nec
3098 4303 3283 4355 mutat
3305 4298 3584 4354 civitatem

1952 4397 2050 4468 qui
2081 4414 2198 4453 non
2237 4413 2340 4451 sua
2377 4400 2598 4468 sponte,
2637 4395 2737 4451 sed
2775 4394 3005 4450 consilio
3043 4399 3101 4450 et
3133 4393 3408 4449 electione
3444 4391 3582 4446 alio-

204 4508 328 4546 rem
381 4494 616 4564 partem
675 4506 840 4545 mens
898 4490 1154 4545 humana
1205 4490 1605 4557 transducitur,
1656 4479 2081 4552 volensDrum
2135 4492 2412 4545 mutatur.
2466 4491 2589 4545 Non
2645 4505 2782 4560 ergo
2838 4488 3052 4560 migrat
3113 4488 3184 4543 de
3243 4486 3466 4540 civitate
3514 4485 3585 4540 ad

205 4587 393 4656 magis
435 4601 547 4656 per
587 4584 901 4656 spatiosam
939 4584 1088 4638 viam
1125 4584 1439 4652 ambulare,
1470 4599 1647 4655 quam
1683 4587 1853 4639 arcta:

205 4680 330 4732 vitae
367 4679 482 4733 iter
516 4693 649 4732 cum
680 4677 871 4733 labore
896 4676 1154 4748 transire,
1183 4693 1296 4750 qua
1323 4676 1393 4732 de
1425 4693 1508 4747 re,
1537 4677 1739 4733 fratres
1766 4677 1850 4732 di-

206 4770 528 4839 lectissimi,
571 4770 865 4826 sectamini
901 4770 1154 4837 meliora,
1189 4775 1246 4825 et
1281 4787 1510 4842 semper
1551 4770 1852 4842 relinquite

207 4865 520 4920 deteriora.
555 4865 708 4918 Bona
739 4863 912 4935 agite,
940 4865 1089 4918 mala
1115 4863 1309 4931 vitate,
1339 4867 1400 4918 ut
1427 4880 1556 4919 vere
1593 4864 1852 4935 discipuli

207 4958 432 5013 Domini
461 4974 589 5014 esse
612 4956 1002 5012 inveniamini.
1032 4957 1111 5012 De
1139 4957 1451 5012 mutatione
1483 4973 1622 5028 ergo
1644 4957 1854 5028 episco-

206 5069 414 5122 porum
454 5051 611 5106 unde
647 5054 903 5106 sanctam
936 5051 1130 5107 sedem
1163 5051 1527 5123 apostolicam
1557 5052 1852 5107 consulere

207 5146 489 5214 voluistis,
514 5145 713 5200 scitote
733 5160 860 5200 eam
881 5144 1168 5200 communi
1190 5144 1433 5200 utilitate
1464 5149 1634 5217 atque
1652 5161 1850 5200 neces-

207 5239 372 5294 sitate
403 5239 532 5295 ﬁeri
562 5239 758 5306 licere,
787 5239 884 5294 sed
915 5256 1032 5294 non
1064 5239 1228 5294 libitu
1257 5239 1593 5310 cujusquam
1624 5243 1724 5294 aut
1752 5239 1850 5295 do-

209 5333 561 5388 minatione.
580 5334 800 5402 Petrus,
823 5337 1049 5388 sanctus
1080 5333 1356 5405 magister
1380 5336 1594 5403 noster,
1619 5338 1676 5388 et
1701 5333 1854 5404 prin-

206 5442 340 5497 oeps
369 5425 783 5498 apostolorum,
797 5427 867 5484 de
886 5426 1184 5482 Antiochia
1209 5426 1458 5482 utilitatis
1475 5443 1645 5482 causa
1663 5432 1850 5482 trans-

207 5518 361 5574 latus
388 5526 472 5575 est
496 5520 754 5588 Romam,
783 5525 846 5576 ut
875 5520 1090 5576 ibidem
1117 5521 1306 5593 potius
1331 5521 1606 5592 proiicere
1638 5526 1848 5593 posset.

207 5614 493 5669 Eusebius
530 5631 759 5688 quoque
788 5615 857 5670 de
885 5615 1135 5688 quadam
1172 5631 1343 5687 parva
1371 5613 1595 5671 civitate
1623 5619 1849 5686 aposto-

207 5705 316 5760 lica
355 5708 695 5764 auctoritate
736 5712 988 5764 mutatus
1019 5711 1102 5764 est
1130 5707 1545 5764 Alexandriam.
1584 5707 1854 5766 Similiter

212 5801 372 5857 Felix
396 5801 464 5860 de
489 5803 710 5860 civitate
739 5819 847 5877 qua
877 5801 1167 5860 ordinatus
1195 5807 1315 5859 erat
1341 5803 1615 5862 electione
1644 5803 1852 5862 civium

1953 4584 2258 4650 civitatem,
2281 4583 2379 4656 qui
2407 4600 2523 4639 non
2551 4583 2798 4638 avaritias
2824 4599 3009 4647 causa,
3037 4597 3144 4636 nec
3170 4583 3369 4651 sponte
3397 4578 3586 4633 dimit-

1951 4677 2020 4733 tit
2055 4694 2235 4746 suam,
2271 4676 2371 4732 sed
2399 4681 2464 4732 ut
2495 4677 2615 4748 jam
2646 4676 2862 4731 dictum
2900 4679 3003 4744 est,
3034 4680 3133 4730 aut
3168 4674 3363 4746 pulsus
3399 4691 3433 4728 a
3459 4690 3582 4743 sua,

1954 4774 2054 4827 aut
2077 4770 2408 4826 necessitate
2433 4775 2662 4826 coactus
2685 4773 2783 4824 aut
2811 4769 3086 4825 electione
3113 4774 3170 4824 et
3199 4767 3586 4823 exhortatione

1953 4865 2312 4920 sacerdotum
2346 4867 2402 4918 et
2437 4865 2778 4936 populorum
2813 4864 3114 4918 translatus
3145 4866 3232 4918 est
3254 4863 3327 4917 ad
3350 4863 3586 4916 alteram

1955 4958 2262 5014 civitatem.
2313 4958 2452 5012 Nam
2501 4957 2645 5012 sicut
2695 4958 2937 5030 episcopi
2988 4957 3203 5013 habent
3249 4960 3587 5028 potestatem

1953 5053 2216 5108 ordinare
2251 5052 2593 5124 regulariter
2625 5053 2924 5124 episcopos
2961 5057 3018 5108 et
3045 5052 3295 5124 reliquos
3323 5051 3584 5107 sacerdo-

1952 5151 2060 5214 tes,
2101 5145 2178 5201 sic
2213 5145 2431 5218 quoties
2468 5145 2682 5201 utilitas
2717 5151 2814 5202 aut
2851 5147 3156 5202 necessitas
3193 5144 3588 5218 expoposcerit

1953 5240 2274 5312 supradicto
2291 5240 2460 5295 modo
2487 5245 2543 5295 et
2565 5245 2790 5296 mutare
2811 5243 2867 5295 et
2889 5240 3230 5296 intronizare
3246 5242 3584 5310 potestatem

1953 5334 2168 5389 habent
2200 5350 2213 5388 :
2244 5333 2386 5400 haec,
2416 5338 2479 5389 ut
2506 5333 2745 5405 petistis,
2773 5335 2905 5389 licet
2929 5333 3084 5389 vobis
3112 5334 3306 5404 ignota
3333 5347 3447 5385 non
3475 5328 3588 5384 sint

1952 5427 2204 5483 tenenda
2231 5427 2586 5495 mandamus,
2617 5443 2689 5481 ne
2716 5427 3048 5500 ignorantia
3067 5425 3449 5498 quorumdam
3470 5439 3585 5478 me-

1951 5521 2094 5577 liora
2139 5525 2197 5576 et
2244 5520 2474 5576 utiliora
2517 5522 2787 5591 vitentur,
2829 5525 2887 5576 et
2931 5521 3219 5576 inutiliora
3262 5521 3582 5586 sumantur,

1953 5615 2100 5671 sicut
2122 5615 2181 5670 in
2210 5620 2406 5671 sancto
2437 5615 2646 5686 legitur
2671 5615 2978 5686 Evangelia
3003 5631 3016 5669 :
3049 5636 3077 5663 «
3099 5615 3191 5667 Vae
3210 5611 3388 5682 vobis,
3414 5613 3586 5686 hypo-

1952 5708 2129 5777 critae,
2159 5709 2290 5782 quia
2317 5709 2612 5764 decimatis
2639 5709 2931 5765 mentham
2958 5710 3015 5762 et
3038 5707 3313 5763 anethum
3333 5711 3392 5764 et
3409 5708 3585 5763 cumi-

1950 5820 2111 5872 num,
2161 5807 2217 5858 et
2256 5803 2557 5874 reliquistis
2596 5818 2723 5872 quae
2765 5799 3029 5872 graviora
3068 5808 3199 5859 sunt
3237 5803 3397 5875 legis,
3429 5803 3581 5875 judi~
