4026 6166
441 240 539 295 147

1330 236 1612 292 APPEND.
1653 236 1740 291 AD
1779 234 1936 290 SrEC.
1979 233 2066 288 IX.
2100 259 2173 275 -ι
2208 233 2455 290 ISlDORI
2493 235 2918 291 MERCATORIS

3702 234 3793 288 HR

437 348 589 404 cium
618 349 674 404 et
695 344 1139 403 misericordiam
1164 348 1222 400 et
1247 344 1439 412 ﬁdem,
1464 346 1586 400 hac
1610 344 1862 416 oportuit
1884 344 2072 400 facere
2093 352 2152 427 Α
2174 343 2407 414 effugiet
2465 343 2661 399 ﬁctum
2727 349 2782 400 et
2848 344 3071 399 auferet
3138 358 3195 398 se
3270 358 3305 397 a
3370 339 3803 412 cogitationibus

442 446 499 499 et
524 443 620 497 illa
651 457 765 496 non
795 440 1083 509 omittere;
1106 440 1279 495 duces
1297 440 1448 507 caci,
1467 440 1790 494 excolantes
1813 438 2070 507 culicem,

444 536 723 592 camelum
764 539 955 590 autem
997 534 1320 606 glutientes.
1350 554 1378 583 ››
1411 533 1574 598 Quod
1604 532 1739 587 licet
1768 549 1883 587 non
1919 532 2070 602 licet,

445 634 501 686 et
534 629 686 702 quod
716 645 833 684 non
869 628 1005 685 licet
1041 628 1190 685 licet.
1235 622 1737 693 Quemadmodum
1773 629 1979 683 Jannes
2017 630 2074 681 et

444 723 724 781 Mambres
742 722 1075 778 restiterunt
1091 722 1336 789 veritati,
1351 722 1427 776 sic
1449 726 1505 777 et
1524 721 1606 776 illi
1620 724 1809 778 mente
1823 721 2070 792 reprobi,

446 821 706 873 amantes
730 816 1080 888 voluptatem
1106 816 1292 888 magis
1319 832 1490 887 quam
1519 818 1719 871 Deum.
1750 816 1912 879 Quod
1943 815 2076 870 licet

438 912 642 968 docent
665 927 784 966 non
809 910 999 979 licere,
1029 910 1090 966 id
1116 913 1200 966 est
1239 910 1527 982 episcopos
1561 909 1808 982 migrare
1840 911 1909 964 de
1937 909 2072 964 civi-

440 1008 558 1061 tate
589 1005 663 1060 ad
685 1005 967 1060 civitatem
989 1007 1304 1076 prataxato
1329 1004 1522 1060 modo.
1545 1006 1613 1059 Et
1639 1004 1792 1076 quod
1814 1021 1925 1058 non
1946 1003 2076 1059 licet

446 1101 651 1155 docent
678 1099 867 1167 licere,
898 1098 956 1154 id
981 1102 1065 1154 est
1089 1098 1542 1153 misericordiam
1570 1115 1688 1154 non
1725 1114 1894 1170 agere
1929 1098 2077 1153 circa

448 1194 733 1266 patientes
750 1192 1166 1263 necessitatem,
1186 1193 1295 1248 hoc
1312 1195 1399 1248 est
1415 1193 1493 1247 eis
1509 1192 1606 1264 qui
1622 1192 1950 1264 episcopum
1962 1209 2075 1248 non

445 1288 661 1343 habent
673 1290 729 1342 et
744 1304 906 1342 sacro
924 1286 1227 1359 episcopali
1240 1286 1500 1358 indigent
1512 1286 1846 1354 ministerio,
1867 1287 2078 1358 episco-

448 1398 586 1454 pum
606 1382 674 1437 de
695 1381 804 1437 alia
820 1381 1038 1437 civitate
1053 1397 1224 1436 causa
1236 1380 1490 1436 utilitatis
1509 1381 1598 1435 vel
1613 1381 1965 1435 necessitatis
1982 1382 2078 1435 tri-

444 1476 562 1544 bui,
588 1480 645 1531 et
664 1475 944 1547 episcopis
969 1475 1429 1547 persecutionem
1450 1479 1550 1530 aut
1568 1475 1959 1531 necessitatem
1985 1492 2078 1546 pa-

2173 454 2300 510 qua
2362 442 2494 493 sunt
2550 437 2670 492 sine
2735 437 3058 506 intellectu,
3116 441 3172 491 et
3230 435 3560 507 corripietur
3614 453 3647 490 a
3708 453 3799 490 su-

2173 531 2543 603 perveniente
2587 531 2910 604 iniquitate.
2961 529 3247 602 Benignus
3294 533 3377 587 est
3429 530 3585 584 enim
3634 529 3805 601 Spiri-

2173 630 2265 681 tus
2334 625 2659 697 sapientia,
2726 632 2782 681 et
2849 641 2966 680 non
3032 622 3300 679 liberabit
3356 622 3722 679 maledictum
3772 641 3804 678 a

2174 718 2338 775 labiis
2383 720 2516 788 suis,
2565 718 2833 791 quoniam
2875 735 3080 775 renum
3121 718 3274 773 illius
3309 718 3467 773 testis
3506 720 3587 773 est
3631 719 3801 786 Deus,

2176 817 2235 868 et
2274 814 2457 868 cordis
2501 815 2621 885 ejus
2665 815 2939 869 scrutator
2975 816 3059 869 est
3094 828 3280 880 verus,
3323 815 3381 866 et
3406 812 3619 883 lingua
3656 812 3804 866 illius

2174 908 2414 975 auditor,
2456 907 2729 980 quoniam
2775 907 3018 979 Spiritus
3055 905 3283 962 Domini
3326 905 3563 977 replevit
3603 906 3804 960 orbem

2177 1001 2302 1075 34
2341 1007 2643 1070 terrarum,
2681 1004 2739 1057 et
2776 1004 2882 1056 hoc
2916 1001 3069 1073 quod
3098 1001 3355 1056 continet
3388 1000 3599 1069 omnia,
3631 1000 3807 1056 scien-

2175 1097 2316 1151 tiam
2361 1097 2532 1151 habet
2558 1096 2733 1151 vocis.
2771 1097 3010 1166 Pr0pter
3040 1096 3147 1150 hoc
3189 1094 3285 1166 qui
3323 1094 3577 1166 loquitur
3606 1093 3808 1164 iniqua

2174 1208 2293 1247 non
2345 1194 2531 1262 potest
2574 1192 2766 1257 latere,
2814 1206 2921 1245 nec
2965 1189 3254 1261 praeteriet
3291 1189 3456 1243 illum
3492 1187 3808 1259 corripiens

2168 1285 2469 1357 judicium.
2498 1287 2560 1340 ln
2588 1284 3027 1356 cogitationibus
3058 1283 3215 1339 enim
3245 1283 3409 1354 impii
3433 1281 3808 1353 interrogatio

2178 1379 2317 1446 erit;
2358 1395 2689 1434 sermonum
2730 1382 2923 1433 autem
2964 1378 3113 1432 illius
3143 1376 3356 1432 auditio
3389 1376 3463 1431 ad
3494 1376 3807 1432 Dominum

2176 1472 2381 1539 veniet,
2414 1476 2471 1527 et
2505 1473 2576 1527 ad
2617 1472 3035 1543 correptionem
3066 1471 3431 1543 iniquitatum
3460 1469 3633 1537 illius,
3664 1486 3808 1540 quo-

447 1569 915 1638 tientibus,aliam
935 1569 1265 1625 cathedram
1289 1569 1410 1624 dari
1425 1569 2079 1641 negant.Contradicunt
2176 1566 2331 1621 niam
2357 1566 2511 1621 auris
2534 1565 2636 1621 zeli
2668 1566 2825 1621 audit
2848 1566 3062 1633 omnia,
3091 1570 3150 1620 et
3176 1564 3454 1620 tumultus
3480 1579 3808 1618 murmura—

450 1662 605 1719 enim
624 1680 798 1719 sacra
826 1664 1151 1735 Scriptura,
1173 1679 1299 1735 qua
1318 1667 1560 1718 testatur
1577 1664 1744 1719 malle
1764 1665 1945 1718 Deum
1967 1663 2074 1717 mi-
2096 1729 2142 1735 __
2178 1660 2400 1715 tionum
2430 1676 2544 1714 non
2572 1659 2970 1715 abscondetur.
2995 1657 3282 1714 Custodite
3315 1674 3452 1728 ergo
3476 1674 3574 1712 vos
3600 1674 3633 1712 a
3658 1674 3815 1713 mur-

447 1758 812 1813 sericordiam
831 1729 1000 1828 quam
1014 1729 1457 1830 judiciumﬂua
1478 1774 1679 1829 precor
1694 1758 1881 1828 major
1897 1757 2078 1812 chari-
2096 1729 2154 1802 B
2178 1755 2497 1809 muratione
2522 1770 2648 1825 qua
2677 1753 2824 1809 nihil
2863 1752 3128 1824 prodest;
3158 1756 3215 1807 et
3239 1769 3270 1805 a
3300 1751 3649 1807 detractione
3675 1768 3810 1822 par-

444 1858 532 1907 tas
561 1855 661 1906 aut
689 1850 973 1907 efﬁcacius
998 1851 1225 1923 pietatis
1252 1851 1633 1923 patrocinium
1662 1854 1851 1923 potest
1872 1869 1905 1905 a
1933 1868 2075 1924 quo-
2177 1848 2284 1902 cite
2334 1849 2579 1919 lingua,
2610 1847 2878 1919 quoniam
2925 1863 3110 1902 sermo
3153 1847 3427 1901 obscurus
3462 1845 3523 1900 in
3565 1861 3812 1899 vacuum

442 1962 616 2018 quam
639 1945 1086 2018 aiicuiimpendi
1108 1962 1283 2018 quam
1309 1947 1355 2000 si
1380 1946 1721 2018 ignorantia
1740 1946 2001 2001 tenebras
2021 1949 2079 2000 et
2177 1958 2295 1996 non
2332 1940 2469 2010 ibit;
2498 1957 2559 1995 os
2586 1941 2743 2012 quod
2768 1941 3063 2006 mentitur,
3093 1939 3297 1994 occidit
3322 1938 3596 1993 animam.
3627 1939 3814 1994 Nolite

442 2040 744 2112 imperitiae
762 2040 1063 2112 caliginem
1080 2040 1150 2094 ab
1177 2056 1243 2095 eo
1262 2041 1515 2112 repellat,
1532 2041 1765 2094 demum
1786 2056 1932 2095 vera
1946 2039 2078 2095 ﬁdei
2178 2037 2357 2090 zelare
2381 2040 2626 2090 mortem
2649 2035 2709 2090 in
2735 2020 2931 2090 errore
2952 2034 3078 2089 vita
3100 2038 3324 2101 vestra,
3342 2049 3531 2104 neque
3557 2033 3814 2104 acquira-

445 2133 719 2188 doctrina
743 2135 975 2204 pabulo,
1001 2150 1116 2187 non
1144 2134 1217 2188 ad
1242 2136 1545 2204 quastnm,
1569 2151 1683 2188 non
1705 2134 1779 2187 ad
1809 2133 2073 2189 ambitio-

442 2244 601 2295 nem,
622 2227 718 2282 sed
733 2227 1121 2281 eruditionem
1136 2229 1191 2280 et
1215 2226 1651 2282 adificationem
1671 2226 2078 2281 reﬁciat?Tan-

445 2336 618 2391 quam
639 2319 789 2374 enim
812 2320 1010 2392 mutilo
1033 2320 1098 2373 ﬁt
1114 2336 1338 2389 manus,
1363 2320 1558 2374 claudo
1577 2336 1695 2390 pes,
1715 2320 1908 2374 oculus
1928 2337 2075 2374 caeo

445 2413 543 2485 qui
568 2414 910 2485 ignorantia
937 2414 1190 2469 tenebris
1220 2413 1483 2468 obvoluto
1511 2413 1804 2485 sapientia
1827 2419 1880 2468 et
1903 2414 2076 2469 scien-

442 2508 536 2562 tia
573 2509 909 2564 thesaurum
953 2512 1171 2564 reserat
1212 2511 1270 2563 et
1305 2507 1614 2562 candorem
1662 2507 1802 2562 lucis
1842 2508 2076 2580 viasque

444 2602 669 2658 Domini
711 2602 1040 2675 benigniter
1076 2602 1278 2674 aperit.
1326 2603 1586 2675 Utrisque
1628 2605 1840 2671 autem,
1890 2602 1946 2657 id
1992 2608 2077 2658 est

442 2700 499 2752 et
528 2696 740 2753 famem
766 2696 922 2752 verbi
952 2696 1047 2751 Dei
1078 2696 1428 2768 patientibus
1456 2699 1514 2751 et
1537 2696 1813 2768 episcopis
1841 2699 2077 2752 necessi-

446 2793 640 2860 tatem,
688 2791 916 2861 quando
971 2790 1383 2845 intronizantur
1428 2796 1663 2861 propter
1709 2807 2075 2846 communem

446 2883 750 2939 utilitatem
774 2883 835 2938 in
869 2883 990 2938 aliis
1024 2883 1342 2939 civitatibus
1367 2900 1483 2938 non
1520 2884 1742 2939 modica
1776 2885 2077 2940 exhibetur

446 2976 851 3031 misericordia.
910 2978 1193 3049 Negantes
1243 2980 1433 3032 autem
1484 2978 1606 3033 hac
1632 3020 1645 3045 ,
1709 2982 1775 3033 ut
1828 2978 2073 3049 speciem

2174 2129 2247 2184 tis
2265 2129 2646 2200 perditionem
2665 2128 2722 2183 in
2743 2128 3012 2200 operibus
3027 2144 3307 2183 manuum
3325 2130 3659 2195 vestrarum,
3675 2143 3815 2198 quo-

2174 2223 2329 2277 niam
2360 2224 2504 2277 Deus
2530 2227 2777 2277 mortem
2814 2239 2927 2277 non
2966 2222 3116 2288 fecit,
3143 2238 3247 2276 nec
3281 2222 3500 2276 latatur
3526 2220 3586 2274 in
3616 2220 3809 2291 perdi-

2176 2316 2331 2369 tione
2384 2315 2660 2370 vivorum.
2718 2314 2943 2371 Creavit
2989 2315 3146 2370 enim
3191 2318 3253 2368 ut
3288 2316 3476 2369 essent
3516 2313 3712 2368 omnia
3757 2319 3814 2368 et

2176 2409 2447 2465 sanabiles
2486 2425 2606 2463 esse
2645 2410 2822 2464 voluit
2859 2408 3122 2463 nationes
3164 2409 3317 2462 orbis
3349 2411 3652 2463 terrarum.
3686 2409 3813 2462 Non

2176 2508 2259 2558 est
2302 2502 2360 2557 in
2404 2502 2513 2557 illis
2553 2502 3034 2558 medicamentum
3076 2501 3423 2570 exterminii,
3459 2517 3564 2555 nec
3604 2501 3815 2555 infero-

2178 2617 2305 2655 rum
2342 2617 2587 2672 regnum
2620 2601 2677 2654 in
2716 2604 2867 2655 terra
2904 2600 3241 2655 viventium.
3272 2599 3493 2655 Justitia
3531 2602 3815 2670 perpetua

2176 2704 2259 2754 est
2284 2702 2342 2753 et
2368 2698 2721 2766 immortalis,
2750 2698 3026 2770 injustitia
3051 2701 3245 2753 autem
3275 2697 3479 2753 mortis
3507 2702 3592 2752 est
3616 2698 3811 2768 acqui-

2175 2797 2337 2865 sitio;
2375 2798 2537 2868 impii
2578 2802 2767 2853 autem
2807 2798 3075 2852 manibus
3114 2801 3171 2852 et
3204 2797 3391 2852 verbis
3429 2795 3813 2851 accersierunt

2174 2892 2350 2959 illam,
2389 2894 2445 2947 et
2483 2891 2832 2947 astimantes
2875 2907 3002 2945 eam
3043 2889 3306 2959 amicam,
3352 2889 3720 2945 defluxerunt
3756 2896 3817 2946 et

2176 2984 2503 3057 sponsiones
2522 2988 2837 3056 posuerunt
2856 2984 2925 3039 ad
2945 2985 3126 3052 illam,
3152 2983 3424 3057 quoniam
3450 2987 3634 3039 morte
3653 2984 3816 3055 digni

446 3069 696 3174 habeant
741 3070 989 3174 pietatiS,
1037 3071 1306 3126 Virtutem
1351 3074 1544 3126 tamen
1595 3072 1717 3142 ejus
1762 3073 2071 3144 abnegant.
2096 3100 2150 3174 C
2178 3082 2309 3134 sunt
2326 3095 2390 3134 ex
2411 3082 2575 3150 parte
2594 3078 3058 3133 illius.Dixerunt
3077 3079 3231 3133 enim
3251 3078 3401 3150 apud
3420 3095 3479 3133 se
3499 3078 3818 3149 cogitantes

449 3163 591 3217 Nam
623 3164 684 3220 in
706 3164 810 3219 tali
835 3165 1064 3235 negotio
1096 3165 1424 3238 prosapiam
1446 3182 1561 3220 non
1589 3182 1851 3237 agnosco,
1881 3166 1925 3221 si
1950 3167 2076 3238 quis

442 3258 635 3312 tamen
684 3258 1029 3328 sapientium
1077 3275 1218 3329 quos
1272 3258 1671 3331 insipientibus
1726 3260 2075 3331 tempestatis

443 3345 614 3421 hujus
651 3352 905 3422 procella
940 3351 1062 3406 aliis
1098 3353 1330 3408 sociavit
1365 3351 1711 3423 auctoribus,
1756 3353 2075 3410 facinorum

441 3443 877 3516 participatione
915 3447 1252 3514 maculatur,
1296 3447 1563 3518 splendor
1602 3448 1890 3518 sapientis,
1933 3452 1987 3503 et
2030 3449 2073 3503 si

443 3538 906 3595 communionem
936 3539 1242 3596 criminum
1270 3541 1527 3608 incurrit,
1557 3541 1737 3597 nescit
1760 3545 1953 3596 tamen
1976 3543 2075 3597 du-

443 3646 568 3686 cem
602 3647 660 3687 se
696 3633 953 3703 prabere
979 3633 1362 3704 peccantibus.
1392 3634 1516 3689 Alia
1539 3650 1766 3707 quoque
1793 3640 1876 3691 est
1905 3651 2075 3691 causa

445 3724 702 3780 utilitatis
755 3729 814 3780 et
859 3727 1229 3795 necessitatis,
1280 3732 1336 3783 et
1378 3728 1487 3783 alia
1533 3729 1783 3783 avaritia
1828 3733 1886 3783 et
1926 3746 2069 3800 pra-

441 3819 788 3891 sumptionis
817 3823 916 3875 aut
940 3822 1186 3894 propria
1212 3822 1533 3878 voluntatis.
1562 3823 1826 3878 Avaritia
1847 3839 2075 3895 quoque

443 3930 611 3969 causa
635 3915 721 3970 vel
748 3916 1213 3986 prasumptionis
1232 3921 1330 3971 aut
1358 3916 1603 3987 propria
1626 3917 1933 3971 voluntatis
1956 3933 2073 3972 non

443 4012 576 4063 sunt
606 4008 855 4079 episcopi
894 4008 1152 4063 mutandi
1181 4009 1249 4064 de
1282 4008 1507 4063 civitate
1533 4009 1604 4063 ad
1640 4008 1945 4079 civitatem,
1975 4010 2075 4064 sed

442 4101 700 4155 utilitatis
725 4104 782 4155 et
802 4101 1166 4156 necessitatis.
1192 4101 1356 4165 Quod
1388 4117 1556 4156 nemo
1587 4107 1756 4173 negat
1783 4102 1891 4158 nisi
1915 4103 1977 4158 hi
2003 4103 2074 4159 de

438 4194 645 4265 quibus
671 4194 885 4249 dictum
915 4199 996 4249 est
1030 4212 1043 4250 :
1082 4217 1109 4244 «
1141 4196 1482 4250 Erraverunt
1516 4196 1574 4251 in
1607 4196 1898 4267 ebrietate,
1941 4214 2071 4253 nes-

444 4287 664 4342 cierunt
682 4287 988 4356 videntem,
1007 4288 1419 4360 ignoraverunt
1430 4289 1715 4361 judicium
1737 4290 1862 4362 (Isa.
1878 4308 2068 4361 xxvm,

443 4382 526 4452 7);
559 4403 586 4431 »
629 4398 763 4437 nam
799 4382 847 4437 si
885 4382 1202 4438 enarrando
1232 4399 1470 4455 cogerer
1505 4384 1727 4455 aperire
1765 4389 2068 4454 transacta,

2175 3190 2291 3228 non
2320 3175 2474 3228 recte
2501 3172 2825 3243 {Exiguum
2855 3175 2958 3241 est,
2992 3176 3050 3227 et
3075 3188 3206 3226 cum
3233 3172 3401 3227 taedio
3427 3175 3657 3243 tempus
3681 3172 3814 3227 vita

2176 3269 2405 3335 nostra,
2446 3268 2503 3321 et
2533 3283 2646 3321 non
2689 3270 2775 3321 est
2812 3266 3178 3337 refrigerium
3207 3266 3266 3321 in
3302 3265 3417 3321 ﬁne
3450 3265 3723 3335 hominis,
3757 3272 3819 3321 et.

2174 3376 2292 3415 non
2324 3363 2410 3414 est
2436 3359 2536 3432 qui
2561 3359 2787 3431 agnitus
2812 3360 2884 3413 sit
2914 3376 3170 3414 reversus
3195 3359 3266 3414 ab
3292 3359 3511 3426 inferis,
3528 3360 3812 3431 quoniam

2175 3471 2242 3509 ex
2264 3453 2442 3509 nihilo
2470 3453 2597 3508 facti
2625 3470 2838 3523 sumus,
2868 3457 2926 3508 et
2944 3457 3070 3524 post
3092 3453 3198 3508 hoc
3220 3453 3434 3509 erimus
3453 3458 3740 3524 tanquam
3765 3456 3817 3509 si

2174 3565 2291 3604 non
2325 3547 2624 3614 fuerimus,
2656 3548 2926 3620 quoniam
2952 3547 3146 3602 fumus
3183 3547 3409 3603 afﬂatus
3435 3551 3522 3602 est
3547 3548 3609 3602 in
3650 3551 3814 3604 nari—

2171 3642 2280 3698 bus
2318 3642 2545 3711 nostris,
2592 3646 2649 3697 et
2693 3658 2883 3697 sermo
2926 3641 3173 3697 scintilla
3216 3642 3289 3697 ad
3328 3642 3813 3698 commovendum

2173 3753 2271 3792 cor
2308 3739 2585 3803 nostrum,
2625 3752 2735 3807 qua
2779 3734 3072 3803 exstincta,
3120 3735 3262 3790 cinis
3309 3736 3418 3790 erit
3453 3752 3659 3807 corpus
3699 3753 3810 3791 no-

2174 3832 2375 3895 strum,
2403 3832 2461 3884 et
2497 3829 2730 3900 spiritus
2762 3828 3115 3884 diffundatur
3152 3832 3425 3900 tanquam
3462 3829 3656 3885 mollis
3689 3846 3809 3885 aer.

2174 3924 2241 3977 Et
2278 3921 2542 3977 transibit
2580 3921 2694 3977 vita
2740 3925 2935 3978 nostra
2978 3925 3252 3993 tanquam
3282 3921 3583 3994 vestigium
3620 3923 3813 3992 nubis,

2174 4018 2232 4071 et
2265 4015 2410 4071 sicut
2444 4010 2657 4071 nebula
2685 4015 3024 4071 dissolvetur
3054 4032 3183 4088 qua
3222 4016 3417 4087 fugata
3457 4022 3543 4072 est
3569 4033 3605 4071 a
3638 4017 3817 4073 radiis

2174 4108 2303 4164 solis
2332 4111 2391 4163 et
2415 4125 2449 4163 a
2474 4110 2656 4164 calore
2688 4108 2835 4164 illius
2863 4114 3186 4182 aggravata.
3216 4110 3285 4164 Et
3310 4126 3522 4165 nomen
3546 4113 3813 4166 nostrum

2173 4202 2517 4259 oblivionem
2541 4202 2782 4275 accipiet
2800 4220 2903 4274 per
2928 4206 3173 4275 tempus,
3196 4209 3252 4260 et
3279 4220 3451 4259 nemo
3470 4205 3815 4260 memoriam

2173 4296 2402 4353 habebit
2431 4313 2674 4369 operum
2711 4300 3074 4365 nostrorum;
3100 4298 3324 4353 umbra
3356 4298 3510 4353 enim
3539 4298 3818 4355 transitus

2173 4393 2259 4446 est
2290 4393 2516 4462 tempus
2541 4394 2823 4460 nostrum,
2853 4393 2910 4445 et
2928 4408 3045 4446 non
3075 4394 3159 4447 est
3183 4391 3433 4447 reversio
3454 4391 3581 4446 ﬁnis
3606 4392 3812 4459 nostri,

443 4477 804 4533 ostenderem
821 4476 977 4532 vobis
997 4478 1218 4533 nullum
1236 4477 1461 4534 evenire
1479 4477 1742 4534 solatium
1759 4478 1828 4536 de
1848 4496 2075 4552 compa-
2091 4474 2151 4547 D
2172 4483 2443 4558 quoniam
2471 4483 2805 4555 consignata
2835 4490 2939 4553 est,
2972 4488 3031 4539 et
3056 4501 3226 4542 nemo
3258 4489 3570 4542 revertetur
3591 4484 3748 4558 (Sap.
3774 4505 3816 4553 ι,

446 4570 663 4627 ratione
683 4572 979 4627 factorum.

512 4665 793 4721 Caterum
821 4668 982 4734 state,
1017 4666 1356 4735 charissimi,
1389 4682 1559 4738 super
1578 4666 1711 4734 vias,
1740 4667 2075 4739 aspicientes

443 4763 501 4815 et
552 4760 975 4833 interrogantes
1016 4761 1086 4816 de
1140 4761 1357 4816 semitis
1412 4760 1637 4816 Domini
1685 4761 1968 4832 antiquis,
2020 4766 2075 4817 et

440 4853 626 4909 videte
655 4870 782 4927 qua
808 4858 894 4911 est
918 4856 1009 4911 via
1032 4855 1184 4911 bona
1212 4858 1268 4911 et
1300 4859 1472 4924 recta,
1505 4859 1561 4910 et
1588 4855 1872 4911 ambulate
1896 4856 1957 4910 in
1984 4873 2068 4927 ea,

441 4952 498 5005 et
527 4948 824 5005 invenietis
853 4950 1115 5021 requiem
1140 4950 1437 5006 animabus
1469 4949 1686 5006 vestris.
1719 4951 1786 5003 Et
1813 4954 1878 5005 ut
1905 4951 2071 5021 juxta

443 5043 741 5115 Sapientia
774 5060 970 5100 vocem
1008 5044 1297 5100 dicamus:
1329 5063 1357 5096 «
1402 5043 1629 5115 Diligite
1658 5043 1943 5114 justitiam
1974 5043 2073 5115 qui

435 5137 704 5207 judicatis
733 5142 971 5194 terram.
1002 5138 1217 5195 Sentite
1249 5139 1318 5195 de
1348 5136 1585 5194 Domino
1614 5138 1673 5192 in
1709 5137 1980 5207 bonitate,
2017 5141 2073 5192 et

443 5232 500 5287 in
526 5232 886 5304 simplicitate
913 5233 1097 5288 cordis
1123 5233 1363 5305 quarite
1392 5232 1586 5300 illum;
1618 5231 1884 5302 quoniam
1910 5230 2069 5287 inve-

442 5327 600 5385 nitur
633 5326 703 5382 ab
740 5326 830 5382 his
861 5327 959 5399 qui
991 5344 1106 5383 non
1132 5331 1354 5383 tentant
1383 5327 1583 5396 illum;
1612 5328 1849 5397 apparet
1878 5328 2073 5381 autem

441 5421 540 5490 eis,
572 5421 670 5494 qui
705 5420 882 5477 ﬁdem
918 5422 1131 5478 habent
1168 5422 1228 5477 in
1256 5421 1441 5477 illum.
1473 5422 1756 5475 Perversa
1788 5420 1942 5475 enim
1975 5437 2068 5475 co-

443 5515 739 5587 gitationes
769 5521 1037 5589 separant
1065 5534 1098 5572 a
1123 5516 1388 5583 Domino,
1417 5514 1655 5585 probata
1681 5516 1871 5570 autem
1896 5514 2073 5571 virtus

441 5608 677 5680 corripit
698 5610 1047 5683 insipientes,
1072 5609 1348 5680 quoniam
1369 5607 1427 5662 in
1448 5608 1791 5663 malevolam
1819 5608 2070 5665 animam

445 5716 561 5755 non
602 5701 856 5759 introibit
906 5701 1201 5775 sapientia,
1252 5717 1358 5755 nec
1406 5699 1691 5757 habitabit
1732 5701 1790 5757 in
1833 5720 2072 5776 corpore

444 5792 669 5849 subdito
714 5796 976 5864 peccatis.
1021 5795 1262 5867 Spiritus
1299 5793 1452 5851 enim
1496 5798 1722 5852 sanctus
1763 5796 2072 5871 disciplina

2177 4580 2255 4649 ιι).
2300 4600 2329 4627 ››
2384 4579 2688 4649 Propterea
2751 4578 3057 4650 unicuique
3116 4579 3535 4651 providendum
3581 4583 3691 4650 est,
3753 4586 3823 4635 ut

2174 4687 2535 4743 summopere
2574 4688 2633 4725 se
2660 4671 2958 4741 custodiat,
2986 4677 3044 4729 et
3078 4672 3293 4729 utiliter
3317 4690 3377 4727 se
3407 4672 3722 4745 provideat,
3752 4679 3823 4729 ut

2174 4780 2303 4820 cum
2329 4764 2446 4820 dies
2472 4768 2727 4821 extrema
2752 4766 2997 4838 ﬁnisque
3021 4766 3148 4822 vita
3175 4767 3468 4823 advenerit
3487 4783 3607 4823 non
3629 4771 3825 4823 trans-

2174 4862 2263 4914 eat
2318 4858 2391 4913 ad
2442 4861 2778 4931 perpetuam
2825 4863 3094 4929 mortem,
3148 4860 3246 4918 sed
3291 4860 3364 4916 ad
3412 4861 3586 4917 vitam
3636 4865 3819 4918 ater-

2174 4968 2332 5007 nam.

2244 5046 2409 5100 Facta
2442 5028 2598 5101 enim
2631 5046 2990 5101 subditorum
3022 5048 3355 5119 judicantur
3398 5066 3433 5105 a
3478 5049 3663 5117 nobis,
3701 5068 3821 5107 no-

2173 5142 2289 5194 stra
2347 5155 2478 5194 vero
2533 5139 2752 5211 judicat
2808 5141 2975 5197 Deus.
3031 5143 3109 5196 Ex
3169 5142 3373 5198 merito
3432 5159 3565 5199 vero
3625 5145 3826 5215 plebis

2174 5249 2591 5306 nonnunquam
2625 5234 2877 5306 episcopi
2918 5235 3317 5307 depravantur,
3356 5242 3633 5310 quatenus
3672 5256 3825 5310 pro-

2173 5327 2370 5383 clivius
2404 5327 2612 5383 cadant
2647 5329 2747 5400 qui
2789 5333 3121 5402 sequuntur.
3167 5330 3363 5403 Capite
3401 5332 3828 5404 languescente

2174 5424 2381 5478 catera
2406 5422 2659 5495 corporis
2677 5423 2939 5479 membra
2968 5422 3318 5481 inﬁciuntur.
3342 5425 3661 5481 Deteriores
3677 5430 3829 5482 sunt

2173 5516 2271 5589 qui
2305 5516 2484 5573 vitam
2512 5533 2816 5589 moresque
2849 5517 3134 5573 bonorum
3166 5522 3562 5591 corrumpunt,
3588 5519 3684 5575 his
3713 5520 3829 5593 qui

2171 5610 2513 5666 substantias
2559 5610 2807 5666 aliorum
2856 5610 3193 5683 pradiaque
3247 5612 3547 5685 diripiunt.
3605 5614 3832 5673 Caveat

2173 5703 2562 5776 unusquisque
2608 5719 2681 5760 ne
2732 5706 2832 5760 aut
2877 5703 3170 5778 linguam,
3226 5709 3323 5762 aut
3373 5723 3544 5764 aures
3597 5707 3832 5765 habeat

2168 5796 2511 5870 prurientes,
2552 5798 2613 5853 id
2661 5801 2746 5855 est
2792 5813 2864 5855 ne
2907 5803 3005 5856 aut
3053 5799 3175 5871 ipse
3218 5799 3339 5856 aliis
3378 5800 3660 5872 detrahat,
3715 5806 3833 5861 aut
