4026 6166
288 262 386 316 NQ

1522 267 1991 324 DECRETALIUM
2031 268 2414 324 COLLECTIO.

3545 272 3644 328 150

283 371 420 425 alios
453 369 651 427 audiat
694 369 1081 430 detrahentes.
1130 374 1366 444 Sedens,
1407 376 1612 450 inquit,
1658 378 1920 434 adversus
1939 389 2201 463 Aregno
2242 378 2449 434 Christi
2477 382 2534 434 et
2578 378 2698 434 Dei.
2744 379 2924 435 Nemo
2965 394 3062 433 vos
3105 377 3341 435 seduc‘at
3381 376 3649 436 inanibus

282 465 521 520 fratrem
560 469 725 521 tuum
770 466 1095 539 loquebaris
1130 470 1505 539 detrahendo,
1554 474 1611 527 et
1651 472 1918 528 adversus

280 558 463 614 ﬁlium
495 560 699 614 matris
726 563 840 615 tute
866 562 1117 633 ponebas
1143 564 1496 635 scandalum,
1530 568 1652 621 etc:
1678 568 1919 621 l’arcant

281 653 495 724 singuli
545 653 881 710 detractioni
921 655 1149 726 linguae,
1201 658 1519 714 custodiant
1568 676 1695 731 quae
1748 662 1918 731 atque

281 764 573 802 sermones
599 765 751 816 suos,
781 752 839 803 et
864 748 1064 817 sciant,
1106 750 1239 822 quia
1279 757 1480 808 cuncta
1522 769 1650 823 quae
1690 753 1761 808 de
1793 753 1917 809 aliis

278 842 598 913 loquuntur
624 859 725 896 sua
764 844 1045 898 sententia
1070 844 1499 915 judicabuntur.
1538 846 1713 901 Nemo
1741 846 1916 901 invito

277 935 529 989 auditori
557 936 809 991 libenter
835 937 1026 992 refert.
1056 937 1234 993 Officii
1266 938 1624 1011 singulorum
1653 940 1744 1010 sit,
1776 941 1913 996 dile-

276 1028 543 1093 ctissimi,
591 1046 709 1084 non
750 1030 933 1085 solum
974 1032 1167 1086 oculos
1204 1037 1385 1087 castos
1431 1048 1677 1103 servare,
1718 1035 1815 1089 sed
1859 1038 1918 1089 et

272 1123 565 1194 linguam.
597 1123 707 1179 Nec
740 1124 877 1195 quid
901 1124 962 1179 in
990 1126 1327 1197 cujusquam
1351 1127 1522 1183 domo
1550 1131 1773 1199 agatur,
1805 1128 1916 1184 alia

274 1218 483 1271 domus
510 1233 615 1288 per
666 1233 765 1273 vos
813 1235 1070 1290 unquam
1114 1220 1353 1276 noverit.
1408 1220 1661 1276 Habeant
1713 1239 1913 1278 omnes

271 1311 703 1383 simplicitatem
752 1312 1030 1368 columbae
1078 1329 1150 1369 ne
1193 1314 1458 1385 cuiquam
1515 1315 1915 1371 machineutur

272 1406 433 1460 dolos
461 1409 520 1459 et
543 1405 823 1477 serpentis
852 1407 1136 1476 astutiam,
1167 1424 1238 1464 ne
1267 1407 1511 1464 aliorum
1549 1411 1914 1481 supplanten—

270 1503 366 1553 tur
394 1498 637 1553 insidiis.
682 1500 804 1554 Non
839 1505 925 1555 est
961 1501 1303 1557 humilitatis
1338 1518 1480 1557 mete
1524 1518 1712 1573 neque
1743 1519 1912 1558 men-

270 1610 419 1647 surae
439 1592 705 1663 judicare
730 1593 800 1648 de
830 1594 1047 1649 caeteris
1072 1600 1129 1650 et
1159 1596 1228 1650 de
1259 1595 1537 1651 ministris
1554 1596 1913 1652 ecclesiarum

268 1687 572 1741 sinistrum
598 1686 891 1759 quippiam
918 1687 1126 1743 dicere.
1162 1688 1315 1744 Absit
1337 1695 1402 1744 ut
1437 1670 1745 1761 quicquam
1771 1688 1909 1745 sini-

2017 472 2202 527 verbis
2236 476 2470 544 propter
2497 473 2653 528 enim
2678 473 2831 529 venit
2864 472 2950 528 ira
2990 472 3088 529 Dei
3117 472 3177 527 in
3205 472 3350 527 filios
3378 473 3645 530 difﬁden-

2015 567 2132 635 tiae,
2164 566 2338 621 nolite
2366 582 2505 636 ergo
2533 565 2676 621 efﬁci
2704 566 3010 639 participes
3035 582 3251 622 eorum.
3283 566 3466 623 Eratis
3490 568 3647 624 enim

2019 659 2326 732 aliquando
2354 659 2622 727 tenebrae,
2654 676 2805 714 nunc
2832 664 3023 715 autem
3060 660 3157 715 lux
3194 660 3251 714 in
3289 660 3551 731 Domino,
3586 666 3649 718 ut

2015 754 2117 808 filii
2142 753 2284 809 lucis
2310 753 2625 809 ambulate.
2659 754 2892 807 Fructus
2918 752 3073 807 enim
3098 753 3237 808 lucis
3274 757 3361 808 est
3397 753 3457 808 in
3488 755 3646 811 omni

2015 847 2291 916 bonitate,
2347 852 2403 901 et
2435 846 2656 918 justitia
2692 850 2749 900 et
2786 845 3038 913 veritate,
3071 846 3374 917 probantes
3412 847 3552 919 quid
3580 848 3652 904 sit

2014 939 2438 1011 beneplacitum
2467 940 2601 995 Deo.
2638 940 2706 994 Et
2731 939 2902 995 nolite
2932 939 3352 995 communicare
3382 941 3648 1013 operibus

2016 1032 2378 1089 infructuosis
2417 1033 2806 1103 tenebrarum,
2843 1034 3031 1104 magis
3067 1038 3262 1088 autem
3297 1034 3642 1105 redarguite.

2013 1129 2147 1192 Quae
2173 1127 2326 1183 enim
2352 1126 2412 1181 in
2438 1128 2658 1182 occulto
2684 1127 2833 1181 fiunt
2850 1126 2922 1181 ab
2956 1126 3095 1198 ipsis
3128 1132 3293 1199 turpe
3322 1132 3407 1182 est
3437 1128 3645 1184 dicere.

2016 1221 2217 1276 Omnia
2243 1224 2436 1276 autem
2467 1237 2595 1292 qua:
2622 1224 2945 1293 arguuntur
2974 1220 3248 1275 alumine
3277 1219 3644 1276 manifestan-

2014 1317 2137 1385 tur;
2186 1330 2357 1369 omne
2421 1314 2579 1369 enim
2627 1314 2777 1386 quod
2819 1313 3214 1370 manifestatur
3284 1313 3482 1370 lumen
3524 1319 3644 1384 est;

2013 1412 2246 1480 prOpter
2274 1408 2428 1480 quod
2466 1408 2647 1463 dicit:
2690 1408 2870 1478 Surge
2906 1407 3007 1478 qui
3048 1407 3284 1475 dormis,
3326 1412 3384 1463 et
3414 1423 3653 1479 exsurge

2012 1518 2046 1556 a
2070 1501 2329 1570 mortuis,
2359 1505 2416 1556 et
2440 1501 2791 1556 illuminabit
2815 1505 2869 1556 te
2894 1500 3166 1555 Christus.
3204 1501 3400 1557 Videte
3434 1502 3646 1573 itaque,

2011 1595 2236 1663 fratres,
2265 1595 2552 1666 quomodo
2593 1600 2752 1650 caute
2781 1594 3104 1661 ambuletis,
3146 1611 3265 1650 non
3307 1595 3467 1666 quasi
3508 1595 3648 1650 insi-

2010 1689 2252 1761 pientes,
2294 1688 2504 1744 scilicet
2542 1693 2603 1743 ut
2648 1688 2949 1760 sapientes,
3005 1688 3352 1744 redimentes
3398 1692 3648 1761 tempus,

268 1787 453 1834 strum
469 1780 869 1852 dehisloquar,
886 1780 1296 1853 quiapostolico
1311 1782 1515 1854 gradui
1526 1783 1909 1853 succedentes,
1932 1770 1989 1842 Β
2013 1782 2291 1855 quoniam
2323 1782 2445 1837 dies
2472 1782 2610 1837 mali
2636 1787 2788 1837 sunt.
2829 1784 3131 1854 Propterea
3152 1783 3329 1838 nolite
3374 1782 3499 1838 ﬁeri
3536 1782 3645 1837 im-

268 1874 481 1929 Christi
506 1890 711 1945 corpus
747 1892 906 1929 sacro
955 1892 1053 1930 ore
1104 1875 1427 1946 conﬁciunt,
1474 1893 1577 1947 per
1619 1893 1760 1948 quos
1803 1893 1909 1932 nos

2008 1876 2337 1947 prudentes,
2394 1875 2492 1931 sed
2538 1876 2918 1947 intelligentes
2962 1892 3090 1947 quae
3130 1876 3202 1931 sit
3234 1877 3491 1931 voluntas
3522 1876 3644 1943 Dei,

272 1968 451 2021 etiam
479 1966 784 2023 Christiani
821 1985 1039 2038 sumus,
1086 1969 1185 2041 qui
1230 1970 1409 2024 claves
1446 1970 1606 2040 regni
1633 1970 1909 2026 caelorum
2001 1974 2065 2025 et
2090 1969 2262 2025 nolite
2288 1969 2559 2025 inebriari
2586 1969 2736 2037 vino,
2770 1969 2831 2024 in
2857 1985 2972 2041 quo
3006 1974 3090 2025 est
3126 1970 3369 2034 luxuria,
3399 1969 3499 2024 sed
3529 1969 3640 2023 im-

272 2060 549 2116 habentes
578 2065 708 2116 ante
726 2061 927 2133 judicii
971 2062 1124 2118 diem
1154 2063 1432 2133 judicent.
1465 2064 1653 2120 Veteri
1679 2064 1909 2136 quidem

270 2154 404 2226 lege
430 2155 687 2223 habetur,
719 2156 1044 2228 quicunque
1070 2157 1455 2213 sacerdotibus
1475 2174 1594 2214 non
1609 2158 1907 2231 obtempe-

266 2253 465 2315 rasset,
486 2253 587 2303 aut
607 2252 767 2304 extra
788 2255 968 2305 castra
985 2250 1199 2322 positus
1233 2251 1590 2323 lapidabatur
1624 2270 1658 2307 a
1676 2253 1907 2325 populo,

265 2346 368 2395 aut
416 2341 611 2413 gladio
656 2343 873 2398 cervice
922 2343 1169 2415 subjecta
1223 2348 1610 2417 contemptum
1649 2346 1909 2418 expiabat

264 2452 496 2491 cruore.
521 2437 681 2491 Nunc
707 2453 841 2491 vero
881 2437 1211 2493 inobediens
1244 2438 1523 2510 spirituali
1550 2440 1906 2495 animadver-

261 2531 427 2584 sione
460 2532 777 2599 truncatur,
812 2534 869 2585 et
897 2531 1110 2601 ejectus
1148 2531 1220 2586 ab
1263 2532 1524 2602 Ecclesia,
1566 2533 1759 2588 rabido
1790 2534 1907 2589 dae-

259 2639 514 2677 monum
543 2640 643 2678 ore
668 2623 1011 2695 decerpitur.
1040 2625 1274 2697 Oportet
1301 2627 1475 2696 enim,
1515 2631 1581 2682 ut
1604 2629 1702 2699 qui
1730 2629 1909 2682 Deum

260 2717 605 2771 haereditate
657 2717 963 2789 possident,
1028 2718 1242 2790 absque
1317 2720 1429 2774 ullo
1493 2720 1909 2792 impedimento

259 2810 463 2865 saeculi
518 2812 635 2865 Deo
686 2811 949 2879 serviant,
993 2817 1054 2868 ut
1103 2812 1288 2868 dicere
1332 2814 1596 2886 possint:
1641 2815 1912 2872 Dominus

259 2922 395 2976 pars
432 2905 786 2960 hmreditatis
814 2922 992 2975 mese;
1023 2923 1056 2961 o
1085 2923 1260 2978 quam
1296 2907 1482 2964 bonus
1519 2912 1578 2963 et
1617 2909 1800 2964 suavis
1826 2914 1912 2965 est

256 2999 500 3071 spiritus
548 3002 698 3068 tuus,
742 3000 1003 3071 Domine,
1054 3000 1113 3055 in
1160 3001 1443 3058 omnibus.
1490 3004 1676 3058 Parcis
1718 3008 1911 3059 autem

258 3092 538 3148 omnibus
584 3093 861 3164 quoniam
904 3099 1004 3149 tua
1049 3100 1200 3165 sunt,
1247 3097 1507 3163 Domine,
1550 3095 1649 3168 qui
1689 3098 1910 3154 animas

259 3204 446 3241 amas.
480 3187 729 3258 Ideoque
768 3188 875 3242 hos
918 3187 1016 3259 qui
1061 3194 1323 3244 exerrant
1358 3190 1611 3260 partibus
1649 3192 1905 3264 corripis,

255 3286 313 3334 et
339 3280 416 3334 de
446 3279 658 3352 quibus
682 3284 920 3352 peccant
956 3282 1228 3337 admones
1270 3286 1328 3338 et
1368 3284 1693 3355 alloqueris,
1721 3291 1787 3341 ut
1817 3303 1907 3340 re-

257 3374 393 3428 licta
422 3372 650 3428 malitia
676 3374 911 3429 credant
934 3374 993 3430 in
1019 3380 1094 3443 te,
1127 3375 1388 3431 Domine.
1423 3378 1504 3431 Tu
1524 3381 1737 3449 autem,
1766 3381 1911 3436 Deus

256 3472 480 3534 noster,
510 3466 702 3521 suavis
729 3472 785 3523 et
809 3484 972 3523 verus
1004 3485 1063 3523 es
1091 3468 1311 3540 patiens
1341 3474 1398 3525 et
1433 3471 1494 3526 in
1522 3472 1911 3528 misericordia

257 3560 581 3633 disponens
632 3561 845 3616 omnia.
906 3562 1153 3633 Etenim,
1221 3563 1266 3617 si
1328 3564 1764 3636 peccaverimus,
1827 3565 1911 3621 tui

258 3671 466 3710 sumus
497 3654 737 3709 scientes
766 3655 1223 3727 magnitudinem
1256 3659 1428 3712 tuam.
1464 3660 1531 3713 Et
1558 3658 1602 3713 si
1640 3675 1753 3713 non
1779 3676 1907 3731 pec-

259 3748 611 3815 caverimus,
639 3748 849 3804 scimus
875 3749 1145 3821 quoniam
1201 3751 1351 3822 apud
1376 3756 1431 3807 te
1455 3768 1651 3807 sumus
1675 3769 1906 3825 compu-

256 3844 383 3898 tati.
419 3842 665 3913 Spiritus
700 3842 1024 3898 timentium
1063 3844 1369 3899 Dominum
1408 3846 1687 3917 quaeritur
1720 3847 1791 3902 ab
1821 3864 1907 3916 00,

258 3942 315 3991 et
342 3937 410 3991 in
442 3940 708 4007 respectu
735 3935 883 3991 illius
912 3936 1340 3993 benedicentur.
1380 3940 1753 4013 QuaprOpter,
1795 3941 1909 3996 fra-

256 4036 375 4084 tres
403 4029 749 4099 charissimi,
784 4051 811 4079 ‹‹
845 4030 1029 4086 01111115
1057 4047 1241 4087 sermo
1268 4026 1462 4087 malus
1489 4050 1557 4089 ex
1601 4052 1695 4089 ore
1726 4039 1909 4091 vestro

255 4140 378 4178 non
422 4123 713 4194 procedat,
762 4124 858 4179 sed
897 4124 943 4179 si
983 4124 1107 4197 quis
1144 4125 1325 4181 bonus
1360 4132 1444 4182 est
1479 4128 1550 4183 ad
1588 4129 1906 4184 aediﬁcatio-

259 4234 399 4271 nem
424 4217 874 4289 opportunitatis
902 4222 969 4273 ut
1011 4217 1107 4274 det
1150 4220 1397 4292 gratiam
1436 4221 1825 4293 audientibus;
1856 4228 1911 4279 et

258 4312 443 4367 nolite
493 4310 832 4395 contristare
882 4312 1155 4385 Spiritum
1202 4319 1460 4370 sanctum
1520 4315 1617 4371 Dei
1687 4317 1747 4372 in
1798 4334 1910 4389 quo

260 4405 475 4477 signati
496 4405 630 4460 estis
653 4405 713 4459 in
736 4404 888 4460 diem
908 4406 1330 4479 redemptionis.
1353 4407 1553 4463 Omnis
1569 4410 1906 4482 amaritudo,

1930 3143 1985 3216 C

2008 2062 2244 2135 plemini
2282 2062 2494 2135 Spiritu
2535 2068 2748 2129 sancto,
2791 2064 3088 2135 loquentes
3128 2062 3541 2133 vobismetipsis
3578 2063 3642 2119 in

2008 2157 2261 2229 psalmis,
2293 2158 2527 2228 hymnis
2555 2161 2612 2211 et
2640 2156 2870 2211 canticis
2898 2156 3305 2228 spiritualibus,
3349 2161 3645 2211 cantantes

2010 2254 2066 2305 et
2090 2250 2397 2320 psallentes
2427 2249 2488 2304 in
2517 2249 2784 2305 cordibus
2822 2249 3044 2318 vestris,
3087 2249 3361 2319 Domino;
3394 2249 3642 2304 Domino

2012 2344 2226 2415 gratias
2267 2348 2500 2416 agentes
2537 2359 2763 2414 semper
2799 2360 2905 2416 pro
2948 2343 3247 2413 omnibus,
3290 2343 3349 2397 in
3406 2344 3645 2398 nomine

2011 2437 2239 2492 Domini
2263 2438 2443 2493 nostri
2468 2439 2599 2492 Jesu
2630 2437 2835 2492 Christi
2864 2438 2976 2492 Deo
3009 2440 3065 2493 et
3097 2436 3253 2492 Patri
3286 2436 3527 2507 subjecti
3551 2436 3643 2491 in-

2009 2529 2190 2585 vicem
2217 2531 2274 2585 in
2302 2530 2508 2586 timore
2537 2530 2744 2585 Christi
2767 2530 2979 2601 (Ephes.
3008 2547 3083 2599 IV,
3112 2532 3305 2597 29-32;
3334 2546 3388 2597 ν,
3422 2529 3640 2600 1-21).››

2083 2625 2235 2680 State
2268 2624 2456 2696 itaque
2487 2624 2703 2690 fratres,
2732 2628 2788 2679 et
2832 2628 3018 2679 tenete
3050 2623 3384 2678 traditiones
3417 2627 3642 2694 aposto-

2009 2718 2199 2773 lorum
2228 2721 2285 2773 et
2320 2717 2643 2790 apostolicae
2674 2717 2840 2788 sedis,
2884 2720 2946 2771 ut
2970 2717 3246 2772 Dominus
3270 2721 3465 2772 noster
3491 2718 3647 2772 Jesus

2009 2812 2282 2881 Christus,
2313 2815 2370 2866 et
2406 2814 2573 2867 Pater
2612 2815 2824 2879 noster,
2867 2811 2963 2883 qui
3006 2810 3203 2866 dilexit
3240 2827 3365 2881 nos,
3410 2813 3467 2864 et
3493 2810 3648 2866 dedit

2011 2906 2456 2962 consolationem
2487 2908 2779 2973 aeternam,
2809 2910 2865 2960 et
2901 2921 3063 2977 spem
3104 2906 3316 2960 bonam
3340 2904 3401 2959 in
3436 2904 3645 2977 gratia,

2011 3001 2341 3056 exhortetur
2400 2999 2571 3054 corda
2632 3003 2837 3069 vestra,
2894 3004 2951 3054 et
3017 3000 3320 3054 conﬁrmet
3362 2999 3421 3053 in
3487 2998 3645 3053 omni

2013 3109 2182 3165 opere
2209 3097 2267 3149 et
2290 3093 2351 3148 in
2377 3109 2643 3149 sermone
2672 3093 2842 3148 bono.
2871 3095 2945 3149 De
2971 3098 3198 3163 caetero,
3227 3093 3448 3160 fratres,
3484 3096 3642 3146 orate

2010 3204 2113 3260 pro
2161 3186 2326 3242 nobis
2373 3192 2436 3242 ut
2480 3203 2664 3242 sermo
2705 3186 2938 3242 Domini
2982 3192 3176 3242 currat
3208 3190 3265 3241 et
3307 3186 3647 3241 clariﬁcetur

2010 3281 2155 3337 sicut
2184 3284 2241 3336 et
2269 3281 2425 3353 apud
2454 3298 2566 3349 vos,
2609 3284 2667 3336 et
2694 3284 2758 3336 ut
2782 3281 3091 3337 liberemur
3118 3281 3188 3335 ab
3219 3279 3563 3352 importunis
3590 3284 3648 3334 et

2009 3376 2174 3431 malis
2226 3374 2573 3431 hominibus.
2636 3377 2758 3430 Non
2832 3376 2985 3431 enim
3043 3374 3303 3430 omnium
3349 3378 3433 3428 est
3484 3374 3642 3428 ﬁdes.

2012 3470 2215 3524 Fidelis
2271 3474 2462 3525 autem
2520 3471 2669 3524 Deus
2714 3473 2799 3524 est
2848 3470 2948 3541 qui
3002 3468 3363 3523 confirmabit
3414 3483 3532 3537 vos,
3588 3470 3647 3521 et

2011 3563 2291 3618 custodiet
2332 3580 2365 3617 a
2407 3563 2577 3617 malo.
2625 3562 2979 3634 Quapropter
3020 3562 3211 3634 ponite
3255 3561 3648 3617 indesinenter

2010 3656 2183 3712 corda
2232 3661 2416 3711 vestra
2468 3655 2527 3710 in
2577 3656 2783 3710 virtute
2837 3656 2956 3726 Dei,
3015 3661 3071 3710 et
3124 3656 3364 3711 resistite
3415 3670 3649 3726 semper

2009 3749 2173 3804 malis
2221 3752 2278 3803 et
2325 3752 2584 3804 enarrate
2638 3749 2758 3804 haec
2805 3748 2965 3818 juxta
3014 3765 3212 3803 vocem
3257 3749 3548 3820 prophetae
3586 3747 3646 3801 in

2010 3842 2312 3915 progenies
2366 3842 2601 3912 alteras,
2661 3842 2934 3915 quoniam
3001 3842 3094 3896 hic
3146 3845 3231 3896 est
3291 3842 3443 3895 Deus
3500 3841 3644 3895 Deus

2010 3941 2205 3993 noster
2232 3936 2293 3991 in
2325 3938 2630 4004 aeternum,
2662 3938 2719 3991 et
2744 3936 2865 4007 ipse
2894 3939 3054 4007 reget
3076 3950 3179 3989 nos
3205 3934 3265 3989 in
3293 3934 3518 3989 saecula.

2083 4031 2244 4086 Unde
2271 4047 2388 4098 vos,
2420 4028 2519 4101 qui
2548 4029 2607 4084 in
2646 4030 2871 4101 specula
2912 4046 2959 4103 a_
2984 4028 3226 4083 Domino
3261 4027 3393 4083 estis
3428 4028 3642 4083 consti-

2012 4125 2139 4193 tuti,
2183 4123 2561 4196 comprimere
2609 4129 2666 4178 et
2699 4124 2975 4196 repellere
3011 4139 3105 4177 eos
3140 4137 3501 4194 summOpere
3547 4121 3645 4175 de-

2010 4218 2174 4285 betis,
2214 4218 2311 4291 qui
2352 4218 2623 4274 fratribus
2659 4216 2894 4272 insidias
2928 4222 3271 4289 praeparant,
3310 4219 3410 4271 aut
3450 4215 3509 4269 in
3553 4232 3647 4270 eos

2011 4312 2337 4381 seditiones,
2398 4318 2454 4367 et
2504 4312 2771 4376 scandala
2822 4311 3099 4378 excitant;
3145 4310 3308 4365 facile
3358 4315 3443 4366 est
3488 4309 3644 4364 enim

2010 4407 2306 4462 hominem
2326 4406 2501 4461 verbo
2520 4407 2735 4475 fallere,
2760 4405 2854 4460 sed
2898 4421 3011 4460 non
3028 4405 3355 4460 Dominum.
3380 4405 3509 4460 Ideo
3541 4404 3645 4458 hos

266 4504 325 4553 et
354 4500 465 4569 ira,
495 4503 553 4554 et
593 4498 933 4572 indignatio,
968 4504 1024 4554 et
1051 4502 1286 4570 clamor,
1326 4507 1384 4558 et
1417 4502 1774 4575 blasphemia
1801 4507 1906 4561 tol-
1927 4516 1987 4588 D
2009 4500 2449 4572 reprehendere,
2492 4503 2550 4555 et
2585 4500 2655 4554 ab
2683 4500 2771 4554 his
2797 4517 2895 4554 vos
2935 4503 3188 4554 avertere
3223 4504 3462 4570 oportet,
3496 4514 3639 4569 qua-

264 4594 419 4648 latur
444 4610 481 4647 a
504 4593 667 4649 vobis
691 4610 823 4649 cum
859 4595 1015 4649 omni
1044 4596 1283 4651 malitia.
1319 4598 1507 4652 Estote
1546 4602 1738 4653 autem
1764 4598 1910 4653 invi-

264 4702 388 4741 cem
426 4686 690 4758 benigni,
732 4687 1140 4757 misericordes,
1181 4690 1453 4746 donantes
1491 4691 1737 4747 invicem
1771 4692 1913 4749 sicut

264 4786 321 4833 et
350 4781 499 4835 Deus
541 4780 601 4834 in
630 4780 847 4836 Christo
876 4782 1107 4837 donavit
1131 4783 1304 4838 vobis.
1338 4785 1526 4839 Estote
1553 4800 1690 4856 ergo
1717 4785 1908 4842 imita-

261 4878 419 4927 tores
473 4873 578 4927 Dei
633 4872 779 4927 sicut
833 4873 933 4928 ﬁlii
980 4875 1318 4947 charissimi,
1389 4881 1447 4932 et
1513 4879 1796 4935 ambulate
1851 4881 1910 4936 in

262 4966 566 5021 dilectione
613 4967 755 5021 sicut
785 4971 843 5023 et
890 4968 1145 5024 Christus
1194 4970 1393 5025 dilexit
1433 4987 1539 5025 nos
1579 4977 1635 5026 et
1680 4974 1912 5029 tradidit

261 5061 638 5132 semetipsum
680 5077 785 5132 pro
822 5061 984 5117 nobis
1023 5062 1367 5118 oblationem
1402 5069 1459 5119 et
1502 5065 1749 5121 hostiam
1799 5068 1909 5123 Deo

262 5152 325 5208 in
374 5155 610 5209 odorem
661 5155 991 5227 suavitatis;
1050 5156 1348 5213 fornicatio
1392 5163 1586 5214 autem
1629 5165 1685 5214 et
1727 5161 1911 5216 omnis

261 5247 637 5304 immunditia
664 5255 764 5304 aut
790 5250 1026 5305 avaritia
1058 5268 1173 5306 non
1202 5253 1533 5309 nominetur
1553 5254 1614 5309 in
1641 5254 1814 5323 vobis,
1844 5254 1911 5313 si-

266 5345 361 5395 cut
383 5342 550 5397 decet
577 5346 821 5412 sanctos,
851 5349 949 5400 aut
985 5345 1298 5416 turpitudo,
1342 5351 1440 5402 aut
1470 5347 1906 5419 stultiloquium,

263 5439 364 5488 aut
391 5434 702 5490 scurrilitas
728 5453 857 5508 quae
883 5436 956 5492 ad
984 5453 1110 5493 rem
1139 5455 1253 5494 non
1273 5440 1579 5511 pertinent,
1602 5440 1699 5496 sed
1728 5442 1912 5513 magis

266 5529 591 5598 gratiarum
614 5530 782 5586 actio.
808 5531 919 5587 Hoc
948 5531 1101 5587 enim
1127 5533 1322 5589 scitote
1351 5534 1735 5606 intelligentcs
1754 5535 1910 5607 quod

266 5622 456 5677 omnis
482 5622 793 5679 fornicator
837 5628 939 5680 aut
977 5626 1308 5683 immundus
1351 5632 1451 5684 aut
1487 5645 1710 5698 avarus,
1755 5629 1910 5701 quod
1943 5665 1951 5673 -

266 5720 360 5769 est
388 5715 674 5775 idolorum
722 5718 980 5790 servitus,
1025 5737 1139 5777 non
1186 5721 1358 5779 habet
1411 5723 1803 5781 haereditatem
1847 5723 1909 5780 in

2010 4600 2176 4650 tenus
2222 4594 2501 4649 exstincta
2546 4593 2802 4648 funditus
2850 4592 3180 4664 hujusmodi
3227 4590 3497 4663 caligine,
3552 4592 3642 4646 lu-

2010 4687 2150 4743 cifer
2175 4688 2253 4744 eis
2294 4687 2673 4759 resplendeat,
2717 4690 2773 4741 et
2811 4686 3007 4740 laetitia
3049 4686 3262 4741 oriatur
3288 4686 3350 4740 in
3380 4684 3643 4741 cordibus

2012 4798 2233 4837 eorum.
2248 4781 2595 4838 Conﬁdimus
2604 4785 2795 4835 autem
2809 4780 2881 4835 de
2892 4779 3297 4848 vobis,fratres,
3312 4781 3371 4834 in
3383 4779 3644 4849 Domino,

2011 4876 2285 4948 quoniam
2300 4892 2427 4948 quas
2441 4875 2817 4948 praecepimus
2830 4879 2886 4929 et
2899 4873 3101 4944 facitis,
3119 4878 3174 4928 et
3184 4872 3645 4938 facietis.Quanto

2012 4971 2165 5026 enim
2206 4970 2481 5025 beneficia
2518 4972 2699 5024 vestra
2732 4968 2820 5023 his
2855 4968 3099 5040 amplius
3144 4967 3441 5035 exhibetis,
3488 4971 3645 5022 tanto

2010 5064 2291 5135 majorem
2342 5064 2787 5119 vicissitudinem
2839 5062 2909 5117 ab
2962 5062 3342 5135 omnipotenti
3396 5063 3510 5117 Deo
3552 5060 3645 5115 cui

2012 5158 2265 5213 serviunt
2327 5157 2676 5229 exspectatis.
2750 5155 3122 5228 Omnipotens
3186 5158 3334 5211 Deus
3401 5171 3499 5209 sua
3549 5170 3643 5207 vos

2009 5251 2364 5325 protectione
2415 5251 2691 5306 custodiat
2739 5251 3135 5322 honoremque
3191 5255 3247 5304 et
3292 5252 3640 5320 praeceptum

2009 5362 2229 5402 servare
2279 5346 2579 5413 concedat,
2626 5348 2684 5401 et
2738 5345 2918 5417 gloria
2970 5346 3267 5415 honorque
3326 5342 3437 5395 Deo
3487 5338 3639 5393 Patri

2011 5439 2412 5511 omnipotenti,
2477 5440 2712 5512 ejusque
2796 5439 3092 5510 unigenito
3154 5436 3293 5492 Filio
3367 5432 3639 5489 Salvatori

2008 5538 2202 5589 nostro
2232 5549 2360 5587 cum
2391 5532 2605 5605 Spiritu
2637 5537 2828 5589 sancto
2858 5531 2929 5587 sit
2957 5531 3018 5586 in
3050 5529 3255 5586 saecula
3279 5527 3636 5597 saeculorum,

2009 5629 2208 5685 Amen.
