4026 6166
419 308 510 361 151

1311 311 1592 367 APPEND.
1632 310 1719 367 AD
1757 312 1916 368 SAZC.
1963 311 2047 368 IX.
2081 342 2147 353 —-
2186 313 2427 370 lSIDORI
2466 314 2890 372 MERCATORIS

3690 319 3782 373 I32

419 446 3750 474 NW“—

1045 611 1622 706 INCIPIUNT
1689 614 2212 708 DECRETA
2284 615 2745 709 FABIANI
2815 615 3183 709 PAP/E.

1527 802 1705 866 (Anno
1732 798 1958 856 Domini
1981 800 2106 866 242,
2133 799 2301 855 Decio
2332 799 2696 872 imperante.)

491 1084 878 1143 Dilectissimis
925 1088 1134 1160 ubique
1180 1089 1470 1146 catholica
1515 1091 1772 1146 Ecclesia
1809 1093 2050 1146 commi-
2075 1094 2212 1176 Act
2237 1091 2514 1147 convertit
2554 1070 2616 1146 in
2662 1107 2897 1163 pravam
2945 1091 3286 1147 doctrinam.
3328 1094 3374 1146 A
3417 1090 3623 1164 quibus
3668 1109 3794 1161 vos,

419 1180 610 1235 nistris
654 1181 954 1251 Fabianus,
1001 1185 1242 1239 salutem
1271 1185 1330 1239 in
1379 1185 1633 1242 Domino.
1678 1186 1890 1242 Divinis
1916 1204 2060 1259 pra-

419 1274 596 1345 ceptis
646 1279 704 1330 et
750 1276 1070 1348 apostolicis
1133 1294 1438 1333 monemur
1503 1279 1776 1336 institutis
1840 1284 1901 1335 ut
1951 1299 2056 1353 pro

420 1371 757 1424 cunctarum
807 1371 1185 1426 Ecclesiarum
1237 1375 1385 1428 statu
1453 1374 1704 1446 impigro
1750 1374 2058 1447 vigilemus

419 1461 645 1531 affectu,
675 1463 828 1518 unde
854 1481 1205 1537 consequens
1244 1470 1327 1522 est
1363 1466 1568 1524 debere
1609 1485 1709 1524 vos
1737 1469 1900 1537 scire,
1928 1487 2057 1542 qua

421 1555 573 1626 apud
621 1557 934 1612 Romanam
976 1558 1035 1613 in
1065 1575 1221 1614 sacro
1274 1563 1525 1632 aguntur
1567 1563 1682 1617 ritu
1729 1562 2052 1633 Ecclesiam,

418 1652 483 1703 ut
527 1649 648 1720 ejus
692 1656 989 1722 sequentes
1021 1655 1301 1725 exempla,
1352 1656 1473 1726 ejus
1508 1656 1626 1710 veri
1662 1656 1762 1710 ﬁlii
1799 1657 2052 1712 invenia-

417 1742 580 1810 mini,
631 1761 759 1817 qua
801 1749 987 1801 vestra
1031 1751 1118 1802 est
1159 1750 1342 1804 mater
1389 1753 1598 1804 vocata.
1649 1749 1875 1822 Septem
1919 1767 2056 1822 ergo

403 1836 689 1893 diaconos
718 1839 774 1894 in
801 1840 939 1895 urbe
963 1841 1143 1896 Roma
1172 1857 1275 1913 per
1301 1845 1517 1914 septem
1558 1843 1825 1914 regiones
1860 1845 2050 1899 civita-

419 1930 512 1998 tis,
545 1930 692 1987 sicut
732 1949 765 1986 a
799 1933 1052 2004 patribus
1097 1935 1438 2007 accepimus,
1489 1936 1784 2009 habemus,
1831 1939 1930 2010 qui
1954 1955 2056 2010 per

419 2024 675 2098 singulas
701 2025 1090 2084 hebdomadas
1115 2033 1173 2084 et
1200 2029 1517 2086 Dominicos
1549 2031 1668 2087 dies
1700 2037 1870 2104 atque
1895 2032 2062 2088 festi-‘

418 2119 658 2174 vitatum
701 2121 984 2176 solemnia
1025 2139 1156 2177 cum
1208 2123 1644 2181 subdiaconibus
1703 2131 1762 2182 et
1801 2126 2053 2199 acolytis,

417 2230 482 2267 ac
538 2213 895 2285 sequentium
942 2215 1209 2270 ordinum
1261 2216 1574 2287 ministris,
1638 2219 1892 2290 injuncta
1949 2221 2056 2276 sibi

420 2306 720 2361 observant
743 2306 1059 2362 ministeria
1088 2313 1145 2363 et
1173 2311 1359 2380 parati
1381 2311 1539 2366 omni
1564 2312 1706 2367 hora
1726 2317 1857 2367 sunt
1877 2314 1950 2368 ad
1978 2314 2057 2368 di-

418 2399 618 2454 vinum
644 2400 897 2456 ofﬁcium
922 2405 978 2456 et
1001 2402 1272 2475 quidquid
1304 2404 1381 2458 eis
1415 2404 1737 2478 injungitur
1772 2423 2054 2479 peragen-

420 2493 580 2549 dum.
610 2493 889 2551 Similiter
923 2501 980 2552 et
1011 2473 1185 2563 vobis,
1227 2502 1398 2569 prout
1436 2473 1823 2572 opportunum
1860 2473 2052 2571 fuerit,
2075 2473 2132 2545 B

415 2606 523 2660 per
565 2588 814 2662 singulas
855 2589 1108 2646 civitates
1152 2596 1235 2647 est
1289 2592 1648 2663 faciendum,
1693 2597 1757 2649 ut
1801 2593 2054 2650 divinum

420 2683 632 2756 absque
663 2685 778 2739 ulla
808 2701 967 2740 mora
985 2689 1043 2740 et
1057 2686 1410 2758 negligentia
1437 2687 1686 2743 studiose
1708 2704 1772 2742 ac
1793 2689 2056 2744 solemni-

417 2781 506 2832 ter
524 2781 726 2848 agatur
744 2778 1014 2834 ofﬁcium.
1039 2779 1293 2851 Denique
1317 2785 1534 2852 septem
1555 2781 1816 2838 similiter
1830 2783 2056 2838 subdia-

419 2887 590 2925 conos
622 2871 1011 2926 ordinavimus
1038 2873 1137 2943 qui
1171 2878 1388 2944 septem
1426 2875 1664 2930 notariis
1687 2875 2058 2932 imminerent

419 2966 475 3019 et
505 2968 658 3036 gesta
698 2969 1017 3036 martyrum
1057 2967 1327 3023 veraciter
1364 2967 1423 3022 in
1463 2967 1686 3040 integro
1727 2969 2058 3041 colligerent

416 3057 692 3130 nobisque
740 3059 998 3115 rimanda
1040 3060 1501 3129 manifestarent,
1549 3062 1702 3134 quod
1746 3063 1916 3119 etiam
1958 3081 2056 3118 vos

417 3167 614 3208 omnes
645 3169 816 3223 agere
863 3169 1184 3221 monemus,
1230 3171 1302 3210 ne
1334 3154 1390 3208 in
1437 3161 1726 3226 posterum
1773 3157 1960 3229 aliqua
1985 3173 2054 3212 ex

419 3244 507 3299 his
549 3245 832 3303 dubitatio
877 3247 995 3316 ﬁat,
1042 3247 1391 3320 quastioque
1435 3249 1667 3318 oriatur,
1709 3270 1735 3302 «
1783 3252 2056 3322 quoniam

422 3339 613 3392 omnia
663 3355 790 3411 qua
845 3340 1052 3412 scripta
1123 3345 1258 3396 sunt
1307 3342 1380 3396 ad
1427 3347 1680 3397 nostram
1732 3344 2054 3398 doctrinam

419 3431 620 3503 scripta
651 3437 800 3488 sunt.
830 3457 857 3483 »
892 3435 960 3489 Et
986 3450 1116 3506 qua
1146 3435 1354 3490 nostris
1397 3436 1748 3508 temporibus
1786 3438 2058 3493 veraciter

420 3525 744 3580 scribuntur
772 3527 846 3582 ad
888 3528 1212 3583 futurorum
1248 3529 1562 3584 doctrinam
1602 3529 1947 3602 diriguntur.
1989 3532 2059 3585 Et

417 3619 547 3674 ideo
567 3618 913 3675 ﬁdelissimis
943 3622 1066 3677 hac
1096 3622 1324 3694 negotia
1363 3623 1642 3679 committi
1671 3625 2054 3697 pracipimus,

420 3729 491 3767 ne
531 3713 722 3785 aliqua
767 3713 826 3768 in
873 3715 954 3769 eis
997 3715 1186 3771 illusio
1230 3715 1556 3772 inveniatur
1604 3733 1671 3772 ex
1723 3734 1835 3788 qua
1874 3717 2052 3774 ﬁdeli-

416 3807 521 3861 bus
549 3807 898 3879 scandalum,
927 3810 1078 3880 quod
1103 3810 1270 3879 absit,
1295 3811 1528 3877 oriatur,
1570 3812 1720 3866 unde
1765 3816 1823 3866 et
1869 3813 2052 3867 chari-

416 3904 589 3956 tatcm
616 3907 862 3958 vestram
888 3907 1122 3975 paterna
1154 3904 1455 3960 dulcedine
1474 3905 1723 3976 petimus
1753 3909 1818 3960 ut
1844 3905 1903 3960 in
1923 3922 2057 3960 cun-

415 3996 520 4050 ctis
543 3995 808 4052 affectum
832 4000 1031 4052 vestra
1059 3998 1350 4053 charitatis
1379 4003 1573 4054 sancta
1599 3999 1768 4054 modo
1808 4000 2057 4054 Ecclesia

416 4090 666 4144 inveniat
695 4093 750 4145 et
779 4090 983 4144 favoris
1007 4090 1176 4145 vestri
1205 4091 1416 4145 solatiis
1454 4107 1798 4162 quocunque
1826 4107 2055 4146 necesse

417 4183 609 4250 fuerit,
647 4182 921 4252 potiatur.
953 4185 1020 4238 Et
1062 4184 1210 4237 sicut
1243 4183 1464 4238 bonitas
1502 4183 1672 4239 studii
1701 4184 1871 4239 vestri
1900 4185 1970 4240 de
1997 4201 2056 4241 se

419 4274 582 4330 nobis
622 4275 1024 4331 certitudinem
1083 4275 1317 4347 prabet,
1376 4281 1443 4331 ut
1483 4276 1540 4330 in
1597 4277 1754 4332 nullo
1803 4277 2056 4334 difﬁdere

416 4369 723 4425 debeamus
770 4371 840 4426 de
897 4387 980 4440 ea,
1028 4371 1127 4427 sed
1187 4372 1368 4444 magis
1422 4377 1483 4427 ut
1532 4372 1878 4444 sapientibus
1926 4374 2056 4428 ﬁliis

416 4463 679 4520 Ecclesia
722 4467 952 4533 nostra,
999 4466 1121 4520 hac
1179 4465 1516 4522 ﬁducialiter
1563 4467 2052 4535 commendemus,

416 4559 497 4613 ita
545 4561 675 4631 post
725 4558 937 4631 positas
989 4560 1428 4632 opportunitatis
1493 4561 1814 4616 occasiones
1869 4564 2057 4617 vestra

417 4651 662 4708 efﬁcacia
703 4653 990 4709 elaborare
1031 4654 1252 4709 enixius
1303 4653 1493 4720 debet,
1546 4657 1717 4727 atque
1771 4655 1828 4709 in
1871 4655 2056 4711 modis

419 4745 626 4817 quibus
645 4746 910 4818 possibile
928 4747 1101 4803 fuerit
1131 4747 1289 4803 omni
1313 4747 1498 4803 studio
1520 4748 1749 4820 abigere
1770 4752 2056 4804 contume-

416 4838 538 4894 lias.
585 4841 886 4895 Hortamur
927 4840 1099 4896 etiam
1145 4858 1262 4909 vos,
1301 4841 1460 4912 juxta
1514 4841 1729 4896 dictum
1785 4842 2052 4914 Apostoli,

416 4932 641 4988 stabiles
672 4950 793 4988 esse
825 4937 881 4989 et
907 4934 1248 5002 immobiles,
1281 4935 1642 4990 abundantes
1669 4935 1729 4990 in
1762 4952 1934 5008 opere
1954 4937 2058 4991 Do-

418 5025 562 5080 mini
607 5043 850 5099 semper,
899 5027 1138 5084 scientes
1180 5029 1332 5100 quod
1384 5028 1548 5084 labor
1589 5033 1773 5085 vester
1808 5047 1923 5085 non
1973 5034 2058 5086 est

413 5120 602 5175 inanis
645 5121 703 5176 in
736 5122 996 5191 Domino,
1029 5127 1086 5178 et
1127 5122 1261 5176 alibi
1300 5140 1312 5177 :
1351 5144 1378 5172 ‹‹
1418 5122 1657 5194 Vigilate
1702 5130 1758 5178 et
1800 5127 1953 5179 orate
2002 5129 2058 5180 et

2154 1185 2377 1255 fratres,
2407 1186 2641 1241 avertite
2672 1189 2728 1240 et
2768 1187 2960 1240 cavete
2995 1186 3064 1240 ab
3109 1185 3375 1240 omnibus
3400 1185 3500 1257 qui
3545 1185 3796 1241 alteram

2154 1277 2324 1334 ﬁdem
2349 1283 2406 1334 et
2422 1279 2737 1335 doctrinam
2756 1284 2955 1335 tenent
2982 1295 3154 1350 quam
3175 1279 3415 1351 apostoli
3437 1282 3495 1335 et
3514 1296 3799 1334 successo-

2154 1388 2243 1428 res
2263 1389 2464 1428 eorum
2503 1376 2811 1429 tenuerunt
2843 1377 2898 1428 et
2933 1373 3273 1440 docuerunt,
3305 1390 3400 1442 ne,
3433 1373 3586 1444 quod
3624 1373 3796 1440 absit,

2154 1469 2281 1538 post
2316 1483 2450 1522 eum
2497 1467 2788 1536 abeuntes,
2832 1466 2892 1522 in
2935 1467 3200 1539 laqueum
3245 1471 3454 1522 satana
3496 1466 3708 1522 cadatis
3739 1470 3803 1522 et

2154 1561 2524 1632 compedibus
2553 1561 2674 1632 ejus
2714 1561 3046 1616 teneamini.
3089 1561 3249 1616 Unde
3284 1560 3656 1616 fraternitatis
3697 1577 3798 1616 ve-

2156 1659 2288 1708 stra
2336 1654 2667 1710 charitatem
2718 1654 2934 1710 intimis
2993 1655 3351 1710 obsecramus
3392 1653 3675 1726 precibus,
3731 1659 3803 1709 ut

2156 1749 2364 1801 nostra
2442 1747 2730 1819 parvitatis
2798 1748 2858 1802 in
2934 1747 3132 1804 vestris
3205 1746 3379 1802 sacris
3445 1747 3802 1802 orationibus

2156 1855 2439 1896 memores
2482 1856 2603 1896 esse
2645 1841 2987 1912 dignemini,
3039 1844 3266 1896 orantes
3317 1845 3375 1896 et
3421 1841 3798 1912 deprecantes

2155 1934 2463 1988 Dominum
2505 1934 2650 2002 cali,
2702 1939 2767 1990 ut
2821 1939 2938 1990 tam
2991 1951 3094 1990 nos
3141 1951 3317 2006 quam
3367 1939 3560 1990 sancta
3607 1938 3802 1990 mater

2155 2027 2400 2082 Ecclesia
2427 2027 2634 2084 Christi
2681 2027 2933 2099 pretioso
2975 2028 3254 2101 sanguine
3285 2028 3597 2101 redempta,
3645 2045 3680 2082 a
3710 2030 3799 2083 la-

2155 2121 2316 2192 queis
2357 2122 2614 2177 venantis
2674 2125 2888 2178 satana
2927 2126 2984 2177 et
3022 2122 3092 2177 ab
3137 2122 3583 2193 importunisat
3631 2123 3803 2178 malis

2155 2215 2482 2270 hominibus
2509 2215 2842 2287 liberemur,
2875 2219 2932 2272 et
2962 2232 3149 2271 sermo
3183 2215 3278 2271 Dei
3305 2218 3494 2271 currat
3521 2219 3578 2271 et
3597 2216 3804 2271 clariﬁ-

2155 2313 2336 2376 cetur,
2366 2311 2422 2364 et
2446 2326 2618 2380 prava
2655 2325 2856 2365 eorum
2896 2315 2953 2365 et
2985 2309 3238 2364 omnium
3287 2325 3554 2381 perversa
3582 2310 3799 2365 docen-

2155 2403 2302 2457 tium
2355 2407 2579 2458 corruat
2639 2403 2895 2458 doctrina
2959 2408 3127 2475 atque
3196 2402 3440 2458 deﬁciat.
3490 2405 3803 2459 Precamur

2157 2497 2327 2552 etiam
2384 2501 2446 2552 ut
2492 2497 2712 2568 pietatis
2760 2499 2960 2553 vestra
3011 2496 3274 2569 precibus
3325 2497 3631 2568 impetrare
3676 2502 3798 2553 stu-

2155 2590 2377 2658 deatis,
2421 2596 2486 2646 ut
2540 2592 2686 2647 Deus
2732 2594 2790 2646 et
2835 2592 3110 2646 Dominus
3168 2595 3358 2646 noster
3417 2592 3573 2646 Jesus
3626 2592 3798 2648 Chri-

2155 2689 2272 2739 stus
2321 2683 2446 2758 35
2492 2686 2592 2757 qui
2637 2686 2757 2740 vult
2800 2701 2999 2740 omnes
3046 2685 3309 2740 homines
3348 2686 3526 2739 salvos
3569 2684 3692 2740 ﬁeri
3739 2690 3801 2741 et

2157 2779 2446 2834 neminem
2501 2777 2687 2850 perire
2727 2796 2828 2834 sua
2874 2779 3094 2851 ingenti
3138 2778 3552 2850 omnipotentia
3598 2795 3797 2834 rever-

2155 2872 2200 2928 ti
2225 2872 2394 2927 faciat
2437 2873 2608 2928 corda
2649 2889 2848 2928 eorum
2888 2873 2962 2927 ad
3006 2889 3205 2928 sanam
3251 2872 3570 2928 doctrinam
3609 2876 3666 2928 et
3705 2890 3797 2928 ca-

2154 2965 2418 3021 tholicam
2469 2966 2667 3035 ﬁdem,
2735 2970 3020 3038 quatenus
3091 2966 3424 3039 resipiscant
3492 2983 3525 3020 a
3591 2965 3802 3021 diaboli

2155 3059 2370 3130 laqueis
2397 3059 2602 3130 quibus
2638 3061 2787 3132 capti
2836 3064 3122 3129 tenentur,
3153 3063 3212 3114 et
3254 3063 3644 3131 aggregentur
3667 3059 3803 3114 ﬁliis

2156 3152 2361 3207 matris
2409 3153 2697 3221 Ecclesia;
2761 3154 3192 3208 reminiscentes
3259 3168 3488 3224 quoque
3551 3153 3801 3208 fratrum

2153 3249 2494 3312 vestrorum,
2525 3247 2876 3301 miseremini
2915 3247 3139 3301 illorum
3171 3246 3377 3319 quibus
3421 3246 3653 3317 potestis
3693 3247 3798 3300 bo-

2154 3340 2242 3394 nis
2279 3339 2476 3394 studiis
2519 3340 2718 3394 vestris
2769 3357 2842 3394 ne
2888 3340 3223 3411 perdantur,
3279 3341 3376 3394 sed
3421 3345 3479 3394 et
3535 3341 3801 3410 precibus

2155 3441 2212 3487 et
2256 3432 2377 3486 aliis
2413 3433 2680 3488 bonitatis
2708 3439 2907 3488 vestra
2955 3434 3151 3488 studiis
3195 3433 3434 3488 Domino
3480 3433 3793 3488 salveutur.

2156 3529 2236 3581 Ita
2281 3543 2418 3597 ergo
2462 3526 2521 3582 in
2565 3527 2652 3582 his
2689 3527 2872 3599 agite,
2911 3531 2971 3581 ut
3001 3527 3333 3582 obedientes
3372 3526 3474 3581 ﬁlii
3514 3531 3569 3582 et
3599 3527 3800 3582 fideles

2156 3623 2366 3676 sancta
2417 3620 2513 3676 Dei
2571 3620 2832 3676 Ecclesia
2878 3621 3219 3693 appareatis,
3290 3625 3346 3676 et
3404 3623 3470 3675 ut
3515 3621 3799 3676 mercedis

2154 3714 2395 3785 pramia
2419 3715 2768 3786 percipiatis.

2229 3807 2294 3862 Hi
2337 3811 2395 3862 et
2436 3825 2636 3863 omnes
2674 3807 2773 3878 qui
2822 3812 3034 3864 rectam
3069 3824 3187 3863 non
3225 3808 3432 3864 docent
3471 3808 3795 3864 doctrinam

2157 3901 2243 3955 vel
2299 3905 2515 3956 rectam
2564 3917 2677 3955 non
2721 3905 2919 3957 tenent
2963 3900 3169 3970 ﬁdem,
3214 3906 3566 3957 accusatores
3606 3903 3795 3957 nemi-

2152 4011 2286 4049 nem
2328 3999 2478 4049 recte
2527 3995 2886 4050 credentium
2931 4012 3193 4051 accusare
3220 3999 3475 4067 possunt,
3523 3995 3656 4067 quia
3701 3996 3792 4050 in-

2155 4087 2330 4143 famia
2355 4091 2488 4142 sunt
2510 4087 2710 4158 notati,
2742 4093 2798 4144 et
2821 4107 2853 4143 a
2883 4089 3011 4144 sinu
3051 4092 3262 4144 sancta
3302 4089 3504 4145 matris
3530 4089 3795 4145 Ecclesia

2157 4181 2464 4254 apostolico
2507 4198 2784 4237 mucrone
2828 4199 3006 4255 usque
3052 4183 3122 4238 ad
3163 4185 3376 4237 rectam
3423 4184 3798 4239 conversatio-

2155 4293 2290 4331 nem
2320 4280 2376 4331 et
2403 4276 2791 4331 reversionem
2821 4293 3018 4332 eorum
3039 4276 3269 4344 abscisi;
3302 4276 3458 4331 unde
3485 4277 3798 4348 apostolica

2157 4369 2494 4426 auctoritate
2525 4387 2653 4425 cum
2684 4369 2950 4426 omnibus
2996 4369 3230 4442 ejudem
3269 4370 3592 4442 apostolica
3619 4374 3797 4443 atque

2154 4463 2488 4518 universalis
2531 4463 2794 4518 Ecclesia
2843 4462 2971 4518 ﬁliis
3012 4467 3328 4519 statuentes
3375 4464 3681 4534 sancimus,
3733 4472 3797 4521 ut

2155 4572 2355 4612 omnes
2387 4555 2484 4627 qui
2515 4557 2576 4611 in
2601 4556 2877 4612 catholica
2905 4556 3016 4611 ﬁde
3047 4557 3290 4629 suspecti
3317 4560 3452 4612 sunt
3476 4557 3532 4612 in
3561 4575 3794 4614 accusa-

2154 4649 2306 4706 tione
2336 4654 2487 4705 rccte
2513 4650 2866 4706 credentium
2891 4667 3006 4705 non
3028 4651 3428 4722 suscipiantur,
3458 4652 3591 4724 quia
3612 4653 3796 4725 suspi-

2156 4744 2343 4800 ciones
2364 4760 2591 4816 semper
2615 4749 2746 4800 sunt
2787 4745 3138 4800 amovenda.
3177 4746 3374 4800 Merito
3419 4762 3555 4818 ergo
3589 4763 3792 4801 eorum

2156 4837 2498 4910 reprobatur
2520 4838 2822 4905 accusatio,
2852 4839 2949 4910 qui
2975 4839 3036 4894 in
3057 4842 3210 4894 recta
3234 4838 3346 4894 ﬁde
3372 4839 3615 4912 suspecti
3637 4846 3791 4906 sunt,

2155 4949 2261 4988 nec
2289 4931 2368 4986 eis
2393 4933 2626 4987 omnino
2655 4937 2740 4987 est
2779 4932 3128 4988 credendum
3165 4931 3263 5005 qui
3296 4932 3584 4988 Trinitatis
3618 4933 3795 4989 ﬁdem

2155 5025 2422 5097 ignorant
2485 5025 2756 5081 Similiter
2795 5042 2994 5080 omnes
3019 5043 3158 5099 quos
3192 5030 3520 5082 sanctorum
3557 5028 3794 5082 Patrum

2158 5118 2365 5174 statuta
2389 5123 2507 5173 tam
2536 5118 2837 5190 prateritis
2857 5135 3029 5190 quam
3056 5119 3262 5175 futuris
3281 5119 3634 5192 temporibus
3657 5137 3797 5176 ana-

413 5219 556 5270 state
583 5215 643 5270 in
683 5215 817 5281 ﬁde,
860 5215 1100 5270 viriliter
1137 5215 1287 5287 agite
1331 5221 1386 5272 et
1416 5216 1836 5288 confortamini,
1865 5215 2135 5287 omniaD
2159 5213 2530 5268 thematizant
2571 5212 2998 5281 submovemus,
3028 5217 3085 5268 et
3123 5213 3192 5268 ab
3238 5213 3394 5269 omni
3433 5214 3793 5269 accusatione

411 5312 602 5364 vestra
626 5308 686 5364 in
715 5309 993 5365 charitate
1023 5310 1162 5365 ﬁant
1191 5311 1233 5378 (1
1256 5310 1376 5366 Cor.
1410 5327 1521 5377 XVI,
1555 5315 1640 5378 I3,
1674 5311 1779 5382 14).
1814 5332 1840 5361 ››

481 5407 721 5477 Insuper
745 5409 802 5458 et
840 5403 983 5458 illud
1024 5420 1120 5458 vos
1147 5405 1289 5460 scire
1328 5404 1738 5470 desideramus,
1780 5404 1913 5476 quia
1949 5421 2055 5459 no-

411 5497 541 5551 stris
597 5497 957 5569 temporibus
1011 5497 1492 5570 prapedientibus
1557 5497 1791 5569 quidem
1849 5497 2057 5552 nostris

409 5591 671 5660 peccatis,
698 5591 973 5647 suadente
993 5591 1227 5663 antiquo
1249 5591 1411 5645 hoste
1431 5591 1526 5662 qui
1553 5607 1798 5662 semper,
1825 5610 1851 5640 α
1888 5595 1950 5644 ut
1968 5591 2056 5646 leo

413 5681 668 5752 rugiens,
690 5684 889 5740 circuit
916 5700 1180 5756 quarens
1207 5700 1375 5754 quem
1400 5684 1646 5738 devoret.
1669 5705 1696 5733 »
1715 5685 2058 5756 Supervenit

415 5773 661 5826 Novatus
690 5791 759 5828 ex
799 5777 1003 5846 Africa,
1052 5782 1109 5832 et
1140 5775 1420 5848 separavit
1445 5776 1516 5830 de
1555 5777 1804 5832 Ecclesia
1847 5777 2055 5833 Christi

416 5863 790 5920 Novatianum
829 5873 884 5923 et
929 5869 1208 5939 quosdam
1259 5869 1395 5924 alios
1437 5869 1643 5926 Christi
1685 5873 2051 5942 confessores,

2159 5306 2416 5361 ﬁdelium
2463 5306 2796 5361 alienamus.
2844 5306 3073 5362 Discreti
3121 5324 3259 5380 ergo
3313 5324 3540 5380 semper
3581 5307 3798 5364 debent

2159 5417 2278 5456 esse
2303 5400 2498 5455 fideles
2535 5401 2606 5454 ab
2641 5399 2987 5468 inﬁdelibus,
3030 5405 3085 5456 et
3103 5401 3244 5472 justi
3274 5401 3343 5456 ab
3379 5402 3622 5472 injustis,
3654 5418 3801 5473 quo-

2157 5495 2310 5549 niam
2354 5493 2610 5548 inﬁdeles
2649 5499 2704 5549 et
2751 5494 3001 5550 malivoli
3067 5495 3250 5550 modis
3299 5495 3503 5568 quibus
3557 5501 3798 5567 possunt

2157 5605 2385 5660 semper
2408 5588 2681 5642 infestant
2708 5586 2902 5644 ﬁdeles
2929 5592 2984 5643 et
3009 5589 3247 5660 perdere
3273 5589 3554 5659 nituntur,
3579 5594 3635 5643 et
3661 5589 3795 5645 ideo

2153 5698 2273 5738 non
2301 5685 2434 5738 sunt
2464 5682 2831 5754 suscipiendi,
2866 5683 2962 5738 sed
2986 5682 3302 5755 repellendi
3345 5686 3402 5737 et
3427 5683 3622 5755 procul
3646 5682 3798 5754 abji-

2153 5775 2359 5842 ciendi,
2411 5792 2484 5831 ne
2534 5776 2770 5848 perdere
2824 5776 3020 5832 ﬁdeles
3073 5780 3174 5832 aut
3221 5777 3495 5833 infamare
3548 5776 3798 5847 possint.

2155 5870 2530 5942 Quapropter,
2579 5869 2922 5939 charissimi,
2979 5875 3167 5926 cavete
3219 5871 3418 5927 talium
3470 5871 3690 5928 foveam
3733 5871 3797 5927 in
