4026 6166
237 273 332 326 153

1473 261 1946 323 DECRETALIUM
1985 265 2371 322 COLLECTIO.

3505 271 3607 327 154

231 393 402 449 quam
441 375 654 430 multos
681 373 956 430 cecidisse
992 374 1394 445 cognovimus;
1437 379 1628 431 cavete
1672 375 1874 430 talium
1896 387 1955 459 Α
1977 390 2114 429 nare
2133 375 2233 429 Dei
2255 374 2560 429 Ecclesiam
2575 373 2789 442 volunt,
2821 378 2879 429 et
2910 389 3042 429 cum
3063 389 3297 448 corpore
3317 375 3606 432 vobiscum

224 471 412 542 jacnla
438 475 495 526 et
524 469 750 541 antiqui
788 468 964 524 hostis
996 471 1374 537 tentamenta,
1407 486 1510 542 per
1537 486 1665 541 quae
1697 469 1872 524 etiam

230 564 489 636 proprios
517 564 868 635 propinquos
897 579 1093 617 coram
1123 564 1286 618 nobis
1320 563 1646 618 vulneratos
1671 563 1872 617 cadere

229 659 494 713 vidimus.
519 657 808 712 Attenditc
837 657 1072 728 laqueos
1108 657 1507 712 insidiantium
1535 656 1737 728 quibus
1768 672 1871 710 no-

230 756 313 806 tos
339 757 397 806 et
427 750 846 806 commilitones
881 751 1240 821 strangulare
1272 751 1488 816 solent;
1531 749 1705 804 nolite
1735 749 1874 804 tales

231 846 412 917 sequi,
450 844 553 900 sed
583 844 784 915 procul
826 843 1085 915 repellite
1123 860 1238 898 eos.
1275 846 1485 912 Estote,
1521 843 1688 913 juxta
1715 842 1871 897 Veri-

229 939 358 994 tatis
388 954 612 1005 vocem,
641 937 952 1008 prudentes
983 941 1044 991 ut
1075 927 1384 1008 serpentes,
1419 941 1475 990 et
1501 935 1785 1007 simplices
1812 940 1876 990 ut

229 1032 540 1087 columbae.
571 1030 772 1084 Videte
804 1048 874 1084 ne
902 1030 962 1085 in
990 1047 1230 1085 vacuum
1253 1046 1479 1102 quoque
1507 1029 1750 1084 curratis
1777 1031 1876 1084 aut

229 1125 528 1192 laboretis,
548 1123 646 1178 sed
666 1125 1005 1178 alterutrum
1018 1123 1146 1178 fulti
1170 1123 1434 1194 precibus
1454 1127 1511 1177 et
1527 1122 1875 1177 orationibus

232 1219 588 1272 voluntatem
609 1217 710 1272 Dei
741 1217 924 1273 facere
947 1217 1290 1283 contendite,
1313 1222 1368 1272 et
1385 1234 1418 1270 a
1443 1216 1796 1284 memoratis,
1828 1215 1876 1269 si

231 1311 654 1382 incorrigibiles
679 1311 1069 1383 apparuerint,
1093 1327 1190 1365 vos
1214 1311 1274 1365 in
1303 1311 1572 1365 omnibus
1598 1312 1874 1380 separate.

231 1405 506 1461 Similiter
519 1408 577 1458 et
591 1404 661 1458 ab
685 1403 951 1459 omnibus
971 1421 1112 1476 quos
1132 1405 1432 1475 Apostolus
1457 1405 1879 1458 commemorat

233 1500 455 1569 dicens,
483 1515 615 1552 cum
642 1498 722 1552 eis
747 1514 853 1552 nec
887 1498 1079 1553 cibum
1105 1514 1353 1566 sumere,
1382 1497 1518 1568 quia
1548 1500 1605 1551 et
1629 1496 1709 1551 illi
1735 1495 1880 1552 sicut

234 1600 288 1647 et
321 1593 419 1646 isti
448 1597 584 1647 sunt
608 1591 928 1663 repellendi
967 1596 1023 1647 et
1051 1597 1181 1672 ante
1222 1591 1660 1646 satisfactionem
1689 1590 1875 1646 Eccle-

1975 485 2095 523 esse
2121 468 2379 524 videatur
2406 472 2597 523 mente
2627 473 2682 522 et
2705 468 2902 523 animo
2929 472 3130 523 contra
3159 486 3255 523 vos
3292 473 3396 537 est,
3435 474 3494 525 et
3523 476 3609 527 est

1973 563 2155 616 multo
2181 562 2423 632 nequior
2451 562 2627 616 hostis
2655 561 2754 636 hic,
2772 578 2945 633 quam
2970 561 3051 616 illi
3081 563 3179 634 qui
3209 563 3345 618 foris
3368 569 3520 632 sunt,
3551 570 3611 620 et

1975 655 2271 710 evidenter
2303 654 2533 720 inimici
2565 660 2726 723 sunt;
2773 655 2867 709 hic
2898 655 3051 710 enim
3092 672 3196 727 per
3224 656 3607 712 amicitiarum

1974 748 2219 821 speciem
2251 765 2377 820 qua
2417 753 2550 804 sunt
2589 747 2822 803 inimica
2852 748 3018 820 gerit,
3067 753 3125 805 et
3168 749 3458 806 ecclesiam
3486 750 3602 806 dis-

1973 841 2162 913 pergit
2187 858 2253 896 ac
2278 844 2476 897 vastat.

2044 934 2291 1006 Ideoque
2315 977 2329 1002 ,
2385 933 2702 989 charissimi
2728 976 2742 1004 ,
2796 934 2885 989 his
2955 935 3270 1006 apostolicis
3333 937 3606 995 institutis

1973 1042 2070 1081 vos
2099 1033 2402 1083 monentes
2431 1028 2788 1096 instruimus,
2817 1032 2880 1083 ut
2904 1028 3103 1084 effecta
3126 1029 3333 1084 certior
3361 1031 3608 1088 charitas

1976 1125 2160 1176 vestra
2175 1121 2466 1176 sollicitius
2479 1122 2746 1193 deinceps
2767 1137 2936 1194 agere
2962 1123 3187 1177 studeat
3203 1127 3261 1178 et
3279 1124 3516 1193 cautius,
3535 1143 3609 1182 ne

1976 1215 2224 1286 perversi
2255 1221 2312 1270 et
2337 1215 2590 1271 infideles
2615 1216 2880 1270 homines
2910 1215 3154 1271 laedendi
3178 1216 3378 1272 fideles
3412 1234 3478 1272 ac
3506 1219 3608 1276 be-

1977 1309 2206 1362 nevolos
2236 1308 2488 1363 habeant
2508 1309 2852 1378 facultatem,
2883 1310 3155 1381 quoniam
3176 1326 3303 1382 spes
3329 1311 3526 1368 talium
3556 1318 3612 1369 et

1979 1401 2242 1457 omnium
2265 1402 2574 1474 impiorum
2600 1407 2874 1475 tanquam
2899 1403 3114 1474 lanugo
3136 1407 3222 1458 est
3241 1420 3370 1476 quae
3393 1422 3426 1459 a
3446 1411 3615 1463 vento

1977 1495 2216 1565 tollitur,
2248 1500 2306 1550 et
2329 1499 2606 1567 tanquam
2635 1513 2840 1568 spuma
2877 1497 3101 1568 gracilis
3141 1513 3269 1569 quae
3306 1515 3339 1552 a
3363 1499 3615 1570 procella

1980 1589 2348 1662 dispergitur,
2379 1595 2432 1645 et
2458 1595 2734 1662 tanquam
2759 1591 2955 1645 fumus
2979 1591 3079 1663 qui
3110 1607 3143 1645 a
3179 1595 3350 1647 vento
3377 1593 3614 1649 diffusus

230 1687 326 1741 sia}
357 1703 477 1741 non
505 1689 638 1740 sunt
667 1685 1030 1757 suscipiendi,
1074 1685 1346 1756 quoniam
1393 1684 1472 1738 illi
1513 1701 1646 1738 cum
1675 1685 1878 1756 quibus
1979 1687 2082 1750 est,
2114 1687 2170 1738 et
2216 1689 2488 1754 tanquam
2533 1685 2810 1739 memoria
2859 1685 3098 1756 hospitis
3127 1685 3298 1741 unius
3337 1686 3449 1742 diei
3472 1704 3618 1759 pree-

232 1781 430 1834 cibum
461 1796 691 1835 sumere
716 1796 831 1834 non
861 1780 1015 1847 licet,
1044 1779 1349 1834 manifeste
1380 1781 1658 1849 apparent
1683 1794 1878 1850 seque-
1898 1761 1954 1833 Β
1977 1777 2278 1832 tereuntis.
2336 1776 2740 1848 Summopore,
2794 1778 3142 1847 charissimi,
3194 1780 3333 1834 tales
3379 1781 3616 1838 cavendi

230 1874 391 1929 strati
424 1890 608 1944 usque
638 1873 710 1927 ad
737 1872 1184 1929 satisfactionem
1226 1889 1260 1926 a
1293 1872 1533 1944 reliquis
1574 1872 1876 1939 fratribus;

234 1967 618 2040 quamobrem
653 1984 770 2023 non
809 1967 1018 2022 debent
1055 1983 1158 2022 nec
1197 1971 1437 2038 possunt
1477 1966 1537 2020 in
1568 1965 1878 2020 accusatio-

237 2079 372 2118 nem
398 2061 652 2116 ﬁdelium
678 2061 906 2133 suscipi,
937 2060 1037 2117 sed
1066 2060 1243 2115 etiam
1275 2060 1346 2114 ab
1372 2075 1568 2116 eorum
1597 2059 1879 2114 consortio

244 2172 426 2226 usque
449 2155 514 2210 ad
537 2155 664 2226 jam
705 2155 914 2209 dictam
952 2153 1397 2208 satisfactionem
1438 2153 1660 2225 repelli,
1705 2169 1778 2206 ne
1805 2151 1877 2206 si-

237 2249 408 2303 miles
436 2249 514 2304 eis
542 2249 882 2318 efﬁciantur,
915 2252 1012 2303 aut
1054 2264 1257 2302 eorum
1303 2246 1882 2302 excommunicationi

235 2343 591 2414 subjaceant,
620 2342 890 2414 quoniam
902 2342 982 2396 sic
1001 2342 1238 2414 apostoli
1262 2344 1587 2396 statuerunt
1599 2341 1848 2396 dicentes
1864 2357 1877 2396 :

234 2438 377 2492 Cum
407 2436 911 2491 excommunicatis
927 2453 1042 2491 non
1066 2441 1148 2491 est
1173 2435 1737 2505 communicandum,
1757 2439 1814 2490 et
1834 2434 1879 2488 si

235 2531 362 2602 quis
383 2548 520 2585 cum
542 2530 1040 2586 excommunicatis
1062 2530 1369 2586 avertendo
1396 2530 1622 2601 regulas
1639 2529 1885 2584 scienter

233 2625 446 2697 psallat
471 2625 536 2679 in
560 2625 747 2691 domo,
775 2628 874 2680 aut
895 2625 1064 2679 simul
1085 2626 1308 2679 locutus
1335 2625 1531 2694 fuerit,
1561 2626 1661 2678 aut
1687 2639 1882 2678 orave-

234 2719 332 2787 rit,
361 2719 459 2773 ille
477 2719 882 2774 communione
902 2717 1178 2790 privetur.
1196 2719 1356 2773 Tales
1379 2734 1516 2790 ergo
1538 2717 1597 2772 in
1619 2717 1885 2772 omnibus

235 2818 372 2867 sunt
403 2812 649 2867 cavendi
678 2816 736 2867 et
765 2829 878 2866 non
911 2811 1276 2883 suscipiendi,
1306 2812 1442 2884 quia
1459 2811 1626 2883 juxta
1652 2814 1885 2882 Aposto-

233 2907 357 2961 lum
384 2923 505 2960 non
537 2906 723 2961 solum
747 2907 847 2978 qui
872 2906 1093 2961 faciunt
1118 2906 1480 2974 damnantur,
1506 2905 1603 2960 sed
1629 2905 1726 2977 qui
1757 2921 1886 2959 con-

237 3001 498 3055 sentiunt
541 3000 899 3055 facientibus.
946 3001 1106 3055 Unde
1152 3003 1209 3054 et
1251 3000 1456 3054 beatus
1501 2999 1882 3070 apostolorum

236 3095 510 3166 princeps
542 3095 758 3163 Petrus,
786 3094 846 3149 in
876 3094 1233 3150 ordinatione
1254 3092 1565 3148 Clementis
1591 3093 1886 3165 alloquens

235 3188 544 3260 populum,
568 3187 718 3242 inter
755 3191 962 3242 caetera
994 3187 1076 3242 ait
1103 3204 1115 3242 :
1142 3187 1199 3243 Si
1222 3186 1484 3242 inimicus
1518 3191 1601 3242 est
1624 3185 1730 3242 iste
1761 3187 1886 3242 Cle-

237 3298 407 3336 mens
439 3281 611 3336 alicui
638 3298 741 3352 pro
779 3281 996 3337 actibus
1034 3281 1170 3349 suis,
1204 3298 1299 3336 vos
1337 3281 1512 3336 nolite
1539 3283 1886 3352 exspectare,

239 3380 301 3429 ut
325 3376 455 3447 ipse
482 3375 650 3429 vobis
680 3374 848 3443 dicat,
892 3392 1022 3431 cum
1062 3375 1160 3430 illo
1205 3375 1379 3430 nolite
1421 3373 1592 3430 amici
1622 3391 1762 3441 esse,
1792 3373 1890 3430 sed

238 3469 568 3542 prudenter
592 3469 888 3528 observare
915 3470 1158 3541 debetis,
1178 3474 1235 3526 et
1251 3469 1532 3524 voluntati
1546 3469 1666 3540 ejus
1678 3468 1892 3541 absque

240 3563 781 3618 communicatione
810 3563 1196 3619 obsecundare
1227 3569 1284 3618 et
1312 3567 1562 3618 avertere
1591 3579 1688 3617 vos
1722 3562 1793 3616 ab
1823 3577 1890 3618 eo

240 3658 330 3712 cui
355 3658 552 3730 ipsum
576 3657 798 3712 sentitis
819 3657 1136 3726 adversum,
1161 3657 1259 3712 sed
1271 3673 1381 3713 nec
1398 3657 1558 3729 loqui
1577 3656 1666 3711 his
1685 3656 1893 3728 quibus

241 3752 365 3824 ipse
398 3768 522 3806 non
551 3751 820 3824 loquitur,
861 3757 924 3807 ut
955 3752 1343 3824 unusquisque
1381 3752 1481 3824 qui
1507 3751 1566 3806 in
1592 3751 1757 3822 culpa
1787 3753 1891 3821 est,

247 3845 390 3900 dum
420 3845 582 3918 cupit
609 3845 868 3901 omnium
884 3850 1134 3902 vestrum
1162 3846 1439 3902 amicitias
1467 3845 1638 3917 ferre,
1668 3845 1898 3900 festinet

245 3939 414 3994 citius
438 3939 797 3994 reconciliari
829 3939 880 3994 ei
904 3940 1005 4012 qui
1027 3939 1294 3995 omnibus
1319 3942 1546 4011 praeest,
1585 3945 1642 3995 et
1665 3956 1768 4011 per
1787 3939 1897 3994 hoc

247 4033 454 4088 redeat
475 4033 552 4087 ad
572 4034 813 4088 salutem
838 4050 969 4088 cum
990 4033 1221 4090 obedire
1241 4035 1477 4106 coeperit
1503 4033 1737 4089 monitis
1755 4049 1899 4106 prte-

247 4126 512 4182 sidentis.
545 4127 604 4182 Si
630 4143 761 4182 vero
803 4128 928 4198 quis
961 4127 1179 4183 amicus
1217 4127 1388 4184 fuerit
1416 4128 1505 4182 his
1542 4127 1749 4200 quibus
1777 4127 1898 4199 ipse

249 4237 371 4276 non
399 4221 678 4295 loquitur,
713 4238 859 4278 unus
886 4226 971 4278 est
998 4227 1057 4279 et
1083 4223 1204 4295 ipse
1242 4239 1313 4278 ex
1346 4222 1455 4277 illis
1497 4222 1596 4294 qui
1626 4221 1895 4280 extermi-

1906 3138 1962 3213 C

1981 1874 2115 1924 sunt
2140 1875 2196 1925 et
2223 1870 2515 1925 avertendi
2543 1873 2715 1941 atque
2743 1870 3034 1942 rejiciendi
3069 1872 3118 1926 si
3145 1877 3414 1929 nocentes
3443 1891 3615 1946 appa-

1980 1963 2220 2034 ruerint,
2253 1964 2387 2034 quia
2409 1981 2528 2018 non
2550 1964 2736 2018 solum
2764 1965 3176 2035 ecclesiasticas,
3200 1966 3300 2021 sed
3319 1966 3494 2022 etiam
3514 1985 3614 2024 sas-

1981 2056 2091 2111 culi
2122 2058 2296 2128 leges,
2322 2056 2368 2111 si
2390 2063 2675 2126 nocentes,
2699 2074 2814 2114 non
2833 2058 3170 2136 suscipiunt,
3187 2060 3286 2114 sed
3308 2061 3615 2132 repellunt.

1981 2150 2140 2204 Unde
2171 2150 2446 2221 scriptum
2485 2153 2590 2220 est,
2630 2167 2692 2205 os
2734 2150 3048 2223 impiorum
3073 2152 3304 2208 devorat
3339 2154 3614 2226 iniquita-

1981 2247 2118 2312 tem,
2147 2248 2202 2298 et
2239 2243 2512 2299 Dominus
2556 2261 2663 2315 per
2701 2245 3041 2316 prophetam
3082 2245 3334 2318 loquitur
3381 2247 3575 2304 dicens
3605 2267 3622 2306 :

1985 2356 2011 2386 «
2047 2336 2190 2391 Cum
2240 2341 2436 2392 sancto
2477 2342 2703 2393 sanctus
2749 2338 2879 2408 eris,
2918 2342 3132 2394 etcum
3173 2356 3439 2412 perverso
3483 2358 3617 2413 per-

1982 2430 2239 2498 verteris,
2267 2434 2324 2486 et
2355 2447 2486 2486 cum
2506 2432 2683 2487 electo
2709 2431 2922 2487 electus
2951 2432 3082 2503 eris,
3115 2437 3329 2489 etcum
3361 2434 3478 2490 viro
3509 2453 3618 2492 no-

1984 2523 2132 2579 centi
2166 2541 2377 2580 nocens
2403 2524 2513 2580 eris
2558 2526 2724 2596 (Psal.
2766 2542 2896 2594 xvn,
2929 2529 2998 2580 26
3029 2532 3080 2583 et
3115 2528 3246 2599 seq.)
3259 2546 3276 2599 ;
3323 2549 3352 2579 »
3397 2535 3454 2585 et
3475 2533 3622 2603 Apo-

1983 2618 2161 2672 stolus
2193 2617 2379 2688 inquit
2412 2636 2426 2672 ε
2466 2640 2493 2668 ι(
2519 2620 2919 2675 Perverterunt
2933 2620 3109 2675 bonos
3137 2637 3324 2677 mores
3344 2623 3618 2696 colloquia

1984 2711 2132 2766 mala
2175 2711 2224 2782 (Ι
2247 2713 2367 2770 Cor.
2395 2728 2484 2781 xv,
2514 2714 2622 2783 33).
2658 2731 2686 2764 ››
2733 2713 2969 2782 Idcirco,
3020 2718 3088 2770 ut
3126 2715 3484 2786 praslibatum
3513 2721 3617 2789 est,

1979 2805 2103 2876 jam
2131 2805 2268 2860 mali
2299 2809 2433 2860 sunt
2455 2821 2681 2878 semper
2705 2807 2960 2876 cavendi,
2988 2811 3046 2862 et
3058 2808 3221 2864 bonis
3247 2813 3418 2882 atque
3444 2809 3617 2868 bene-

1985 2899 2123 2954 volis
2153 2904 2236 2954 est
2272 2899 2691 2972 inhaerendum,
2736 2905 2794 2956 et
2826 2901 3143 2974 periculum
3174 2903 3404 2958 desidiae
3439 2921 3621 2978 quan-

1984 3001 2108 3052 tum
2135 3014 2434 3070 possumus
2469 2999 2838 3056 declinemus.
2883 3002 2951 3056 Et
2992 3018 3064 3056 ne
3090 3001 3264 3072 pestis
3296 3003 3418 3058 haec
3453 3004 3624 3061 latius

1987 3091 2332 3164 divulgetur,
2371 3093 2666 3149 severitate
2713 3111 2826 3165 qua
2865 3111 3163 3165 possumus
3201 3096 3622 3170 abscindamus,

1987 3185 2262 3257 quoniam
2279 3203 2392 3241 non
2405 3187 2690 3243 temeritas
2710 3188 3020 3243 intervenit
3037 3191 3501 3262 praesumptionis
3527 3191 3627 3249 ubi

1989 3282 2074 3334 est
2124 3278 2419 3351 diligentia
2469 3280 2716 3352 pietatis.
2767 3284 2915 3354 Agat
2964 3299 3195 3355 semper
3233 3287 3627 3360 unusquisque

1990 3377 2243 3429 vestrum
2292 3375 2400 3429 hac
2449 3374 2853 3432 informatione
2904 3378 3207 3448 apostolica
3251 3379 3427 3434 fultus
3454 3381 3625 3452 juxta

1990 3466 2137 3522 vires
2162 3484 2314 3538 suas,
2349 3473 2405 3524 et
2425 3469 2678 3525 fraterna
2705 3470 3007 3526 dilectione
3035 3474 3092 3526 et
3121 3475 3314 3527 sancta
3351 3474 3629 3546 religione

1990 3577 2178 3616 mores
2207 3562 2472 3633 proprios
2510 3579 2840 3619 conservare
2883 3568 2940 3619 et
2973 3564 3032 3620 in
3070 3581 3373 3622 commune
3412 3568 3628 3625 alteru-

1992 3658 2149 3709 trum
2180 3656 2445 3727 adjuvare
2473 3660 2532 3711 et
2554 3656 2615 3711 in
2651 3657 2928 3713 charitate
2964 3676 3326 3731 permanere,
3361 3665 3418 3718 et
3441 3663 3500 3718 in
3529 3664 3630 3720 Dei

1992 3749 2279 3804 voluntate
2312 3749 2702 3805 indesinenter
2742 3751 2968 3807 studeat
3010 3753 3309 3823 inhaerere,
3350 3761 3416 3811 ut
3460 3757 3634 3813 simul

1993 3842 2296 3898 laudantes
2341 3842 2644 3898 Dominum
2681 3843 2992 3900 indefessas
3038 3862 3264 3918 semper
3295 3847 3376 3902 illi
3415 3850 3631 3920 gratias

1994 3952 2253 4008 agamus.
2284 3938 2474 3993 Valete
2504 3937 2563 3992 in
2597 3937 2859 4010 Domino,
2888 3939 3224 4011 charissimi,
3253 3944 3311 3995 et
3334 3943 3626 4014 praedicta,

1995 4035 2060 4086 ut
2084 4030 2292 4086 melius
2317 4029 2574 4102 potestis,
2597 4031 2838 4087 Domino
2859 4048 3027 4104 Opem
3052 4033 3290 4103 ferente,
3315 4035 3632 4108 adimplere

1998 4125 2240 4181 studete.
2269 4125 2412 4180 Data
2463 4125 2660 4181 Kalen.
2689 4125 2844 4195 Julii,
2892 4127 3149 4183 Maximio
3188 4131 3247 4184 et
3287 4129 3532 4201 Aphrico
3563 4133 3630 4189 IV

1999 4219 2342 4276 consulibus.

803 4526 1260 4601 EPISTOLA
1313 4526 1603 4602 CUJUS
1657 4528 1966 4600 SUPRA
2016 4525 2148 4597 AD
2203 4523 2526 4598 OMNES
2579 4526 3108 4600 EPISCOPOS.

332 4698 607 4757 Fuimus
639 4701 936 4775 episcopus
964 4703 1118 4759 urbis
1151 4705 1346 4761 Romae
1390 4704 1654 4761 omnibus
1695 4705 1898 4760 Orien-
1919 4714 1980 4789 D
2004 4701 2252 4758 turbare.
2283 4701 2389 4757 Sed
2430 4702 2577 4756 sicut
2615 4702 2722 4758 hoc
2755 4704 2910 4775 quod
2944 4701 3180 4760 rationis
3222 4699 3485 4782 exigebat
3537 4715 3642 4771 uti-

257 4793 470 4849 talibus
517 4794 821 4868 episcopis,
850 4801 907 4853 et
935 4798 1152 4855 cunctis
1177 4799 1435 4854 fidelibus
1461 4799 1520 4854 in
1549 4799 1788 4854 Domino
1815 4815 1900 4853 sa-

258 4887 465 4943 lutem.

337 4981 530 5054 Exigit
581 4982 808 5040 dilectio
851 4990 1039 5042 vestra
1081 4986 1226 5042 sedis
1269 4986 1596 5059 apostolica:
1630 4984 1907 5054 consulta,

261 5092 396 5148 quae
421 5075 584 5131 vobis
627 5077 912 5151 denegare
949 5098 1064 5136 non
1100 5098 1422 5153 possumus,
1461 5098 1567 5136 nec
1611 5081 1906 5148 debemus,

263 5170 377 5224 hoc
404 5176 601 5226 autem
635 5176 693 5226 et
729 5173 1169 5244 praedecessores
1207 5179 1437 5231 nostros
1480 5175 1790 5230 multarum
1819 5190 1908 5229 re-

269 5265 517 5335 gionum
550 5265 832 5338 episcopis
858 5267 1041 5340 egisse
1066 5269 1264 5342 liquet,
1300 5273 1358 5326 et
1382 5287 1487 5326 nos
1515 5269 1614 5342 qui
1633 5270 1692 5324 in
1714 5268 1914 5324 eadem

268 5359 405 5414 sede
429 5359 671 5414 Domino
691 5360 976 5433 largiente
996 5363 1254 5419 collocati
1274 5381 1489 5434 sumus,
1510 5380 1683 5436 agere
1705 5363 1914 5418 debere

265 5451 527 5509 fraterna
554 5454 802 5510 charitas
833 5460 890 5510 et
925 5457 1264 5513 obedientiaa
1311 5459 1567 5514 debitum
1601 5456 1913 5530 compellit.

268 5547 420 5600 Cura
430 5554 515 5603 est
529 5565 669 5620 ergo
690 5555 889 5606 vestrae
910 5552 1276 5608 sollicitudini
1299 5553 1621 5610 adhibenda
1637 5558 1698 5608 ut
1711 5569 1778 5607 ea
1789 5567 1917 5623 quae

269 5646 409 5695 sunt
437 5642 508 5696 ab
534 5644 804 5715 apostolis
846 5661 1158 5720 eorumque
1190 5647 1602 5704 successoribus
1639 5645 1915 5716 ordinata,

274 5739 334 5789 et
368 5734 671 5810 instigante
716 5742 910 5796 sancto
948 5740 1162 5813 Spiritu
1201 5742 1478 5810 instituta,
1518 5759 1623 5798 nec
1661 5740 1920 5796 dissimu-

270 5828 418 5886 latio
459 5833 774 5908 negligere,
804 5851 908 5892 nec
938 5836 1121 5910 aliqua
1152 5839 1524 5912 praesumptio
1568 5837 1754 5893 valeat
1781 5850 1917 5908 per-

2001 4798 2132 4852 litas
2157 4796 2407 4868 oportuit
2452 4795 2712 4864 deﬁnire,
2751 4797 2833 4852 ita
2869 4799 3026 4870 quod
3055 4799 3360 4858 definitum
3407 4811 3494 4861 est
3520 4825 3637 4865 non

2007 4891 2175 4947 debet
2201 4890 2419 4945 violari.
2464 4891 2688 4945 Litteris
2726 4892 2926 4946 vestris
2962 4907 3096 4949 vero
3141 4895 3292 4952 inter
3318 4904 3523 4957 caetera
3548 4903 3639 4959 in-

2009 4990 2225 5041 sertum
2252 4984 2576 5040 invenimus
2603 4985 2881 5056 quosdam
2908 4987 3162 5064 regionis
3189 4996 3387 5048 vestra:
3419 4995 3640 5067 episco-

2010 5096 2111 5151 pos
2139 5097 2172 5134 a
2214 5081 2400 5135 vestro
2433 5082 2743 5152 nostroque
2790 5079 2989 5136 ordine
3037 5081 3377 5157 discrepare,
3427 5093 3486 5143 et
3528 5107 3644 5146 non

2010 5190 2114 5245 per
2161 5173 2414 5244 singulos
2439 5189 2617 5228 annos
2659 5173 2720 5228 in
2755 5190 2914 5229 ccena
2952 5175 3173 5232 Domini
3223 5179 3469 5236 chrisma
3514 5200 3650 5239 con-

2013 5268 2201 5335 ﬁcere,
2234 5267 2331 5322 sed
2359 5266 2500 5322 duos
2526 5272 2624 5323 aut
2648 5273 2762 5324 tres
2797 5285 2973 5324 annos
3010 5271 3422 5330 confectionem
3465 5277 3646 5332 sancti

2014 5360 2338 5417 chrismatis
2359 5360 2534 5415 semel
2563 5366 2749 5417 actam
2769 5379 3121 5419 conservare.
3153 5366 3357 5421 Dicunt
3381 5366 3554 5436 enim,
3581 5375 3651 5426 ut

2015 5456 2074 5510 in
2105 5455 2434 5510 memoratis
2458 5455 2711 5527 apicibus
2731 5457 3067 5528 reperimus,
3087 5475 3190 5513 nec
3211 5459 3521 5515 balsamum
3541 5479 3649 5535 per

2016 5550 2268 5622 singulos
2293 5565 2472 5604 annos
2497 5566 2659 5621 posse
2690 5551 2959 5622 reperire,
2999 5567 3102 5606 nec
3138 5569 3361 5608 necesse
3390 5555 3514 5610 fore
3543 5573 3650 5629 per

2017 5645 2269 5716 singulos
2294 5661 2471 5698 annos
2493 5644 2741 5699 chrisma
2761 5645 3060 5714 conficere,
3089 5645 3188 5699 sed
3217 5645 3356 5701 dum
3380 5664 3496 5704 una
3515 5668 3651 5709 con-

2017 5738 2186 5795 fectio
2211 5739 2530 5794 chrismatis
2573 5738 2841 5809 abundat,
2888 5738 3061 5793 aliam
3099 5739 3226 5794 fieri
3263 5757 3492 5801 necesse
3532 5763 3648 5805 non

2021 5833 2251 5890 habere.
2282 5835 2487 5890 Errant
2511 5832 2664 5887 enim
2699 5831 2798 5906 qui
2829 5832 2961 5894 talia
2999 5834 3342 5913 excogitant,
3373 5845 3430 5898 et
3452 5849 3648 5912 menta
