4026 6166
241 234 343 285 157

1480 226 1954 288 DECRETALIUM
1992 231 2378 287 COLLECTIO.

3514 230 3610 290 158

240 337 612 409 regularique
664 336 911 392 debeant
951 329 1355 393 moderamine
1413 339 1734 411 disponere,
1782 341 1878 412 qui
1899 356 1959 429 Α
1980 342 2129 408 sunt,
2158 356 2229 393 ne
2257 344 2480 411 repetas
2502 342 2646 410 (Luc.
2676 356 2749 409 v1,
2775 341 2882 409 30).
2904 362 2931 389 ››
2956 342 3097 396 Sunt
3117 344 3310 396 autem
3339 341 3608 413 quaedam

240 449 335 487 eos
360 431 421 485 in
456 431 835 486 sacerdotium
866 431 1150 498 ordinant,
1180 435 1238 485 et
1263 448 1295 484 a
1328 433 1536 504 quibus
1566 434 1689 505 jam
1723 435 1875 490 ordi—

236 527 356 580 nati
411 530 567 593 sunt,
615 525 915 597 quoniam,
962 528 1025 580 ut
1076 526 1163 579 lex
1222 527 1493 598 loquitur,
1543 529 1877 583 maledictus

237 620 419 673 omnis
467 625 554 675 est
598 621 697 691 qui
744 619 1018 674 transfert
1068 621 1346 675 terminos
1390 622 1633 692 proximi
1674 623 1790 691 sui;
1821 626 1879 678 et

241 714 383 767 dixit
407 713 599 767 omnis
621 713 869 784 populus
897 730 909 767 :
946 714 1154 768 Amen.
1184 715 1333 768 Deus
1363 731 1520 785 ergo,
1546 716 1769 785 fratres,
1805 716 1877 771 ad

238 807 338 860 hoc
376 806 791 877 praeordinavit
816 824 932 876 vos,
964 813 1029 862 ut
1059 824 1261 861 omnes
1288 809 1386 879 qui
1422 825 1646 863 summo
1685 826 1874 864 sacer-

239 900 388 954 dotio
426 900 773 971 funguntur,
808 904 871 954 ut
908 900 1213 972 injustitias
1255 904 1611 970 removeatis,
1642 908 1699 958 et
1725 920 1873 974 pree-

237 995 594 1066 sumptiones
610 994 972 1061 abscindatis,
993 997 1051 1048 et
1068 995 1127 1050 in
1148 996 1466 1051 sacerdotio
1488 996 1875 1051 laborantibus

236 1087 602 1157 succurratis,
634 1093 693 1141 et
742 1088 1064 1160 opprobriis
1107 1093 1162 1144 et
1213 1090 1630 1145 calamitatibus
1677 1107 1876 1146 eorum

233 1183 420 1236 locum
480 1199 597 1236 non
651 1182 970 1252 praebeatis,
1013 1184 1114 1237 sed
1162 1184 1215 1237 ei
1262 1184 1359 1255 qui
1411 1185 1759 1240 calumniam
1819 1189 1876 1240 et

234 1275 609 1347 opprobrium
645 1275 865 1346 patitur
891 1276 1242 1347 adjutorium
1290 1278 1516 1347 feratis;
1549 1279 1713 1333 illum
1741 1296 1873 1333 vero

233 1370 326 1440 qui
356 1369 709 1424 calumniam
737 1370 824 1423 vel
862 1369 1237 1441 opprobrium
1267 1370 1420 1439 facit,
1455 1372 1794 1427 abscindatis
1819 1377 1876 1428 et

230 1462 472 1518 Domino
500 1464 563 1517 in
592 1463 707 1518 suis
733 1464 1116 1519 sacerdotibus
1142 1480 1311 1536 opem
1334 1465 1548 1520 feratis.

295 1557 632 1612 Sacerdotes
658 1574 888 1630 quoque
920 1558 1193 1612 Dominus
1244 1559 1349 1613 sibi
1380 1559 1555 1631 elegit
1592 1563 1658 1614 ut
1698 1560 1871 1615 sacri-

230 1650 398 1705 ficent
447 1650 501 1705 ei
560 1656 617 1706 et
668 1651 916 1706 offerant
969 1651 1284 1707 oblationes
1341 1653 1620 1719 Domino;
1677 1654 1871 1709 levitas

1980 449 2107 504 quae
2136 433 2415 488 levissima
2442 438 2782 505 putarentur
2805 434 2914 489 nisi
2950 434 3008 489 in
3038 435 3340 506 Scripturis
3370 434 3606 490 demon-

1978 532 2295 582 strarentur
2326 528 2591 599 opinione
2633 529 2912 599 graviora.
2939 528 3074 592 Quis
3099 545 3355 600 unquam
3397 529 3611 585 dicenti

1975 619 2136 674 fratri
2162 638 2263 675 suo
2287 621 2442 675 fatue
2472 637 2633 677 reum
2662 621 2941 692 gehennae
2966 627 3192 693 putaret
3218 621 3326 677 nisi
3356 621 3484 695 ipsa
3513 624 3613 679 Ve-

1976 714 2114 769 ritas
2149 714 2409 770 diceret?

2048 808 2132 862 Illi
2173 825 2304 863 vero
2347 808 2450 879 qui
2493 808 2590 862 illa
2633 810 2861 878 peccata
2910 814 3239 880 perpetrant
3290 808 3359 864 de
3398 808 3606 880 quibus

1974 903 2274 972 Apostolus
2303 902 2398 968 ait,
2429 902 2705 973 quoniam
2732 902 2831 973 qui
2856 902 2984 956 talia
3013 907 3213 973 agunt,
3236 919 3483 974 regnum
3505 904 3605 959 Dei

1974 1011 2090 1050 non
2119 1002 2557 1067 consequentur,
2590 996 2753 1051 valde
2785 996 3023 1050 cavendi
3046 1000 3178 1051 sunt
3206 1001 3262 1051 et
3304 997 3379 1051 ad
3408 1013 3604 1054 emen-

1976 1088 2285 1157 dationem,
2302 1090 2347 1142 si
2364 1090 2682 1145 voluntarie
2720 1090 3028 1159 noluerint,
3047 1089 3448 1161 compellendi,
3471 1092 3609 1162 quia

1974 1182 2224 1237 infamia:
2255 1184 2490 1237 maculis
2516 1188 2649 1238 sunt
2675 1183 2907 1254 aspersi,
2932 1186 2990 1238 et
3006 1184 3066 1237 in
3093 1184 3425 1238 barathrum
3452 1184 3604 1239 dela-

1972 1276 2188 1331 buntur
2230 1276 2339 1331 nisi
2381 1277 2461 1331 eis
2506 1278 2839 1332 sacerdotali
2890 1277 3224 1331 auctoritate
3269 1278 3608 1333 subventum

1974 1370 2179 1435 fuerit;
2236 1370 2515 1439 similiter,
2566 1374 2624 1425 et
2664 1370 2747 1424 illi
2793 1370 2865 1426 de
2911 1371 3117 1442 quibus
3163 1370 3283 1442 ipse
3328 1371 3426 1441 ait,
3473 1388 3605 1427 cum

1972 1463 2296 1534 hujusmodi
2328 1460 2658 1519 hominibus
2676 1481 2780 1520 nec
2802 1464 2990 1519 cibum
3021 1481 3265 1534 sumere,
3294 1465 3430 1536 quia
3454 1465 3605 1520 infa-

1971 1557 2086 1611 mia
2121 1562 2251 1613 sunt
2295 1558 2493 1626 notati,
2535 1564 2842 1630 antequam
2894 1559 3223 1614 sacerdotali
3272 1559 3602 1614 auctoritate

1972 1656 2264 1718 sanentur,
2321 1658 2379 1707 et
2431 1652 2492 1706 in
2547 1653 2766 1724 gremio
2815 1659 3023 1709 sanctae
3087 1653 3288 1708 matris
3346 1653 3605 1708 Ecclesia:

230 1760 463 1815 quoque
506 1744 614 1798 sub
655 1744 735 1799 eis
776 1760 897 1798 esse
942 1744 1114 1816 jussit
1154 1745 1215 1800 in
1264 1745 1597 1801 ministeriis
1644 1738 1947 1818 eorum,B
1971 1744 2464 1816 redintegrentur;
2493 1746 2626 1817 quia
2654 1746 2753 1817 qui
2779 1751 2933 1801 extra
2973 1763 3079 1801 nos
3114 1751 3263 1814 sunt,
3307 1747 3605 1802 nobiscum

231 1837 380 1892 unde
407 1837 481 1892 ad
504 1840 737 1908 Moysen
766 1838 1019 1909 loquitur
1048 1838 1245 1893 dicens
1278 1856 1292 1893 :
1328 1860 1355 1889 ‹‹
1380 1840 1648 1911 Princeps
1674 1845 1868 1895 autem

227 1931 554 2002 principum
582 1931 886 1987 levitarum
911 1932 1139 1989 Eleazar
1165 1932 1318 1987 ﬁlius
1342 1937 1530 1989 Aaron
1559 1934 1867 1989 sacerdotis

229 2024 338 2079 erit
362 2041 537 2097 super
567 2025 927 2081 excubitores
963 2025 1210 2082 ecclesiae
1243 2027 1548 2082 sanctuarii
1577 2044 1591 2082 ε
1624 2048 1652 2079 ››
1684 2028 1752 2082 de
1777 2028 1866 2082 his

230 2119 390 2172 enim
418 2119 633 2174 locutus
666 2123 752 2174 est
777 2119 1055 2175 Dominus
1076 2121 1147 2175 ad
1167 2121 1416 2193 Moysen.
1440 2141 1467 2173 ς(
1491 2121 1644 2176 Tolle
1671 2122 1866 2177 levitas

220 2228 329 2283 pro
353 2213 762 2284 primogenitis
787 2213 1035 2269 ﬁliorum
1057 2215 1241 2283 Israel,
1266 2220 1324 2270 et
1344 2232 1546 2287 pecora
1566 2215 1865 2271 levitarum

221 2323 325 2377 pro
380 2307 689 2377 pecoribus
743 2324 962 2373 eorum,
1009 2314 1292 2381 eruntque
1345 2310 1530 2365 levitse
1577 2310 1711 2378 mei,
1756 2327 1864 2381 ego

218 2400 497 2455 Dominus
518 2401 700 2469 (Num.
725 2403 915 2469 111,34,
940 2403 1028 2469 44,
1052 2403 1160 2474 45).
1186 2425 1213 2452 ››
1250 2402 1306 2458 Si
1350 2404 1542 2459 levitas
1578 2420 1710 2459 suos
1743 2420 1865 2460 esse

218 2494 500 2549 Dominus
533 2495 737 2576 voluit,
770 2498 985 2567 quanto
1016 2496 1195 2568 magis
1224 2497 1543 2552 sacerdotes
1579 2498 1683 2553 sibi
1718 2499 1862 2553 asci-

216 2588 329 2643 vit?
376 2589 459 2643 De
502 2589 713 2660 quibus
757 2587 853 2658 ait,
892 2589 939 2643 si
986 2590 1112 2660 quis
1153 2594 1521 2646 externorum
1569 2592 1867 2648 accesserit

216 2682 519 2737 morietur.
552 2682 757 2737 Omnia
786 2699 914 2738 vero
953 2700 1081 2755 qua:
1124 2684 1353 2740 Domini
1387 2690 1519 2741 sunt
1556 2690 1719 2741 caute
1747 2692 1859 2741 tra-

214 2777 423 2831 ctanda
453 2782 592 2832 sunt
619 2781 677 2832 et
702 2794 820 2832 non
842 2778 1039 2834 leviter
1061 2778 1490 2851 praecipitanda,
1516 2780 1789 2852 quoniam
1808 2785 1865 2837 et

214 2870 365 2926 inter
377 2862 656 2925 homines
670 2888 774 2944 pro
792 2871 1055 2927 ﬁdelibus
1075 2872 1363 2928 habentur
1380 2873 1479 2945 qui
1499 2872 1865 2930 dominorum

214 2981 455 3021 suorum
483 2982 685 3021 causas
709 2966 853 3022 bene
885 2966 1233 3037 custodiunt,
1263 2970 1320 3023 et
1348 2967 1593 3024 ﬁdeliter
1617 2972 1866 3025 tractant

212 3062 384 3132 atque
442 3064 730 3132 praecepta
778 3060 1144 3116 dominorum
1200 3078 1435 3117 suorum
1483 3063 1860 3119 bene'custo-

215 3115 381 3208 ditint
414 3115 474 3208 et
504 3115 1186 3226 non‘transgrediuntur.
1212 3115 1325 3210 Pro
1344 3115 1697 3212 inﬁdelibus
1714 3115 1862 3213 ivero
1882 3115 1937 3190 Ο

213 3251 570 3320 reputantur
585 3247 647 3302 hi
663 3248 763 3321 qui
783 3248 1148 3305 dominorum
1164 3266 1402 3306 suorum
1420 3267 1616 3307 causas
1635 3252 1862 3308 incaute

215 3346 269 3396 et
310 3342 683 3414 negligenter
707 3345 950 3399 tractant
990 3348 1048 3400 et
1091 3349 1375 3417 praecepta
1420 3361 1623 3401 eorum
1672 3346 1860 3418 despi-

213 3434 393 3505 ciunt,
427 3438 486 3492 et
514 3454 655 3503 non,
683 3440 749 3492 ut
774 3436 1009 3506 debent,
1042 3438 1386 3495 custodiunt.
1425 3439 1550 3495 Ideo
1577 3441 1701 3494 haec
1720 3457 1862 3512 prae-

213 3529 483 3585 misimus
512 3536 579 3585 ut
612 3536 990 3602 cognoscatur
1012 3532 1083 3587 ab
1126 3532 1214 3587 his
1254 3532 1460 3605 quibus
1503 3534 1863 3605 incognitum

215 3630 299 3679 est
323 3626 487 3698 quod
518 3630 577 3680 et
603 3625 919 3681 sacerdotes
950 3627 1111 3698 (quos
1139 3627 1245 3682 sibi
1277 3628 1549 3683 Dominus
1584 3633 1643 3684 et
1671 3628 1859 3684 omni-

212 3716 319 3776 bus
374 3718 597 3789 ascivit,
648 3725 704 3775 et
755 3737 886 3775 suos
933 3737 1053 3776 esse
1091 3721 1285 3794 voluit)
1330 3740 1444 3778 non
1488 3726 1623 3777 sunt
1662 3722 1863 3778 leviter

217 3812 501 3867 tractandi
533 3829 639 3867 nec
674 3814 958 3869 lacerandi
999 3831 1104 3871 nec
1147 3818 1363 3871 temere
1406 3816 1733 3886 accusandi,
1763 3821 1863 3872 aut

218 3906 684 3977 reprehendendi
716 3907 825 3961 nisi
846 3926 879 3962 a
898 3909 1184 3980 magistris
1211 3911 1346 3978 suis,
1365 3909 1635 3982 quoniam
1658 3927 1861 3966 eorum

217 4016 419 4055 causas
441 4000 554 4055 sibi
578 4001 850 4056 Dominus
886 4019 1177 4058 reservare
1205 4004 1398 4075 voluit,
1432 4009 1488 4060 et
1517 4021 1618 4059 suo
1643 4004 1861 4076 judicio

220 4093 521 4149 vindicari.
548 4095 692 4149 Nam
713 4095 775 4150 in
802 4095 893 4150 his
919 4100 977 4151 et
1000 4096 1059 4151 in
1085 4097 1210 4152 aliis
1229 4098 1532 4170 praeceptis
1557 4098 1787 4153 Domini
1807 4102 1865 4155 et

216 4186 418 4242 ﬁdeles
441 4193 865 4258 cognoscuntur
889 4195 946 4245 et
970 4190 1226 4246 infideles
1263 4191 1672 4263 reprobantur;
1717 4193 1862 4248 tole-

218 4282 382 4337 randi
411 4282 571 4337 enim
610 4282 672 4337 hi
694 4289 828 4339 sunt
862 4285 1052 4356 potius
1081 4302 1115 4339 a
1141 4284 1411 4340 ﬁdelibus
1451 4302 1628 4357 quam
1658 4303 1861 4358 expro-

217 4375 447 4443 brandi,
477 4377 654 4432 veluti
692 4378 854 4448 palea
880 4395 1011 4433 cum
1058 4378 1241 4434 tritico
1278 4396 1461 4451 usque
1489 4380 1559 4434 ad
1586 4381 1861 4436 ultimum

1967 1840 2392 1895 communicare
2446 1856 2561 1894 non
2610 1844 2869 1911 possunt.
2915 1840 3273 1895 Manifestum
3317 1845 3402 1895 est
3445 1841 3602 1896 enim

1968 1934 2120 2004 quod
2146 1924 2208 1987 hi
2236 1937 2397 1988 extra
2426 1949 2529 1987 nos
2555 1936 2686 1987 sunt
2716 1938 2774 1988 et
2799 1950 2831 1987 a
2868 1933 3033 1988 nobis
3071 1933 3296 1988 discreti
3336 1950 3457 1989 esse
3498 1934 3598 1989 de-

1966 2027 2121 2093 bent,
2150 2043 2280 2081 cum
2306 2026 2514 2097 quibus
2540 2043 2640 2080 nos
2665 2042 2769 2081 nec
2796 2026 2984 2093 edere,
3017 2042 3121 2081 nec
3155 2026 3348 2081 cibum
3375 2042 3600 2082 sumere

1965 2119 2126 2188 licet;
2158 2119 2421 2175 similiter
2446 2124 2503 2174 et
2541 2136 2739 2175 omnes
2784 2136 3044 2192 personas
3091 2119 3436 2192 quibuslibet
3475 2123 3599 2175 tur-

1964 2213 2319 2285 pitudinibus
2348 2231 2413 2268 ac
2441 2214 2879 2269 scurrilitatibus
2903 2214 3172 2284 subjectae
3197 2213 3437 2268 infames
3464 2218 3601 2270 sunt

1965 2308 2197 2378 effectae,
2226 2312 2283 2363 et
2308 2324 2505 2364 omnes
2528 2308 2628 2380 qui
2657 2309 2922 2364 adversus
2948 2312 3136 2381 patres
3161 2314 3480 2379 armantur,
3509 2308 3598 2364 in-

1966 2403 2142 2458 fames
2182 2402 2531 2457 efﬁciuntur.

2036 2501 2280 2552 Arenam
2303 2510 2433 2551 vero
2460 2496 2725 2551 et‘salem
2752 2498 2809 2551 et
2838 2512 3087 2551 massam
3112 2496 3249 2551 ferri
3276 2496 3494 2553 facilius
3518 2500 3603 2554 est

1964 2595 2192 2661 portare
2216 2606 2392 2660 quam
2413 2590 2705 2645 hominem
2732 2589 3157 2661 imprudentem
3178 2593 3237 2644 et
3259 2590 3502 2658 fatuum,
3522 2596 3603 2647 at-

1964 2700 2075 2756 que
2100 2682 2377 2755 impium;
2409 2683 2685 2754 quoniam
2715 2683 2813 2754 qui
2846 2683 3164 2738 minoratur
3192 2684 3359 2739 corde
3386 2684 3601 2756 cogitat

1962 2778 2178 2848 inania,
2196 2780 2253 2833 et
2262 2778 2347 2831 vir
2360 2777 2696 2850 imprudens
2713 2782 2769 2832 et
2778 2792 2976 2832 errans
2996 2777 3204 2849 cogitat
3215 2779 3403 2845 stulta;
3420 2780 3600 2834 multo

1964 2872 2118 2927 enim
2163 2871 2550 2944 supplantavit
2595 2870 2837 2943 suspicio
2885 2871 3137 2941 illorum,
3166 2873 3225 2926 et
3259 2871 3321 2926 in
3350 2872 3599 2928 vanitate

1963 2965 2205 3022 detinuit
2232 2982 2428 3021 sensus
2454 2966 2705 3022 illorum.
2726 2968 2837 3021 Cor
2862 2966 3071 3020 durum
3099 2965 3251 3021 male
3281 2965 3513 3022 habebit
3535 2966 3597 3023 in

1961 3059 2292 3131 novissimo,
2326 3063 2386 3115 et
2410 3060 2509 3131 qui
2536 3062 2696 3115 amat
2736 3060 3058 3132 periculum
3089 3059 3151 3114 in
3194 3060 3317 3130 ipso
3360 3059 3589 3131 peribit,

1963 3172 2059 3210 cor
2085 3154 2412 3227 ingrediens
2455 3154 2593 3209 duas
2633 3154 2748 3209 vias
2786 3170 2903 3209 non
2950 3153 3189 3209 habebit
3231 3154 3511 3225 requiem,
3541 3159 3599 3211 et

1960 3249 2119 3321 pravi
2155 3249 2340 3304 cordis
2386 3248 2447 3303 in
2492 3249 2603 3303 illis
2647 3247 3153 3312 scandalizabitur;
3205 3264 3302 3302 cor
3346 3265 3599 3320 nequam

1962 3343 2291 3415 gravabitur
2342 3343 2402 3397 in
2458 3342 2770 3413 doloribus,
2825 3347 2882 3397 et
2928 3346 3195 3414 peccator
3244 3341 3477 3413 adjiciat
3523 3342 3597 3399 ad

1961 3437 2336 3509 peccandum.

2032 3532 2187 3587 Talia
2272 3531 2582 3602 cogitantes
2666 3531 2846 3586 sancti
2933 3529 3203 3603 apostoli,
3280 3545 3597 3603 eorumque

1962 3642 2310 3682 successores
2372 3624 2583 3696 Spiritu
2644 3625 2744 3680 Dei
2805 3624 3029 3695 repleti,
3080 3624 3262 3680 malos
3324 3625 3592 3681 homines

1962 3719 2336 3792 przevidentes
2350 3723 2406 3775 et
2420 3718 2702 3790 simplices
2722 3718 3165 3787 considerantes,
3185 3718 3476 3775 difﬁcilem
3496 3723 3595 3776 aut

1961 3830 2255 3886 nunquam
2279 3814 2580 3868 voluerunt
2604 3828 2724 3867 esse
2749 3811 3174 3867 accusationem
3202 3812 3585 3883 sacerdotum,

1962 3925 2035 3963 ne
2057 3925 2092 3963 a
2116 3907 2285 3962 malis
2331 3906 2654 3979 potuissent
2679 3904 2852 3961 everti
2877 3909 2973 3960 aut
3002 3904 3345 3976 submoveri,
3373 3905 3509 3977 quia
3547 3906 3595 3962 si

1962 4003 2068 4057 hoc
2096 4002 2256 4057 facile
2277 4001 2682 4056 concederetur
2701 3999 3068 4055 saecularibus
3087 4004 3142 4055 et
3159 3999 3324 4055 malis
3342 4000 3596 4055 hominis

1960 4096 2088 4164 bus,
2101 4099 2200 4151 aut
2220 4096 2410 4150 nullus
2427 4098 2524 4150 aut
2535 4095 2630 4149 vix
2642 4094 2914 4166 perpauci
2930 4098 3311 4161 remanerent,
3326 4094 3595 4167 quoniam

1962 4206 2190 4261 semper
2216 4190 2323 4243 fuit
2360 4195 2418 4244 et
2445 4194 2549 4260 est,
2579 4193 2653 4257 et,
2680 4188 2837 4261 quod
2887 4187 3049 4259 pejus
3085 4191 3190 4256 est,
3220 4188 3389 4243 nimis
3420 4187 3593 4261 viget,

1963 4288 2027 4339 ut
2054 4283 2190 4338 mali
2217 4282 2398 4339 bonos
2433 4288 2867 4355 persequantur,
2898 4285 2954 4337 et
2982 4281 3233 4337 carnales
3274 4282 3596 4354 spirituales

1962 4378 2260 4445 infestent;
2290 4378 2522 4448 idcirco,
2556 4381 2621 4433 ut
2655 4376 2995 4449 praedictum
3037 4381 3140 4445 est,
3174 4381 3493 4433 statuerunt
3524 4395 3597 4434 ne

225 4470 631 4538 ventilabrum,
658 4472 801 4526 sicut
823 4472 1004 4544 pisces
1039 4473 1177 4528 mali
1225 4491 1354 4529 cum
1396 4474 1561 4529 bonis
1586 4491 1764 4547 usque
1793 4476 1942 4564 adD
1965 4474 2389 4539 accusarentur,
2445 4475 2543 4526 aut
2585 4471 2630 4525 si
2673 4470 2835 4526 aliter
2882 4471 3005 4526 ﬁeri
3057 4486 3174 4525 non
3223 4468 3416 4541 possit,
3462 4486 3594 4542 per-

226 4564 689 4636 segregationem
717 4581 847 4637 qua:
886 4566 1074 4622 futura
1103 4572 1189 4623 est
1218 4568 1278 4622 in
1322 4568 1532 4637 littore,
1563 4569 1667 4624 hoc
1694 4573 1778 4624 est
1805 4570 1866 4624 in
1967 4566 2209 4623 difﬁcilis
2235 4583 2438 4621 eorum
2466 4565 2628 4621 ﬁeret
2659 4564 2961 4635 accusatio,
2990 4567 3047 4620 et
3074 4582 3107 4619 a
3142 4564 3366 4636 quibus,
3395 4579 3594 4637 supra~

223 4656 336 4713 ﬁne
363 4658 576 4713 saeculi.
613 4660 940 4715 Nullatenus
968 4678 1108 4733 ergo
1135 4666 1322 4733 potest
1348 4663 1719 4718 condemnari
1751 4664 1862 4718 hu-

224 4767 405 4807 mano
426 4753 689 4808 examine
720 4770 894 4826 quem
921 4755 1063 4810 Deus
1083 4773 1186 4811 suo
1210 4756 1427 4828 judicio
1456 4758 1777 4827 reservavit,
1802 4762 1867 4813 ut

219 4847 588 4919 propositum
617 4847 717 4901 Dei
744 4864 858 4920 quo
893 4849 1140 4905 decrevit
1168 4852 1379 4906 salvare
1426 4853 1576 4923 quod
1614 4851 1866 4924 perierat

221 4941 317 4995 ﬁat
364 4940 677 4997 immobile.
724 4945 793 4999 Et
822 4944 971 5012 ideo,
1002 4945 1138 5016 quia
1166 4946 1422 5001 voluntas
1464 4947 1585 5017 ejus
1614 4962 1729 5001 non
1754 4946 1862 5001 im-

221 5041 506 5102 mutatur,
555 5037 745 5092 nullus
787 5044 1099 5110 prmsumat
1146 5056 1214 5095 ea
1256 5056 1385 5111 quae
1428 5039 1533 5094 sibi
1575 5056 1691 5095 non
1734 5043 1867 5095 sunt

220 5143 527 5196 concessa;
560 5128 714 5185 unde
755 5134 841 5185 est
878 5132 1019 5186 illud
1067 5133 1221 5204 quod
1270 5133 1571 5205 Apostolus
1614 5133 1867 5205 loquitur

221 5221 461 5277 dicens:
498 5244 525 5273 ‹‹
551 5224 679 5278 Jam
723 5224 959 5296 quidem
1001 5226 1236 5281 omnino
1278 5226 1552 5282 delictum
1592 5231 1695 5297 est,
1730 5227 1866 5298 quia

212 5315 440 5387 judicia
468 5316 690 5372 habetis
720 5319 1035 5387 vobiscum,
1067 5336 1243 5392 quare
1284 5337 1399 5376 non
1440 5321 1621 5393 magis
1650 5321 1862 5393 iniqui-

220 5412 409 5464 tatem
476 5410 787 5482 patimini?
836 5429 1011 5484 quare
1063 5430 1182 5469 non
1238 5415 1425 5486 potius
1476 5415 1866 5471 fraudamini?

220 5504 271 5565 ξι
309 5506 435 5561 Cor.
464 5521 538 5572 vi,
568 5507 644 5577 7.)
674 5528 701 5556 ››
751 5506 837 5562 Ad
878 5507 1019 5563 illud
1072 5509 1343 5564 redeatur
1391 5509 1541 5581 quod
1590 5510 1865 5564 Dominus

218 5597 303 5651 ait
334 5615 351 5651 :
384 5616 411 5648 α
441 5597 501 5653 Si
529 5600 657 5671 quis
688 5600 932 5657 voluerit
974 5603 1223 5658 tunicam
1269 5606 1427 5658 tuam
1469 5604 1689 5672 tollere,
1722 5604 1866 5658 etin

213 5691 441 5764 judicio
498 5698 689 5751 tecum
743 5696 1108 5768 contendere,
1151 5695 1375 5754 dimitte
1424 5696 1476 5753 ei
1530 5702 1586 5754 et
1627 5697 1865 5770 pallium

226 5786 451 5859 (Matth.
481 5804 534 5859 v,
562 5791 672 5862 40).
703 5812 731 5841 ι»
768 5793 835 5849 Et
857 5791 965 5849 alio
996 5793 1122 5851 loco
1156 5809 1169 5850 :
1202 5792 1363 5863 «Qui
1391 5794 1582 5852 aufert
1617 5809 1747 5870 quae
1769 5798 1868 5851 tua

1965 4662 2180 4716 dictum
2230 4663 2332 4727 est,
2379 4676 2496 4714 non
2543 4664 3005 4732 prtesumeretur,
3044 4674 3231 4729 neque
3277 4675 3311 4713 a
3355 4657 3598 4731 propriis

1966 4754 2195 4810 sedibus
2226 4758 2325 4809 aut
2366 4754 2622 4810 Ecclesiis
2661 4752 2911 4824 episcopi
2951 4751 3325 4824 ejicerentur;
3364 4750 3519 4825 quod
3551 4752 3597 4810 si
3696 4744 3707 4759 ⁸

1966 4849 2257 4921 quomodo
2278 4852 2691 4920 praesumptum
2717 4846 2909 4915 fuerit,
2932 4849 3238 4919 antequam
3259 4852 3314 4904 et
3335 4847 3598 4920 proprius

1963 4943 2121 4999 locus
2168 4946 2226 4997 et
2266 4959 2366 4998 sua
2414 4942 2607 4997 omnia
2657 4942 2738 4996 eis
2780 4940 3002 5013 legibus
3046 4940 3596 5014 redintegrarentur,

1966 5037 2287 5092 nullatenus
2329 5054 2362 5091 a
2406 5052 2698 5109 quoquam
2745 5038 3163 5105 accusarentur,
3192 5039 3292 5091 aut
3327 5033 3597 5092 crimina-

1964 5136 2183 5201 rentur,
2205 5133 2261 5185 et
2287 5131 2395 5185 nisi
2418 5134 2621 5202 sponte
2647 5129 2948 5202 elegerint,
2976 5128 3242 5201 cuiquam
3264 5147 3368 5201 pro
3394 5127 3597 5185 talibus

1964 5242 2081 5281 non
2103 5226 2606 5297 reprehenderent,
2620 5224 2719 5279 sed
2738 5223 3065 5296 postquam,
3089 5229 3151 5279 ut
3170 5224 3468 5296 praeﬁxum
3491 5226 3595 5291 est,

1966 5318 2209 5376 restituti
2224 5319 2454 5387 fuerint,
2470 5323 2526 5374 et
2536 5335 2637 5374 sua
2650 5317 2848 5374 omnia
2864 5317 2942 5374 eis
2953 5317 3173 5390 legibus
3189 5317 3593 5387 redintegrata,

1966 5413 2254 5486 dispositis
2290 5413 2681 5485 ordinatisque
2718 5412 2831 5468 suis
2870 5429 3149 5484 magnum
3185 5410 3429 5482 spatium
3475 5412 3597 5463 tra-

1965 5509 2155 5565 ctandi
2183 5524 2350 5563 causa
2376 5507 2458 5562 eis
2484 5507 2912 5562 concederetur.
2939 5507 3009 5560 Et
3029 5508 3248 5577 postea,
3280 5502 3327 5557 si
3367 5518 3599 5559 necesse

1963 5603 2157 5667 fuerit,
2173 5602 2513 5674 regulariter
2530 5602 2714 5657 vocati
2731 5600 2991 5655 venirent
3004 5599 3074 5653 ad
3094 5612 3338 5666 causam,
3353 5600 3410 5652 et
3426 5596 3470 5651 si
3479 5596 3600 5669 jus-

1965 5702 2088 5754 tum
2099 5697 2281 5753 visum
2293 5694 2872 5767 fuerit,accusantium
2884 5689 3366 5765 propositionibus
3380 5694 3599 5749 susten-

1965 5792 2240 5849 tationem
2266 5792 2512 5849 fratrum
2545 5786 3051 5865 reprehenderent.
3079 5785 3243 5843 Nulla
3277 5787 3432 5846 enim
3463 5803 3594 5867 pen
