4026 6166
453 255 566 308 159'

1293 204 1295 206 ’
1344 241 1629 298 APPEND.
1673 241 1758 295 AD
1795 240 1960 296 saga.
2001 239 2089 294 1x.
2116 266 2185 279 —
2224 237 2466 295 ISIDORI
2507 237 2950 295 MERCATORIS.

3722 239 3815 293 l60

460 361 637 417 mittit
680 359 840 426 ratio,
875 357 1014 412 dum
1059 354 1131 409 ad
1170 356 1395 422 tempus
1426 366 1626 405 eorum
1664 349 1831 415 bona,
1864 347 1950 402 vel
1990 348 2092 402 Ec-
2116 346 2486 432 Apublicum
2531 346 2807 419 produnt,
2839 349 2938 399 aut
2976 359 3070 399 eos
3115 358 3382 399 accusare
3412 342 3497 397 vel
3534 341 3821 398 detrahere

461 456 668 522 clesiae,
700 458 870 524 atque
914 466 1002 504 res
1048 447 1118 502 ab
1163 445 1384 500 temulis
1430 446 1529 498 aut
1575 460 1608 496 a
1660 443 2096 514 quibuscumque

461 551 800 613 detinentur,
819 549 879 598 ut
893 541 1104 614 aliquid
1116 539 1227 595 illis
1241 539 1330 610 obj
1341 538 1410 593 ici
1423 537 1651 604 debeat,
1665 553 1770 591 nec
1792 535 2095 607 quisquam

459 648 643 717 potest
660 641 739 698 eis
757 654 986 711 quoquo
1004 635 1172 690 modo
1193 633 1475 705 quidlibet
1496 631 1784 703 majorum
1810 630 1897 684 vel
1917 629 2101 683 mino-

460 753 588 792 rum
616 734 865 806 objicere
891 732 1029 788 dum
1058 727 1340 797 Ecclesiis,
1372 727 1542 782 rebus
1582 729 1680 780 aut
1723 722 2098 796 potestatibus

461 834 654 887 carent
684 828 819 883 suis.

531 923 809 981 Similiter
838 922 1112 975 statutum
1137 918 1238 985 est,
1269 919 1325 970 et
1367 931 1471 970 nos
1514 912 1714 968 eadem
1758 913 1968 965 statuta
1999 909 2094 964 ﬁr-

463 1021 707 1086 mantes,
759 1013 1061 1070 statuimus
1113 1012 1177 1065 ut
1219 1009 1265 1064 si
1318 1008 1522 1079 aliquis
1583 1005 1918 1061 clericorum
1983 1003 2100 1057 suis

462 1110 737 1186 e'piscopis
798 1107 1034 1163 infestus
1103 1096 1201 1158 aut
1266 1101 1562 1156 insidiator
1635 1099 1827 1165 fuerit,
1887 1113 2098 1168 eosque

463 1204 752 1265 criminari
793 1200 1054 1268 voluerit,
1082 1203 1182 1253 aut
1227 1195 1580 1266 conspirator
1620 1193 1812 1262 fuerit,
1851 1196 1917 1246 ut
1960 1207 2098 1245 mox

463 1305 594 1359 ante
621 1296 1006 1356 examinatum
1037 1290 1321 1364 judicium
1350 1289 1644 1344 submotus
1672 1306 1704 1342 a
1741 1287 1890 1341 clero
1922 1284 2097 1339 curiae

460 1396 730 1461 tradatur,
772 1390 862 1445 cui
911 1386 1113 1443 diebus
1159 1385 1289 1439 vitae
1336 1399 1453 1437 suae
1494 1380 1792 1447 deserviat,
1835 1382 1892 1434 et
1945 1378 2096 1432 infa-

463 1490 572 1546 mis
599 1489 811 1559 absque
840 1484 954 1538 ulla
979 1477 1346 1536 restitutionis
1383 1492 1480 1548 spe
1505 1476 1858 1547 permaneat.

531 1585 646 1638 Nec
667 1581 814 1636 ullus
841 1592 1093 1648 unquam
1120 1575 1433 1646 praesumat
1460 1573 1752 1624 accusator
1779 1564 1948 1621 simul
1975 1581 2098 1619 esse

465 1682 520 1736 et
539 1677 716 1749 judex
744 1673 834 1728 vel
856 1670 1035 1739 testis,
1058 1666 1331 1740 quoniam
1351 1665 1413 1719 in
1434 1664 1594 1718 omni
1612 1660 1830 1734 judicio
1855 1661 2099 1731 quatuor

2195 445 2568 512 praesumunt,
2591 439 2764 496 veluti
2789 440 2966 495 Cham
2995 438 3092 511 qui
3119 437 3295 510 patris
3317 437 3403 492 sui
3425 438 3543 492 Noe
3561 436 3822 508 pudenda

2195 551 2310 590 non
2336 535 2576 606 operuit,
2606 533 2704 590 sed
2750 533 3067 588 deridenda
3098 531 3450 586 monstravit.
3481 530 3744 586 Similiter
3772 535 3827 585 et

2196 629 2278 683 illi
2323 629 2583 700 exemplo
2629 628 2761 683 Sem
2798 630 2854 682 et
2881 627 3084 698 Japhet
3115 626 3519 697 justiﬁcantur,
3547 624 3645 696 qui
3674 641 3825 678 reve-

2199 727 2390 777 renter
2419 721 2708 793 operiunt,
2740 723 2798 775 et
2825 737 2938 774 non
2965 718 3217 791 produnt
3245 735 3316 773 ea
3343 734 3472 790 quae
3496 721 3683 789 patres
3703 733 3832 771 suos

2198 815 2499 871 excessisse
2556 818 2924 885 cognoscunt.
2967 813 3023 868 Si
3063 812 3218 867 enim
3274 829 3307 866 a
3362 810 3477 865 fide
3533 809 3833 866 deviaverit

2198 910 2514 981 episcopus,
2543 908 2652 963 erit
2691 907 3064 978 corrigendus
3098 906 3256 978 prius
3295 909 3507 960 secrete
3535 921 3568 958 a
3596 903 3831 958 subditis

2197 1004 2349 1072 suis;
2387 1002 2542 1074 quod
2581 1001 2628 1056 si
2653 1000 3079 1071 incorrigibilis,
3108 999 3261 1071 quod
3289 998 3453 1069 absit,
3486 997 3831 1070 apparuerit,

2199 1103 2333 1152 tunc
2359 1096 2469 1151 erit
2493 1095 2839 1150 accusandus
2870 1095 2942 1150 ad
2966 1093 3242 1166 primates
3271 1109 3402 1148 suos
3420 1095 3518 1147 aut
3544 1091 3616 1146 ad
3641 1091 3835 1147 sedem

2199 1190 2584 1263 apostolicam.

2267 1287 2373 1339 Pro
2393 1284 2518 1338 aliis
2546 1300 2681 1338 vero
2705 1282 2922 1338 actibus
2949 1281 3063 1336 suis
3089 1281 3279 1352 magis
3303 1284 3386 1335 est
3412 1278 3744 1334 tolerandus
3769 1278 3835 1332 ab

2200 1378 2397 1433 ovibus
2435 1381 2492 1432 et
2531 1377 2771 1432 subditis
2819 1375 2933 1430 suis
2982 1391 3155 1447 quam
3197 1374 3570 1441 accusandus,
3595 1377 3696 1428 aut
3725 1389 3836 1444 pu-

2199 1472 2343 1527 blice
2373 1472 2754 1542 derogandus,
2787 1469 2922 1542 quia
2948 1486 3079 1524 cum
3107 1469 3167 1523 in
3195 1468 3276 1523 eis
3309 1485 3340 1522 a
3375 1467 3612 1522 subditis
3651 1466 3838 1520 delin-

2199 1565 2414 1638 quitur,
2445 1565 2568 1636 ejus
2605 1562 2952 1619 ordinationi
3000 1562 3188 1618 obviat
3223 1562 3322 1633 qui
3365 1578 3463 1616 eos
3503 1561 3556 1615 ei
3586 1559 3842 1631 praetulit

2200 1659 2422 1714 dicente
2473 1658 2741 1729 Apostolo
2792 1674 2805 1711 :
2863 1678 2889 1707 «
2939 1657 3038 1711 Dei
3090 1654 3434 1710 ordinationi
3482 1652 3694 1710 resistit
3741 1653 3842 1724 qui

461 1739 733 1846 personas
771 1781 1000 1822 necesse
1038 1739 1123 1818 eSt
1165 1775 1392 1832 semper
1439 1757 1650 1824 adesse,
1679 1755 1739 1810 id
1766 1758 1851 1809 est
1872 1739 2174 1824 judicesB
2199 1751 2463 1824 potestati
2509 1750 2719 1806 resistit
2751 1753 2917 1821 (Rom.
2950 1766 3072 1818 xm,
3103 1751 3178 1820 2).
3213 1771 3241 1799 »
3270 1749 3374 1814 Qui
3401 1764 3530 1803 vero
3571 1747 3840 1817 omnipo-

464 1867 671 1922 electos
708 1866 764 1917 et
806 1861 1172 1926 accusatores,
1205 1870 1269 1908 ac
1307 1853 1655 1918 defensores,
1691 1852 1863 1920 atque
1901 1850 2090 1901 testes.

463 1959 735 2017 Similiter
759 1955 1064 2010 statuentes
1100 1946 1411 2020 apostolica
1440 1943 1776 2000 auctoritate
1796 1941 2091 2012 jubemus,

410 2105 420 2115 .
463 2070 537 2110 ne
564 2056 850 2125 pastorem
874 2061 1042 2101 suum
1077 2059 1208 2099 oves
1247 2057 1375 2113 quae
1403 2038 1456 2094 ei
1487 2037 1810 2094 commissae
1846 2035 2092 2103 fuerant,

461 2147 572 2206 nisi
610 2147 671 2200 in
718 2144 830 2199 ﬁde
879 2137 1169 2206 erraverit,
1203 2133 1623 2206 reprehendere
1671 2131 1936 2196 audeant,
1965 2127 2098 2199 quia

464 2244 608 2298 facta
635 2233 1073 2310 praapositorum
1102 2229 1216 2285 oris
1257 2227 1444 2300 gladio
1485 2224 1744 2280 ferienda
1786 2237 1900 2277 non
1941 2223 2094 2291 sunt,

463 2349 653 2406 neque
713 2331 901 2402 potest
954 2340 1075 2380 esse
1141 2321 1450 2393 discipulus
1515 2333 1689 2390 super
1733 2315 2094 2387 magistrum,

465 2429 687 2486 dicente
709 2419 971 2480 Veritatis
999 2434 1175 2473 voce:
1208 2437 1236 2467 ‹‹
1275 2417 1400 2470 Non
1445 2418 1533 2468 est
1576 2410 1885 2482 discipulus
1928 2422 2099 2480 super

462 2521 801 2594 magistrum
850 2531 952 2572 nec
1004 2528 1196 2568 servus
1247 2525 1420 2582 super
1468 2505 1774 2563 dominum
1820 2518 2009 2559 suum.
2064 2522 2092 2551 ››

463 2615 697 2675 0dibilis
715 2614 906 2669 autem
929 2623 1121 2664 coram
1139 2608 1252 2662 Deo
1274 2607 1330 2660 et
1347 2600 1679 2658 hominibus
1701 2601 1789 2654 est
1805 2595 2094 2669 superbia,

464 2715 523 2769 et
570 2704 927 2767 exsecrabilis
977 2701 1162 2758 omnis
1205 2697 1505 2772 iniquitas;
1552 2693 1741 2766 perdit
1791 2693 1936 2746 Deus
1976 2706 2095 2744 me-

465 2805 708 2863 moriam
735 2797 1130 2872 superborum,
1154 2797 1211 2848 et
1230 2790 1506 2862 relinquit
1529 2786 1873 2844 memoriam
1905 2782 2097 2839 humi-

466 2901 613 2957 lium
637 2910 824 2953 sensu.
852 2893 1056 2947 Semen
1081 2887 1384 2943 hominum
1413 2880 1788 2939 honorabitur
1815 2879 1920 2933 hoc
1945 2876 2101 2949 quod

464 2995 631 3050 timet
649 2992 853 3045 Deum.
875 2985 1081 3042 Semen
1098 2983 1292 3036 autem
1311 2979 1418 3033 hoc
1438 2973 1892 3032 exhonorabitur
1909 2970 2096 3027 homi-

468 3103 631 3155 num,
660 3082 811 3157 quod
835 3077 1094 3154 praeterit
1123 3073 1399 3130 mandata
1423 3068 1668 3127 Domini.
1688 3069 1749 3123 In
1770 3066 1960 3122 medio
1980 3065 2093 3120 fra-

467 3186 624 3238 trum
652 3181 840 3235 rector
867 3174 1098 3229 illorum
1120 3170 1181 3224 in
1205 3169 1445 3235 honore,
1469 3169 1526 3220 et
1551 3163 1650 3235 qui
1674 3162 1884 3218 timent
1908 3157 2098 3214 Domi-

465 3290 607 3334 num
651 3273 824 3328 erunt
863 3268 921 3323 in
965 3264 1143 3321 oculis
1175 3262 1317 3334 ejus.
1359 3279 1387 3312 ‹‹
1430 3257 1556 3328 Fili,
1599 3257 1678 3312 ait
1721 3254 2007 3321 Salomon,
2035 3253 2097 3307 in

465 3363 905 3427 mansuetudine
922 3376 1080 3417 serva
1097 3356 1348 3413 animam
1364 3358 1544 3420 tuam,
1561 3356 1617 3406 et
1635 3350 1710 3405 da
1729 3349 1810 3404 illi
1821 3349 2098 3402 honorem

465 3464 557 3522 cui
586 3463 769 3518 honor
798 3441 1100 3528 competit.
1130 3450 1468 3520 Priusquam
1493 3446 1814 3516 interroges
1853 3457 1925 3498 ne
1951 3441 2096 3496 vitu-

465 3573 632 3633 peres
682 3564 1052 3626 quemquam,
1100 3549 1156 3600 et
1206 3559 1338 3598 cum
1385 3536 1841 3610 interrogaveris,
1879 3534 2098 3607 corripe

462 3628 636 3726 juste.
656 3647 990 3718 Priusquam
1013 3639 1208 3696 audias
1232 3652 1305 3692 ne
1324 3632 1666 3706 respondeas
1681 3630 1944 3697 verbum,
1963 3628 2098 3684 etin

387 3767 390 3770 ’
469 3724 661 3802 medio
686 3739 977 3797 seniorum
1004 3751 1075 3790 ne
1101 3730 1330 3804 adjicias
1353 3727 1532 3802 loqui.
1555 3749 1584 3778 »
1617 3724 1891 3797 Exemplo
1919 3724 2100 3779 Cham

469 3839 573 3896 filii
607 3839 725 3894 Noe
771 3832 1136 3896 damnantur,
1165 3825 1263 3899 qui
1295 3828 1528 3898 patrum
1556 3837 1790 3877 suorum
1819 3818 2013 3890 culpas
2038 3817 2098 3873 in

2116 3113 2172 3188 C

2193 1850 2409 1902 tentem
2446 1847 2627 1900 Deum
2657 1844 2882 1912 metuit,
2912 1861 3019 1898 nec
3066 1845 3266 1898 contra
3311 1841 3699 1912 Evangelium,
3732 1856 3842 1895 nec

2195 1944 2393 1996 contra
2433 1939 2736 2011 apostolos,
2784 1954 2890 1992 nec
2934 1940 3133 1992 contra
3186 1935 3516 2007 prophetas,
3564 1935 3651 1989 vel
3708 1951 3840 1989 san-

2195 2039 2418 2089 ctorum
2461 2035 2694 2106 patrum
2739 2031 2998 2087 instituta
3039 2029 3256 2101 aliquid
3297 2029 3414 2084 ullo
3461 2028 3631 2083 modo
3667 2043 3843 2099 agere

2197 2127 2506 2195 consentit;
2536 2125 2854 2182 sacerdotes
2883 2141 3021 2198 ergo
3063 2123 3386 2180 honorandi
3419 2127 3568 2193 sunt,
3601 2139 3720 2177 non
3753 2121 3842 2176 la-

2197 2221 2426 2277 cerandi
2450 2221 2538 2276 vel
2562 2218 2942 2292 exprobrandi
2970 2222 3130 2288 sunt;
3152 2217 3363 2290 legitur
3385 2216 3444 2272 in
3465 2215 3806 2272 Ecclesiaste
3829 2233 3842 2270 :

2201 2335 2229 2368 «
2264 2317 2326 2370 In
2357 2317 2478 2370 tota
2509 2313 2699 2369 anima
2725 2316 2822 2368 tua
2850 2313 2991 2369 time
3017 2313 3219 2380 Deum,
3247 2314 3304 2367 et
3343 2311 3662 2370 sacerdotes
3692 2309 3848 2365 illius

2198 2408 2510 2479 sanctiﬁca;
2541 2409 2600 2464 in
2645 2407 2806 2462 omni
2843 2407 3052 2463 virtute
3099 2410 3198 2461 tua
3241 2403 3418 2478 dilige
3464 2421 3596 2460 eum
3641 2403 3746 2476 qui
3791 2407 3847 2458 te

2195 2503 2352 2571 fecit,
2396 2505 2454 2560 et
2506 2502 2799 2557 ministros
2851 2501 2972 2572 ejus
3015 2517 3132 2556 non
3179 2499 3558 2571 derelinquas.
3609 2498 3848 2553 Honora

2198 2598 2381 2653 Deum
2406 2612 2476 2653 ex
2500 2599 2622 2652 tota
2655 2597 2850 2651 anima
2877 2598 2992 2663 tua,
3023 2598 3080 2650 et
3121 2593 3439 2649 honoriﬁca
3483 2591 3844 2658 sacerdotes,

2199 2695 2256 2748 et
2280 2707 2569 2762 propurga
2595 2694 2649 2747 te
2676 2707 2808 2746 cum
2845 2687 3115 2757 brachiis,
3149 2689 3219 2744 da
3264 2687 3376 2743 illis
3421 2690 3661 2759 partem,
3692 2685 3849 2742 sicut

2199 2785 2537 2841 mandatum
2557 2788 2641 2840 est
2658 2785 2784 2852 tibi,
2799 2783 3190 2857 primitiarum
3211 2786 3268 2838 et
3286 2780 3669 2854 purgationis,
3691 2784 3754 2835 et
3776 2781 3847 2834 de

2197 2878 2550 2951 negligentia
2572 2895 2757 2950 purga
2780 2881 2834 2934 te
2854 2894 2987 2933 cum
3007 2876 3220 2950 paucis.
3244 2877 3449 2931 Datum
3469 2873 3848 2930 brachiorum

2200 2976 2425 3029 tuorum
2455 2975 2512 3028 et
2553 2972 2894 3028 sacriﬁcium
2940 2969 3400 3027 sanctiﬁcationis
3442 2968 3686 3024 offerens
3725 2968 3846 3023 Do-

2197 3068 2374 3135 mino,
2390 3071 2446 3122 et
2462 3066 2626 3122 initia
2641 3070 2999 3136 sanctorum;
3023 3068 3081 3121 et
3093 3064 3334 3138 pauperi
3348 3063 3577 3135 porrige
3595 3077 3850 3117 manum

2195 3164 2376 3229 tuam,
2416 3163 2479 3215 ut
2519 3160 2847 3232 perﬁciatur
2891 3157 3222 3232 pr0pitiatio
3272 3160 3330 3212 et
3369 3156 3694 3212 benedictio
3739 3158 3850 3212 tua

2196 3254 2378 3326 (Eccli.
2431 3270 2530 3321 vn,
2577 3256 2638 3309 31
2697 3259 2746 3309 et
2790 3254 2943 3326 seq.).
2997 3275 3024 3304 »
3074 3254 3202 3308 Haec
3265 3267 3381 3306 non
3437 3251 3850 3306 tantummodo

2195 3347 2373 3419 vobis,
2407 3347 2506 3403 sed
2530 3347 2794 3402 omnibus
2818 3347 3088 3402 fratribus
3111 3363 3217 3419 per
3239 3362 3339 3401 vos
3358 3347 3497 3401 nota
3524 3345 3645 3400 ﬁeri
3675 3344 3846 3400 volu-

2195 3458 2346 3512 mus,
2377 3445 2445 3498 ut
2472 3441 2796 3511 unanimes,
2825 3458 3007 3497 unum
3034 3439 3366 3508 sentientes,
3394 3454 3849 3511 permaneamus

2195 3537 2258 3592 in
2286 3535 2529 3605 Christo,
2559 3535 2700 3590 nihil
2731 3552 2838 3608 per
2862 3535 3282 3591 contentionem
3309 3533 3493 3601 nobis,
3522 3549 3709 3606 neque
3735 3549 3850 3604 per

2195 3631 2426 3687 inanem
2475 3629 2722 3702 gloriam
2766 3629 3142 3697 vindicantes,
3183 3645 3303 3684 non
3348 3627 3695 3697 hominibus,
3735 3627 3845 3683 sed

2197 3726 2313 3781 Deo
2364 3723 2641 3781 Salvatori
2690 3727 2884 3780 nostro
2938 3723 3246 3795 placentes,
3288 3722 3380 3778 cui
3423 3725 3506 3777 est
3549 3721 3736 3776 honor
3786 3725 3848 3776 et

2199 3819 2384 3890 gloria
2415 3819 2476 3876 in
2502 3818 2712 3875 saecula
2747 3818 3103 3874 saeculorum.
3136 3821 3337 3873 Amen.

1514 4101 1976 4176 EPISTOLA
2027 4099 2427 4175 FABIANI
2478 4103 2785 4176 PAPE.

540 4303 914 4374 Dilectissimo
943 4301 1103 4362 fratri
1131 4299 1360 4358 HILARIO
1388 4299 1652 4372 episcopo
1677 4297 1972 4353 FABIANUS.

541 4410 756 4468 Divinas
779 4404 929 4461 circa
955 4417 1060 4456 nos
1090 4396 1291 4470 gratiae
1334 4409 1616 4450 memores
1655 4407 1776 4448 esse
1807 4390 2099 4461 debemus,

2199 4297 2444 4353 involvat
2515 4297 2728 4370 pariter
2792 4296 3072 4352 sauciatos
3138 4297 3196 4350 et
3258 4293 3575 4350 medentes.
3636 4288 3720 4345 Ob
3780 4289 3844 4344 id

2200 4407 2338 4463 ergo
2396 4393 2708 4447 statuentes
2765 4389 3142 4458 decernimus,
3175 4393 3237 4444 ut
3285 4387 3345 4443 hi
3391 4386 3488 4459 qui
3535 4400 3652 4440 non
3702 4387 3846 4438 sunt

469 4513 568 4588 qui
597 4526 700 4566 nos
731 4520 838 4580 per
863 4497 1208 4573 dignationis
1253 4511 1368 4550 suae
1411 4489 1862 4549 misericordiam
1889 4489 1962 4545 ob
1993 4489 2178 4577 hocD
2202 4485 2325 4560 37
2375 4486 2539 4542 bona:
2595 4484 3063 4553 conversationis,
3112 4486 3210 4539 aut
3275 4497 3526 4555 quorum
3579 4478 3694 4532 vita
3750 4479 3847 4532 est

471 4583 545 4665 ad
600 4601 893 4673 fastigium
955 4591 1301 4650 sacerdotale
1358 4585 1637 4661 provexit,
1695 4587 1757 4640 ut
1817 4583 2101 4640 mandatis

468 4701 644 4775 ipsius
683 4695 1047 4759 inhaerentes,
1079 4691 1135 4743 et
1163 4687 1222 4742 in
1261 4683 1515 4756 quadam
1562 4679 1926 4736 sacerdotum
1977 4678 2100 4749 ejus

471 4771 697 4868 specula
719 4783 1012 4845 constituti
1049 4780 1455 4854 prohibeamus
1481 4775 1691 4846 illicita,
1721 4779 1779 4829 et
1815 4771 2102 4845 sequenda

471 4864 801 4948 doceamus.
833 4882 1118 4936 lntantum
1145 4874 1301 4930 enim
1330 4873 1391 4927 in
1417 4869 1664 4926 occiduis
1688 4866 1944 4941 partibus
1970 4864 2100 4938 qui-

471 4985 578 5041 bus
606 4976 844 5036 moraris
889 4970 1206 5029 audivimus
1245 4965 1513 5023 astutiam
1561 4962 1773 5019 diaboli
1817 4960 2014 5017 stevire
2041 4959 2101 5014 in

472 5076 753 5153 populum
789 5066 1189 5132 Christianum,
1221 5065 1392 5133 atque
1436 5058 1498 5114 in
1542 5055 1842 5129 multiplici
1895 5055 2100 5126 decep-

472 5149 627 5230 tione
659 5177 1054 5240 prorumpere,
1079 5160 1146 5214 ut
1185 5172 1303 5212 non
1348 5153 1528 5209 solum
1566 5151 1739 5208 laicos
1785 5149 2100 5218 saeculares,

474 5266 572 5324 sed
595 5264 748 5336 ipsos
787 5270 1016 5330 quoque
1040 5250 1266 5308 Domini
1311 5247 1629 5304 sacerdotes
1672 5248 1899 5318 premat
1930 5247 2103 5314 atque

474 5360 659 5418 vexet.
687 5351 848 5410 Unde
889 5349 948 5404 in
997 5345 1200 5420 grandi
1242 5358 1488 5399 maerore
1530 5339 1698 5413 positi
1743 5337 2102 5395 dissimulare

470 5470 588 5512 non
639 5460 940 5524 possumus
980 5439 1135 5514 quod
1177 5437 1462 5509 corrigere
1504 5433 1770 5490 atrociter
1807 5431 2100 5500 debemus,

474 5546 822 5621 quapropter
855 5539 1180 5608 competens
1225 5529 1544 5586 adhibenda
1595 5531 1681 5584 est
1727 5524 1934 5581 talibus
1977 5539 2103 5579 me-

474 5617 608 5698 dela
647 5633 994 5699 vulneribus,
1050 5645 1123 5685 ne
1185 5627 1491 5682 immatura
1556 5620 1795 5678 curandi
1859 5617 2104 5674 facilitas

476 5732 772 5790 mortifero
818 5727 1016 5801 capitis
1070 5727 1227 5796 peste
1290 5719 1431 5775 nihil
1487 5717 1683 5790 possit,
1724 5714 1826 5770 sed
1873 5712 2105 5786 segnius

476 5829 653 5888 tracta
714 5822 992 5900 pernicies
1051 5823 1214 5878 reatu
1278 5831 1397 5874 non
1457 5810 1729 5885 legitimae
1796 5806 2106 5866 curationis

2200 4579 2544 4649 accusabilis,
2574 4581 2673 4635 aut
2699 4596 2949 4652 quorum
2977 4577 3138 4647 fides,
3165 4577 3280 4633 vita
3306 4581 3363 4632 et
3390 4575 3621 4631 libertas
3647 4571 3840 4627 nesci-

2203 4677 2314 4743 tur,
2355 4690 2471 4729 non
2521 4674 2741 4746 possint
2784 4673 3008 4730 Domini
3059 4672 3374 4727 sacerdotes
3429 4683 3711 4734 accusare,
3764 4681 3842 4719 ne

2200 4768 2341 4824 viles
2365 4784 2625 4840 personae
2649 4768 2720 4824 ad
2747 4767 3170 4823 accusationem
3199 4781 3402 4820 eorum
3435 4760 3840 4818 admittantur.

2203 4861 2478 4918 Similiter
2504 4861 2602 4934 qui
2631 4861 2691 4916 in
2729 4860 3012 4934 aliquibus
3056 4859 3388 4914 criminibus
3429 4854 3632 4912 irretiti
3678 4857 3839 4921 sunt,

2202 4955 2291 5010 vel
2331 4954 2429 5027 qui
2472 4958 2606 5010 sunt
2653 4952 2969 5026 suspiciosi,
3006 4969 3197 5009 vocem
3244 4952 3543 5007 adversum
3586 4946 3846 5018 majores

2201 5053 2341 5105 natu
2387 5066 2502 5105 non
2550 5049 2796 5104 habeant
2833 5046 3154 5112 accusandi,
3193 5045 3326 5118 quia
3373 5042 3683 5116 suspiciosa
3724 5056 3846 5094 vox

2204 5147 2262 5199 et
2312 5143 2544 5200 inimica
2589 5142 2885 5198 veritatem
2933 5141 3075 5196 solet
3121 5139 3464 5213 opprimere.
3523 5134 3847 5207 Peregrina

2203 5255 2336 5294 vero
2361 5237 2578 5310 judicia
2601 5238 2747 5292 salva
2778 5236 2837 5290 in
2867 5234 3131 5291 omnibus
3159 5232 3470 5306 apostolica
3499 5227 3842 5286 auctoritate

2203 5331 2455 5405 generali
2471 5331 2763 5387 sanctione
2776 5330 3161 5402 prohibemus,
3179 5328 3314 5401 quia
3333 5325 3638 5406 indignum
3657 5325 3747 5377 est
3762 5321 3842 5375 ab

2203 5427 2448 5484 externis
2468 5431 2533 5482 ut
2549 5425 2858 5498 judicetur,
2881 5425 2978 5498 qui
3008 5422 3374 5496 provinciales
3399 5425 3455 5476 et
3479 5436 3512 5473 a
3536 5435 3595 5472 se
3620 5416 3840 5472 electos

2203 5522 2372 5578 debet
2406 5520 2620 5577 habere
2655 5519 2896 5593 judices,
2924 5517 3034 5573 nisi
3057 5517 3232 5574 fuerit
3269 5514 3638 5588 appellatum.
3670 5510 3841 5565 Unde

2204 5618 2448 5688 oportet,
2468 5614 2515 5670 si
2535 5613 2737 5687 aliquis
2753 5612 3152 5686 episcoporum
3171 5626 3341 5682 super
3354 5609 3520 5665 certis
3539 5609 3844 5663 accusetur

2203 5709 2554 5776 criminibus,
2589 5713 2656 5764 ut
2697 5707 2769 5763 ab
2814 5707 3081 5763 omnibus
3125 5705 3412 5775 audiatur,
3452 5702 3547 5775 qui
3593 5702 3727 5756 sunt
3775 5699 3842 5755 in.

2204 5803 2492 5882 provincia
2516 5802 2812 5878 episcopis,
2834 5801 2970 5876 quia
2988 5817 3107 5859 non
3135 5803 3356 5874 oportet
3379 5799 3704 5856 accusatum
3732 5793 3841 5858 ali-
