4026 6166
181 306 258 359 161
1415 301 1885 360 DECRETALIUM
1923 303 2313 359 COLLECTIO.

3432 316 3527 368 162

174 409 292 465 cubi
321 425 498 480 quam
526 407 585 462 in
616 409 742 462 foro
769 423 870 463 suo
898 408 1101 464 audiri.
1132 409 1191 464 Si
1215 409 1342 481 quis
1371 427 1505 466 vero
1539 412 1791 482 judicem
1817 423 1875 497 Α
1887 411 2135 482 jungere
2161 411 2274 466 ﬁde
2293 427 2422 466 cum
2449 412 2565 468 illo.
2595 412 2759 477 Quod
2788 413 2831 468 si
2862 414 3233 470 denudaveris
3257 415 3528 474 absconsa

175 503 466 558 adversum
521 502 625 556 sibi
670 503 929 570 senserit,
959 520 1153 558 vocem
1204 505 1599 576 appellationis
1641 507 1793 561 exhi-

173 598 309 663 beat,
340 597 727 668 appellantem
773 600 874 651 aut
911 613 1026 652 non
1074 598 1240 653 debet
1287 598 1518 654 afﬂictio
1555 601 1668 654 ulla
1699 604 1800 656 aut

175 690 513 745 detentionis
542 691 802 762 injuriari
830 691 1104 746 custodia.
1137 692 1247 747 Sed
1275 693 1439 748 liceat
1465 695 1798 766 appellatori

171 784 417 838 vitiatam
459 801 690 838 causam
735 784 1136 855 appellationis
1185 787 1440 841 remedio
1481 788 1794 844 sublevare.

173 878 348 935 Liceat
383 878 559 932 etiam
599 878 658 933 in
699 879 878 933 causis
925 878 1312 934 criminalibus
1355 883 1663 954 appellare,
1694 901 1797 940 nec

170 989 262 1027 vox
289 972 626 1042 appellandi
653 972 965 1044 denegatur
995 974 1049 1027 ei
1078 991 1251 1045 quem
1281 975 1556 1046 supplicio
1576 982 1798 1032 senten-

173 1067 238 1121 tia'
260 1065 586 1120 destinarit.
619 1066 875 1122 Pulsatus
901 1071 1032 1122 ante
1063 1084 1227 1122 suum
1265 1068 1524 1139 judicem
1565 1067 1812 1126 causam.

170 1161 327 1226 dicat,
356 1163 416 1214 et
445 1177 561 1214 non
589 1167 720 1214 ante
747 1177 912 1215 suum
934 1161 1185 1232 judicem
1211 1163 1461 1233 pulsatus
1487 1163 1534 1218 si
1558 1166 1800 1222 voluerit

171 1256 363 1317 taceat,
395 1258 457 1307 et
496 1258 559 1308 ut
596 1255 830 1325 pulsatis
854 1255 1074 1326 quoties
1105 1256 1513 1328 appellaverint
1553 1258 1797 1314 induciae

169 1348 385 1402 dentur.
437 1346 495 1402 Si
541 1347 666 1418 quis
715 1365 850 1419 ergo
895 1348 1071 1404 iratus
1126 1350 1340 1404 crimen
1388 1351 1618 1422 aliquod
1675 1353 1796 1408 cui-

168 1441 292 1495 libet
316 1446 543 1496 temere
572 1441 862 1512 objecerit,
896 1442 1213 1498 convicium
1238 1460 1356 1498 non
1389 1449 1474 1499 est
1499 1462 1602 1516 pro
1629 1463 1796 1502 accu-

170 1536 373 1589 satione
404 1535 759 1602 habendum,
785 1536 882 1590 sed
913 1537 1192 1607 permisso
1214 1539 1487 1593 tractandi
1516 1540 1714 1610 spatio,
1741 1541 1798 1596 id

169 1628 307 1699 quod
326 1627 516 1682 iratus
543 1629 685 1682 dixit
704 1646 807 1700 per
825 1630 1169 1701 Scripturam
1193 1647 1250 1686 se
1277 1631 1651 1702 probaturum
1675 1650 1797 1688 esse

165 1721 421 1791 fateatur,
459 1727 521 1777 ut
547 1722 594 1775 si
633 1723 864 1778 fortasse
903 1723 1238 1795 resipiscens
1264 1742 1391 1796 qua:
1430 1743 1534 1798 pro
1568 1727 1794 1782 iracun-

1896 504 2047 560 illius
2093 521 2205 559 non
2258 506 2611 578 persequeris
2653 512 2778 578 post
2803 524 2956 563 eum.
2989 508 3144 564 Sicut
3174 509 3330 565 enim
3360 511 3530 568 homo

1899 598 1997 670 qui
2024 598 2209 669 perdit
2233 598 2484 654 amicum
2511 617 2698 670 suum,
2732 601 2829 670 sic,
2863 602 2962 673 qui
2988 603 3180 673 perdit
3217 604 3531 660 amicitiam

1896 691 2138 763 proximi
2171 692 2274 746 sui.
2310 693 2377 746 Et
2423 692 2567 748 sicut
2613 693 2708 765 qui
2755 693 2990 750 dimittit
3033 712 3194 750 avem
3241 697 3308 752 de
3352 715 3530 753 manu

1898 801 2016 850 sua,
2049 785 2126 838 sic
2172 785 2525 857 dereliquisti
2569 788 2897 857 proximum
2946 793 3108 843 tuum
3156 792 3212 844 et
3243 807 3358 846 non
3397 808 3530 846 eum

1897 878 2098 950 capies.
2139 879 2258 933 Non
2306 879 2466 934 illum
2511 880 2780 952 sequeris,
2812 881 3087 951 quoniam
3129 882 3299 956 longe
3349 885 3527 954 abest,

1897 971 2099 1044 effugit
2146 972 2300 1027 enim
2347 974 2511 1044 quasi
2569 991 2790 1045 capraea
2843 975 2911 1028 de
2975 975 3198 1046 laqueo,
3257 979 3526 1048 quoniam

1896 1065 2190 1121 vulnerata
2240 1069 2325 1122 est
2363 1067 2554 1121 anima
2593 1068 2732 1139 ejus.
2781 1070 2936 1123 Ultra
2981 1085 3112 1124 eum
3154 1086 3271 1125 non
3317 1072 3533 1141 poteris

1897 1159 2184 1232 colligare,
2233 1165 2290 1215 et
2339 1160 2621 1216 maledicti
2669 1167 2751 1216 est
2798 1162 3178 1218 concordatio.
3239 1165 3533 1220 Denudare

1898 1258 2092 1313 autem
2131 1254 2296 1309 amici
2347 1255 2612 1325 mysteria
2659 1255 2978 1327 desperatio
3020 1261 3107 1310 est
3149 1257 3357 1312 animae
3402 1259 3534 1313 inﬁ-

1900 1347 2060 1402 delis.
2087 1351 2358 1404 Annuens
2389 1349 2550 1403 oculo
2576 1349 2819 1404 fabricat
2848 1349 3064 1422 iniqua,
3095 1355 3150 1406 et
3182 1368 3351 1406 nemo
3397 1369 3532 1407 eum

1899 1441 2158 1512 abjiciet;
2188 1443 2246 1497 in
2268 1446 2576 1514 conspectu
2603 1445 2894 1499 oculorum
2916 1448 3152 1499 tuorum
3182 1446 3532 1502 conculcabit

1898 1551 1959 1589 os
2010 1552 2199 1604 suum,
2251 1541 2307 1591 et
2357 1554 2526 1607 super
2583 1553 2874 1592 sermones
2925 1542 3048 1592 tuos
3098 1539 3531 1594 admirabitur:

1898 1628 2212 1685 Novissime
2258 1633 2453 1685 autem
2499 1635 2789 1702 pervertet
2840 1647 2900 1685 os
2943 1645 3129 1700 suum,
3159 1636 3216 1687 et
3261 1633 3320 1687 in
3347 1633 3533 1690 verbis

1897 1723 2010 1778 tuis
2036 1723 2195 1777 dabit
2220 1724 2568 1778 scandalum.
2603 1724 2770 1778 Multa
2797 1723 2984 1780 audivi
3012 1731 3067 1781 et
3095 1743 3213 1780 non
3243 1727 3534 1798 corequavi

168 1814 247 1869 dia
273 1815 422 1870 dixit
451 1817 658 1871 iterare
695 1819 794 1870 aut
822 1817 1068 1871 scribere
1117 1819 1386 1888 noluerit,
1421 1837 1534 1874 non
1566 1825 1628 1876 ut
1668 1838 1798 1877 reus
1818 1813 1874 1884 B
1899 1816 1971 1883 ei,
1997 1819 2054 1870 et
2081 1816 2352 1871 Dominus
2382 1817 2537 1872 odiet
2566 1817 2744 1872 illum.
2771 1818 2878 1882 Qui
2904 1818 2963 1872 in
2991 1819 3167 1873 altum
3188 1820 3364 1875 mittit
3386 1821 3529 1892 lapi-

166 1909 414 1963 criminis
443 1914 728 1965 teneatur.
756 1911 950 1965 Omnis
1002 1928 1141 1982 ergo
1193 1912 1290 1983 qui
1338 1913 1558 1968 crimen
1603 1915 1800 1986 objicit

168 2002 370 2057 scribat
430 2020 489 2058 se
554 2003 941 2074 probaturum.
983 2004 1201 2060 Revera
1241 2022 1468 2079 semper
1511 2007 1587 2062 ibi
1631 2025 1798 2063 causa

163 2102 390 2166 agatur,
424 2096 519 2150 ubi
548 2097 764 2152 crimen
795 2097 1135 2153 admittitur.
1184 2101 1251 2154 Et
1291 2101 1389 2171 qui
1428 2118 1545 2156 non
1590 2103 1794 2173 proba-

162 2190 308 2243 verit
376 2190 526 2260 quod
591 2191 816 2262 objecit,
868 2208 1096 2262 poenam
1144 2209 1319 2264 quam
1373 2194 1631 2250 intulerit
1678 2196 1797 2267 ipse

160 2283 432 2352 patiatur.
475 2283 688 2338 Placuit
731 2284 901 2339 etiam
946 2289 1010 2339 ut
1059 2287 1106 2340 si
1158 2287 1455 2358 episcopus
1503 2293 1797 2344 accusatus

161 2376 531 2446 appellaverit
570 2378 643 2431 ad
689 2379 1060 2449 apostolicam
1103 2381 1317 2449 sedem,
1347 2381 1403 2436 id
1433 2384 1798 2438 statuendum

160 2470 303 2540 quod
336 2471 611 2542 ejusdem
644 2472 791 2527 sedis
818 2473 1074 2544 pontifex
1103 2476 1416 2542 censuerit;
1451 2477 1574 2531 haec
1603 2483 1796 2532 tamen

160 2564 390 2618 omnino
442 2564 500 2618 in
549 2566 906 2621 sacerdotum
948 2584 1118 2622 causa
1169 2569 1355 2623 forma
1403 2574 1680 2642 servetur,
1724 2588 1795 2627 ne

158 2673 510 2730 quemquam
554 2660 832 2714 sententia
876 2677 993 2716 non
1040 2680 1073 2716 a
1117 2679 1218 2718 suo
1255 2662 1446 2733 judice
1484 2664 1630 2718 dicta
1662 2681 1792 2720 con-

159 2753 420 2824 stringat.

219 2845 541 2901 Occurrere
571 2863 799 2919 quoque
823 2848 1062 2920 quisque
1099 2849 1357 2905 ﬁdelium
1401 2850 1584 2906 ruinis
1628 2851 1798 2907 debet

159 2955 575 3010 oppressorum
625 2944 681 2994 et
727 2941 1069 2997 miserorum
1113 2943 1384 3012 subsidio,
1419 2961 1531 3016 quo
1574 2945 1799 3001 valeant

157 3050 216 3086 ex
243 3034 604 3089 revelatione
645 3035 844 3090 alienae
869 3035 1134 3092 vindictae
1175 3055 1208 3093 a
1253 3055 1310 3094 se
1353 3039 1454 3094 Dei
1499 3056 1796 3096 removere

149 3127 490 3182 vindictam.
515 3128 677 3182 Libat
697 3129 852 3184 enim
881 3131 1121 3186 Domino
1140 3148 1408 3204 prospera
1434 3133 1531 3204 qui
1559 3135 1628 3188 ab
1649 3133 1794 3188 affli-

157 3222 249 3275 ctis
276 3222 452 3294 pellit
479 3221 738 3290 adversa,
772 3225 918 3279 unde
944 3186 1217 3296 scriptum
1244 3186 1327 3281 est
1355 3245 1369 3282 :
1409 3186 1664 3283 «‘Frater
1688 3229 1798 3282 fra-
1818 3186 1872 3261 Ο

158 3321 290 3370 trem
323 3317 616 3386 adjuvans
641 3317 996 3374 exaltabitur.
1032 3338 1060 3370 »
1095 3319 1339 3374 Ecclesia
1365 3309 1519 3376 enim
1553 3322 1652 3377 Dei
1674 3322 1795 3377 sine

157 3410 372 3465 macula
420 3415 480 3464 et
522 3426 667 3480 ruga
691 3411 860 3466 debet
888 3412 1150 3484 existere,
1183 3417 1242 3468 et
1265 3414 1393 3470 ideo
1418 3431 1533 3470 non
1573 3420 1795 3487 oportet

158 3520 276 3558 eam
321 3520 360 3559 a
408 3503 756 3575 quibusdam
806 3507 1122 3562 conculcari
1175 3513 1272 3563 aut
1324 3509 1617 3580 maculari,
1659 3511 1798 3583 quia

155 3599 436 3669 scriptum
463 3600 571 3668 est,
606 3620 634 3648 «
665 3599 783 3654 Una
805 3604 890 3654 est
917 3601 1180 3656 columba
1220 3617 1352 3657 mea
1390 3604 1640 3674 perfecta
1670 3621 1797 3660 mea

159 3692 327 3758 iCant.
352 3708 439 3759 vr,
462 3693 538 3763 8).
564 3715 591 3742 ››
620 3693 758 3748 Hinc
784 3693 995 3749 iterum
1024 3693 1300 3751 Dominus
1325 3696 1400 3751 ad
1426 3697 1648 3770 Moysen
1675 3699 1789 3755 ait:

159 3808 181 3833 ετ
208 3786 303 3840 Est
329 3787 500 3842 locus
536 3803 713 3857 penes
752 3804 866 3856 me,
895 3793 952 3844 et
994 3789 1169 3844 stabis
1209 3806 1381 3862 super
1414 3794 1575 3863 petra
1599 3793 1792 3864 (Exod.

156 3895 314 3950 xxxii,
343 3883 465 3950 2t).
496 3899 526 3932 ι)
557 3879 693 3944 Quis
718 3886 804 3937 est
833 3882 989 3938 locus
1017 3883 1116 3956 qui
1149 3900 1268 3940 non
1301 3884 1375 3940 sit
1401 3885 1623 3941 Domini
1659 3886 1798 3941 dum

157 3979 357 4030 cuncta
378 3975 446 4030 in
463 3974 588 4047 ipso
609 3991 713 4046 per
733 3991 905 4048 quem
926 3981 1116 4032 creata
1136 3982 1267 4033 sunt
1293 3979 1675 4034 continentur.
1704 3981 1800 4035 Est

157 4071 347 4124 tamen
400 4069 563 4124 locus
606 4071 757 4141 apud
803 4087 957 4139 eum,
989 4071 1249 4128 videlicet
1291 4079 1498 4129 sancta:
1542 4074 1798 4131 Ecclesiae

157 4163 362 4230 unitas,
411 4162 477 4217 in
529 4179 647 4235 qua
689 4181 860 4236 supra
900 4167 1125 4237 petram
1166 4169 1368 4236 statur,
1397 4167 1532 4222 dum
1578 4168 1796 4224 confes-

158 4255 325 4312 sionis
389 4257 648 4312 soliditas
706 4258 1002 4315 humiliter
1055 4265 1302 4330 tenetur,
1349 4263 1446 4331 Te,
1498 4263 1695 4331 frater,
1745 4267 1802 4317 et

157 4365 355 4406 omnes
401 4351 612 4406 fratres
660 4356 880 4407 nostros
930 4353 1236 4408 Ecclesiam
1276 4354 1480 4411 Christi
1527 4355 1800 4428 sanguine

156 4445 522 4517 redemptam
559 4450 821 4517 regentes
866 4463 1190 4516 monemus,
1212 4453 1277 4503 ut
1302 4466 1502 4504 omnes
1535 4466 1567 4504 a
1597 4449 1797 4522 praeci-

1897 1910 2047 1976 dem,
2077 1927 2246 1981 super
2274 1914 2444 1982 caput
2471 1911 2591 1981 ejus
2620 1911 2787 1978 cadit,
2817 1913 2874 1966 et
2902 1910 3075 1981 plaga
3111 1913 3308 1968 dolosa
3354 1913 3533 1968 dolosi

1899 2003 2109 2058 dividet
2134 2005 2401 2070 vulnera;
2433 2004 2528 2075 qui
2559 2003 2705 2059 fodit
2733 2005 2958 2058 foveam
3000 2005 3226 2060 decidet
3259 2006 3315 2060 in
3349 2007 3529 2071 illam,

1898 2101 1955 2152 et
1981 2097 2078 2169 qui
2117 2099 2316 2152 statuit
2358 2098 2608 2169 lapidem
2654 2099 2919 2169 proximo
2967 2098 3216 2154 oﬂ'endet
3259 2101 3316 2154 in
3357 2117 3441 2167 eo,
3475 2106 3533 2156 et

1897 2192 1992 2263 qui
2023 2192 2290 2263 laqueum
2316 2193 2407 2246 alii
2438 2192 2599 2264 ponit
2626 2192 2837 2263 peribit
2864 2194 2922 2246 in
2953 2193 3066 2246 illo.
3097 2193 3342 2248 Facienti
3393 2211 3526 2249 con-

1897 2286 2084 2340 silium
2140 2285 2552 2357 nequissimum
2612 2302 2785 2357 super
2836 2287 3020 2357 ipsum
3074 2286 3419 2354 devolvetur,
3473 2292 3531 2343 et

1895 2396 2012 2434 non
2041 2383 2307 2452 agnoscet
2337 2380 2488 2434 unde
2515 2380 2781 2434 adveniet
2807 2380 2906 2434 illi.
2943 2380 3130 2435 lllusio
3155 2386 3211 2436 et
3240 2382 3530 2454 imprope-

1896 2475 2048 2528 rium
2076 2473 2454 2544 superborum
2487 2477 2544 2528 et
2577 2473 2824 2528 vindicta
2869 2474 3014 2529 sicut
3042 2474 3134 2529 leo
3166 2475 3520 2532 insidiabituJ

1897 2567 2022 2622 illis.
2041 2568 2263 2638 Laqueo
2281 2567 2550 2638 peribunt
2571 2567 2669 2638 qui
2687 2567 3050 2622 obiectantur
3062 2585 3197 2623 casu
3209 2570 3526 2640 justorum:

1897 2661 2056 2716 dolor
2073 2665 2267 2716 autem
2295 2664 2590 2715 consumet
2607 2661 2732 2715 illos
2749 2666 3058 2733 antequam
3084 2663 3421 2717 moriantur.
3442 2666 3531 2720 Ira

1897 2760 1953 2810 et
1979 2755 2139 2810 furor
2165 2760 2408 2826 utraque
2437 2753 2817 2821 exsecrabilia,
2847 2758 2904 2808 et
2931 2756 3016 2809 vir
3051 2759 3316 2827 peccator
3346 2757 3526 2811 conti-

1895 2865 2038 2904 nens
2065 2849 2172 2903 erit
2199 2850 2444 2904 illorum.
2482 2848 2591 2912 Qui
2617 2847 2887 2902 vindicari
2918 2849 3092 2904 vulta
3128 2850 3244 2904 Deo
3271 2850 3530 2906 inveniet

1896 2942 2220 3010 vindictam,
2249 2947 2304 2998 et
2336 2945 2561 3014 peccata
2606 2941 2755 2996 illius
2783 2959 3010 2996 servans
3042 2943 3302 2998 servabit.
3335 2944 3526 3000 Relin-

1896 3053 2007 3108 que
2048 3036 2310 3108 proximo
2354 3041 2452 3090 tuo
2501 3035 2724 3090 nocenti
2771 3034 2896 3103 tibi,
2929 3038 2985 3091 et
3028 3041 3162 3092 tunc
3202 3037 3529 3110 deprecanti

1897 3131 1999 3184 tibi
2029 3135 2259 3201 peccata
2295 3130 2602 3184 solventur.
2626 3130 2802 3184 Homo
2846 3129 3063 3184 homini
3095 3136 3275 3186 servat
3304 3131 3449 3186 iram
3473 3135 3532 3187 et

1897 3240 1930 3278 a
1953 3225 2061 3279 Deo
2083 3223 2286 3296 quaerit
2307 3223 2614 3278 medelam.
2630 3223 2690 3277 In
2712 3222 3006 3279 hominem
3024 3223 3128 3278 sibi
3148 3223 3393 3281 similem
3410 3241 3530 3281 non

1898 3316 2070 3373 habet
2092 3317 2563 3384 misericordiam,
2593 3321 2650 3371 et
2680 3317 2750 3371 de
2777 3316 3016 3388 peccatis
3053 3317 3167 3372 suis
3194 3318 3532 3390 deprecatur

1895 3411 2266 3466 Altissimum.
2300 3413 2419 3483 Ipse
2446 3410 2586 3465 dum
2614 3427 2744 3465 caro
2771 3411 2845 3465 sit
2873 3414 3058 3466 servat
3083 3412 3227 3466 iram
3255 3417 3312 3467 et
3336 3414 3528 3485 propi-

1895 3504 2193 3560 tiationem
2230 3505 2372 3577 petit
2406 3521 2440 3559 a
2478 3506 2640 3560 Deo?
2679 3505 2818 3569 Quis
2866 3505 3118 3560 exorabit
3165 3522 3270 3578 pro
3314 3506 3532 3562 delictis

1897 3598 2054 3653 suis?
2099 3600 2383 3654 Memento
2434 3597 2873 3654 novissimorum
2937 3603 3170 3656 tuorum
3223 3604 3279 3656 et
3333 3599 3532 3658 desine

1896 3692 2204 3747 inimicari.
2224 3691 2499 3747 Tabitudo
2530 3692 2683 3747 enim
2705 3696 2762 3747 et
2781 3709 2935 3748 mors
2961 3693 3272 3749 imminent
3295 3694 3356 3749 in
3376 3710 3533 3750 man-

1897 3786 2060 3842 datis.
2092 3786 2404 3841 Memorare
2451 3784 2716 3840 timorem
2745 3785 2975 3840 Domini
3019 3790 3076 3841 et
3119 3804 3233 3842 non
3273 3787 3532 3842 irascaris

1896 3879 2178 3953 proximo.
2207 3880 2515 3934 Memorare
2544 3879 2869 3934 testamenti
2899 3865 3189 3950 Altissimi,
3223 3885 3280 3936 et
3304 3879 3532 3952 despice

1896 3973 2282 4047 ignorantiam
2329 3971 2594 4045 proximi.
2634 3972 2867 4028 Abstine
2908 3977 2964 4027 te
2995 3973 3156 4029 alite
3204 3979 3262 4030 et
3306 3973 3532 4030 minues

1897 4073 2131 4141 peccata
2163 4085 2176 4123 :
2205 4069 2376 4123 homo
2419 4067 2577 4122 enim
2619 4066 2925 4122 iracundus
2972 4067 3230 4122 incendit
3262 4067 3444 4139 litem,
3473 4072 3533 4124 et

1857 4160 1964 4218 'ut
2008 4165 2270 4235 peccator
2311 4161 2565 4218 turbabit
2607 4161 2839 4232 amicos,
2881 4164 2938 4215 et
2981 4161 3042 4216 in
3086 4162 3280 4218 medio
3326 4179 3530 4234 pacem

1899 4257 2237 4312 habentium
2279 4256 2550 4311 immittet
2572 4255 2966 4328 {.inimicitiam.
3009 4255 3331 4312 Secundum
3378 4257 3534 4313 enim

1898 4350 2057 4422 ligna
2082 4351 2257 4420 silvai,
2287 4350 2364 4404 sic
2390 4350 2540 4422 ignis
2561 4350 2906 4418 exardescet,
2935 4353 2992 4404 et
3013 4350 3328 4406 secundum
3357 4352 3530 4406 virtu-

1901 4447 2019 4500 tem
2046 4444 2292 4500 hominis
2315 4443 2613 4499 iracundia
2644 4444 2795 4498 illius
2825 4443 2951 4511 erit,
2979 4447 3036 4499 et
3062 4445 3377 4500 secundum
3407 4445 3535 4500 sub

157 4537 294 4608 pitio
322 4540 388 4594 in
419 4555 538 4610 quo
561 4539 764 4595 fratres
785 4545 843 4596 et
861 4542 1085 4596 Domini
1113 4543 1431 4614 pastoribus
1452 4543 1800 4600 detrahendo
1820 4559 1879 4632 D
1904 4539 2177 4632 stantiam
2215 4555 2397 4607 suam,
2427 4537 2505 4632 sic
2544 4537 2817 4593 exaltabit
2843 4537 2988 4632 iram
3019 4554 3201 4593 suam.
3235 4539 3533 4594 Certamen

157 4639 212 4686 et
232 4634 651 4705 persequendo
668 4635 852 4690 verbis
872 4639 929 4690 et
951 4635 1114 4691 factis
1138 4637 1429 4706 labuntur,
1446 4638 1664 4710 laqueis
1683 4638 1803 4710 qui~

158 4723 258 4780 bus
269 4729 525 4798 potestis
541 4730 856 4799 retentetis,
871 4734 928 4785 et
945 4730 1182 4786 lacerari
1201 4747 1295 4786 eos
1312 4730 1368 4785 in
1383 4732 1554 4786 hamo
1570 4733 1669 4787 irae
1686 4749 1804 4787 non

158 4822 534 4890 permittatis,
561 4823 692 4894 quia
717 4824 992 4896 scriptum
1014 4829 1099 4880 est
1127 4843 1140 4880 :
1169 4845 1197 4877 «
1223 4827 1305 4880 Ira
1335 4826 1491 4880 enim
1515 4826 1617 4881 viri
1633 4827 1801 4898 justi-

156 4914 293 4970 tiam
348 4916 455 4971 Dei
497 4933 618 4973 non
662 4921 934 4990 operatur
960 4920 1115 4990 (Jac.,
1146 4937 1184 4988 I,
1213 4923 1322 4992 20).
1351 4941 1380 4969 »
1410 4919 1548 4975 Hinc
1575 4937 1800 4976 rursum

161 5007 373 5065 dicitur
396 5026 413 5064 :
445 5033 475 5061 ‹‹
503 5011 586 5066 Sit
613 5013 796 5067 omnis
821 5013 992 5068 homo
1013 5015 1172 5070 velox
1195 5013 1270 5069 ad
1291 5015 1660 5086 audiendum,
1687 5020 1800 5070 tar-

159 5101 260 5157 dus
287 5108 495 5160 autem
520 5105 593 5159 ad
618 5106 994 5178 loquendum,
1017 5110 1077 5163 et
1102 5109 1296 5163 tardus
1315 5109 1385 5163 ad
1410 5109 1556 5164 iram
1587 5112 1739 5180 (Jac.,
1763 5125 1802 5179 ι,

165 5199 264 5264 19}.
293 5220 321 5245 ιν
357 5199 490 5253 Ηεεε
515 5205 706 5254 autem
726 5217 824 5255 vos
842 5206 1073 5257 auctore
1095 5203 1207 5257 Deo
1231 5202 1423 5258 omnia
1441 5219 1668 5258 servare
1687 5219 1804 5258 non

161 5289 422 5362 ambigo,
459 5292 560 5348 sed
605 5295 899 5350 occasione
943 5295 1358 5352 admonitionis
1402 5302 1602 5353 exorta
1642 5297 1805 5352 bonis

164 5386 370 5439 vestris
395 5386 716 5458 desideriis,
748 5394 806 5444 et
835 5390 1103 5461 operibus
1134 5408 1226 5447 me
1253 5390 1458 5446 furtive
1498 5392 1803 5464 subjungo,

158 5480 410 5551 utquod
456 5497 572 5536 non
623 5483 902 5539 admoniti
948 5485 1148 5553 facitis,
1181 5485 1408 5557 quando
1438 5486 1597 5540 vobis
1635 5486 1805 5541 etiam

163 5571 510 5643 admonens,
540 5575 788 5645 additur;
811 5578 936 5649 jam
974 5594 1087 5633 non
1129 5579 1235 5634 soli
1282 5579 1520 5634 faciatis.
1552 5580 1802 5651 Quapro-

159 5669 287 5736 pter
317 5667 529 5724 £ratres
559 5675 783 5742 oportet
808 5688 905 5726 vos
935 5676 991 5728 et
1020 5688 1218 5730 omnes
1245 5673 1443 5728 ﬁdeles
1471 5673 1706 5746 diligere
1726 5674 1808 5728 in-

163 5762 377 5830 vicem,
411 5769 466 5819 et
504 5781 622 5820 non
655 5765 957 5821 detrahere
998 5769 1097 5821 aut
1149 5784 1416 5824 accusare
1447 5769 1804 5824 alterutrum.

164 5853 465 5930 Scriptum
506 5862 592 5916 est
635 5859 791 5915 enim
834 5879 848 5915 ε
883 5881 912 5911 ‹‹
958 5859 1139 5934 Dilige
1192 5863 1522 5937 proximum
1568 5867 1625 5921 et
1670 5880 1805 5922 con-

593 5957 865 6024 PATROL.
914 5958 1140 6028 CXXX.

1903 4631 2231 4689 festinatum
2261 4631 2531 4687 incendet
2558 4632 2774 4704 ignem,
2797 4635 2854 4686 et
2888 4631 2956 4685 lis
2979 4631 3251 4687 festinans
3281 4632 3536 4687 etl'undet

1902 4727 2238 4798 sanguinem
2273 4743 2284 4781 :
2318 4730 2376 4782 et
2409 4726 2606 4797 lingua
2639 4723 2945 4779 testiﬁcans
2985 4724 3228 4780 adducet
3266 4730 3531 4782 mortem.

1903 4822 1962 4877 Si
2001 4820 2329 4889 sufflaveris,
2363 4819 2421 4875 in
2469 4819 2771 4876 scintillam
2812 4819 2976 4890 quasi
3021 4819 3170 4890 ignis
3223 4819 3532 4890 exardebit,

1903 4921 1961 4972 et
1988 4917 2034 4971 si
2063 4915 2354 4988 exspueris
2383 4932 2554 4986 super
2579 4915 2752 4983 illam,
2784 4913 3175 4984 exstinguetur
3203 4917 3260 4969 et
3293 4919 3534 4987 utraque

1905 5029 1976 5067 ex
1996 5027 2092 5067 ore
2105 5009 2559 5082 proﬁciscuntur.
2577 5009 2818 5064 Susurro
2832 5012 2886 5062 et
2897 5007 3170 5079 bilinguis
3183 5008 3532 5078 maledictus,

1904 5107 2111 5161 multos
2132 5104 2284 5160 enim
2307 5103 2556 5158 turbavit
2582 5118 2784 5174 pacem
2803 5101 3102 5158 habentes.
3128 5102 3344 5174 Lingua
3371 5103 3537 5158 tertia

1905 5201 2112 5255 multos
2142 5197 2469 5265 commovit,
2501 5202 2558 5252 et
2583 5196 2844 5268 dispersit
2868 5195 2991 5251 illos
3020 5213 3054 5251 a
3083 5201 3252 5269 gente
3291 5199 3350 5252 in
3392 5214 3533 5270 gen-

1905 5298 2041 5350 tem.
2073 5292 2336 5347 Civitates
2366 5296 2623 5346 muratas
2650 5290 2891 5345 divitum
2923 5291 3220 5358 destruxit,
3255 5295 3312 5346 et
3341 5291 3536 5345 domos

1907 5391 2314 5461 magnatorum
2355 5385 2552 5441 effodit
2580 5403 2593 5440 :
2624 5384 2862 5440 virtutes
2905 5385 3254 5457 populorum
3295 5381 3536 5437 concidit

1908 5486 1966 5537 et
2010 5487 2207 5555 gentes
2257 5481 2432 5536 fortes
2476 5479 2746 5534 dissolvit.
2796 5479 3016 5550 Lingua
3060 5478 3227 5532 tertia
3271 5475 3537 5530 mulieres

1907 5576 2182 5632 veridicas
2217 5574 2383 5647 ejecit
2413 5579 2470 5630 et
2511 5573 2755 5646 privavit
2789 5572 2915 5628 illas
2957 5572 3025 5627 de
3073 5569 3359 5625 laboribus
3402 5569 3536 5625 suis.

1905 5671 2010 5738 Qui
2035 5670 2264 5742 respicit
2301 5669 2461 5724 illam
2504 5683 2622 5723 non
2660 5666 2892 5723 habebit
2932 5664 3211 5736 requiem,
3244 5679 3347 5719 nec
3377 5662 3538 5720 habi-

1906 5765 2048 5822 tabit
2086 5766 2144 5820 in
2188 5764 2402 5836 requie.
2431 5761 2664 5834 Flagelli
2702 5761 2875 5833 plaga
2916 5759 3145 5814 livorem
3191 5756 3347 5828 facit,
3375 5759 3545 5834 plaga

1909 5863 2102 5917 autem
2140 5859 2352 5933 linguae
2391 5855 2732 5912 comminuit
2768 5867 2910 5909 ossa.
2942 5850 3098 5906 Multi
3131 5851 3460 5911 ceciderunt
3487 5853 3546 5912 in

3116 5956 3154 6014 6
