4026 6166
511 289 608 345 163

1389 287 1674 343 APPEND.
1716 287 1805 343 AD
1845 287 2004 343 SXEC.
2046 287 2132 341 IX.
2172 315 2240 326 —
2270 285 2514 341 [SIDORI
2552 281 2979 341 MERCATORIS

3756 286 3841 340 164-

503 415 599 452 ore
645 395 841 468 gladii,
883 397 977 450 sed
1027 411 1144 449 non
1193 394 1270 450 sic
1311 398 1596 467 quomodo
1645 397 1743 468 qui
1787 395 2131 450 interierunt
2150 395 2288 480 Ain
2332 394 2588 465 potentia
2627 392 2846 447 virtutis
2890 392 3030 462 ejus,
3062 390 3279 446 induite
3307 406 3402 444 vos
3449 405 3609 445 arma
3651 389 3762 457 Dei,
3789 399 3841 447 ut

502 509 607 562 per
635 491 892 561 linguam
923 505 1106 544 suam.
1140 490 1346 544 Beatus
1379 496 1462 544 est
1499 490 1596 560 qui
1624 494 1808 544 tectus
1843 494 1930 544 est
1959 508 1991 544 a
2017 491 2125 544 lin-

503 601 614 656 gua
643 599 912 654 nequam,
944 588 1000 637 et
1031 583 1130 655 qui
1159 583 1216 637 in
1246 584 1598 638 iracundiam
1623 584 1773 638 illius
1800 601 1912 638 non
1943 589 2124 639 trans-
2156 647 2166 658 .

500 679 621 743 ivit,
665 683 721 731 et
762 677 860 748 qui
913 694 1028 731 non
1074 677 1302 732 attraxit
1341 677 1552 747 jugum
1603 677 1744 748 ejus,
1788 682 1844 732 et
1894 677 2128 732 vinculis

502 770 624 840 ejus
653 787 772 824 non
798 775 881 824 est
906 769 1138 841 ligatus.

568 867 779 935 Jugum
810 863 964 917 enim
1000 863 1150 917 illius
1183 863 1390 934 jugum
1428 864 1677 918 ferreum
1716 866 1819 930 est,
1851 868 1907 918 et
1930 863 2125 919 vincu-

495 959 618 1013 lum
655 957 803 1011 illius
829 957 1116 1011 vinculum
1163 973 1377 1011 aereum
1423 964 1534 1028 est;
1580 975 1733 1012 mors
1779 958 1928 1012 illius
1970 975 2129 1013 mors

499 1051 867 1122 nequissima,
916 1054 972 1104 et
1010 1051 1164 1104 utilis
1215 1050 1404 1121 potius
1461 1051 1718 1120 infernus
1773 1068 1947 1122 quam
2011 1053 2124 1106 illa.

495 1143 923 1200 Perseverantia
963 1143 1113 1198 illius
1152 1161 1264 1199 non
1307 1145 1682 1215 permanebit,
1717 1145 1813 1198 sed
1853 1145 2130 1200 obtinebit

494 1238 611 1293 vias
661 1238 1024 1308 injustorum,
1058 1241 1114 1292 et
1148 1237 1381 1292 ﬂamma
1416 1255 1517 1292 sua
1549 1255 1664 1292 non
1704 1238 1999 1293 comburat
2031 1238 2126 1308 ju-

497 1335 632 1386 stos.
664 1331 770 1394 Qui
810 1330 1223 1402 derelinquunt
1254 1333 1435 1385 Deum
1463 1331 1728 1386 incidunt
1766 1332 1825 1385 in
1867 1331 2041 1400 illam,
2074 1336 2130 1385 et

498 1425 821 1480 exardescet
849 1426 906 1479 in
932 1425 1043 1479 illis
1065 1429 1122 1479 et
1140 1442 1258 1480 non
1287 1426 1679 1496 exstinguetur
1707 1431 1763 1480 et
1786 1425 2130 1480 immittetur

498 1519 556 1573 in
584 1519 706 1574 illos
733 1519 896 1590 quasi
925 1519 1037 1587 leo,
1067 1524 1124 1574 et
1164 1519 1326 1590 quasi
1369 1519 1580 1590 pardus
1621 1520 1790 1573 laedet
1821 1520 1969 1574 illos.
2001 1519 2128 1590 Sepi

497 1629 662 1668 aures
696 1616 824 1668 tuas
858 1612 1035 1684 spinis
1073 1617 1128 1668 et
1167 1613 1287 1667 noli
1333 1613 1531 1666 audire
1557 1613 1817 1685 linguam
1850 1630 2124 1683 nequam,

495 1709 552 1762 et
579 1706 662 1760 ori
694 1709 791 1760 tuo
817 1705 988 1760 facito
1021 1706 1162 1760 ostia
1202 1709 1259 1759 et
1301 1722 1452 1759 seras
1489 1706 1721 1760 auribus
1751 1707 1880 1761 tuis.
1909 1711 2127 1760 Aurum

2229 488 2449 559 possitis
2497 492 2644 541 stare
2706 487 2970 541 adversus
3026 484 3259 539 insidias
3317 483 3548 550 diaboli,
3590 484 3841 554 quoniam

2230 598 2344 634 non
2373 586 2458 635 est
2482 580 2645 635 nobis
2680 578 3018 644 colluctatio,
3044 578 3314 632 adversus
3356 594 3588 631 carnem
3635 581 3691 631 et
3726 595 3840 632 san-

2230 675 2482 746 guinem,
2513 674 2611 728 sed
2652 673 2922 727 adversus
2961 672 3247 743 principes
3293 674 3350 726 et
3397 675 3726 742 potestates,
3756 672 3842 725 ad-

2229 785 2422 823 versus
2457 767 2661 821 mundi
2705 769 2951 822 rectores
2995 765 3361 821 tenebrarum
3409 766 3634 833 harum,
3663 771 3849 819 contra

2230 861 2546 933 spiritualia
2574 860 2841 931 nequitiae
2860 860 2920 914 in
2940 859 3282 925 coelestibus,
3301 862 3601 930 propterea
3622 859 3846 931 accipite

2229 959 2577 1010 armaturam
2608 955 2710 1008 Dei
2738 959 2800 1008 ut
2824 953 3052 1024 possitis
3082 953 3345 1008 resistere
3394 953 3453 1006 iu
3500 953 3590 1007 die
3628 953 3777 1007 malo
3803 958 3851 1007 et

2219 1039 2288 1103 in
2340 1049 2609 1103 omnibus
2672 1048 2911 1120 perfecti
2964 1052 3133 1102 stare.
3187 1047 3341 1102 State
3397 1062 3534 1117 ergo
3591 1047 3851 1101 succincti

2229 1143 2453 1197 lumbos
2483 1146 2699 1196 vestros
2725 1142 2784 1195 in
2808 1142 3039 1195 veritate
3065 1145 3122 1194 et
3148 1140 3332 1195 induti
3359 1141 3530 1195 lorica
3549 1140 3787 1211 justitiae
3805 1147 3853 1195 et

2230 1237 2464 1290 calceati
2509 1236 2682 1307 pedes
2727 1236 2785 1289 in
2830 1234 3246 1306 praeparatione
3292 1235 3572 1305 evangelii
3603 1234 3851 1306 pacis,in

2231 1329 2495 1384 omnibus
2556 1335 2846 1384 sumentes
2908 1334 3129 1382 scutum
3181 1327 3314 1382 ﬁdei
3361 1328 3420 1382 in
3469 1345 3582 1399 quo
3641 1328 3856 1400 possitis

2231 1423 2424 1478 omnia
2470 1424 2583 1478 tela
2629 1421 2961 1493 nequissimi
3007 1422 3173 1492 ignea
3219 1422 3600 1492 exstinguere.
3650 1422 3713 1476 Et
3758 1439 3854 1492 ga-

2230 1518 2375 1572 leam
2419 1517 2614 1570 salutis
2659 1515 2948 1585 assumite,
2988 1521 3044 1569 et
3093 1515 3345 1587 gladium
3389 1515 3628 1586 Spiritus
3679 1514 3858 1570 sancti

2231 1613 2382 1684 quod
2408 1617 2492 1667 est
2522 1613 2758 1667 verbum
2784 1612 2900 1666 Dei.
2940 1613 3069 1666 Haec
3113 1612 3289 1666 frater
3316 1628 3444 1683 qua:
3487 1611 3590 1666 tibi
3635 1611 3855 1683 scripsi-

2229 1723 2355 1760 mus
2377 1707 2718 1777 generaliter
2743 1705 3008 1761 omnibus
3027 1708 3162 1760 nota
3193 1705 3316 1760 ﬁeri
3341 1706 3626 1773 volumus,
3649 1710 3713 1759 ut
3730 1722 3860 1777 qua:

492 1803 658 1855 tuum
701 1803 757 1854 et
784 1805 1087 1871 argentum
1119 1799 1320 1868 conﬂa,
1349 1805 1405 1853 et
1432 1799 1616 1853 verbis
1648 1799 1761 1854 tuis
1803 1799 1972 1854 facito
2012 1803 2123 1853 sta-
2147 1783 2202 1856 Β
2227 1806 2460 1855 caeteros
2498 1803 2762 1870 tangunt,
2797 1799 3064 1854 omnibus
3106 1801 3241 1853 nota
3281 1798 3442 1853 ﬁant.
3491 1798 3861 1870 Omnipotens

495 1897 699 1962 teram,
734 1896 791 1947 et
839 1893 1030 1947 frenos
1080 1892 1165 1946 ori
1207 1898 1307 1948 tuo
1355 1897 1556 1948 rectos.
1587 1892 1827 1948 Attende
1867 1910 1938 1948 ne
1981 1894 2125 1949 forte

493 1986 704 2041 labaris
735 1987 793 2041 in
820 1987 1019 2058 lingua
1049 1990 1148 2041 tua
1176 1991 1233 2041 et
1259 1986 1426 2041 cadas
1455 1986 1513 2041 in
1541 1991 1846 2058 conspectu
1877 1987 2128 2042 inimico-

491 2096 621 2134 rum
648 2080 1048 2135 insidiantium
1076 2079 1196 2148 tibi,
1226 2085 1281 2134 et
1314 2080 1388 2134 sit
1425 2097 1584 2136 casus
1621 2084 1752 2136 tuus
1798 2081 2126 2136 insanabilis

488 2173 550 2227 in
617 2178 866 2228 mortem
923 2172 1104 2242 (Eccli.
1166 2189 1334 2243 xxvu,
1390 2175 1597 2245 xxvm).
1651 2196 1678 2224 »
1732 2177 1843 2231 Ista
1891 2179 2129 2230 caveant

491 2281 692 2320 omnes
733 2271 790 2319 et
815 2264 1121 2320 cohibeant
1161 2265 1384 2336 linguas
1430 2283 1560 2322 suas
1604 2284 1638 2321 a
1683 2267 1853 2334 malo,
1883 2270 1940 2322 et
1976 2267 2127 2322 labia

492 2373 693 2413 eorum
723 2374 795 2414 ne
830 2359 1136 2430 loquantur
1162 2358 1378 2414 dolum.

562 2452 640 2507 De
668 2455 893 2524 caetero,
917 2452 1253 2521 charissimi,
1286 2453 1690 2509 confortamini
1709 2454 1770 2509 in
1800 2454 2047 2510 Domino
2069 2459 2127 2511 et

2229 1895 2375 1948 Deus
2417 1897 2492 1963 te,
2531 1894 2728 1964 frater,
2759 1898 2815 1948 et
2852 1893 3103 1964 reliquos
3144 1892 3344 1948 fratres
3385 1899 3608 1948 nostros
3652 1893 3862 1964 ubique

2227 1987 2616 2055 consistentes,
2650 1990 2913 2058 protegat
2941 2003 3121 2063 usque
3153 1986 3210 2041 in
3235 1987 3433 2056 ﬁnem,
3468 1987 3567 2058 qui
3593 1992 3860 2042 cunctum

2227 2081 2511 2136 mundum
2532 2080 2799 2152 dignatus
2819 2083 2903 2136 est
2925 2081 3206 2136 redimere
3223 2081 3382 2136 Jesus
3405 2080 3657 2136 Christus
3677 2081 3864 2136 Domi-

2225 2191 2334 2230 nus
2377 2180 2572 2230 noster
2623 2175 2721 2246 qui
2767 2180 2851 2231 est
2897 2174 3238 2230 benedictus
3281 2175 3342 2229 in
3387 2175 3610 2245 saecula,
3654 2177 3858 2232 Amen.

2227 2269 2364 2323 Data
2406 2285 2519 2324 xvn
2563 2269 2799 2324 Kalend.
2845 2269 3116 2324 Novemb.
3163 2268 3426 2324 Africano
3479 2272 3536 2325 et
3575 2269 3748 2325 Decio
3804 2270 3866 2323 ιγ

2225 2377 2308 2417 cc.
2350 2364 2570 2418 consul.

1074 2829 1649 2924 INCIPIUNT
1719 2832 2244 2924 DECRETA
2314 2831 2845 2934 CORNELII
2915 2832 3281 2926 PAPIE.

930 3026 1026 3091 De
1077 3026 1504 3092 translatione
1561 3046 1910 3111 corporum
1966 3029 2441 3112 apostolorum,
2505 3037 2569 3094 et
2621 3030 3016 3112 quibusdam
3075 3029 3411 3094 haretz‘cz’s.

1416 3195 1600 3266 (Anno
1626 3195 1856 3253 Domini
1881 3200 2007 3267 255,
2038 3196 2204 3252 Decio
2229 3197 2576 3269 imperatore
2603 3197 2926 3268 regnante.)

558 3491 918 3549 Charissimis
966 3497 1138 3565 atque
1185 3493 1562 3549 dilectissimis
1603 3495 1871 3551 fratribus
1909 3500 2120 3552 sanctae
2141 3509 2195 3584 Ο
2222 3496 2502 3568 praedium
2543 3496 2831 3568 praedictae
2867 3500 3169 3564 matrona,
3204 3493 3291 3548 via
3318 3492 3582 3561 Ostiensi,
3610 3492 3683 3547 ad
3710 3493 3878 3548 latus

489 3586 588 3642 Dei
639 3586 900 3642 Ecclesiae.
944 3587 1074 3641 ﬁliis
1117 3592 1174 3642 et
1217 3589 1482 3644 omnibus
1527 3589 1763 3645 Domino
1805 3593 1963 3646 recta
2007 3590 2119 3646 ﬁde
2223 3591 2316 3647 ubi
2365 3591 2672 3646 decollatus
2718 3595 2821 3645 est.
2863 3591 3061 3645 Postea
3101 3605 3234 3643 vero
3280 3587 3434 3644 beati
3475 3586 3879 3657 apostolorum

487 3680 918 3750 famulantibus,
945 3681 1255 3738 CORNELIUS
1287 3682 1601 3754 episcopus.

557 3774 768 3830 Videns
793 3774 1081 3830 charitatis
1108 3779 1308 3831 vestrae
1333 3776 1791 3833 benevolentiam
1823 3778 1956 3850 quia
1984 3795 2118 3850 apo-

487 3871 764 3926 stolorum
791 3874 1077 3925 amatores
1111 3870 1264 3940 estis,
1296 3886 1606 3943 eorumque
1630 3872 1802 3926 ﬁdem
1835 3876 1891 3926 et
1911 3872 2119 3927 doctri-

486 3980 621 4019 nam
647 3962 872 4030 tenetis,
897 3962 1120 4017 decrevi
1138 3963 1296 4018 vobis
1320 3965 1570 4020 scribere
1618 3966 1859 4019 Domino
1892 3969 2122 4020 auctore

492 4058 760 4128 quaedam
773 4073 843 4112 ex
858 4055 946 4109 his
959 4072 1087 4126 quae
1099 4073 1251 4111 nunc
1266 4058 1542 4128 temporis
1557 4058 2012 4113 necessariasunt
2023 4058 2124 4112 sci—

488 4150 559 4217 ri,
573 4153 775 4220 etquae
797 4148 952 4220 apud
966 4165 1072 4202 nos
1090 4149 1150 4203 in
1171 4150 1421 4204 Ecclesia
1443 4149 1746 4206 auxiliante
1762 4151 2004 4206 Domino
2019 4152 2122 4206 Ro-
2153 4133 2174 4146 ’

491 4258 667 4298 mana
677 4241 898 4296 meritis
910 4241 1294 4314 apostolorum
1307 4259 1493 4314 nuper
1503 4247 1627 4299 acta
1645 4249 1777 4300 sunt
1791 4245 1904 4301 sive
1921 4262 2125 4317 gerun-

490 4341 604 4404 tur,
635 4335 905 4407 quoniam
945 4336 1334 4407 patrocinante
1373 4337 1649 4394 charitate
1693 4339 1865 4395 credo
1892 4356 1992 4395 vos
2017 4357 2121 4411 pa-

491 4436 658 4486 terna
684 4431 871 4503 gratia
896 4430 1108 4503 scripta
1133 4430 1281 4486 sedis
1309 4433 1631 4503 apostolicae
1662 4433 1904 4490 libenter
1943 4435 2120 4490 susci-

487 4541 626 4599 pere
658 4529 716 4580 et
740 4523 1012 4580 mandata
1041 4524 1164 4596 ejus
1190 4541 1487 4598 peragere,
1520 4530 1690 4600 atque
1729 4528 1800 4583 de
1839 4528 1962 4600 ejus
1985 4545 2120 4601 pro-

489 4619 734 4675 fectibus
761 4617 1055 4692 gratulari,
1089 4618 1226 4691 quia
1254 4619 1497 4692 quisque
1527 4637 1586 4676 se
1619 4621 1679 4676 in
1710 4621 1898 4677 radice
1930 4622 2119 4678 chari-

490 4713 624 4769 tatis
648 4713 865 4781 inserit,
899 4729 1002 4768 nec
1040 4731 1074 4768 a
1099 4712 1384 4769 viriditate
1425 4715 1634 4784 deﬁcit,
1661 4732 1765 4771 nec
1790 4733 1823 4770 a
1847 4717 2123 4772 fructibus

492 4808 790 4878 inanescit,
844 4823 950 4862 nec
1002 4823 1201 4863 amore
1274 4808 1632 4864 fecunditatis
1705 4827 1847 4882 opus
1921 4812 2123 4867 efﬁcax

2219 3685 2492 3757 principis
2535 3684 2688 3740 Petri
2734 3684 3056 3756 accepimus
3102 3699 3325 3754 corpus,
3374 3686 3430 3736 et
3477 3680 3884 3736 condecenter

2219 3779 2516 3852 posuimus
2543 3778 2685 3839 illud
2702 3779 2871 3850 juxta
2895 3779 3084 3833 locum
3111 3776 3207 3832 ubi
3238 3776 3538 3831 cruciﬁxus
3581 3777 3667 3829 est
3707 3774 3886 3829 inter

2221 3889 2456 3944 corpora
2475 3876 2800 3928 sanctorum
2817 3872 3238 3944 episcoporum,
3254 3871 3313 3925 in
3329 3869 3546 3941 templo
3559 3868 3883 3939 Apollinis,

2222 3966 2282 4020 in
2309 3969 2506 4021 monte
2543 3969 2732 4021 Aureo
2764 3966 2824 4021 in
2854 3966 3123 4022 Vaticano
3164 3964 3358 4037 palatii
3401 3963 3641 4018 Neronis
3688 3962 3886 4017 tertio

2223 4059 2606 4115 Kalendarum
2648 4060 2930 4115 Juliarum
2966 4060 3079 4128 die,
3109 4063 3336 4114 orantes
3366 4059 3543 4113 Deum
3574 4061 3632 4111 et
3659 4057 3887 4111 Domi-

2223 4169 2364 4208 num
2405 4157 2666 4209 nostrum
2703 4156 2896 4210 Jesum
2937 4154 3247 4224 Christum,
3277 4155 3343 4207 ut
3373 4149 3892 4206 intercedentibus

2223 4247 2339 4302 suis
2388 4248 2596 4303 sanctis
2655 4248 2944 4320 apostolis
2977 4247 3230 4303 maculas
3281 4250 3600 4301 vestrorum
3652 4248 3897 4316 purget

2222 4347 2605 4415 peccatorum,
2633 4345 2690 4397 et
2727 4341 2786 4396 in
2828 4358 2926 4397 sua
2954 4359 3054 4397 vos
3091 4343 3383 4397 conservet
3416 4339 3707 4394 voluntate
3743 4337 3900 4394 die-

2221 4436 2326 4492 bus
2364 4437 2492 4492 vitze
2520 4439 2735 4504 vestras,
2765 4439 2824 4491 et
2865 4436 2926 4490 in
2970 4436 3160 4491 fructu
3206 4434 3344 4490 boni
3389 4433 3571 4505 operis
3598 4448 3695 4486 vos
3731 4447 3900 4504 per-

2223 4530 2558 4586 severabiles
2605 4529 2822 4585 reddat.
2855 4531 2964 4585 Vos
3003 4547 3138 4586 vero
3180 4529 3270 4584 his
3319 4525 3674 4598 congaudete
3728 4526 3907 4597 quia

2223 4630 2279 4680 et
2326 4624 2432 4696 ipsi
2485 4624 2665 4679 sancti
2718 4624 2960 4696 apostoli
3013 4624 3084 4678 de
3139 4629 3325 4679 vestro
3384 4620 3908 4693 congratulantur

2224 4718 2453 4790 gaudio.
2482 4720 2589 4772 Vos
2616 4735 2847 4790 semper
2871 4719 3048 4773 Deum
3081 4717 3315 4772 laudate
3341 4721 3397 4772 et
3421 4716 3541 4787 ipse
3570 4713 3906 4785 gloriﬁce-

2224 4815 2318 4867 tur
2347 4813 2404 4866 in
2435 4812 2622 4881 vobis;
2655 4812 2926 4884 scriptum
2955 4815 3042 4866 est
3071 4811 3227 4866 enim
3260 4830 3274 4865 :
3311 4833 3337 4860 «
3367 4809 3513 4875 Quid
3539 4808 3909 4865 retribuam

492 4902 721 4959 amittit.
754 4903 880 4973 Ipsa
909 4901 1066 4956 enim
1101 4902 1346 4958 Charitas
1377 4909 1595 4959 exercet
1633 4904 1804 4959 corda
1840 4905 2119 4975 fidelium,
2140 4885 2200 4958 Ῑ)
2224 4906 2463 4961 Domino
2496 4923 2599 4979 pro
2624 4907 2887 4962 omnibus
2919 4922 3044 4978 quae
3082 4903 3347 4961 retribuit
3389 4903 3571 4958 mihi?
3609 4902 3917 4960 Calicem

493 5013 686 5054 sensus
737 4995 1085 5065 corroborat,
1132 5001 1194 5052 ut
1238 4996 1379 5051 nihil
1434 5014 1624 5068 grave,
1675 4998 1817 5054 nihil
1870 4999 2119 5070 difﬁcile,

495 5091 595 5148 sed
637 5091 738 5145 ﬁat
777 5093 962 5145 totum
1007 5090 1169 5146 dulce
1213 5091 1367 5162 quod
1412 5091 1622 5162 agitur,
1651 5091 1789 5147 dum
1829 5094 1948 5164 ejus
1991 5109 2119 5166 pro-

490 5187 682 5260 prium
731 5184 802 5239 sit
855 5183 1074 5239 nutrire
1127 5184 1504 5255 concordiam,
1550 5203 1777 5242 servare
1830 5188 2119 5260 mandata,

492 5287 664 5355 atque
725 5277 1026 5333 dissociata
1086 5278 1455 5350 conjungere,
1514 5297 1683 5351 prava
1744 5281 2006 5353 dirigere,
2067 5285 2124 5338 et

493 5381 730 5432 caeteras
744 5371 980 5428 virtutes
994 5371 1364 5443 perfectionis
1381 5391 1495 5429 sua:
1517 5374 1838 5431 munimine
1855 5376 2118 5432 solidare.

489 5471 840 5542 Quapropter
880 5482 1024 5537 rogo
1061 5482 1160 5521 vos
1205 5467 1370 5522 nobis
1415 5468 1818 5540 congratulari,
1852 5470 1984 5541 quia
2027 5486 2119 5525 ro-

493 5568 625 5636 gatu
642 5560 939 5634 cujusdam
957 5560 1175 5616 devota:
1192 5560 1420 5616 feminae
1434 5565 1605 5634 atque
1618 5563 1979 5620 nobilissima
2002 5581 2123 5619 ma-

490 5661 670 5711 tronae
700 5655 928 5711 Lucinae
947 5654 1129 5710 levata
1152 5659 1284 5711 sunt
1304 5672 1539 5728 corpora
1563 5657 1951 5728 apostolorum
1971 5658 2124 5713 Petri

493 5753 550 5802 et
593 5750 749 5804 Pauli
797 5750 866 5805 de
922 5749 1314 5817 Catacumbis;
1363 5753 1420 5804 et
1466 5751 1652 5822 primo
1697 5751 1928 5824 quidem
1966 5751 2120 5807 beati

490 5841 646 5896 Pauli
700 5859 901 5914 corpus
955 5845 1204 5901 levatum
1263 5845 1486 5901 silentio
1538 5863 1602 5900 ac
1651 5846 1895 5917 positum
1939 5846 2120 5902 estin

2222 5000 2479 5055 salutaris
2509 5000 2784 5072 accipiam
2813 5005 2869 5054 et
2895 5016 3112 5055 nomen
3137 4998 3363 5054 Domini
3389 4996 3667 5053 invocabo
3689 4997 3918 5068 (Paul.

2220 5112 2340 5162 cxv,
2361 5098 2443 5163 12,
2463 5097 2565 5166 13).
2581 5118 2607 5145 ››
2623 5095 2866 5149 Tantum
2887 5094 3044 5149 enim
3066 5111 3099 5148 a
3121 5092 3284 5148 nobis
3307 5093 3558 5164 exigitur
3575 5094 3926 5162 quantum

2219 5205 2520 5261 possumus
2571 5189 2878 5243 famulatus
2920 5188 3096 5242 nostri
3136 5186 3407 5259 obsequio
3450 5183 3866 5240 commodare
3891 5204 3920 5255 ;

2223 5283 2375 5338 unde
2407 5283 2638 5354 quidem
2666 5285 2824 5338 tanto
2853 5299 2954 5338 nos
2983 5298 3209 5337 necesse
3236 5284 3319 5336 est
3344 5277 3692 5353 importunis
3717 5295 3934 5350 pra»

2221 5376 2601 5433 dicationibus
2632 5377 2910 5445 insistere,
2943 5380 3157 5448 quanto
3184 5375 3346 5431 nobis
3373 5375 3638 5446 perfectas
3671 5387 3933 5444 nego-

2220 5471 2480 5527 tiationis
2523 5471 2770 5526 creditur
2805 5471 3087 5543 duplicata
3132 5471 3482 5525 talentorum
3524 5465 3938 5542 assignat—io,

2220 5571 2388 5638 atque
2413 5565 2717 5621 Dominicae
2738 5565 2886 5621 vocis
2905 5565 2978 5620 ad
3004 5563 3423 5637 suscipiendam
3453 5562 3571 5634 ejus
3594 5559 3820 5633 requie
3835 5580 3944 5621 In

2221 5659 2420 5715 suadet
2447 5660 2695 5716 assertio.

2292 5754 2419 5808 Haec
2472 5754 2728 5808 invidens
2784 5753 3049 5824 antiquus
3111 5751 3288 5807 hostis
3352 5750 3642 5807 suscitavit
3693 5748 3958 5812 nobis

2221 5847 2603 5904 adversarium
2655 5850 2952 5915 Novatum,
3000 5850 3170 5902 rectae
3215 5845 3348 5900 ﬁdei
3391 5850 3448 5901 et
3493 5849 3705 5900 sancta:
3760 5843 3962 5906 do-
