4026 6166
187 261 277 314 165

1397 259 1864 319 DECRETALIUM
1899 260 2284 318 COLLECTIO.

3429 265 3522 323 l66

179 371 362 425 ctrina:
386 369 678 439 aemulum,
714 367 815 442 qui
843 371 1005 426 extra
1037 366 1344 426 Ecclesiam
1378 372 1660 429 ordinavit
1687 375 1790 430 No-
1816 389 1875 462 Α
1895 374 2082 430 veniet
2109 376 2166 429 et
2193 389 2308 428 non
2337 371 2580 427 tardabit
2611 372 2789 442 (ltn'd.,
2821 372 2928 444 3‘7).
2950 394 2976 422 »
3007 374 3143 429 Ecce
3164 373 3319 430 enim
3343 375 3524 447 judex

179 464 467 531 vatianum,
511 470 568 519 et
605 465 666 519 in
703 463 894 519 Africa
932 465 1330 535 Nicostratum,
1369 471 1632 540 utrosque
1672 470 1792 524 hae-

177 558 363 613 reticos
415 558 558 612 sicut
605 558 702 612 ille
751 562 891 613 erat.
935 559 1000 612 Hi
1049 575 1180 614 vero
1233 560 1546 629 conatibus,
1590 562 1794 634 quibus

175 655 489 723 potuerunt,
547 653 756 707 multos
809 669 843 706 a
895 656 1050 707 recta
1095 656 1150 708 et
1192 653 1466 709 catholica
1513 654 1622 711 ﬁde
1663 674 1792 711 sua-

174 745 355 800 dentes
390 744 660 800 recedere
707 745 984 812 fecerunt,
1013 749 1070 801 et
1105 751 1233 816 post
1281 763 1339 801 se
1378 748 1437 802 in
1470 764 1794 820 perversam

175 842 222 893 et
249 839 354 893 Deo
391 838 667 894 odibilem
712 838 1032 894 doctrinam
1070 856 1334 896 corruere
1372 848 1788 913 persuaserunt.

171 931 264 987 Sed
300 933 449 987 sicut
493 933 736 988 istorum
781 933 1345 1004 tergiversationibus
1384 935 1553 989 nimis
1596 953 1792 992 sumus

170 1026 474 1080 contristati
530 1031 587 1083 et
628 1027 696 1082 de
730 1043 928 1082 eorum
971 1027 1288 1099 perditione
1331 1029 1576 1100 contriti,
1606 1031 1683 1084 sic
1721 1031 1791 1087 de

171 1121 400 1174 aliorum
431 1121 857 1176 conversatione
886 1121 1128 1176 Domino
1145 1122 1453 1178 auxiliante
1481 1139 1676 1178 sumus
1697 1124 1792 1179 las-

167 1213 364 1268 titicati.
401 1215 551 1269 Deus
577 1219 771 1269 autem
803 1215 1166 1287 omnipotens
1183 1215 1280 1287 qui
1310 1216 1565 1272 tristibus
1591 1217 1790 1273 miscet

167 1309 295 1376 laeta,
325 1308 543 1379 oppido
565 1325 670 1364 nos
689 1308 1015 1376 laetiﬁcavit,
1045 1326 1156 1380 quo
1182 1309 1416 1381 quidam
1442 1313 1790 1368 confessores

167 1401 251 1472 qui
275 1401 497 1455 dudum
542 1402 770 1457 fuerant
815 1401 1030 1471 ﬁdeles,
1081 1420 1114 1457 a
1141 1403 1304 1457 nobis
1332 1409 1389 1458 et
1419 1421 1452 1458 a
1495 1410 1646 1460 recta
1677 1406 1788 1461 ﬁde

166 1494 372 1549 diabolo
403 1496 715 1567 instigante
744 1513 801 1551 se
828 1500 1171 1568 separantes,
1202 1514 1334 1552 cum
1360 1498 1598 1553 Maximo
1627 1517 1783 1570 pres-

165 1588 344 1659 bytero
388 1590 467 1644 ad
521 1590 826 1645 Ecclesiam
865 1591 1217 1645 Catholicam
1267 1595 1325 1645 et
1361 1592 1531 1648 ﬁdem
1573 1599 1787 1648 rectam

164 1689 280 1737 sunt
322 1683 561 1751 reversi,
607 1687 663 1738 et
703 1683 893 1738 denuo
936 1685 1080 1740 sicut
1122 1688 1276 1756 prius
1312 1687 1446 1740 facti
1490 1693 1620 1742 sunt
1645 1703 1782 1742 con-

1895 473 2027 524 ante
2056 468 2293 539 januam
2335 466 2558 534 assistit,
2604 483 2842 522 coronas
2889 466 3144 521 hilariter
3185 469 3524 540 promittens

1893 561 1982 618 his
2037 562 2136 634 qui
2184 578 2288 632 pro
2343 577 2410 616 eo
2461 560 2818 631 passionibus
2871 559 3302 616 submittuntur.
3359 563 3522 626 Quod

1894 656 1939 710 si
1983 655 2326 710 subtraxerit
2372 671 2431 708 se
2481 653 2643 726 quis,
2700 671 2813 708 non
2851 653 3094 724 placebit
3123 655 3333 710 animae
3357 672 3518 723 meae,

1892 749 1991 804 sed
2022 749 2182 804 cadet
2208 749 2277 803 de
2314 747 2688 820 promissione
2727 751 2957 818 propter
2984 748 3367 818 negationem.
3410 752 3522 805 Nos

1893 848 2086 898 autem
2113 860 2227 898 non
2256 859 2451 896 sumus
2485 841 2878 895 subtractionis
2901 840 3001 894 filii
3030 841 3088 895 in
3123 842 3518 914 perditionem,

1890 938 1985 992 sed
2005 937 2136 992 ﬁdei
2158 937 2216 991 in
2233 935 2667 1008 acquisitionem
2687 935 2912 989 animos.
2933 936 3167 1005 Propter
3180 935 3335 1006 quod
3360 953 3518 990 assu-

1891 1032 2027 1086 mite
2071 1048 2229 1085 arma
2262 1031 2380 1098 Dei,
2434 1035 2496 1084 ut
2547 1028 2769 1101 possitis
2819 1026 3079 1083 resistere
3124 1028 3183 1083 in
3234 1028 3323 1083 die
3369 1031 3518 1085 malo

1888 1125 2155 1179 adversus
2184 1140 2382 1179 omnes
2402 1122 2664 1178 inimicos
2689 1124 2897 1177 sancta:
2933 1121 3188 1177 Ecclesiae
3210 1125 3266 1176 et
3286 1126 3518 1192 vestros,

1889 1223 1944 1274 et
1981 1218 2198 1273 induite
2233 1234 2330 1272 vos
2371 1217 2538 1271 lorica
2576 1215 2830 1287 justitite,
2877 1219 2934 1271 et
2970 1216 3203 1270 calceati
3247 1216 3418 1287 pedes
3463 1216 3521 1271 in

1887 1312 2297 1384 praparatione
2317 1309 2606 1382 Evangelii
2620 1310 2790 1381 pacis,
2809 1309 2869 1363 in
2890 1309 3156 1363 omnibus
3173 1312 3520 1364 assumentes

1887 1411 2109 1460 scutum
2138 1405 2291 1471 ﬁdei,
2310 1406 2369 1459 in
2397 1421 2512 1477 quo
2533 1403 2754 1475 possitis
2767 1402 2963 1469 omnia
2980 1403 3171 1474 jacula
3190 1402 3521 1474 nequissimi

1885 1499 2065 1571 ignita
2098 1499 2478 1570 exstinguere.
2528 1499 2594 1552 Et
2642 1498 2866 1570 galeam
2907 1497 3100 1551 salutis
3144 1496 3434 1565 assumite,
3465 1499 3522 1551 et

1887 1593 2141 1664 gladium
2168 1593 2430 1665 Spiritus,
2459 1591 2611 1664 quod
2639 1596 2724 1646 est
2743 1591 2982 1646 verbum
3015 1591 3128 1657 Dei,
3163 1606 3264 1661 per
3290 1606 3520 1644 omnem

1887 1688 2205 1743 orationem
2251 1691 2307 1742 et
2353 1685 2808 1742 obsecrationem
2845 1685 3079 1739 radicati
3115 1689 3170 1739 et
3209 1684 3431 1739 fundati
3458 1684 3518 1738 in

165 1776 386 1831 fessores
455 1776 668 1832 ﬁdeles.
731 1779 1122 1850 Quapropter,
1189 1780 1533 1847 charissimi,
1598 1769 2083 1842 horta-Bsolatio
2132 1782 2373 1836 fratrum
2409 1797 2512 1852 pro
2559 1780 2782 1834 Christo
2842 1781 2973 1834 Jesu
3020 1777 3258 1832 Domino
3303 1782 3512 1831 nostro.

162 1887 276 1924 mur
311 1887 415 1926 vos
471 1877 527 1926 et
584 1870 958 1943 deprecamur
1008 1890 1112 1946 per
1167 1875 1472 1930 Dominum
1529 1880 1785 1929 nostrum

157 1963 334 2018 Jesum
411 1964 697 2019 Christum
727 2007 742 2033 ,
825 1971 886 2021 ut
960 1973 1017 2022 et
1089 1969 1387 2040 praedictos
1450 1969 1782 2038 hmreticos,

156 2063 211 2112 et
263 2075 465 2112 omnes
512 2076 653 2130 quos
703 2076 737 2113 a
789 2065 940 2115 recta
992 2061 1104 2116 ﬁde
1153 2069 1208 2118 et
1265 2063 1523 2118 doctrina
1571 2070 1785 2137 aposta-

155 2157 269 2206 tare
311 2153 712 2223 cognoveritis,
757 2153 1244 2211 exhortationibus
1286 2161 1342 2212 et
1384 2157 1548 2212 bonis
1586 2159 1784 2214 studiis
1819 2181 1828 2190 -

154 2245 334 2300 vestris
388 2247 463 2300 ad
518 2247 856 2302 catholicam
898 2247 1071 2304 ﬁdem
1119 2253 1175 2304 et
1210 2254 1424 2306 rectam
1469 2251 1784 2307 doctrinam

157 2337 270 2412 38
319 2344 658 2395 convertere
717 2342 1059 2410 contendite,
1128 2349 1184 2398 et
1235 2344 1295 2399 in
1352 2345 1449 2400 Dei
1496 2346 1783 2402 voluntate

154 2433 448 2501 persistere
475 2434 729 2490 suadete.
758 2437 826 2492 Et
852 2453 965 2491 non
994 2437 1175 2492 solum
1199 2438 1326 2506 hos,
1349 2439 1447 2494 sed
1467 2457 1663 2495 omnes
1685 2440 1784 2513 qui

155 2525 404 2581 nondum
438 2526 609 2582 ﬁdem
649 2534 860 2584 rectam
902 2535 1306 2602 perceperunt,
1350 2533 1421 2588 ad
1449 2534 1783 2589 catholicam

152 2619 304 2675 ﬁdem
329 2621 654 2692 perducere
679 2623 956 2691 festinate,
983 2644 1011 2675 ‹‹
1035 2625 1171 2696 quia
1198 2642 1384 2698 neque
1399 2643 1574 2697 mors,
1596 2643 1783 2700 neque

153 2713 267 2782 vita,
320 2731 519 2787 neque
556 2717 767 2788 angeli,
817 2733 1003 2790 neque
1050 2719 1416 2790 principatus,
1460 2737 1648 2792 neque
1690 2721 1778 2776 in-

151 2807 360 2875 stantia,
395 2826 591 2881 neque
620 2812 830 2878 futura,
870 2828 1055 2884 neque
1097 2813 1395 2884 fortitudo,
1425 2831 1611 2886 neque
1655 2815 1779 2870 alti-

151 2901 288 2970 tudo,
319 2920 518 2975 neque
552 2905 930 2976 profundum,
972 2922 1160 2978 neque
1204 2912 1460 2963 creatura
1489 2909 1597 2963 alia
1635 2909 1780 2979 (ma-

151 2994 307 3065 gistro
337 2997 611 3068 gentium
650 2998 904 3071 docente)
933 2999 1144 3072 poterit
1167 3018 1270 3056 nos
1299 3018 1558 3074 separare
1588 3020 1619 3057 a
1645 3003 1780 3058 cha-

151 3088 294 3145 ritate
313 3090 558 3146 Domini
583 3093 765 3147 nostri
786 3093 916 3148 Jesu
940 3094 1169 3162 Christi,
1206 3097 1263 3150 et
1287 3112 1417 3167 quae
1457 3096 1516 3150 in
1547 3095 1669 3168 ipso
1699 3101 1782 3152 est

150 3203 173 3232 α
199 3189 344 3240 recta
371 3183 498 3239 ﬁde
540 3185 708 3254 (Rom.
743 3202 860 3255 vui,
893 3190 981 3258 38,
1009 3188 1120 3260 39).
1147 3146 1174 3240 ii
1801 3146 1855 3221 Ο

150 3280 248 3332 tere
300 3278 718 3334 conﬁdentiam
799 3285 1044 3336 vestram
1091 3299 1220 3356 quas
1289 3300 1559 3356 magnam
1611 3285 1781 3341 habet

145 3373 668 3429 remunerationem
715 3375 893 3444 (Hebr.
942 3393 999 3442 x,
1057 3378 1162 3447 35).
1223 3398 1250 3427 ››
1305 3377 1578 3433 Patientia
1623 3379 1776 3434 enim

149 3465 289 3520 nobis
310 3467 648 3524 necessaria
667 3473 749 3523 est
760 3469 833 3524 ad
859 3470 964 3524 coll
972 3471 1286 3527 uctationes
1301 3471 1750 3527 adversariorum
1763 3515 1776 3542 ,

148 3565 428 3628 quatenus
467 3561 641 3617 ﬁdem
683 3563 1080 3619 intemeratam
1115 3582 1291 3638 usque
1336 3566 1396 3620 in
1433 3566 1606 3622 ﬁnem
1650 3583 1779 3621 con-

147 3662 430 3710 servantes
447 3655 954 3727 repromissionem
974 3659 1353 3732 percipiamus
1384 3677 1554 3733 quam
1582 3677 1774 3733 repro-

145 3747 285 3803 misit
309 3748 410 3803 his
460 3750 563 3821 qui
605 3751 859 3823 legitime
903 3755 1117 3809 certare
1145 3759 1476 3827 properant.
1513 3777 1541 3805 ‹‹
1578 3755 1778 3810 Adhuc

148 3840 284 3896 enim
333 3843 644 3900 modicum
700 3846 1137 3920 aliquantulum,
1199 3849 1297 3922 qui
1349 3854 1619 3906 venturus
1671 3852 1775 3922 est,

1885 1876 1993 1931 Sed
2025 1879 2080 1930 et
2107 1891 2278 1941 nunc,
2308 1875 2536 1943 fratres,
2570 1872 3035 1927 commendamus
3066 1888 3162 1925 vos
3190 1871 3432 1925 Domino
3463 1875 3520 1925 et

1886 1985 2081 2024 omnes
2123 1969 2296 2024 verbo
2347 1968 2544 2038 gratias
2587 1967 2728 2038 ejus,
2769 1966 2865 2038 qui
2922 1969 3107 2037 potest
3152 1963 3419 2035 perﬁcere
3462 1968 3522 2018 et

1885 2063 2017 2118 dare
2068 2062 2459 2117 liaereditatem
2533 2060 2696 2115 nobis
2762 2076 2893 2114 cum
2967 2058 3229 2113 omnibus
3289 2057 3515 2111 sanctis.

1885 2159 2008 2228 Ipse
2051 2160 2244 2212 autem
2283 2158 2427 2211 Deus
2468 2155 2625 2226 pacis
2673 2157 2728 2208 et
2781 2151 3176 2207 consolationis
3218 2151 3315 2206 det
3361 2150 3520 2206 vobis

1884 2250 2132 2321 idipsum
2179 2265 2374 2321 sapere
2440 2248 2497 2302 in
2539 2247 2902 2314 alterutrum,
2965 2251 3029 2300 ut
3071 2245 3229 2300 vobis
3277 2244 3520 2300 invicem

1884 2343 2216 2399 succurratis
2247 2347 2302 2398 et
2330 2359 2443 2396 non
2470 2341 2588 2396 sitis
2613 2340 2794 2407 divisi,
2826 2344 2891 2394 ut
2918 2339 3232 2404 unanimes,
3270 2355 3389 2393 uno
3422 2354 3522 2394 ore

1885 2442 1940 2494 et
1987 2455 2098 2493 une
2143 2437 2311 2492 corde
2355 2435 2736 2491 honoriﬁcetis
2781 2451 2914 2489 eum
2956 2434 3012 2488 in
3063 2433 3423 2488 concordiam
3464 2433 3523 2488 et

1884 2532 2327 2588 consolationem
2376 2531 2636 2600 fratrum,
2683 2528 2782 2600 qui
2826 2533 3012 2600 potest
3048 2527 3388 2582 conﬁrmare
3424 2541 3520 2580 vos

1884 2627 2194 2682 secundum
2239 2625 2609 2696 Evangelium
2661 2623 2802 2694 ejus,
2865 2622 3037 2692 juxta
3118 2620 3521 2676 revelationem

1884 2720 2084 2776 aeterni
2111 2719 2385 2791 mysterii,
2416 2717 2768 2790 temporibus
2799 2716 3008 2772 scilicet
3046 2715 3352 2787 perpetuis,
3385 2714 3518 2786 qui-

1883 2813 1986 2870 bus
2040 2813 2194 2868 vobis
2245 2814 2569 2868 futurorum
2637 2811 2972 2883 gaudiorum
3034 2808 3327 2880 largienda
3389 2813 3523 2863 sunt

1883 2925 2141 2964 munera.
2159 2908 2538 2978 SummOpere
2556 2904 2912 2961 considerare
2934 2904 3107 2960 etiam
3128 2902 3342 2958 debetis
3363 2902 3520 2974 quod

1882 3003 1960 3056 illi
2006 3002 2104 3073 qui
2147 3001 2416 3056 fratribus
2465 2999 2724 3055 invident
2769 3014 2975 3071 eosque
3035 2997 3305 3054 damnare
3349 3001 3518 3068 atque

1882 3096 2118 3168 perdere
2145 3095 2404 3168 cupiunt,
2430 3111 2532 3167 per
2552 3111 2610 3150 se
2629 3111 2728 3150 sua
2745 3093 3016 3166 dogmata
3035 3092 3352 3148 destruunt.
3373 3090 3520 3146 Dicit

1881 3189 2038 3245 enim
2066 3190 2338 3245 Dominus
2367 3209 2382 3244 :
2419 3210 2445 3242 α
2473 3190 2655 3245 Omne
2678 3204 2922 3260 regnum
2951 3187 3011 3242 in
3044 3203 3103 3242 se
3131 3185 3372 3241 divisum
3401 3201 3518 3240 non

1881 3283 2050 3339 stabit
2096 3285 2310 3354 (Matth.
2357 3299 2453 3351 xu,
2501 3283 2610 3353 25),
2655 3304 2682 3331 »
2717 3286 2773 3337 et
2819 3281 3005 3336 omnis
3047 3279 3284 3336 scientia
3324 3284 3380 3335 et
3424 3280 3516 3333 lex

1878 3378 2175 3434 adversum
2205 3395 2264 3432 se
2304 3377 2482 3432 divisa
2517 3393 2633 3431 non
2669 3375 2855 3432 stabit.
2896 3375 3145 3446 Ideoque
3174 3389 3402 3428 necesse
3429 3375 3517 3426 est

1880 3477 1942 3526 ut
1967 3472 2320 3527 concorditer
2344 3471 2594 3526 salubres
2625 3469 2944 3542 suscipiatis
2975 3469 3254 3536 hortatus,
3285 3470 3342 3521 et
3371 3465 3515 3520 nihil

1878 3582 1984 3638 per
2018 3566 2442 3620 contentionem
2491 3568 2740 3636 agentes,
2783 3563 2880 3619 sed
2930 3563 3001 3617 ad
3041 3578 3212 3617 omne
3263 3559 3514 3616 studium

1880 3659 2201 3715 devotionis
2231 3657 2537 3714 unanimes
2563 3657 2765 3712 divinis
2792 3661 2851 3711 et
2877 3655 3195 3727 apostolicis
3230 3655 3508 3710 constitu-

1879 3753 2129 3810 tionibus
2153 3752 2417 3826 pareatis.
2445 3753 2578 3809 Data
2604 3767 2678 3807 νη
2715 3751 2841 3806 ldus
2866 3748 3235 3820 Septembris,
3259 3747 3426 3805 Decio
3453 3751 3512 3804 et

1877 3849 2112 3906 Maximo
2140 3863 2221 3906 1111
2251 3863 2332 3904 cc.

1867 3996 2086 4004 ι--σ-σ-ο

393 4103 614 4176 ΙΤΕΜ
658 4107 1079 4181 EPISTOLA
1125 4110 1528 4182 CORNELII
1573 4111 1834 4182 PAP/E
1883 4111 2350 4181 ORIENTALI
2399 4107 2809 4179 EPISCOPO
2856 4105 3253 4176 DIRECTA.

762 4244 860 4312 Ne
887 4245 1249 4311 sacerdotes
1279 4248 1551 4312 Domini
1562 4248 1804 4329 jurare
1827 4255 2244 4332 praesumant
2269 4246 2376 4310 vel
2399 4245 2890 4328 compellantur.

204 4413 522 4471 Ωοιυῐειῐῠε
549 4414 842 4489 episcopus
886 4418 1041 4476 RUFO
1081 4420 1406 4494 coepiscopo
1434 4421 1493 4476 in
1529 4421 1769 4478 Domino
1788 4435 1849 4510 D
1873 4426 2035 4480 tenus
2065 4439 2099 4477 a
2127 4420 2365 4476 summis
2395 4417 2784 4474 sacerdotibus
2815 4417 2897 4472 vel
2932 4414 3162 4487 reliquis
3191 4412 3362 4484 exigi,
3394 4410 3506 4466 nisi

143 4505 395 4565 salutem.

204 4600 398 4674 Exigit
427 4603 651 4660 dilectio
671 4609 787 4675 tua,
817 4606 990 4664 frater
1018 4609 1369 4681 charissime,
1394 4614 1460 4665 ut
1479 4627 1544 4666 ex
1577 4615 1768 4668 aucto-

144 4695 294 4751 ritate
339 4697 501 4752 sedis
530 4699 850 4771 apostolicae
893 4701 1006 4757 tuis
1050 4703 1386 4760 deberemus
1425 4706 1774 4762 consultibus

146 4792 508 4861 respondere.
537 4795 696 4858 Quod
738 4796 870 4851 licet
910 4813 1030 4852 non
1069 4798 1304 4869 prolixe,
1352 4799 1450 4854 sed
1490 4800 1771 4856 succincte

142 4897 300 4952 agere
327 4885 736 4943 festinaremus
758 4897 989 4963 propter
1016 4892 1295 4966 quasdam
1319 4893 1774 4966 importunitates

147 4991 260 5046 quae
286 4981 506 5035 nostris
550 4983 1031 5054 praepedientibus
1072 4987 1313 5059 peccatis
1347 4987 1407 5042 in
1447 5005 1548 5043 nos
1576 5005 1772 5060 super-

144 5085 363 5143 venere,
395 5075 511 5129 tuis
540 5081 731 5132 tamen
779 5095 881 5150 per
912 5081 1128 5153 reliqua
1171 5085 1502 5137 sanctorum
1543 5089 1774 5154 patrum

145 5161 400 5222 instituta
453 5169 658 5224 studiis
720 5173 1052 5245 perquirere
1095 5176 1278 5244 latius,
1329 5179 1386 5232 et
1437 5175 1773 5248 investigare

143 5261 550 5327 permittimus.
577 5265 701 5320 Non
728 5267 883 5321 enim
907 5272 1090 5338 potest
1113 5285 1274 5324 mens
1292 5271 1484 5325 attrita
1511 5276 1569 5326 et
1595 5270 1776 5326 oneri-

145 5349 240 5406 bus
285 5360 464 5428 atque
507 5358 1035 5430 importunitatibus
1093 5367 1320 5435 gravata
1373 5369 1592 5421 tantum
1639 5365 1776 5420 boni

145 5460 440 5519 peragere,
493 5458 774 5522 quantum
847 5455 1121 5512 delectata
1186 5463 1242 5513 et
1313 5459 1773 5530 oppressionibus

147 5541 344 5596 soluta.
374 5543 499 5598 Non
534 5562 672 5618 ergo
721 5549 826 5602 ista
861 5549 932 5605 ob
966 5549 1025 5604 id
1057 5552 1428 5622 praetulimus,
1467 5557 1529 5607 ut
1567 5554 1688 5608 haec
1719 5557 1776 5609 et

146 5635 240 5687 alia
265 5653 406 5707 qua:
433 5641 743 5696 necessaria
783 5643 905 5700 fore
945 5646 1379 5716 cognoverimus
1413 5650 1526 5702 tuae
1566 5647 1775 5703 Sancti-

151 5729 235 5781 tati
278 5731 525 5787 velimus
563 5735 867 5809 denegare,
917 5739 1018 5794 sed
1063 5739 1217 5812 quod
1259 5742 1349 5796 hic
1391 5741 1578 5797 minus
1616 5742 1770 5798 inve‘

147 5823 318 5894 nitur,
347 5827 515 5884 latius
543 5831 920 5902 perquiratur.
950 5837 1376 5894 Sacramentum
1419 5841 1612 5897 autem
1640 5837 1772 5894 hac-

1874 4533 1976 4589 pro
2007 4515 2116 4571 fide
2143 4518 2295 4571 recta
2321 4513 2561 4568 minime
2593 4511 2980 4583 cognovimus,
3027 4525 3133 4564 nec
3162 4510 3506 4578 spontaneos

1869 4612 2091 4683 jurasse
2113 4608 2451 4681 reperimus.
2468 4607 2998 4695 Summopere‘ergo
3023 4605 3247 4657 sanctus
3270 4599 3507 4655 Jacobus

1875 4705 2156 4777 apostolus
2193 4703 2499 4775 prohibens
2529 4703 2946 4756 sacramentum
2980 4696 3238 4769 loquitur
3265 4695 3460 4750 dicens
3489 4711 3503 4750 :

1879 4821 1905 4850 ‹‹
1932 4802 2078 4854 Ante
2105 4799 2317 4865 omnia,
2346 4799 2550 4852 fratres
2573 4795 2708 4863 mei,
2738 4793 2909 4848 nolite
2929 4793 3147 4864 jurare,
3185 4807 3373 4862 neque
3404 4805 3509 4862 per

1875 4896 2096 4962 cmlum,
2120 4910 2306 4965 neque
2327 4909 2430 4965 per
2453 4895 2683 4960 terram,
2713 4904 2899 4960 neque
2929 4885 3084 4942 aliud
3117 4885 3504 4958 quodcunque

1867 4991 2283 5062 juramentum.
2313 4988 2398 5043 Sit
2430 4989 2623 5042 autem
2660 5000 2850 5039 sermo
2889 4987 3096 5051 vester,
3134 4985 3218 5035 est
3255 4982 3358 5047 est,
3393 4995 3507 5033 non

1873 5100 2013 5153 non,
2043 5090 2106 5138 ut
2139 5100 2253 5138 non
2281 5081 2382 5136 sub
2434 5079 2650 5152 judicio
2693 5077 2964 5133 decidatis
2996 5079 3125 5144 (Jac.
3157 5091 3210 5141 v,
3246 5074 3350 5145 12).
3381 5094 3408 5122 ››
3442 5073 3511 5126 Et

1875 5178 2150 5233 Dominus
2177 5177 2236 5232 in
2262 5173 2567 5247 Evangelia
2607 5173 2686 5227 ait
2716 5189 2729 5226 :
2763 5192 2791 5224 «
2834 5170 3083 5226 Audistis
3128 5167 3262 5240 quia
3293 5167 3508 5222 dictum

1874 5275 1959 5328 est
1985 5271 2254 5342 antiquis,
2284 5287 2401 5325 non
2433 5267 2778 5341 perjurabis,
2815 5265 3016 5321 reddes
3051 5266 3244 5319 autem
3269 5258 3506 5315 Domino

1867 5367 2199 5439 juramenta
2242 5369 2356 5419 tua.
2405 5365 2522 5434 Ego
2554 5368 2744 5417 autem
2790 5359 2914 5415 dico
2955 5357 3132 5426 vobis,
3167 5371 3285 5410 non
3312 5353 3508 5425 jurare

1875 5461 2138 5527 omnino;
2185 5475 2372 5530 neque
2404 5473 2506 5529 per
2554 5455 2781 5523 caalum,
2825 5453 2956 5525 quia
2992 5451 3234 5507 thronus
3273 5446 3367 5501 Dei
3402 5448 3504 5514 est,

1876 5571 2061 5626 neque
2083 5569 2188 5626 per
2222 5558 2434 5607 terram
2475 5550 2606 5622 quia
2650 5547 2959 5604 scabellum
2999 5548 3083 5598 est
3119 5541 3331 5614 pedum
3359 5539 3505 5610 ejus,

1874 5665 2066 5720 neque
2092 5663 2195 5719 per
2226 5643 2689 5716 Hierosolymam,
2722 5641 2856 5713 quia
2899 5637 3088 5692 civitas
3130 5633 3330 5705 magni
3358 5632 3510 5706 regis

1875 5749 1978 5812 est,
2001 5757 2188 5815 neque
2209 5758 2313 5813 per
2333 5741 2501 5812 caput
2520 5743 2680 5793 tuum
2699 5731 3006 5805 juraveris,
3043 5729 3173 5802 quia
3199 5745 3316 5784 non
3347 5733 3508 5802 potes

1877 5853 2055 5894 unum
2073 5835 2340 5906 capillum
2361 5834 2554 5889 album
2577 5831 2764 5885 facere
2789 5828 2884 5881 aut
2918 5823 3176 5896 nigrum.
3211 5823 3291 5880 Sit
3317 5830 3506 5881 autem
