4026 6166
537 298 634 354 167

1423 294 1708 349 APPEND.
1752 293 1840 348 AD
1880 292 2041 347 SIEC.
2075 293 2161 347 1X.

2295 291 2540 346 ISIDORI
2577 287 2999 346 MERCATORIS
3781 289 3867 341 168

531 421 723 462 sermo
759 406 958 470 vester,
1005 403 1090 456 est
1143 403 1245 470 est,
1293 417 1409 456 non
1454 419 1590 457 non.
1641 402 1802 467 Quod
1847 405 2038 456 autem
2081 402 2170 456 his
2191 417 2250 489 Α
2273 404 2498 471 oportet
2522 416 2620 454 vos
2651 416 2770 453 esse
2799 399 2856 452 in
2895 395 3101 452 sanctis
3145 390 3662 449 conversationibus
3695 394 3748 446 et
3771 392 3872 461 pie-

529 493 912 550 abundantius
941 494 1043 561 est,
1074 507 1107 544 a
1145 491 1300 546 malo
1335 496 1418 546 est
1451 492 1665 559 (Matth.
1709 509 1763 560 v,
1799 492 2008 562 33-37),
2040 512 2066 541 »
2110 491 2169 545 id

531 592 615 644 est
639 588 708 642 ab
739 586 1003 657 exigente
1032 591 1090 640 et
1113 603 1146 640 a
1170 587 1423 657 jurante.
1449 587 1593 653 Haec,
1619 587 1797 641 frater
1821 585 2167 652 charissima,

528 682 650 753 ipse
691 679 966 734 Dominus
1005 679 1292 751 prohibet,
1340 680 1396 734 id
1432 685 1516 735 est
1554 697 1670 734 non
1711 680 1917 734 debere
1951 680 2167 750 jurare,

527 776 648 830 haec
676 773 918 846 apostoli
956 773 1201 828 maxime
1243 790 1465 840 omnes,
1508 775 1631 828 haec
1672 774 1848 828 sancti
1880 773 1982 827 viri
2021 790 2166 844 prm-

525 870 849 924 decessores
875 868 1051 922 nostri
1085 868 1183 940 qui
1214 867 1346 922 huic
1368 871 1580 922 sanctae
1612 868 1918 922 universali
1950 873 2171 938 aposto-

526 963 651 1018 licae
679 961 936 1018 Ecclesiae
959 962 1312 1034 praefuerunt
1335 965 1470 1016 ante
1492 978 1618 1030 nos,
1649 962 1772 1016 haec
1799 962 2092 1033 prophetae.
2113 963 2171 1015 et

527 1056 734 1128 reliqui
787 1056 966 1110 sancti
1016 1056 1274 1110 doctores
1338 1073 1442 1127 per
1507 1056 1835 1110 universum
1888 1055 2169 1109 mundum

527 1150 768 1221 dispersi
811 1151 880 1204 ad
933 1148 1382 1220 praedicandum,
1425 1149 1758 1220 juramenta
1788 1148 1912 1203 ﬁeri
1954 1151 2162 1202 vetant.

531 1246 784 1309 Quorum
808 1260 913 1298 nos
937 1243 1197 1314 exemplo
1218 1243 1265 1297 si
1283 1243 1622 1314 cmperimus
1637 1259 1977 1297 enumerare
1993 1242 2167 1296 autin

536 1338 809 1393 schedula
834 1338 940 1392 hac
967 1337 1238 1404 inserere,
1267 1341 1401 1392 ante
1424 1337 1689 1392 deﬁceret
1708 1338 1846 1391 hora
1861 1335 1974 1391 diei
1993 1352 2165 1407 quam

529 1447 730 1487 eorum
773 1431 1031 1503 exempla
1072 1431 1143 1485 de
1172 1431 1277 1485 hac
1319 1448 1485 1485 causa
1527 1431 1837 1502 prohibita.
1889 1431 2021 1493 Quae
2066 1446 2166 1484 nos

529 1530 853 1580 sanctorum
896 1528 1196 1596 sequentes
1245 1525 1635 1596 apostolorum
1683 1540 1996 1595 eorumque
2041 1540 2163 1578 suc-

527 1636 812 1674 cessorum
860 1619 993 1690 jura
1042 1618 1357 1685 ﬁrmamus,
1432 1622 1489 1672 et
1541 1621 1886 1672 sacramenta
1942 1617 2168 1672 incauta

527 1712 654 1767 fieri
680 1712 1074 1786 prohibemus.
1110 1711 1270 1766 Unde
1318 1717 1375 1767 et
1403 1712 1522 1783 ipse
1554 1712 1833 1766 Dominus
1874 1711 1933 1766 in
1959 1711 2166 1765 tabulis

2273 494 2504 561 tatibus,
2528 495 2910 564 exspectantes
2927 496 2982 545 ct
2996 490 3365 562 properantes
3381 487 3438 540 in
3459 485 3758 540 adventum
3778 484 3875 538 diei

2273 605 2376 659 per
2425 605 2594 660 quem
2646 587 2772 642 coeli
2817 587 3081 641 ardentes
3148 584 3448 646 solventur,
3514 583 3572 633 et
3621 579 3880 634 elementa

2273 682 2422 752 ignis
2470 681 2672 736 ardore
2722 681 3007 734 tabescent
3059 677 3128 748 (II
3172 679 3316 731 Petr.
3369 691 3446 740 ιιι,
3494 675 3657 742 8-12).
3708 694 3735 721 ››
3784 673 3879 726 V'os

2271 779 2481 841 autem,
2525 773 2860 842 charissimi,
2890 772 3026 827 dixit
3070 771 3241 826 Judas
3282 767 3584 838 apostolus,
3617 781 3884 819 memores

2272 871 2447 923 estote
2493 869 2797 922 verborum
2857 883 2983 937 quin
3027 864 3296 936 praedicta
3347 865 3481 916 sunt
3520 860 3589 913 ab
3636 860 3883 930 apostolis

2269 962 2494 1016 Domini
2554 961 2736 1016 nostri
2785 962 2915 1014 Jesn
2969 958 3197 1023 Christi,
3255 955 3352 1027 qui
3405 955 3666 1008 dicebant
3719 951 3883 1018 vobis,

2271 1057 2539 1126 quoniam
2590 1055 2649 1109 in
2700 1053 3006 1109 novissimo
3061 1058 3322 1122 tempore
3374 1047 3602 1102 venient
3647 1047 3885 1100 illusores

2270 1151 2581 1204 secundum
2611 1166 2713 1203 sua
2744 1147 3026 1203 desideria
3050 1145 3411 1199 ambulantes
3432 1141 3812 1212 impietatum.
3831 1140 3888 1193 Hi

2270 1249 2400 1298 sunt
2434 1243 2532 1315 qui
2569 1245 2872 1314 segregant
2907 1239 3256 1312 semetipsos,
3304 1236 3597 1304 animales,
3637 1233 3888 1305 spiritum

2270 1355 2382 1392 non
2429 1337 2720 1392 habentes.
2771 1338 2873 1389 Vos
2915 1338 3127 1400 autem,
3175 1330 3514 1396 charissimi,
3555 1327 3890 1400 superindui-

2269 1440 2458 1487 cantes
2509 1430 2887 1500 vosmetipsos
2968 1427 3336 1482 sanctissimae
3394 1429 3592 1480 vestrae
3658 1421 3790 1475 ﬁdei
3841 1422 3890 1474 in

2269 1527 2478 1596 Spiritu
2518 1531 2706 1581 sancto
2753 1527 2980 1579 orantes
3019 1522 3168 1593 ipsos
3206 1538 3302 1574 vos
3348 1519 3408 1574 in
3453 1517 3750 1573 dilectione
3804 1514 3893 1569 Dei

2271 1623 2505 1689 servate,
2565 1624 2953 1692 exspectantes
3018 1613 3468 1670 misericordiam
3522 1610 3745 1667 Domini
3801 1625 3893 1663 no-

2269 1715 2369 1768 stri
2398 1716 2524 1769 Jesu
2551 1713 2756 1768 Christi
2792 1712 2853 1766 in
2901 1711 3076 1764 vitam
3109 1713 3405 1763 aeternam.
3439 1707 3506 1760 Et
3536 1706 3640 1759 hos
3670 1703 3898 1774 quidem

527 1805 772 1878 lapideis
816 1822 958 1877 quas
995 1805 1163 1877 Moysi
1212 1805 1381 1874 dedit,
1432 1806 1666 1877 propria
1701 1822 1877 1860 manu
1923 1805 2164 1876 scripsit,
2187 1792 2244 1864 Β
2269 1808 2490 1879 arguite
2511 1808 2810 1878 judicatos,
2852 1805 2980 1858 illos
3009 1820 3141 1858 vero
3172 1803 3376 1857 salvate
3409 1800 3477 1854 de
3507 1799 3637 1869 igne
3671 1796 3895 1868 rapien-

529 1900 740 1956 dicens.
769 1921 797 1950 «
833 1900 969 1954 Vide
996 1917 1069 1954 ne
1095 1916 1352 1953 assumas
1383 1916 1597 1954 nomen
1626 1900 1727 1954 Dei
1757 1899 1836 1953 tui
1872 1899 1929 1954 in
1956 1915 2164 1954 vanum

526 1993 722 2065 (Emod.
757 2010 845 2062 xx,
892 1995 964 2065 7),
1017 2015 1043 2043 ››
1093 1997 1147 2048 et
1188 1994 1424 2065 reliqua.
1476 1995 1588 2048 Nos
1631 1997 1826 2048 autem
1873 1995 1954 2065 (ut
1996 1993 2165 2064 paulo

527 2088 789 2160 superius
820 2087 1259 2159 praelibavimus)
1298 2092 1717 2143 sacramentum
1757 2087 2035 2158 episcopis
2063 2103 2162 2141 ne-

529 2182 736 2237 scimus
768 2181 1042 2249 oblatum,
1078 2197 1182 2234 nec
1210 2197 1467 2251 unquam
1511 2182 1636 2235 ﬁeri
1680 2181 1866 2249 debet,
1896 2181 2166 2252 quoniam

527 2276 610 2346 (ut
635 2291 802 2346 supra
857 2280 1247 2328 memoratum
1296 2275 1394 2339 est)
1434 2280 1788 2345 praeceptum
1829 2279 1913 2328 est
1946 2273 2108 2327 nobis
2134 2290 2167 2326 a

528 2368 773 2423 Domino
828 2384 942 2421 non
989 2367 1326 2438 jurandum,
1379 2384 1566 2439 neque
1615 2383 1717 2439 per
1760 2369 1984 2436 coelum,
2033 2367 2167 2438 quia

525 2462 768 2518 thronus
795 2460 896 2517 Dei
924 2466 1029 2529 est,
1075 2477 1261 2533 neque
1292 2477 1398 2532 per
1427 2466 1661 2531 terram,
1695 2459 1829 2532 quia
1864 2461 2166 2515 scabellum

527 2561 613 2612 est
635 2557 847 2628 pedum
875 2554 1020 2626 ejus,
1055 2570 1242 2626 neque
1270 2571 1376 2626 per
1405 2560 1576 2626 caput
1601 2571 1790 2624 suum,
1823 2555 1953 2626 quia
1975 2554 2166 2608 nullus

525 2654 710 2722 potest
768 2665 946 2704 unum
999 2648 1268 2721 capillum
1319 2664 1532 2704 creare.
1571 2648 1968 2720 Unusquisque
2009 2648 2161 2702 enim

530 2744 673 2799 sicut
703 2747 836 2798 ante
863 2745 1042 2798 altare
1062 2745 1218 2797 stans
1235 2742 1336 2797 Dei
1365 2742 1628 2797 timorem
1651 2742 1826 2798 habet
1845 2759 1963 2813 prae
1989 2742 2166 2797 oculis

527 2841 585 2894 et
631 2837 922 2908 propriam
984 2835 1396 2892 conscientiam
1453 2836 1730 2892 mundam
1785 2841 1966 2891 servat
2025 2837 2162 2904 Deo,

527 2927 681 2998 quod
709 2926 769 2980 in
796 2926 1138 2981 memoriam
1167 2924 1396 2995 retinet,
1434 2926 1759 2980 nullatenus
1786 2925 1962 2981 habet
1988 2925 2162 2980 inter-

527 3021 774 3088 mittere,
808 3020 1081 3092 quoniam
1104 3035 1165 3074 os
1183 3018 1338 3091 quod
1361 3019 1640 3074 mentitur
1662 3019 1869 3074 occidit
1889 3019 2163 3074 animam.

530 3116 597 3171 Et
624 3114 924 3186 Apostolus
954 3113 1031 3168 ait
1063 3133 1077 3168 :
1111 3132 1138 3166 ‹‹
1173 3112 1498 3185 Loquimini
1525 3114 1829 3168 veritatem
1862 3113 2163 3185 unusquis—

530 3165 595 3171 _-
624 3165 919 3186 __r_---___
959 3165 1027 3168 π
1065 3165 1075 3168 -
1869 3165 2132 3185 ---ψηηη

528 3225 640 3282 que
690 3224 819 3263 cum
880 3207 1139 3279 proximo
1198 3223 1320 3276 suo,
1369 3207 1646 3278 quoniam
1695 3225 1889 3262 sumus
1927 3165 2243 3262 invicemC

527 3302 790 3358 membra
821 3302 1030 3372 (Ephes.
1066 3318 1137 3369 ιν,
1160 3303 1270 3372 25).
1305 3320 1332 3352 ››
1363 3303 1431 3355 Et
1459 3301 1594 3355 alibi
1627 3319 1640 3356 :
1674 3323 1702 3352 «
1729 3303 1914 3356 Nolite
1938 3301 2168 3356 mentiri

528 3395 770 3452 invicem
812 3397 944 3467 (Col.
992 3412 1072 3464 ιιι,
1122 3396 1194 3466 9).
1238 3416 1266 3444 »
1315 3397 1440 3450 Haec
1486 3399 1617 3450 sunt
1657 3399 1942 3467 praecepta
1985 3396 2169 3451 Salva-

527 3491 685 3559 toris,
742 3491 864 3546 hinc
904 3489 1358 3562 prophetarum,
1395 3489 1519 3543 haec
1566 3492 1894 3545 sanctorum
1936 3492 2166 3544 Patrum

529 3583 804 3639 instituta.
837 3583 975 3648 Quae
1005 3583 1054 3638 si
1091 3582 1218 3655 quis
1260 3582 1321 3637 in
1360 3599 1569 3639 vanum
1607 3583 1851 3654 duxerit,
1881 3584 2056 3640 hostis
2085 3589 2170 3638 est

530 3677 738 3733 anima;
794 3694 932 3748 suae,
991 3676 1124 3750 quia
1170 3693 1342 3733 nemo
1384 3682 1588 3733 contra
1630 3678 1955 3749 prophetas,
1996 3694 2167 3732 nemo

531 3776 731 3828 contra
771 3771 1114 3845 apostolum,
1162 3787 1334 3827 nemo
1383 3776 1584 3828 contra
1626 3772 1997 3844 Evangelium
2033 3773 2170 3828 facit

529 3866 747 3940 aliquid
774 3867 986 3939 absque
1047 3866 1320 3938 periculo.
1358 3867 1426 3921 Et
1463 3882 1827 3937 summopore
1861 3866 2169 3938 praeviden-

529 3965 667 4020 dum
695 3970 796 4034 est,
827 3981 901 4020 ne
926 3967 1218 4036 pastorem
1246 3981 1415 4019 suum
1441 3981 1574 4018 oves
1605 3980 1734 4034 quae
1760 3964 1811 4020 ei
1842 3963 2164 4018 commissa:

529 4057 755 4114 fuerant
809 4058 1228 4128 reprehendere
1288 4056 1416 4126 (nisi
1485 4073 1519 4110 a
1566 4057 1677 4111 ﬁde
1742 4057 2166 4128 exorbitaverit)

533 4166 720 4222 neque
747 4166 1011 4205 accusare
1046 4153 1415 4221 praesumant,
1459 4149 1732 4220 quoniam
1775 4150 1911 4205 tales
1949 4165 2170 4206 accusa-

530 4244 716 4300 tiones
752 4243 868 4298 vim
909 4259 1026 4297 non
1065 4243 1301 4311 habent,
1338 4258 1525 4314 neque
1565 4243 1645 4298 eis
1686 4259 1888 4300 nocere
1914 4249 2163 4316 possunt.

537 4359 564 4388 α
588 4338 772 4394 Unum
787 4353 946 4404 vero,
968 4336 1304 4405 charissimi,
1325 4358 1353 4387 »
1378 4339 1444 4392 ut
1457 4336 1537 4391 ait
1556 4337 1752 4392 beatus
1763 4340 2052 4409 apostolus
2072 4341 2167 4395 Pe-

532 4434 675 4503 trus,
697 4429 813 4486 non
833 4432 1010 4487 lateat
1028 4448 1147 4501 vos,
1172 4431 1306 4503 quia
1333 4447 1484 4486 unus
1513 4432 1632 4487 dies
1663 4432 1816 4504 apud
1839 4433 2165 4503 Dominum,

2265 1907 2367 1957 tes.
2414 1901 2550 1955 Aliis
2599 1907 2790 1954 autem
2842 1896 3197 1953 miseremini
3254 1896 3310 1949 in
3364 1895 3589 1962 timore,
3643 1891 3901 1945 odientes

2267 2013 2390 2051 eam
2431 2012 2561 2066 quae
2605 1994 2846 2049 carnalis
2880 1996 2963 2046 est
2999 1991 3338 2046 maculatam
3385 1988 3653 2042 tunicam.
3705 1985 3900 2039 Nullus

2269 2091 2421 2144 enim
2466 2089 2821 2144 sacerdotum
2869 2102 3098 2141 causam
3143 2101 3301 2138 suam
3344 2081 3526 2136 alieno
3581 2079 3905 2136 committat

2260 2183 2494 2255 judicio,
2535 2183 2641 2237 nisi
2675 2183 2746 2237 ad
2789 2182 2984 2237 sedem
3035 2179 3399 2251 apostolicam
3443 2175 3614 2230 fuerit
3661 2173 3905 2245 appella-

2266 2283 2410 2347 tum,
2456 2278 2556 2332 sed
2601 2275 2993 2348 unusquisque
3039 2270 3540 2344 comprovinciales
3572 2268 3803 2340 judices
3856 2269 3908 2320 et

2265 2376 2432 2426 notos
2461 2370 2686 2440 habeat,
2718 2369 2826 2424 nisi
2856 2369 3104 2440 aliquam
3137 2367 3252 2421 vim
3289 2362 3606 2421 temeraria:
3641 2361 3904 2416 multitu-

2267 2464 2414 2520 dinis
2443 2464 2556 2519 illic
2581 2463 2857 2531 timuerit,
2891 2467 2990 2517 aut
3017 2461 3268 2528 infestos,
3314 2464 3412 2514 aut
3447 2460 3735 2529 suspectos
3765 2455 3911 2509 inibi

2260 2558 2480 2631 judices
2525 2557 2810 2624 habuerit,
2863 2573 2964 2627 pro
3045 2554 3251 2627 quibus
3301 2553 3483 2607 causis
3538 2551 3611 2605 ad
3668 2549 3911 2620 majoris

2266 2652 2616 2708 auctoritatis
2653 2651 2896 2722 judices,
2943 2655 3000 2704 et
3043 2649 3117 2703 ad
3157 2648 3298 2703 alias
3343 2644 3661 2718 provincias
3701 2643 3910 2715 appel-

2265 2746 2382 2802 lare
2433 2750 2492 2801 et
2538 2745 2732 2802 venire
2782 2759 3113 2799 concessum
3166 2747 3267 2798 est.
3324 2740 3530 2796 Omnia
3580 2754 3717 2809 ergo
3780 2753 3910 2809 quae

2266 2841 2530 2896 adversus
2556 2840 2821 2894 absentes
2850 2838 2911 2892 in
2963 2838 3119 2892 omni
3157 2835 3536 2908 negotiOIaut
3563 2833 3686 2887 loco
3719 2847 3914 2902 agun-

2266 2938 2360 2990 tur
2374 2939 2471 2989 aut
2478 2935 2500 3005 j
2511 2934 2808 2989 udicantur
2823 2931 3058 2988 omnino
3071 2935 3406 2994 vacuentur,
3431 2926 3700 2998 quoniam
3712 2926 3919 2981 absen-

2267 3033 2384 3082 tem
2409 3029 2599 3082 nullus
2625 3027 2854 3095 addicit,
2888 3043 2994 3082 nec
3022 3026 3142 3082 ulla
3167 3025 3259 3079 lex
3299 3023 3548 3088 damnat,
3580 3021 3739 3076 facile
3771 3036 3919 3092 ergo

2268 3123 2438 3178 homo
2472 3122 2768 3178 hominem
2815 3122 3013 3176 fallere
3064 3124 3269 3192 potest,
3313 3135 3432 3174 non
3472 3122 3667 3172 tamen
3700 3116 3916 3180 Deum,

2269 3217 2428 3288 cujus
2469 3217 2646 3272 oculis
2679 3216 2871 3270 omnia
2914 3214 3070 3270 nuda
3119 3218 3251 3269 sunt
3278 3219 3335 3267 et
3387 3214 3604 3283 aperta.
3638 3209 3811 3264 Unde
3841 3209 3925 3263 ait

2267 3311 2547 3382 propheta
2581 3327 2594 3365 :
2630 3329 2659 3361 «
2689 3310 2964 3366 Dominus
3004 3308 3160 3364 novit
3198 3306 3568 3378 cogitationes
3597 3303 3920 3358 hominum

2267 3405 2537 3476 quoniam
2563 3420 2720 3459 vanae
2758 3407 2890 3458 sunt
2929 3403 2972 3473 (1
3007 3405 3125 3461 Cor.
3167 3417 3248 3468 ιιι,
3280 3400 3391 3470 20).
3435 3420 3462 3449 ››
3497 3397 3740 3470 Sapiens
3774 3412 3926 3468 ergo

2266 3515 2385 3554 non
2430 3501 2515 3554 est
2557 3498 2656 3570 qui
2696 3502 2894 3564 nocet,
2946 3513 3051 3552 nec
3096 3494 3415 3567 quidquam
3465 3493 3606 3548 mali
3653 3491 3786 3547 vult
3817 3492 3926 3564 qui

2267 3593 2447 3649 ﬁdelis
2475 3598 2579 3661 est,
2610 3597 2710 3648 aut
2739 3592 3006 3663 cuiquam
3035 3589 3268 3644 insidias
3295 3587 3677 3642 machinatur.

2344 3689 2666 3756 Hortamur,
2689 3687 2886 3756 frater,
2924 3689 2980 3739 et
2999 3700 3299 3739 monemus
3329 3688 3488 3738 tuam
3514 3679 3922 3746 dilectionem,

2265 3784 2333 3836 ut
2361 3798 2559 3837 omnes
2586 3796 2828 3852 semper,
2874 3781 3044 3850 prout
3088 3777 3294 3832 melius
3338 3775 3608 3848 potueris,
3652 3774 3933 3844 adjuves,

2269 3875 2550 3930 confortes
2575 3879 2634 3930 et
2661 3873 2984 3940 consoleris,
3022 3874 3080 3927 et
3107 3873 3463 3926 sacramenta
3501 3884 3671 3940 super
3699 3868 3934 3938 quibus

2267 3969 2416 4024 hanc
2446 3973 2698 4024 sanctam
2727 3968 3045 4021 Romanam
3075 3982 3139 4020 ac
3178 3963 3556 4020 universalem
3597 3960 3937 4015 Ecclesiam

2269 4063 2560 4117 consulere
2595 4061 2842 4128 voluisti,
2872 4060 2998 4114 ﬁeri
3032 4058 3335 4131 prohibeas
3371 4060 3428 4111 et
3465 4055 3763 4110 neminem
3801 4071 3932 4109 un-

2268 4171 2442 4228 quam
2467 4155 2723 4224 infestes,
2765 4158 2865 4210 aut
2900 4170 3120 4209 noceas.
3157 4154 3306 4223 Hzec,
3347 4151 3521 4206 frater
3543 4149 3616 4204 ad
3648 4148 3936 4219 reliquo-

2268 4267 2397 4306 rum
2428 4251 2671 4304 fratrum
2696 4249 2956 4304 notitiam
2985 4252 3078 4302 tua
3104 4247 3275 4302 faciat
3293 4245 3557 4301 sanctitas
3582 4244 3933 4314 pervenire,

2270 4349 2332 4399 ut
2360 4360 2555 4399 omnes
2599 4344 2722 4398 hinc
2758 4344 2913 4398 mala
2961 4345 3215 4408 caveant,
3265 4345 3321 4395 et
3371 4339 3516 4394 sicut
3560 4337 3943 4409 generaliter

2269 4443 2389 4495 tam
2438 4438 2508 4493 ab
2561 4437 2683 4510 ipso
2715 4438 2962 4493 Domino
3025 4453 3195 4508 quam
3237 4452 3271 4489 a
3312 4433 3518 4488 sanctis
3563 4435 3620 4487 et
3667 4430 3941 4503 reliquis

533 4526 678 4584 Sicut
706 4526 865 4581 mille
895 4525 1052 4594 anni,
1083 4529 1141 4581 et
1167 4525 1324 4580 mille
1351 4525 1491 4581 anni
1532 4526 1676 4582 sicut
1697 4543 1846 4582 unus
1877 4527 2013 4582 dies.
2050 4529 2169 4582 Non
2189 4541 2249 4615 D
2271 4531 2586 4604 apostolicis
2613 4531 2766 4599 viris,
2797 4535 2854 4586 et
2879 4529 3095 4585 ueteris
3130 4527 3382 4600 patribus
3422 4531 3554 4581 sunt
3587 4524 3945 4597 prohibita,

532 4621 722 4677 tardat
741 4619 1015 4676 Deminus
1033 4619 1349 4692 promissis,
1377 4620 1473 4676 sed
1489 4621 1771 4692 patienter
1794 4621 1915 4692 agit
1938 4627 2174 4693 propter

533 4730 650 4783 vos,
701 4716 902 4770 nolens
943 4714 1160 4788 aliquos
1191 4713 1410 4787 'perire,
1477 4715 1577 4770 sed
1631 4732 1829 4771 omnes
1873 4716 1946 4770 ad
1989 4717 2170 4788 poeni-

533 4809 778 4865 tentiam
819 4808 1046 4865 reverti.
1097 4808 1377 4864 Adveniet
1427 4812 1618 4865 autem
1673 4810 1792 4866 dies
1843 4811 2069 4865 Domini
2106 4813 2172 4866 ut

533 4902 648 4971 fur,
675 4902 736 4957 in
767 4919 883 4976 qua
913 4902 1039 4959 coeli
1080 4919 1293 4976 magno
1320 4902 1537 4975 impetu
1565 4903 1861 4974 transient,
1893 4904 2173 4960 elementa

535 5013 671 5053 vero
699 4997 880 5054 calore
924 4997 1232 5053 solventur.
1274 5001 1417 5056 Cum
1453 4999 1572 5054 haec
1609 4997 1783 5070 igitur
1818 4999 2011 5054 omnia
2055 4999 2170 5053 dis-

537 5090 803 5148 solvenda
857 5096 1006 5161 sunt,
1075 5107 1140 5147 ex
1175 5092 1264 5147 his
1297 5093 1535 5164 potestis
1579 5092 1937 5149 considerare
1979 5094 2172 5166 quales

2271 4627 2352 4681 ita
2373 4625 2715 4698 generaliter
2735 4625 2806 4680 ab
2826 4624 3090 4680 omnibus
3111 4621 3525 4678 custodiantur.
3549 4620 3698 4674 Bene
3712 4619 3947 4674 valere

2270 4717 2681 4775 beatitudinem
2715 4722 2874 4774 tuam
2911 4734 3137 4789 semper
3171 4719 3454 4788 optamus,
3499 4719 3556 4768 et
3594 4711 3771 4767 sacris
3806 4713 3956 4768 vir-

2269 4813 2486 4870 tutibus
2522 4813 2797 4884 proﬁcere
2833 4819 2889 4868 te
2921 4812 3327 4878 desideramus,
3370 4810 3547 4864 frater
3574 4806 3958 4864 chariss'une

2273 4912 2443 4980 atque
2468 4907 2880 4963 amantissime.
2914 4907 3047 4962 Data
3073 4922 3126 4964 xi
3158 4904 3434 4960 Kalendas
3459 4901 3633 4973 Junii,
3663 4900 3963 4958 Maximo

2274 5007 2331 5059 et
2347 5002 2512 5059 Decio
2535 5003 2600 5057 IV
2625 5001 2968 5057 consulibus.

541 5215 3893 5239 W—W

1176 5334 1754 5431 INCIPIUNT
1853 5332 2165 5433 DECRZ

2271 5339 2379 5432 ΓΑ
2483 5339 2777 5432 LUCII
2880 5335 3246 5429 ΡΑΡᾸΕ.

1316 5476 1496 5548 (Anno
1523 5477 1748 5534 Domini
1775 5481 1896 5548 258,
1927 5480 2087 5536 Gallo
2117 5481 2419 5536 Hosuliano
2447 5480 2792 5552 imperatore
2820 5476 3137 5550 regnante.)

612 5663 998 5723 Dilectissimis
1027 5663 1300 5721 fratribus
1325 5666 1589 5724 omnibus
1619 5668 1893 5741 episcopis
1920 5667 1979 5725 in
2007 5671 2175 5742 parti-

541 5759 645 5813 bus
670 5761 1106 5817 occidentalibus
1130 5765 1249 5816 tam
1280 5761 1453 5816 Gallis
1479 5779 1649 5835 quam
1677 5768 1732 5819 et
1763 5764 2020 5836 Hispanis
2041 5782 2170 5820 con-

543 5853 888 5922 sistentibus,
911 5856 1106 5914 Lucws
1139 5856 1434 5930 episcopus
1468 5857 1524 5912 in
1555 5857 1792 5914 Domino
1825 5859 2090 5916 salutem.

2345 5670 2583 5726 Litteras
2626 5668 2938 5726 dilectionis
2983 5671 3181 5723 vestrae
3240 5677 3383 5735 quas
3434 5660 3507 5716 ad
3553 5659 3704 5716 beati
3757 5658 4010 5720 Petri

2274 5766 2511 5837 apostoli
2554 5765 2744 5820 sedem
2790 5779 2891 5835 pro
2943 5760 3113 5816 vestri
3174 5773 3340 5814 causa
3391 5753 3607 5826 negotii
3656 5751 4010 5826 misistis,

2274 5859 2525 5916 libenter
2572 5857 2959 5932 suscepimus,
3009 5855 3106 5912 sed
3155 5853 3226 5909 de
3267 5850 3466 5908 vestris
3504 5844 4010 5914 afﬂictionibus
