4026 6166
199 286 300 344 169

1417 287 1887 342 DECRETALIUM
1925 285 2310 341 COLLECTIO.

3455 291 3554 348 170

186 413 302 451 non
343 394 567 451 modice
607 397 925 452 contristati
977 413 1188 452 sumus.
1240 396 1611 469 Signiﬁcastis
1660 397 1814 453 enim
1837 405 1895 478 Α
1917 392 2022 447 nisi
2050 396 2331 465 quantum
2359 393 2434 449 ad
2462 396 2722 467 proprias
2752 397 3002 468 pertinet
3028 395 3348 469 parochias,
3375 404 3555 470 agant

189 507 280 545 vos
310 494 430 544 tam
455 508 487 544 a
513 491 859 562 quibusdam
891 509 1001 546 non
1026 495 1242 547 rectam
1266 492 1441 547 ﬁdem
1467 492 1814 561 tenentibus,

187 583 282 638 sed
327 583 617 639 erroribus
655 585 963 656 implicitis,
997 603 1173 658 quam
1215 590 1271 641 et
1300 586 1372 641 ab
1412 585 1536 641 aliis
1563 602 1657 640 eos
1687 585 1812 640 imi-

185 676 434 732 tantibus
480 695 579 733 vos
621 679 887 751 persequi
935 683 993 735 et
1039 679 1336 749 infamari,
1387 684 1556 752 atque
1604 684 1816 734 vestras

184 771 439 827 ecclesias
475 772 590 827 suis
629 773 873 841 dotibus,
915 778 972 828 et
1009 774 1268 829 ﬁdelium
1308 773 1692 829 oblationibus
1717 791 1815 829 ex-

182 865 428 936 spoliari,
466 869 801 937 vestrosque
836 866 1128 922 ministros
1160 868 1328 922 nimis
1355 867 1567 936 vexari,
1600 872 1656 921 et
1685 867 1813 922 ideo

179 959 384 1013 multos
422 976 459 1013 a
495 959 655 1014 vobis
694 965 750 1016 et
789 978 821 1015 a
859 965 1014 1016 recta
1051 961 1163 1016 ﬁde
1198 961 1508 1029 discedere,
1546 961 1815 1031 quoniam

180 1053 252 1107 eis
275 1068 397 1106 non
425 1052 666 1123 potestis
688 1054 1087 1110 defensionem
1117 1054 1449 1126 impendere
1471 1070 1576 1108 nec
1597 1071 1664 1108 ea
1686 1071 1814 1124 quas

180 1147 503 1202 necessaria
528 1152 661 1202 sunt
685 1148 1036 1204 ministrare.
1065 1149 1249 1205 Nolite
1271 1147 1488 1215 mirari,
1513 1149 1739 1215 fratres,
1767 1147 1814 1202 si

178 1257 271 1295 vos
312 1240 584 1295 malevoli
636 1245 694 1296 et
748 1241 912 1312 impii
960 1246 1398 1314 persequuntur,
1446 1258 1576 1296 cum
1621 1241 1812 1313 ipsum

177 1334 460 1389 Christum
507 1338 678 1405 caput
723 1341 982 1390 nostrum
1029 1337 1140 1390 sint
1196 1334 1505 1406 persecuti,
1555 1335 1708 1390 unde
1757 1339 1814 1390 et

178 1428 612 1484 consolatricem
659 1428 846 1499 ipsam
883 1430 1104 1485 habetis
1147 1429 1473 1498 Veritatem,
1521 1445 1649 1500 quae
1685 1429 1764 1484 ait
1795 1447 1808 1482 :

179 1545 204 1571 εί
237 1523 290 1579 Si
319 1522 808 1594 patremfamilias
852 1523 1158 1578 Belzebuth
1202 1526 1564 1590 vocaverunt,
1599 1526 1811 1593 quanto

176 1617 349 1688 magis
375 1617 725 1672 domesticos
759 1617 880 1687 ejus
911 1617 1122 1686 (Matth.
1148 1634 1203 1686 x,
1234 1616 1356 1687 25)!
1393 1637 1422 1668 υ
1454 1618 1578 1688 Ipsa
1602 1617 1814 1671 iterum

175 1711 470 1765 consolans
501 1727 626 1777 nos,
652 1709 910 1782 loquitur
939 1710 1132 1766 dicens
1160 1727 1174 1765 :
1208 1730 1236 1763 α
1265 1711 1324 1766 Si
1355 1711 1425 1766 de
1455 1711 1562 1765 hoc
1591 1710 1810 1765 mundo

1908 488 2074 558 juxta
2116 491 2439 541 sanctorum
2481 489 2780 544 constituta
2815 493 3064 560 patrum,
3095 493 3157 544 ut
3194 508 3308 546 uno
3333 491 3550 565 animo,

1917 597 2030 635 uno
2061 596 2158 636 ore
2197 580 2557 636 concorditer
2597 585 2794 637 sancta
2833 583 3178 654 gloriﬁcetur
3211 584 3452 641 Trinitas
3489 588 3551 642 in

1915 675 2135 729 saecula.
2168 674 2444 730 Similiter
2483 676 2821 732 auctoritate
2863 676 2990 731 fulti
3032 678 3361 748 apostolica,
3400 697 3546 752 prae-

1915 767 2176 840 cipimus,
2203 773 2266 823 ut
2296 769 2486 823 nullus
2516 769 2990 841 metropolitanus
3015 771 3311 843 episcopus
3337 772 3552 846 absque

1915 867 2257 917 caeterorum
2285 862 2547 917 omnium
2571 862 3140 935 comprovincialium
3159 865 3550 938 episcoporum

1914 955 2185 1010 instantia
2223 955 2550 1028 aliquorum
2591 956 2786 1012 audiat
2825 973 3023 1011 causas
3062 973 3280 1024 eorum,
3311 960 3445 1030 quia
3482 961 3551 1016 ir-

1913 1050 2023 1103 rita
2052 1055 2240 1118 erunt,
2275 1054 2331 1103 et
2360 1050 2482 1120 ipse
2523 1066 2746 1104 causam
2783 1066 2886 1121 pro
2911 1051 3062 1105 facto
3088 1051 3261 1106 dabit.
3293 1052 3550 1126 Episcopi

1912 1159 2043 1197 vero
2072 1159 2175 1214 per
2204 1143 2458 1214 singulas
2491 1143 2802 1214 provincias
2829 1144 3130 1199 observent
3163 1161 3238 1199 ne
3274 1147 3548 1216 posterio-

1913 1252 2003 1292 res
2033 1253 2092 1291 se
2122 1237 2409 1308 prioribus
2439 1236 2552 1292 suis
2591 1238 2916 1309 praeferant,
2944 1254 3048 1294 nec
3082 1237 3164 1293 eis
3186 1239 3547 1310 inconsultis,

1912 1330 2020 1384 nisi
2081 1333 2359 1402 quantum
2411 1331 2480 1385 ad
2532 1331 2825 1402 propriam
2882 1332 3133 1403 pertinet
3185 1333 3549 1404 parochiam,

1911 1423 2124 1495 aliquid
2162 1427 2356 1495 agant,
2400 1425 2500 1479 sed
2545 1440 2744 1480 omnes
2793 1425 2862 1481 de
2906 1426 3308 1482 communibus
3350 1443 3550 1483 eorum

1912 1518 2094 1572 causis
2125 1533 2433 1572 consonam
2476 1518 2824 1574 sententiam
2854 1519 3154 1590 proferant
3183 1523 3240 1574 et
3277 1520 3549 1576 determi-

1913 1615 2070 1681 nent,
2101 1611 2373 1682 quoniam
2397 1611 2565 1667 aliter
2583 1615 2711 1668 acta
2734 1613 2920 1669 nullas
2945 1613 3093 1669 vires
3114 1613 3422 1682 habebunt,
3446 1631 3550 1672 nec

1913 1705 2289 1760 ecclesiastica
2313 1705 2750 1778 reputabuntur.

177 1804 436 1870 fuissetis,
467 1776 900 1874 mundus-quod
920 1821 1085 1858 suum
1108 1809 1227 1859 erat
1247 1803 1529 1874 diligeret,
1559 1804 1659 1858 sed
1680 1776 1886 1874 quiaB
1983 1800 2201 1853 Bonum
2238 1776 2402 1868 esset,
2434 1799 2656 1868 fratres,
2689 1803 2745 1855 et
2783 1799 2949 1855 valde
2980 1802 3158 1856 Deum
3189 1801 3545 1871 timentibus,

175 1915 279 1952 non
304 1898 444 1953 estis
463 1899 531 1953 de
560 1899 666 1952 hoc
690 1898 930 1966 mundo,
950 1899 1045 1952 sed
1066 1915 1174 1969 ego
1195 1898 1343 1969 elegi
1363 1915 1462 1953 vos
1481 1898 1550 1953 de
1570 1897 1807 1966 mundo,

171 1996 473 2064 propterea
502 1992 624 2046 odit
649 2009 747 2046 vos
772 1991 1022 2046 mundus
1047 1991 1222 2062 (Joan.
1253 2009 1342 2058 xv,
1377 1991 1484 2063 19).
1516 2013 1544 2041 »
1571 1993 1812 2063 Propter

168 2087 333 2151 tales,
374 2085 593 2152 fratres,
639 2086 942 2140 hortamur
978 2102 1074 2140 vos
1114 2086 1255 2140 sicut
1295 2089 1352 2140 et
1382 2085 1442 2139 in
1472 2086 1583 2140 hac
1618 2089 1809 2140 sancta

164 2179 411 2233 Ecclesia
446 2178 816 2233 constitutum
845 2179 1142 2246 habemus,
1176 2182 1239 2233 ut
1265 2195 1494 2250 semper
1519 2183 1689 2234 testes
1717 2195 1809 2232 vo-

162 2273 378 2327 biscum
408 2273 734 2327 sacerdotes
761 2277 817 2327 et
843 2272 1108 2327 diaconos
1133 2272 1407 2341 habeatis,
1439 2275 1495 2327 et
1526 2272 1653 2327 licet
1679 2289 1806 2326 con-

167 2365 461 2421 scientiam
508 2365 771 2420 sufﬁcere
823 2365 999 2436 possit
1035 2366 1295 2437 propria,
1343 2370 1532 2420 tamen
1573 2371 1808 2437 propter

165 2460 489 2528 malevolos,
512 2461 681 2530 juxta
713 2459 1037 2529 apostolum
1071 2460 1240 2514 etiam
1277 2459 1674 2514 testimonium
1710 2477 1806 2514 vos

166 2557 378 2624 oportet
404 2553 628 2607 habere
650 2552 868 2608 bonum
889 2554 959 2608 ab
982 2553 1069 2608 his
1085 2553 1182 2624 qui
1194 2553 1334 2608 foris
1355 2556 1504 2608 sunt.
1521 2553 1805 2618 Quoniam

163 2648 214 2700 in
257 2649 365 2702 hac
417 2651 623 2701 sancta
667 2647 797 2702 sede
835 2647 1204 2702 constitutum
1241 2647 1547 2716 habemus,
1594 2650 1654 2701 ut
1693 2647 1805 2701 duo

161 2741 502 2812 presbyteri,
531 2741 620 2796 vel
651 2745 766 2796 tres
801 2740 1021 2796 diaconi
1057 2740 1116 2795 in
1144 2741 1299 2795 omni
1325 2741 1445 2795 loco
1475 2741 1802 2812 episcopum

161 2851 264 2889 non
307 2837 590 2890 deserant
626 2837 864 2906 propter
904 2834 1295 2890 testimonium
1336 2834 1800 2889 ecclesiasticum.

160 2929 416 3000 Episcopi
447 2945 592 3000 ergo
621 2945 738 2983 non
770 2932 902 2982 sunt
928 2929 1128 2983 leviter
1159 2928 1459 2983 accusandi
1489 2929 1576 2983 vel
1613 2928 1802 2983 detra-

161 3023 345 3089 hendi,
379 3022 525 3094 quia
549 3023 762 3093 injuria
791 3038 988 3076 eorum
1013 3021 1085 3076 ad
1111 3021 1397 3077 Christum
1425 3022 1689 3092 pertinet,
1713 3038 1805 3076 cu-

153 3118 238 3185 jus
262 3117 385 3171 vice
421 3121 480 3170 et
501 3116 795 3186 legatione
822 3117 1145 3187 funguntur
1166 3116 1226 3170 in
1247 3115 1510 3172 Ecclesia.
1533 3115 1692 3171 Unde
1710 3132 1803 3170 vo-
1821 3145 1876 3221 Ο

159 3209 236 3263 his
259 3208 544 3263 omnibus
573 3212 630 3262 et
659 3209 757 3280 qui
782 3208 1074 3263 vobiscum
1102 3210 1238 3262 sunt
1264 3208 1323 3262 in
1354 3211 1549 3263 nostro
1576 3209 1796 3275 solatio,

161 3303 290 3356 sicut
315 3307 380 3356 et.
410 3302 554 3357 olim
585 3302 796 3355 factum
824 3301 1167 3370 invenimus,
1196 3301 1462 3356 constitui
1482 3302 1712 3372 placuit,
1738 3307 1801 3358 ut

160 3396 589 3451 criminationes
610 3396 894 3466 majorum
916 3400 1053 3449 natu
1075 3413 1180 3467 per
1201 3396 1341 3450 alios
1365 3412 1483 3450 non
1511 3395 1669 3462 ﬁant,
1692 3396 1800 3450 nisi

156 3506 250 3560 per
297 3492 464 3561 ipsos
516 3489 615 3560 qui
667 3489 910 3543 crimina
959 3489 1297 3555 intendunt,
1351 3489 1396 3543 si
1449 3493 1640 3544 tamen
1691 3489 1798 3560 ipsi

159 3588 207 3636 et
248 3583 421 3654 digni
465 3587 523 3638 et
564 3582 1088 3653 irreprehensibiles
1134 3583 1525 3653 apparuerint,
1569 3585 1626 3636 et
1663 3583 1799 3636 actis

159 3676 458 3731 docuerint
491 3675 756 3747 publicis,
785 3671 942 3730 omni
969 3693 1026 3730 se
1055 3693 1249 3730 carere
1284 3675 1602 3746 suspicione
1629 3680 1799 3746 atque

159 3771 478 3833 inimicitia,
516 3777 576 3824 et
614 3770 1176 3840 irreprehensibilem
1207 3769 1378 3824 ﬁdem
1407 3786 1470 3824 ac
1501 3785 1796 3823 conversa-

161 3864 366 3918 tionem
406 3863 540 3935 39
579 3863 805 3917 ducere.
840 3863 999 3918 Unde
1034 3863 1246 3934 placuit
1278 3867 1344 3916 ut
1379 3879 1412 3916 a
1451 3863 1795 3932 quibuscun-

161 3973 256 4027 que
290 3958 594 4028 judicibus
635 3957 1017 4011 ecclesiasticis
1060 3957 1130 4010 ad
1181 3957 1321 4010 alios
1361 3955 1582 4025 judices
1629 3956 1799 4010 eccle-

161 4051 433 4119 siasticos,
474 4051 573 4104 ubi
605 4055 689 4104 est
724 4051 911 4120 major
945 4050 1253 4105 auctoritas
1288 4050 1356 4118 (si
1386 4050 1559 4104 fuerit
1587 4066 1795 4121 provo-

159 4148 383 4214 catum),
433 4143 725 4197 audientia
763 4161 877 4197 non
918 4146 1179 4214 negetur.
1221 4145 1362 4198 Item
1405 4143 1798 4197 constituimus

159 4237 289 4291 sicut
320 4241 384 4293 et
417 4255 449 4291 a
479 4237 688 4291 sanctis
714 4237 1002 4308 apostolis,
1035 4253 1352 4308 eorumque
1384 4237 1798 4291 successoribus

158 4331 449 4386 decretum
492 4332 810 4401 reperimus
852 4348 865 4385 :
913 4332 957 4384 si
999 4331 1126 4401 quis
1168 4330 1640 4402 metropolitanus
1675 4330 1793 4401 epi-

158 4441 352 4497 scopus
393 4425 504 4478 nisi
547 4425 698 4494 quod
728 4425 1088 4478 solummodo
1120 4425 1192 4479 ad
1221 4424 1518 4495 propriam
1553 4424 1800 4493 pertinet

1910 1896 1967 1948 et
1994 1893 2086 1963 pie
2116 1892 2304 1948 vivere
2333 1893 2649 1947 volentibus
2679 1893 3091 1963 necessarium,
3114 1894 3162 1949 si
3187 1894 3338 1950 intra
3361 1896 3550 1951 catho-

1907 1986 2077 2040 licam
2106 1985 2408 2041 Ecclesiam
2436 1986 2650 2040 nullius
2677 1985 2815 2041 mali
2846 1989 2946 2041 aut
2970 1986 3342 2043 infestationis
3369 1989 3544 2044 alicu-

1900 2079 1997 2150 jus
2029 2095 2168 2151 erga
2195 2079 2421 2134 Domini
2448 2079 2765 2135 sacerdotes
2793 2084 2891 2134 aut
2911 2080 3062 2150 juste
3089 2083 3146 2136 et
3171 2080 3264 2152 pie
3289 2083 3546 2138 volentes

1906 2173 2095 2228 vivere
2126 2189 2362 2245 germen
2395 2177 2747 2243 exsurgeret.
2779 2173 2892 2229 Sed
2922 2173 3056 2245 quia
3086 2175 3429 2244 praevalente
3453 2176 3542 2231 in-

1906 2267 2072 2334 vidia,
2112 2267 2266 2339 quod
2303 2266 2550 2322 deterius
2588 2268 2692 2334 est,
2735 2267 2918 2338 surgit
2947 2272 3004 2322 et
3036 2267 3235 2323 crescit
3259 2271 3428 2340 atque
3464 2270 3548 2324 ni-

1908 2360 2017 2414 mis
2056 2377 2114 2415 se
2153 2360 2210 2414 in
2257 2376 2453 2414 omnes
2502 2365 2688 2431 partes
2731 2360 3012 2428 extendit,
3059 2360 3267 2416 idcirco
3313 2378 3545 2419 necesse

1909 2459 1993 2508 est
2046 2453 2186 2508 illud
2235 2453 2610 2508 ecclesiastico
2660 2456 2717 2508 et
2763 2453 3066 2524 apostolico
3113 2455 3368 2509 abscindi
3413 2473 3539 2511 mu-

1907 2563 2106 2615 crone,
2153 2563 2225 2602 ne
2266 2563 2454 2602 servos
2498 2547 2595 2601 Dei
2636 2563 2701 2601 ac
2742 2547 2970 2601 Domini
3013 2547 3403 2603 sacerdotibus
3443 2566 3540 2605 va-

1904 2641 2019 2695 leat
2049 2656 2252 2696 nocere
2278 2644 2377 2695 aut
2402 2640 2661 2711 perdere.
2692 2661 2720 2690 «
2754 2641 3131 2696 Exhonoravit
3161 2641 3316 2696 enim
3348 2643 3538 2698 Domi-

1906 2751 2030 2803 nus,
2069 2755 2096 2783 ι(
2131 2738 2192 2788 ut
2228 2734 2287 2788 in
2325 2733 2710 2790 Ecclesiastico
2735 2734 2948 2805 legitur
2977 2733 3142 2802 libro,
3177 2755 3204 2787 »
3231 2741 3537 2793 conventus

1904 2829 2215 2894 malorum,
2249 2831 2306 2883 et
2331 2828 2610 2882 destruxit
2635 2829 2784 2882 Deus
2813 2844 2908 2882 eos
2937 2844 3116 2899 usque
3143 2829 3202 2883 in
3227 2829 3421 2886 ﬁnem.
3450 2832 3542 2887 Se-

1904 2922 2002 2977 des
2047 2922 2258 2977 ducum
2296 2923 2674 2993 superborum
2719 2921 2998 2978 destruxit
3038 2923 3202 2993 Deus,
3243 2926 3299 2979 et
3343 2925 3538 2981 sedere

1904 3017 2038 3072 fecit
2076 3015 2244 3070 mites
2281 3033 2384 3087 pro
2433 3016 2532 3071 eis.
2578 3015 2816 3070 Radices
2857 3016 3117 3087 gentium
3165 3019 3538 3089 superbarum

1903 3110 2135 3165 arefecit
2170 3110 2334 3177 Deus,
2384 3111 2442 3163 et
2481 3109 2758 3179 plantavit
2788 3109 3034 3164 humiles
3070 3127 3135 3165 ex
3173 3111 3306 3182 ipsis
3348 3113 3535 3182 genti-

1899 3205 2026 3260 bus.
2070 3206 2271 3259 Terras
2316 3203 2578 3274 gentium
2621 3204 2825 3258 evertit
2860 3203 3152 3272 Dominus,
3196 3207 3253 3259 et
3287 3205 3538 3276 perdidit

1901 3315 1994 3353 cas
2038 3313 2218 3370 usque
2263 3297 2332 3351 ad
2385 3297 2848 3352 fundamentum.
2885 3297 3132 3352 Arefecit
3180 3315 3247 3352 ex
3296 3299 3433 3370 ipsis
3481 3304 3541 3356 et

1901 3391 2232 3463 disperdidit
2265 3407 2378 3457 eos,
2427 3400 2482 3444 et
2529 3407 2746 3445 cessare
2791 3391 2922 3445 fecit
2958 3391 3294 3446 memoriam
3333 3409 3535 3448 eorum

1901 3486 1971 3540 de
2011 3491 2180 3540 terra.
2228 3484 2476 3539 Perdidit
2498 3485 2646 3540 Deus
2680 3485 3018 3539 memoriam
3048 3485 3448 3556 superborum,
3479 3490 3538 3542 et

1899 3579 2131 3650 reliquit
2163 3578 2499 3632 memoriam
2526 3578 2834 3632 humilium
2871 3595 3060 3633 sensu.
3090 3579 3211 3633 Non
3239 3585 3322 3634 est
3349 3586 3536 3636 creata

1900 3672 2228 3727 hominibus
2255 3671 2518 3742 superbia
2543 3688 2730 3743 neque
2757 3671 3052 3726 iracundia
3078 3672 3292 3727 nationi
3330 3675 3532 3729 mulie-

1897 3784 2047 3822 rum.
2078 3767 2285 3820 Semen
2322 3765 2624 3819 hominum
2661 3765 3040 3819 honorabitur
3060 3767 3164 3820 hoc
3192 3766 3346 3837 quod
3371 3768 3536 3823 timet

1898 3862 2095 3927 Deum,
2127 3874 2320 3913 semen
2363 3862 2554 3911 autem
2601 3859 2706 3912 hoc
2751 3857 3196 3912 exhonorabitur
3233 3859 3532 3913 hominum

1900 3954 2051 4025 quod
2082 3951 2337 4024 praeterit
2376 3950 2645 4006 mandata
2683 3949 2928 4006 Domini.
2963 3953 3024 4006 ln
3060 3950 3252 4006 medio
3292 3953 3532 4007 fratrum

1899 4053 2086 4102 rector
2111 4046 2344 4100 illorum
2377 4045 2435 4099 in
2463 4046 2699 4113 honore,
2734 4048 2792 4098 et
2819 4044 2918 4115 qui
2956 4045 3163 4098 timent
3201 4044 3528 4116 Dominum,

1900 4144 2069 4196 erunt
2104 4141 2166 4195 in
2209 4140 2386 4194 oculis
2427 4139 2566 4210 ejus.
2611 4138 2799 4193 Gloria
2839 4138 3081 4193 divitum
3125 4140 3533 4194 honoratorum

1901 4241 1958 4289 ct
1982 4250 2299 4305 pauperum
2319 4233 2494 4287 timor
2513 4233 2613 4286 Dei
2640 4238 2724 4286 est
2748 4248 2761 4286 :
2784 4231 2901 4286 noli
2927 4231 3210 4304 despicere
3239 4234 3532 4288 hominem

1890 4329 2112 4400 justum
2152 4343 2487 4398 pauperem,
2526 4330 2582 4380 et
2616 4326 2733 4380 noli
2772 4325 3141 4397 magniﬁcare
3186 4325 3370 4381 virum
3398 4344 3531 4398 pec-

1899 4426 2148 4476 catorem
2203 4421 2457 4476 divitem.
2511 4421 2743 4490 Magnus
2797 4424 2882 4474 est
2940 4419 3154 4489 Judex,
3213 4423 3270 4474 et
3332 4425 3532 4490 potens

159 4519 491 4587 parochiam
520 4517 640 4572 sine
670 4518 905 4573 consilio
936 4523 993 4571 et
1018 4518 1311 4572 voluntate
1340 4517 1602 4572 omnium
1632 4533 1789 4570 com-
1811 4518 1872 4590 Ι)
1895 4518 1980 4571 est
2032 4515 2251 4569 honore
2273 4555 2289 4580 ,
2349 4519 2407 4568 et
2465 4529 2583 4568 non
2643 4518 2729 4568 est
2781 4512 2966 4582 major
3031 4511 3128 4567 illo
3205 4513 3302 4584 qui
3369 4513 3534 4569 timet

159 4612 597 4682 provincialium
651 4612 1052 4684 episcoporum
1124 4615 1282 4665 extra
1347 4609 1564 4682 aliquid
1626 4627 1797 4681 agere

161 4706 485 4769 tentaverit,
530 4705 735 4776 gradus
772 4705 859 4759 sui
890 4705 1140 4776 periculo
1179 4704 1511 4774 subjacebit,
1547 4707 1604 4758 et
1641 4703 1798 4775 quod

162 4800 340 4868 egerit
379 4799 616 4852 irritum
653 4799 927 4853 habeatur
961 4803 1018 4854 et
1063 4814 1324 4853 vacuum.
1366 4798 1476 4853 Sed
1518 4797 1799 4869 quidquid

160 4892 222 4945 de
252 4892 829 4963 comprovincialium
861 4892 1325 4963 coepiscoporum
1357 4891 1540 4946 causis
1570 4907 1798 4946 eorum-

165 5001 264 5055 que
310 4985 688 5040 ecclesiarum
731 4990 789 5040 et
838 4985 1174 5040 clericorum
1223 4989 1392 5056 atque
1444 4984 1801 5040 saecularium

163 5079 608 5147 necessitatibus,
657 5084 755 5134 aut
805 5079 876 5134 de
927 5079 1358 5151 quibuscunque
1405 5077 1800 5133 communibus

165 5174 338 5227 (ausis
379 5189 552 5245 agere
587 5179 684 5228 aut
723 5173 1024 5245 disponere
1055 5189 1280 5229 necesse
1310 5172 1498 5241 fuerit,
1535 5172 1640 5227 hoc
1671 5188 1801 5226 cum

167 5270 422 5323 omnium
449 5283 732 5324 consensu
757 5267 1322 5340 comprovincialium
1355 5270 1557 5338 agatur
1580 5265 1802 5337 pontiﬁ-

168 5377 317 5430 cum,
357 5378 476 5417 non
518 5362 709 5434 aliquo
746 5362 1153 5418 dominationis
1188 5362 1357 5430 fastu,
1398 5361 1495 5416 sed
1534 5359 1802 5416 concordi

169 5458 220 5506 et
261 5456 594 5511 humillima
633 5456 1142 5526 administratione,
1185 5456 1329 5511 sicut
1359 5455 1637 5510 Dominus
1674 5454 1752 5509 ait
1784 5470 1798 5508 :

175 5568 196 5587 σε
227 5548 356 5602 Non
378 5549 507 5604 veni
525 5550 857 5618 ministrari,
877 5550 976 5606 sed
1004 5550 1330 5605 ministrare
1351 5550 1542 5619 (Marc.
1565 5565 1617 5614 x,
1642 5548 1754 5618 45).
1772 5568 1799 5596 »

172 5640 232 5694 Et
279 5642 412 5697 alibi
455 5659 468 5697 :
505 5662 533 5695 α
579 5643 686 5707 Qui
728 5643 913 5715 major
953 5647 1038 5699 est
1078 5648 1347 5714 vestrum,
1396 5642 1505 5697 erit
1544 5641 1804 5698 minister

173 5740 358 5790 vester
375 5735 588 5807 (Matth.
609 5754 803 5805 xxvm,
832 5741 972 5808 11),»
989 5742 1046 5794 et
1063 5737 1306 5809 reliqua.
1331 5736 1608 5793 Similiter
1622 5741 1678 5793 et
1694 5735 1804 5809 ipsi

171 5830 674 5901 comprovinciales
713 5831 959 5905 episcopi
998 5833 1200 5889 cuncta
1236 5847 1366 5889 cum
1397 5830 1518 5904 ejus
1547 5830 1800 5902 consilio,

1900 4610 2100 4664 Deum.
2143 4607 2317 4663 Servo
2370 4611 2593 4662 sensato
2628 4605 2794 4661 liberi
2842 4605 3123 4672 serviunt,
3175 4610 3234 4659 et
3272 4605 3357 4659 vir
3393 4623 3529 4677 pru-

1901 4703 2043 4757 dens
2083 4707 2141 4756 et
2183 4700 2578 4772 disciplinatus
2625 4715 2739 4754 non
2781 4698 3166 4754 murmurabit
3204 4704 3532 4771 correptus,

1902 4801 1956 4852 et
2001 4795 2213 4850 inscius
2261 4811 2376 4849 non
2437 4791 2832 4848 honorabitur.
2885 4791 3008 4846 Noli
3053 4796 3110 4846 te
3160 4793 3426 4848 extollere
3472 4793 3533 4848 in

1899 4889 2156 4945 faciendo
2205 4904 2381 4959 Opera
2423 4889 2544 4952 tua,
2596 4891 2654 4942 et
2701 4885 2817 4940 noli
2863 4886 3114 4940 cunctari
3160 4887 3222 4942 in
3274 4890 3533 4959 tempore

1900 4982 2197 5054 angustiae.
2243 4981 2441 5037 Melior
2489 4983 2574 5035 est
2618 4979 2715 5050 qui
2764 4983 3035 5050 operatur
3075 4984 3131 5035 et
3173 4981 3426 5036 abundat
3475 4981 3532 5035 in

1901 5076 2167 5133 omnibus
2196 5093 2366 5147 quam
2402 5074 2500 5146 qui
2543 5073 2836 5145 gloriatur.
2853 5078 2910 5129 et
2947 5079 3078 5146 eget
3106 5091 3272 5147 pane.
3313 5075 3435 5145 Fili,
3475 5076 3535 5130 in

1900 5170 2336 5226 mansuetudine
2369 5185 2526 5224 serva
2555 5168 2808 5223 animam
2839 5172 3000 5223 tuam
3044 5173 3099 5224 et
3136 5169 3209 5224 da
3250 5169 3332 5225 illi
3361 5170 3538 5224 hono-

1901 5282 2026 5322 rem
2057 5264 2370 5319 secundum
2410 5263 2680 5317 meritum
2722 5278 2908 5317 suum.
2939 5264 3276 5319 Peccantem
3313 5263 3374 5316 in
3409 5262 3533 5316 ani-

1901 5376 2056 5415 mam
2102 5374 2263 5413 suam
2307 5357 2433 5428 quis
2458 5355 2833 5427 justiﬁcabit?
2872 5361 2930 5411 et
2974 5357 3100 5428 quis
3143 5353 3537 5412 houoriﬁcabit

1903 5453 2355 5509 exhonorantem
2410 5449 2665 5505 animam
2722 5449 2934 5504 suam?
2981 5451 3205 5521 Pauper
3258 5446 3537 5518 gloriatur

1902 5563 2007 5619 per
2036 5544 2390 5616 disciplinam
2424 5547 2482 5598 et
2516 5543 2784 5599 timorem
2823 5559 3012 5611 suum,
3041 5547 3098 5597 et
3125 5545 3209 5596 est
3241 5541 3413 5595 homo
3438 5539 3536 5612 qui

1903 5638 2308 5696 honoriﬁcatur
2325 5641 2561 5711 propter
2586 5635 2964 5692 substantiam
2991 5650 3169 5690 suam.
3193 5633 3300 5698 Qui
3329 5633 3538 5706 gloria-

1901 5739 1998 5790 tur
2033 5734 2094 5790 in
2133 5736 2488 5806 paupertate,
2528 5732 2742 5802 quanto
2776 5728 2957 5800 magis
2999 5727 3058 5783 in
3087 5726 3442 5783 substantia?
3480 5733 3538 5783 et

1902 5828 2003 5902 qui
2037 5828 2320 5900 gloriatur
2351 5826 2411 5882 in
2449 5823 2782 5890 substantia,
2818 5825 3209 5893 paupertatem
3252 5826 3532 5883 vereatur.
