4026 6166
532 303 623 366 174

1421 307 1702 361 APPEND.
1745 306 1832 359 AD
1870 305 2030 359 SAL‘C.
2073 304 2159 358 1X.
2183 329 2250 343 --
2290 302 2531 359 lSIDORl
2569 303 2994 360 MERCATORIS

3771 306 3862 361 172

523 416 810 490 Sapientia
839 414 1123 470 humiliati
1150 413 1419 470 exaltabit
1441 419 1611 486 caput
1632 414 1772 485 ejus,
1804 417 1862 469 et
1880 413 1938 469 in
1968 412 2152 470 medio
2174 422 2234 496 Α
2253 413 2653 486 alienigenam,
2681 417 2737 468 et
2760 412 3042 467 subvertet
3064 417 3118 466 te
3146 408 3204 466 in
3237 408 3482 479 turbine,
3513 412 3570 466 et
3587 409 3858 468 abaliena-

525 515 934 583 magnatorum
991 508 1277 564 considere
1327 508 1488 563 illum
1541 508 1724 564 faciet.
1776 509 1892 562 Non
1955 508 2152 562 laudes

522 606 709 660 virum
751 604 810 658 in
855 602 1037 674 specie
1079 619 1197 672 sua,
1242 618 1429 673 neque
1482 619 1717 674 spernas
1758 601 2053 656 hominem
2094 603 2151 656 in

521 699 643 754 visu
684 714 807 752 suo.
842 696 1029 752 Brevis
1064 696 1124 750 in
1163 696 1484 751 volatilibus
1525 700 1608 751 est
1647 696 1784 767 apis,
1827 699 1885 750 et
1925 695 2150 750 initium

524 791 773 846 dulcoris
801 790 975 845 habet
1002 789 1218 844 fructus
1250 790 1418 844 illius.
1457 791 1520 845 In
1555 789 1756 844 vestitu
1796 806 1867 843 ne
1898 788 2154 860 glorieris

521 902 802 957 unquam,
833 901 935 939 nec
965 884 1022 938 in
1051 883 1141 938 die
1172 882 1404 938 honoris
1435 883 1515 937 tui
1546 883 1855 951 extollaris,
1884 883 2151 954 quoniam

521 978 802 1035 mirabilia
853 995 1024 1050 opera
1087 975 1353 1032 Altissimi
1407 977 1608 1043 solius,
1675 981 1733 1031 et
1791 976 2035 1047 gloriosa
2097 982 2152 1032 et

521 1074 796 1128 absconsa
829 1075 882 1126 et
924 1071 1102 1125 invisa
1137 1087 1306 1142 opera
1337 1070 1506 1125 illius.
1545 1069 1697 1124 Multi
1732 1070 1958 1140 tyranni
1988 1071 2148 1126 sede-

523 1170 661 1222 runt
697 1167 754 1220 in
794 1166 1024 1234 throno,
1053 1168 1110 1220 et
1146 1163 1555 1235 insuspicabilis
1593 1163 1835 1235 portavit
1867 1163 2146 1219 diadema.

521 1261 674 1316 Multi
706 1263 962 1332 potentes
1000 1257 1249 1330 oppressi
1283 1262 1415 1313 sunt
1450 1258 1650 1324 valide,
1679 1262 1735 1312 et
1771 1258 2002 1328 gloriosi
2033 1262 2144 1313 tra—

525 1355 628 1410 diti
668 1358 799 1408 sunt
835 1355 895 1409 in
923 1369 1127 1408 manus
1167 1354 1499 1408 alterorum.
1535 1353 1870 1423 Priusquam
1905 1351 2148 1408 interro-

523 1465 641 1522 ges,
666 1466 737 1502 ne
762 1448 1049 1519 vituperes
1069 1463 1438 1518 quemquam,
1464 1451 1519 1500 et
1542 1463 1672 1501 cum
1694 1445 2147 1517 interrogaveris,

521 1541 740 1613 corripe
781 1543 954 1613 juste.
1007 1540 1345 1612 Priusquam
1403 1540 1596 1596 audias
1622 1583 1634 1607 ,
1686 1557 1759 1594 ne
1814 1541 2150 1611 respondeas

2253 509 2336 564 bit
2360 512 2414 562 te
2441 525 2474 562 a
2505 508 2616 562 tuis
2639 506 2887 579 prOpriis
2913 507 3090 576 (Eccli.
3119 522 3176 571 x,
3210 505 3308 576 xi).
3341 526 3366 553 ››

2329 624 2355 650 ‹‹
2384 600 2564 668 Tales,
2594 599 2930 665 charissimi,
2955 599 3111 654 valde
3131 603 3262 654 sunt
3286 597 3514 653 cavendi
3536 614 3716 669 usque
3739 599 3864 654 dum

2253 701 2352 751 aut
2394 697 2812 761 convertantur,
2859 698 2957 748 aut
2998 692 3398 748 abscindantur
3444 691 3614 747 verbo
3667 693 3864 749 divino.

2256 813 2283 840 ‹‹
2337 791 2540 844 Beatus
2588 794 2775 844 autem
2832 792 2918 843 est
2970 787 3061 842 ille
3119 786 3214 858 qui
3268 803 3384 841 non
3434 792 3518 842 est
3573 788 3763 859 lapsus
3817 787 3869 842 in

2251 883 2421 938 verbo
2452 899 2519 937 ex
2557 897 2651 937 ore
2687 898 2808 949 suo,
2850 886 3052 936 etnon
3093 884 3176 935 est
3207 880 3526 935 stimulatus
3559 880 3615 935 in
3655 880 3869 935 tristitia

2253 977 2457 1032 delicti.
2498 976 2651 1031 Felix
2695 975 2793 1048 qui
2835 992 2949 1030 non
2995 975 3167 1030 habet
3212 974 3393 1029 animi
3437 975 3521 1028 sui
3567 974 3867 1042 tristitiam,

2253 1075 2309 1128 et
2355 1087 2473 1126 non
2525 1070 2770 1125 abscedit
2819 1069 2889 1123 ab
2943 1085 3038 1140 spe
3093 1086 3191 1122 sua
3243 1068 3428 1139 (Eccli.
3487 1085 3599 1138 xrv,
3658 1071 3795 1139 1-3).
3844 1095 3866 1119 n

2253 1165 2536 1237 Scriptum
2588 1167 2673 1218 est
2727 1162 2879 1218 enim
2934 1179 2946 1217 :
3006 1184 3033 1211 «
3081 1162 3272 1218 Melior
3325 1167 3411 1217 est
3459 1179 3609 1218 unus
3672 1161 3873 1218 timens

2251 1261 2432 1314 Deum
2472 1273 2640 1329 quam
2679 1257 2834 1312 mille
2875 1256 3038 1328 impii
3079 1256 3264 1329 (Eccli.
3299 1273 3408 1323 xvr,
3450 1257 3524 1327 3).
3569 1276 3597 1307 ι)
3638 1255 3874 1329 Sapiens

2251 1369 2386 1407 vero
2405 1369 2520 1406 non
2540 1354 2625 1406 est
2645 1351 2832 1406 omnis
2849 1349 2946 1422 qui
2964 1351 3260 1405 nocet.Res
3271 1365 3497 1422 quoque
3517 1349 3874 1405 ecclesiarum

2250 1450 2566 1503 vestrarum
2598 1448 2655 1500 et
2682 1443 2994 1499 oblationes
3021 1443 3277 1499 fidelium
3303 1460 3443 1516 quas
3468 1442 3826 1516 signiﬁcastis
3849 1460 3877 1497 a

2251 1539 2592 1614 quibusdam
2620 1538 2964 1594 irruentibus
2998 1539 3208 1609 vexari,
3245 1539 3518 1610 vobisque
3546 1542 3604 1593 et
3633 1536 3876 1592 ecclesiis

397 3632 400 3633 ν
510 3606 814 3659 veterasce.
863 3603 943 3658 Ne
995 3602 1278 3658 manseris
1322 3601 1382 3655 in
1445 3601 1711 3673 operibus
1763 3606 2141 3673 peccatorum.

520 1635 782 1703 verbum,
808 1640 863 1690 et
891 1634 949 1689 in
981 1634 1171 1690 medio
1197 1634 1480 1688 seniorum
1507 1649 1580 1688 ne
1610 1633 1840 1705 adjicias
1866 1633 2040 1706 loqui.
2071 1635 2150 1688 De
2247 1634 2446 1690 vestris
2491 1632 2722 1701 auferri,
2762 1632 3154 1688 indubitanter
3203 1633 3523 1688 maximum
3567 1635 3652 1687 est
3687 1647 3878 1704 pecca—

522 1747 592 1786 ea
618 1745 678 1785 re
709 1745 837 1801 qua
871 1732 924 1782 te
953 1743 1068 1782 non
1105 1728 1364 1783 molestat
1390 1743 1463 1782 ne
1499 1727 1746 1795 certaris,
1775 1732 1829 1783 et
1858 1728 1917 1782 in
1937 1727 2216 1801 judicio_
2252 1733 2397 1798 tum,
2435 1730 2676 1782 testante
2722 1726 2844 1797 ipsa
2881 1725 3192 1798 Scriptura,
3225 1743 3355 1798 qua
3393 1726 3470 1780 ait
3500 1743 3513 1780 :
3542 1725 3643 1790 Qui
3682 1725 3875 1780 abstu-

517 1793 872 1896 peccantium
900 1838 972 1876 ne
1003 1821 1293 1876 consistas.
1328 1819 1428 1875 Fili
1461 1820 1560 1888 mi,
1601 1837 1672 1876 ne
1712 1793 1770 1875 in
1806 1793 2000 1876 multis
2037 1793 2225 1876 sintB
2247 1793 2615 1892 lerit'aliquid
2651 1793 2800 1892 patri
2837 1819 2924 1875 vel
2959 1793 3145 1890 matri,
3179 1793 3263 1874 Vet—
3286 1819 3423 1875 dicit
3458 1820 3566 1874 hoc
3602 1835 3718 1874 non
3763 1835 3878 1874 esse

517 1922 674 1974 actus
702 1917 803 1988 tui,
833 1919 891 1972 et
924 1915 970 1970 si
1006 1915 1158 1971 dives
1186 1914 1362 1970 fueris
1396 1931 1514 1970 non
1545 1914 1655 1969 eris
1687 1914 1959 1970 immunis
1987 1932 2019 1970 a
2048 1915 2146 1970 de-
2246 1920 2563 1988 peccatum,
2601 1912 2902 1969 homicidae
2942 1913 3224 1985 particeps
3266 1916 3370 1967 est.
3415 1915 3579 1968 Pater
3607 1929 3743 1985 ergo
3777 1930 3875 1968 no-

516 2012 669 2068 licto.
715 2011 773 2067 Si
807 2010 963 2067 enim
1009 2012 1230 2065 secutus
1267 2007 1442 2064 fueris
1481 2025 1597 2063 non
1637 2009 2053 2081 apprehendas,
2093 2012 2150 2065 et
2249 2012 2365 2064 ster
2393 2010 2512 2064 sine
2543 2008 2716 2062 dubio
2753 2009 2899 2062 Deus
2929 2010 3030 2076 est,
3065 2007 3162 2079 qui
3201 2023 3308 2062 nos
3345 2007 3572 2075 creavit,
3607 2011 3664 2061 et
3698 2011 3880 2061 mater

517 2123 632 2161 non
674 2105 916 2177 effugies
958 2105 1005 2158 si
1046 2102 1504 2175 pracucurreris.
1534 2103 1628 2157 Est
1668 2103 1844 2158 homo
1886 2103 2149 2158 laborans
2249 2107 2444 2158 nostra
2488 2101 2728 2157 Ecclesia
2769 2118 2894 2173 quae
2940 2117 3042 2155 nos
3084 2100 3142 2155 in
3186 2100 3466 2172 baptismo
3511 2100 3880 2173 spiritualiter

515 2205 571 2255 et
608 2199 879 2253 festinans
923 2201 980 2251 et
1021 2196 1216 2250 dolens
1255 2195 1482 2266 impius,
1524 2199 1582 2249 et
1616 2199 1771 2251 tanto
1809 2197 1994 2268 magis
2030 2214 2146 2252 non
2250 2195 2561 2269 generavit.
2593 2196 2660 2249 Et
2684 2195 2813 2250 ideo
2844 2195 2942 2267 qui
2978 2194 3184 2252 Christi
3220 2195 3492 2266 pecunias
3529 2200 3588 2250 et
3616 2195 3879 2250 Ecclesia

517 2292 784 2346 abundat.
818 2292 914 2344 Est
946 2290 1118 2343 homo
1153 2288 1454 2356 marcidus,
1484 2305 1659 2359 egens
1698 2288 2144 2360 recuperatione,
2247 2291 2452 2358 aufert,
2481 2289 2711 2344 fraudat
2736 2292 2793 2344 et
2817 2289 2989 2360 rapit,
3017 2288 3301 2344 homicida
3329 2288 3388 2342 in
3417 2292 3719 2360 conspectu
3743 2290 3880 2360 justi

515 2384 643 2457 plus
673 2382 940 2438 deficiens
980 2383 1207 2450 virtute,
1251 2385 1308 2435 et
1343 2381 1640 2436 abundans
1677 2385 2058 2454 paupertate:
2093 2388 2149 2438 et
2241 2383 2450 2455 judicia
2492 2398 2614 2436 esse
2659 2382 3041 2454 deputabitur,
3081 2382 3235 2438 unde
3281 2382 3555 2454 scriptum
3594 2387 3678 2437 est
3720 2401 3734 2438 :
3784 2383 3878 2448 Qui

519 2477 714 2534 oculus
749 2476 847 2532 Dei
883 2475 1130 2548 respexit
1174 2475 1337 2530 illum
1378 2475 1437 2530 in
1472 2475 1645 2543 bono,
1677 2478 1733 2530 et
1771 2476 1950 2530 erexit
1985 2475 2146 2531 illum
2248 2475 2400 2547 rapit
2439 2474 2746 2546 pecuniam
2783 2475 3033 2547 proximi
3071 2475 3158 2530 sui
3197 2475 3552 2547 iniquitatem
3584 2476 3740 2543 facit,
3791 2475 3883 2548 qui

517 2573 587 2628 ab
642 2571 958 2627 humilitate
1014 2570 1193 2642 ipsius
1242 2574 1298 2625 et
1348 2569 1615 2625 exaltabit
1663 2573 1835 2641 caput
1886 2571 2041 2641 ejus,
2093 2575 2149 2625 et
2247 2575 2440 2625 autem
2490 2569 2763 2640 pecunias
2815 2571 2904 2624 vel
2954 2587 3043 2626 res
3090 2569 3347 2624 Ecclesia
3394 2569 3727 2637 abstulerit,
3795 2588 3879 2626 sa-

514 2666 704 2722 mirati
748 2669 880 2720 sunt
926 2665 985 2719 in
1032 2664 1128 2720 illo
1169 2662 1336 2719 multi
1374 2669 1431 2719 et
1479 2663 1906 2718 honoraverunt
1947 2665 2142 2720 Deum.
2247 2662 2547 2735 crilegium
2579 2663 2726 2717 facit.
2756 2663 2916 2718 Unde
2954 2667 3010 2717 et
3045 2663 3218 2718 Judas
3252 2662 3351 2734 qui
3385 2663 3686 2734 pecuniam
3722 2664 3881 2721 frau-

515 2760 669 2815 Bona
711 2762 769 2813 et
809 2757 982 2824 mala,
1019 2757 1134 2812 vita
1172 2761 1229 2812 et
1259 2773 1432 2824 mors,
1465 2761 1766 2828 paupertas
1798 2761 1856 2811 et
1877 2757 2146 2812 honestas
2249 2756 2419 2823 davit,
2453 2773 2581 2826 qua
2613 2755 2804 2811 usibus
2833 2755 3113 2822 Ecclesia,
3140 2755 3201 2810 id
3239 2761 3324 2811 est
3362 2755 3707 2828 pauperibus
3737 2775 3883 2830 quos

514 2870 549 2909 a
583 2855 696 2908 Deo
733 2856 885 2906 sunt.
914 2851 1070 2907 Datio
1101 2852 1200 2906 Dei
1227 2853 1528 2922 permanet
1548 2850 1737 2921 justis,
1771 2853 1829 2905 et
1857 2851 2147 2922 profectus
2247 2850 2492 2906 Ecclesia
2517 2865 2748 2922 pascere
2779 2849 2963 2917 debet,
2990 2849 3429 2905 distribuebatur
3439 2850 3602 2921 jussu
3623 2851 3885 2908 Salvato-

514 2945 662 3001 illius
689 2961 974 3000 successus
1001 2944 1294 3000 habebunt
1318 2944 1379 2998 in
1409 2948 1704 3000 aternum.
1735 2945 1830 2999 Est
1865 2945 1963 3016 qui
1992 2945 2142 2999 locu-
2246 2944 2344 3014 ris,
2373 2945 2534 3014 cujus
2560 2943 2741 2998 vicem
2771 2943 3022 3014 episcopi
3049 2947 3264 3011 tenent,
3286 2960 3404 2999 non
3432 2944 3614 2999 solum
3640 2945 3758 3014 fur,
3787 2946 3882 3001 sed

512 3041 758 3112 pletatur
782 3055 953 3109 parce
995 3038 1243 3109 agendo,
1280 3042 1337 3093 et
1373 3038 1495 3092 hac
1529 3054 1657 3109 pars
1686 3038 1966 3094 mercedis
2000 3039 2146 3094 illius
2246 3038 2340 3092 fur
2392 3042 2448 3092 et
2491 3037 2799 3109 sacrilegus
2840 3037 3024 3092 factus
3069 3041 3174 3092 est.
3221 3039 3296 3093 De
3344 3038 3550 3093 talibus
3597 3038 3782 3108 enim,
3829 3039 3883 3094 id

515 3134 574 3188 in
611 3149 677 3189 eo
718 3131 874 3205 quod
919 3131 1098 3187 dicit:
1132 3155 1158 3182 «
1205 3131 1401 3188 Inveni
1438 3133 1698 3204 requiem
1737 3132 1900 3203 mihi,
1933 3135 1990 3188 et
2027 3150 2144 3189 non
2167 3164 2218 3205 ρ
2247 3135 2349 3198 est,
2385 3131 2484 3203 qui
2525 3131 2821 3186 facultates
2865 3131 3123 3186 Ecclesia
3165 3131 3417 3204 rapiunt,
3472 3133 3760 3201 fraudant,
3803 3135 3884 3190 vel

515 3227 875 3283 manducabo
909 3226 980 3281 de
1010 3226 1175 3282 bonis
1202 3225 1344 3281 meis
1383 3227 1534 3281 solus
1566 3227 1713 3297 (Luc.
1751 3243 1847 3295 xu,
1882 3229 1987 3297 t9);
2021 3248 2047 3276 »
2090 3232 2147 3283 et
2173 3223 2222 3240 ν’
2249 3225 2529 3293 auferunt,
2567 3223 2841 3280 Dominus
2881 3224 3235 3280 comminans
3273 3225 3556 3294 omnibus,
3598 3244 3704 3299 per
3743 3246 3883 3300 pro-

515 3322 695 3376 nescit
730 3321 887 3393 quod
931 3327 1157 3392 tempus
1203 3323 1506 3392 pratereat
1545 3319 1722 3389 illum,
1763 3323 1819 3375 et
1862 3320 2149 3393 relinquet
2243 3318 2481 3390 phetam
2517 3318 2788 3389 loquitur,
2818 3318 3049 3374 dicens:
3080 3340 3107 3369 ‹‹
3136 3321 3299 3390 Deus,
3328 3336 3399 3374 ne
3436 3323 3624 3376 taceas
3655 3321 3782 3386 tibi,
3812 3341 3881 3378 ne

513 3415 701 3471 omnia
743 3414 865 3470 aliis
903 3418 961 3470 ct
995 3414 1294 3470 morietur.
1328 3413 1426 3469 Sta
1460 3412 1520 3467 in
1561 3415 1903 3469 testamento
1941 3419 2057 3484 tuo,
2090 3421 2148 3470 et
2246 3413 2406 3468 sileas
2445 3415 2501 3468 et
2537 3429 2650 3467 non
2692 3411 2968 3484 quiescas,
3013 3414 3180 3484 Deus,
3215 3413 3350 3484 quia
3387 3430 3517 3468 ecce
3547 3413 3770 3471 inimici
3804 3418 3886 3472 tui

511 3509 572 3565 in
599 3509 694 3564 illo
734 3509 1054 3582 colloquare
1088 3511 1145 3563 et
1180 3507 1240 3561 in
1275 3523 1448 3579 Opera
1476 3506 1884 3563 mandatorum
1909 3512 2145 3564 tuorum
2243 3506 2571 3563 tumultuati
2601 3509 2753 3577 sunt,
2777 3509 2834 3562 et
2861 3507 2959 3578 qui
2985 3507 3230 3562 oderunt
3253 3511 3310 3562 te
3335 3507 3665 3564 levaverunt
3684 3515 3882 3583 caput.

2245 3603 2452 3658 Contra
2500 3600 2778 3674 populum
2827 3605 2992 3655 tuum
3039 3601 3307 3672 nequiter
3355 3607 3782 3673 tractaverunt,
3831 3609 3888 3661 et

511 3695 741 3752 Conﬁde
767 3699 960 3751 autem
991 3695 1052 3750 in
1090 3697 1223 3763 Deo,
1263 3698 1319 3751 et
1357 3711 1524 3750 mane
1559 3695 1617 3750 in
1658 3696 1781 3751 loco
1810 3700 1941 3764 tuo;
1980 3697 2142 3752 facile
2244 3695 2496 3750 inierunt
2531 3694 2833 3750 consilium
2870 3694 3142 3750 adversus
3179 3711 3452 3752 arcanum
3489 3700 3674 3765 tuum,
3718 3698 3883 3754 dixe-

513 3795 596 3846 est
622 3791 775 3846 enim
813 3790 871 3845 in
909 3791 1085 3846 oculis
1123 3789 1220 3846 Dei
1259 3790 1444 3846 subito
1476 3789 1773 3846 honestare
1806 3807 2140 3862 pauperem.
2243 3794 2398 3856 runt,
2427 3788 2611 3845 venite
2643 3791 2700 3843 et
2729 3793 3087 3844 conteramus
3116 3805 3214 3845 eos
3249 3790 3319 3845 de
3356 3793 3546 3862 gente,
3577 3795 3633 3847 et
3663 3808 3784 3848 non
3813 3793 3887 3848 sit

509 3885 836 3941 Benedictio
877 3884 974 3941 Dei
1017 3884 1078 3940 in
1125 3884 1451 3941 mercedem
1491 3883 1632 3956 justi
1686 3884 1934 3953 festinat,
1985 3889 2042 3939 et
2081 3885 2142 3939 in
2243 3882 2519 3938 memoria
2548 3881 2794 3937 nominis
2837 3884 3005 3939 Israel
3052 3883 3218 3939 ultra.
3261 3885 3542 3948 Quoniam
3577 3889 3886 3942 tacuerunt

510 3979 728 4036 honore
769 3979 944 4034 veloci
986 3994 1280 4050 processus
1315 3978 1465 4032 illius
1499 3977 1791 4048 justiﬁcat.
1823 3978 1901 4031 Ne
1945 3976 2093 4032 dicas
2125 3995 2139 4032 :
2243 3976 2429 4045 corde,
2458 3975 2673 4047 pariter
2700 3981 2895 4032 contra
2919 3977 3103 4033 foedus
3131 3977 3480 4051 pepigerunt
3511 3980 3888 4036 tabernacula

509 4072 653 4137 Quid
682 4075 767 4128 est
792 4072 935 4127 mihi
964 4089 1106 4143 opus
1132 4076 1187 4125 et
1215 4087 1342 4142 qua
1371 4075 1540 4125 erunt
1567 4070 1709 4124 mihi
1736 4087 1801 4124 ex
1827 4070 1936 4124 hoc
1956 4070 2143 4126 bona?
2245 4070 2508 4125 ldumaa
2545 4074 2602 4125 et
2634 4070 3068 4139 Ismaelitarum,
3097 4071 3276 4140 Moab,
3306 4077 3362 4128 et
3385 4073 3649 4145 Agareni,
3679 4075 3881 4144 Gebal,

511 4166 588 4220 Ne
627 4165 816 4220 dicas:
857 4165 1150 4220 Sufﬁciens
1185 4164 1327 4218 mihi
1365 4180 1491 4217 sum
1523 4167 1580 4219 et
1607 4163 1743 4234 quid
1775 4179 1843 4217 ex
1873 4163 1978 4218 hoc
2013 4180 2140 4234 pes-

511 4257 761 4313 simabor
775 4258 802 4313 ?
817 4259 878 4312 In
906 4258 997 4312 die
1014 4258 1302 4313 bonorum
1329 4272 1399 4311 ne
1421 4255 1723 4311 immemor
1742 4255 1816 4310 sis
1835 4255 2138 4330 malorum,

512 4354 570 4406 et
595 4350 656 4406 in
693 4351 785 4406 die
820 4352 1102 4406 malorum
1130 4367 1201 4406 ne
1232 4349 1538 4406 immemor
1564 4349 1639 4404 sis
1667 4349 1969 4419 bonorum,
1997 4367 2141 4422 quo-

509 4445 670 4501 niam
704 4442 870 4501 facile
907 4450 992 4501 est
1024 4461 1212 4500 coram
1253 4446 1368 4500 Deo
1403 4444 1462 4499 in
1495 4444 1586 4500 die
1617 4443 1803 4500 obitus
1828 4445 2139 4501 retribuere

2245 4169 2302 4218 et
2324 4165 2591 4231 Ammon,
2616 4167 2670 4220 et
2695 4165 2982 4235 Amalech,
3004 4165 3281 4222 Palestina
3307 4183 3436 4222 cum
3458 4166 3886 4224 habitatoribus

2241 4257 2387 4328 Tyri.
2419 4256 2529 4313 Sed
2557 4262 2614 4314 et
2641 4260 2812 4313 Assur
2833 4258 3028 4329 junxit
3057 4277 3115 4315 se
3143 4277 3271 4315 cum
3299 4259 3398 4330 eis,
3426 4261 3557 4316 facti
3583 4266 3715 4316 sunt
3743 4262 3879 4317 bra-

2244 4349 2435 4405 chium
2477 4351 2724 4407 ﬁliorum
2767 4352 2928 4408 Loth.
2970 4353 3076 4408 Fac
3115 4353 3228 4409 illis
3269 4353 3415 4409 sicut
3449 4354 3688 4424 Madian,
3731 4355 3887 4410 sicut

2243 4443 2449 4512 Sisare,
2482 4445 2626 4500 sicut
2657 4445 2818 4501 Jabin
2859 4446 2918 4501 in
2956 4449 3208 4503 torrente
3248 4447 3432 4506 Cison.
3469 4448 3705 4505 Contriti
3746 4455 3888 4505 sunt

509 4539 814 4614 unicuique
844 4540 1161 4595 secundum
1185 4538 1300 4593 vias
1326 4555 1472 4594 suas.
1503 4538 1711 4594 Malitia
1736 4539 1890 4594 hora
1916 4538 2141 4595 oblivio-
2159 4541 2219 4614 D
2242 4537 2300 4591 in
2337 4537 2546 4608 Endor,
2579 4538 2815 4593 fuerunt
2850 4539 3006 4611 quasi
3047 4541 3466 4613 sterquilinium
3495 4547 3680 4598 terra.
3724 4544 3884 4599 Pone

506 4650 639 4689 nem
666 4635 797 4690 facit
821 4633 1060 4690 luxuria
1088 4649 1338 4705 magna,
1368 4637 1425 4687 et
1452 4632 1512 4687 in
1541 4631 1655 4687 ﬁne
1686 4632 1936 4687 hominis
1961 4633 2138 4689 denu-

507 4727 655 4781 datio
677 4744 916 4799 operum
937 4727 1150 4783 illius.A
1161 4730 1256 4782 nte
1275 4730 1521 4782 mortem
1544 4742 1617 4781 ne
1633 4725 1826 4781 laudes
1843 4726 2140 4782 hominem

506 4836 879 4892 quemquam,
926 4821 1204 4893 quoniam
1245 4820 1303 4875 in
1351 4820 1481 4875 ﬁliis
1521 4819 1634 4876 suis
1669 4820 1996 4890 agnoscitur
2031 4821 2135 4876 vir.

504 4913 626 4969 Non
669 4930 898 4969 omnem
943 4914 1238 4970 hominem
1288 4914 1524 4969 inducas
1569 4913 1628 4968 in
1675 4914 1907 4968 domum
1944 4919 2135 4985 tuam,

504 5006 702 5062 multa
746 5007 900 5063 enim
944 5007 1166 5063 insidia
1207 5012 1339 5063 sunt
1379 5006 1577 5063 dolosi.
1625 5006 1780 5062 Sicut
1820 5007 1974 5062 enim
2014 5023 2138 5063 eru-

503 5105 658 5156 ctant
686 5101 1004 5172 pracordia
1041 5101 1364 5157 fatentium
1406 5105 1462 5156 et
1504 5101 1644 5156 sicut
1678 5100 1876 5172 perdix
1915 5100 2133 5156 induci-

501 5199 597 5251 tur
620 5194 680 5249 in
713 5211 965 5262 caveam,
1001 5198 1147 5250 etut
1181 5211 1386 5267 caprea
1418 5195 1477 5249 in
1517 5196 1806 5267 laqueum,
1845 5193 1923 5249 sic
1950 5199 2006 5250 et
2043 5213 2138 5252 cor

500 5289 920 5360 superborum,
975 5295 1031 5343 et
1087 5289 1232 5344 sicut
1290 5292 1622 5360 prospector
1684 5289 1882 5344 videns
1943 5307 2136 5346 casum

499 5381 750 5454 proximi
791 5382 898 5438 sui.
944 5383 1099 5437 Bona
1139 5383 1197 5437 in
1244 5383 1462 5438 malum
1501 5383 1780 5439 convertit
1816 5383 2131 5453 insidiator,

501 5481 558 5531 et
586 5476 644 5532 in
671 5476 860 5533 electis
884 5476 1132 5548 imponit
1158 5478 1461 5533 maculam.
1491 5480 1537 5531 Α
1566 5477 1804 5533 scintilla
1832 5495 1943 5533 una
1967 5495 2133 5551 auge-

499 5573 594 5623 tur
620 5569 787 5642 ignis,
821 5575 878 5626 et
918 5570 988 5625 ab
1026 5587 1139 5626 uno
1175 5570 1368 5626 doloso
1398 5573 1645 5642 augetur
1671 5571 1920 5643 sanguis.
1950 5573 2130 5627 Homo

497 5676 632 5717 vero
676 5669 941 5735 peccator
987 5663 1252 5738 sanguini
1299 5664 1620 5720 insidiatur.
1672 5665 1910 5721 Attende
1962 5664 2060 5720 tibi
2099 5681 2130 5720 a

497 5755 787 5827 pestifero,
819 5757 1062 5815 fabricat
1086 5759 1238 5816 enim
1266 5759 1413 5814 mala
1443 5775 1516 5814 ne
1545 5759 1687 5814 forte
1709 5758 1938 5813 inducat
1962 5775 2132 5830 super

495 5845 548 5897 te
601 5845 1101 5912 subsannationem
1140 5854 1197 5913 in
1251 5855 1616 5929 perpetuum.
1659 5851 1906 5909 Admitte
1957 5853 2028 5910 ad
2073 5857 2128 5908 te

2243 4631 2413 4686 duces
2455 4646 2652 4686 eorum
2701 4630 2846 4688 sicut
2890 4633 3037 4689 Oreb
3082 4637 3138 4689 et
3190 4636 3321 4703 Zeb,
3374 4636 3518 4690 sicut
3564 4635 3768 4706 Zebee,
3825 4643 3885 4692 et

2243 4724 2528 4781 Salmana.
2583 4726 2796 4781 Omnes
2846 4727 3125 4798 principes
3167 4744 3367 4784 eorum
3413 4730 3514 4800 qui
3568 4730 3883 4796 dixerunt,

2241 4818 2624 4889 possideamus
2653 4819 2819 4875 nobis
2852 4820 3337 4891 pulchritudinem
3368 4823 3484 4878 Dei.
3513 4825 3658 4879 Deus
3686 4840 3882 4892 meus,

2237 4929 2403 4984 pone.
2433 4911 2566 4979 illos
2605 4918 2670 4969 ut
2711 4916 2896 4968 rotam
2921 4955 2934 4981 ,
2980 4915 3144 4986 quasi
3184 4917 3452 4986 stipulam
3494 4921 3628 4972 ante
3670 4917 3885 4974 faciem

2238 5006 2408 5061 venti.
2428 5007 2721 5072 Quomodo
2739 5007 2888 5079 ignis
2903 5009 3185 5064 comburit
3198 5009 3392 5064 silvam
3410 5015 3466 5065 et
3481 5010 3625 5066 sicut
3641 5009 3890 5066 ﬂamma

2239 5100 2472 5156 devorat
2507 5106 2749 5171 montes,
2793 5101 2873 5156 sic
2905 5103 3265 5176 persequeris
3305 5119 3400 5160 eos
3437 5104 3496 5158 in
3538 5108 3888 5177 tempestate

2237 5199 2334 5251 tua
2365 5199 2422 5250 et
2449 5195 2507 5249 in
2539 5194 2763 5250 turbine
2801 5195 3058 5252 turbabis
3093 5213 3210 5253 eos.
3252 5198 3426 5269 Imple
3461 5197 3633 5253 facies
3671 5213 3886 5253 eorum

2236 5287 2578 5362 ignominia,
2609 5291 2664 5344 et
2689 5295 2949 5361 quarent
2977 5307 3189 5346 nomen
3216 5295 3401 5359 tuum,
3431 5291 3692 5346 Domine.
3724 5292 3889 5348 Con-

2233 5383 2546 5439 fundantur
2589 5387 2645 5438 et
2687 5384 3102 5440 conturbentur
3145 5402 3322 5458 usque
3363 5386 3423 5440 in
3469 5388 3770 5452 aternum,
3821 5392 3890 5442 et

2236 5477 2593 5546 erubescant,
2624 5481 2682 5532 et
2717 5484 2970 5550 pereant,
3000 5483 3060 5535 et
3093 5479 3273 5535 sciant
3298 5479 3430 5552 quia
3458 5495 3674 5535 nomen
3704 5485 3886 5536 tuum

2231 5570 2521 5642 Dominus,
2563 5571 2713 5627 solus
2752 5575 2813 5627 tu
2857 5574 3109 5629 excelsus
3147 5590 3321 5646 super
3348 5590 3585 5630 omnem
3629 5577 3885 5630 terram.

2231 5665 2356 5720 Hac
2387 5664 2508 5722 fieri
2540 5667 2852 5738 propheta,
2893 5668 3013 5723 hac
3051 5668 3308 5740 apostoli,
3346 5668 3468 5724 hac
3513 5685 3891 5726 successores

2230 5775 2426 5814 eorum
2457 5764 2514 5816 et
2536 5761 2800 5817 omnium
2829 5762 3234 5818 catholicorum
3267 5764 3501 5819 Patrum
3532 5767 3727 5822 vetant
3761 5762 3884 5818 de-

2231 5858 2409 5920 creta,
2463 5857 2518 5911 et
2581 5855 2722 5911 tales
2778 5857 3248 5929 prasumptiones
3312 5857 3673 5932 sacrilegium
3742 5874 3887 5920 esse
