4026 6166
226 263 330 322 1³73

1433 255 1908 317 DECRETALIUM
1945 253 2334 312 COLLECTIO.

3482 258 3580 318 174

224 371 556 444 dijudicant.
586 370 842 435 Quorum
865 387 970 425 nos
1009 372 1308 443 sequentes
1345 371 1604 441 exempla
1650 385 1850 424 omnes
1871 374 1932 448 Α
1952 368 2010 419 et
2036 364 2094 420 in
2119 346 2434 434 ﬁde.recta,
2464 368 2636 437 atque
2662 364 2942 422 haereticis
2986 369 3043 422 et
3096 366 3322 423 aemulis
3373 369 3578 425 Christi

222 469 363 522 tales
421 472 868 537 przesumptores
920 469 977 519 et
1029 464 1290 520 Ecclesiae
1350 468 1630 536 raptores,
1682 469 1850 534 atque

219 577 452 615 suarum
486 559 824 614 facultatum
851 559 1210 624 alienatores,
1245 574 1354 612 una
1386 558 1680 612 nobiscum
1718 574 1751 611 a
1783 557 1849 611 li-

218 653 469 709 minibus
540 658 745 708 sanctte
825 652 1023 708 matris
1082 651 1340 708 Ecclesiae
1403 650 1848 706 anathemetiza-

218 753 297 802 tos
341 748 650 818 apostolica
700 748 1035 802 auctoritate
1080 745 1347 818 pellimus
1391 749 1447 799 et
1489 745 1847 811 damnamus,

217 848 383 914 atque
412 841 721 912 sacrilegos
755 857 877 895 esse
898 840 1249 911 judicamus,
1278 842 1337 893 et
1365 855 1481 893 non
1515 839 1701 893 solum
1733 855 1848 905 eos,

215 935 307 990 sed
351 951 560 989 omnes
603 935 1023 989 consentientes
1067 933 1167 1000 eis,
1203 932 1337 1004 quia
1380 949 1494 986 non
1539 931 1722 986 solum
1754 931 1851 1002 qui

212 1029 432 1083 faciunt
479 1028 565 1082 rei
603 1027 954 1099 judicantur,
988 1027 1084 1082 sed
1125 1025 1299 1082 etiam
1342 1024 1439 1097 qui
1487 1025 1852 1080 consentiunt

210 1121 569 1186 facientibus,
604 1137 710 1192 par
734 1121 887 1175 enim
913 1137 1086 1193 poena
1126 1126 1184 1175 et
1227 1125 1463 1191 agentes
1514 1125 1571 1174 et
1611 1135 1846 1174 consen-

212 1216 414 1271 tientes
460 1215 916 1287 comprehendit.
948 1216 1058 1270 Vos
1097 1231 1254 1286 ergo,
1283 1215 1506 1279 fratres,
1537 1211 1765 1284 vigilate
1795 1216 1851 1267 et

211 1315 384 1378 orate,
413 1309 662 1363 viriliter
687 1308 839 1380 agite
871 1313 929 1362 et
955 1307 1358 1363 confortamini
1397 1307 1457 1361 in
1496 1307 1760 1376 Domino,
1795 1310 1851 1361 et

211 1402 399 1458 omnia
427 1406 622 1457 vestra
657 1402 825 1472 juxta
863 1402 1224 1473 Apostolum,
1258 1401 1320 1455 in
1365 1399 1638 1455 charitate
1684 1399 1844 1454 ﬁant.

209 1501 249 1551 Α
273 1501 424 1551 recta
458 1512 599 1567 ergo
644 1494 754 1550 ﬁde
797 1500 854 1550 et
901 1495 1208 1566 apostolico
1240 1495 1471 1549 tramite
1502 1498 1735 1565 propter
1757 1493 1846 1547 ul-

207 1591 317 1644 lam
355 1589 860 1661 perturbationem
903 1589 1079 1644 nolite
1127 1588 1418 1656 recedere,
1445 1587 1689 1642 scientes
1716 1586 1849 1658 quia

201 1685 356 1754 juxta
387 1683 699 1739 Salvatoris
725 1683 1096 1752 sententiam,
1127 1681 1277 1738 beati
1304 1686 1437 1737 sunt
1460 1681 1558 1753 qui
1587 1697 1846 1752 persecu-

1951 475 2293 530 repugnare,
2332 470 2389 514 et
2428 477 2724 531 nunquam
2768 477 2801 514 a
2835 459 3090 516 veritatis
3129 461 3358 517 tramite
3405 462 3578 518 decli-

1953 569 2110 620 nare,
2139 553 2412 624 quoniam
2451 553 2724 607 Dominus
2752 555 2809 607 et
2837 555 3086 610 Salvator
3111 555 3371 610 omnium
3419 557 3580 628 cujus

1950 646 2090 702 ﬁdes
2121 650 2225 714 est,
2254 646 2351 717 qui
2378 661 2481 718 pro
2511 646 2677 700 nobis
2703 647 2850 701 mori
2878 664 2993 702 non
3023 648 3318 714 dubitavit,
3351 652 3408 704 et
3443 667 3576 721 pro-

1950 740 2075 812 prio
2102 756 2206 794 nos
2232 757 2333 794 suo
2359 739 2608 794 redemit
2630 740 2930 811 sanguine,
2966 740 3064 812 qui
3090 740 3264 796 ﬁdem
3290 742 3439 798 beati
3473 745 3579 799 Pe-

1949 833 2021 887 tri
2067 850 2182 888 non
2229 834 2581 889 defecturam
2627 833 2906 905 promisit,
2947 838 3002 889 et
3051 835 3386 892 conﬁrmare
3441 853 3576 892 eum

1949 927 2154 982 fratres
2201 945 2329 982 suos
2376 926 2692 996 admonuit,
2729 927 2878 998 quod
2918 928 3248 999 apostolicos
3288 929 3580 1000 pontiﬁces

1949 1038 2094 1076 mea:
2139 1021 2462 1092 exiguitatis
2512 1021 2960 1092 praedecessores
3002 1021 3356 1077 conﬁdenter
3382 1024 3579 1079 fecisse

1949 1132 2178 1186 semper
2203 1115 2419 1170 cunctis
2451 1118 2536 1169 est
2564 1115 2876 1186 cognitum.
2911 1116 3166 1179 Quorum
3206 1121 3263 1171 et
3309 1117 3582 1187 pusillitas

1948 1226 2097 1278 mea,
2127 1208 2256 1263 licet
2299 1208 2488 1279 impar
2521 1211 2578 1264 et
2620 1207 2882 1280 minima,
2921 1225 3026 1280 pro
3071 1214 3331 1281 suscepto
3383 1213 3581 1266 tamen

1949 1302 2142 1357 divina
2170 1302 2503 1373 dignatione
2553 1302 2870 1358 ministerio
2899 1302 3238 1376 pedissequa
3269 1303 3427 1375 cupit
3461 1304 3579 1359 exi-

1948 1400 2120 1451 stere.
2150 1397 2245 1450 Vae
2282 1395 2436 1450 enim
2462 1396 2570 1450 erit
2593 1396 2754 1450 nobis
2785 1397 2884 1468 qui
2913 1397 3084 1468 hujus
3109 1396 3412 1452 ministerii
3438 1413 3582 1453 onus

1948 1494 2273 1560 susceptum
2318 1489 2619 1557 habemus,
2650 1489 2697 1542 si
2725 1490 3024 1544 veritatem
3067 1489 3365 1546 Salvatoris
3405 1491 3583 1546 nostri

1946 1584 1974 1637 J
1980 1598 2080 1637 esu
2099 1582 2304 1637 Christi
2325 1599 2500 1654 quam
2520 1582 2762 1654 apostoli
2782 1582 3254 1654 praedicaverunt,
3269 1584 3580 1656 pmdicare

1950 1676 2392 1747 neglexerimus,
2432 1693 2514 1730 vae
2560 1676 2668 1731 erit
2719 1676 2879 1732 nobis
2921 1676 2966 1732 si
3010 1677 3235 1732 silentio
3279 1677 3582 1735 veritatem

206 1744 429 1833 tionem
475 1777 774 1848 patiuntur
815 1780 1046 1848 propter
1082 1744 1368 1847 justitiam
1401 1744 1614 1844 (Μὶιτιιὶ.
1646 1791 1701 1841 v,
1741 1775 1846 1846 10).
1869 1744 1926 1817 Β
1952 1744 2422 1842 oppresserimus,
2435 1786 2606 1842 quam
2625 1786 2858 1841 erogare
2877 1770 3579 1842 nummulariisjubemur,

206 1871 330 1925 Hac
374 1873 467 1926 est
516 1870 906 1941 apostolorum
945 1868 1069 1923 viva
1116 1867 1371 1934 traditio,
1405 1868 1527 1922 haec
1553 1884 1687 1922 vera
1711 1868 1846 1922 cha-

205 1964 336 2018 ritas
368 1980 502 2034 quae
531 1962 900 2035 praedicanda
931 1966 1036 2032 est,
1067 1966 1124 2016 et
1149 1959 1436 2032 praecipue
1470 1960 1758 2032 diligenda
1787 1977 1850 2015 ac

205 2057 458 2112 fovenda
482 2061 653 2128 atque
679 2056 1019 2110 ﬁducialiter
1047 2056 1116 2110 ab
1148 2055 1414 2110 omnibus
1433 2054 1698 2109 tenenda.
1721 2055 1850 2110 Haec

206 2155 406 2206 sancta
457 2155 512 2205 et
563 2151 871 2222 apostolica
923 2153 1108 2204 mater
1157 2148 1414 2203 omnium
1476 2147 1848 2202 Ecclesiarum

200 2244 409 2300 Christi
456 2244 707 2300 Ecclesia
735 2260 863 2314 quae
889 2260 994 2314 per
1021 2241 1118 2297 Dei
1150 2241 1556 2314 omnipotentis
1605 2241 1848 2312 gratiam

200 2355 231 2391 a
261 2338 500 2393 tramite
551 2336 872 2409 apostolica
917 2335 1238 2392 traditionis
1286 2351 1582 2406 nunquam
1627 2351 1847 2388 errasse

197 2433 502 2504 probatur,
563 2447 670 2486 nec
729 2430 1016 2486 haereticis
1080 2429 1424 2484 novitatibus
1482 2427 1846 2500 depravanda

198 2525 522 2593 succubuit,
559 2525 661 2579 sed
687 2529 750 2579 ut
779 2524 839 2579 in
873 2523 1112 2579 exordio
1156 2538 1421 2578 normam
1458 2520 1592 2577 ﬁdei
1630 2525 1850 2592 aposto-

195 2620 313 2675 lica:
336 2619 611 2690 percepit
635 2617 706 2672 ab
738 2617 1064 2673 auctoribus
1087 2616 1224 2685 suis,
1252 2616 1638 2688 apostolorum
1680 2613 1845 2670 Chri-

197 2714 260 2767 sti
286 2711 662 2785 principibus
703 2711 923 2766 illibata
963 2711 1243 2766 ﬁnetenus
1282 2713 1481 2764 manet
1527 2708 1845 2763 secundum

193 2807 370 2878 ipsius
427 2805 661 2860 Domini
701 2804 1004 2860 Salvatoris
1053 2803 1303 2858 divinam
1348 2801 1840 2874 pollicitationem,

193 2901 286 2972 qui
331 2899 756 2971 discipulorum
805 2915 1039 2954 suorum
1069 2897 1314 2968 principi
1339 2896 1398 2950 in
1427 2895 1542 2949 suis
1583 2896 1732 2949 fatus
1761 2899 1846 2950 est

195 2993 528 3065 Evangeliis
556 3010 570 3046 :
605 3015 632 3042 «
660 2994 844 3058 Petre,
872 2992 1157 3063 inquiens,
1186 3007 1313 3046 ecce
1348 2990 1520 3046 Satan
1556 2989 1840 3061 expetivit,

193 3092 253 3142 ut
276 3087 571 3142 cribraret
598 3102 696 3140 vos
725 3085 871 3140 sicut
895 3086 992 3157 qui
1037 3083 1248 3140 cribrat
1295 3082 1566 3150 triticum,
1599 3099 1707 3154 ego
1738 3099 1838 3136 au-

194 3186 304 3236 tem
332 3195 451 3252 pro
477 3185 537 3235 te
566 3179 782 3251 rogavi,
812 3183 877 3234 ut
923 3195 1038 3234 non
1085 3177 1312 3234 deﬁciat
1350 3176 1492 3232 ﬁdes
1536 3179 1656 3245 tua,
1687 3179 1745 3230 et
1780 3179 1842 3230 tu

193 3273 512 3346 aliquando
534 3289 839 3329 conversus
858 3273 1137 3327 conﬁrma
1156 3271 1359 3326 fratres
1378 3273 1509 3326 tuos
1533 3269 1681 3338 (Luc.
1705 3285 1836 3339 xm,

197 3371 278 3432 38,
309 3370 431 3437 32).
477 3388 507 3414 ν)

259 3459 612 3516 Consideret
631 3457 826 3530 itaque
839 3462 1025 3513 vestra
1047 3455 1324 3512 excellens
1344 3454 1647 3528 prudentia
1664 3469 1838 3526 quam

194 3553 417 3609 bonum
446 3551 524 3607 sit
549 3550 847 3624 persistere
876 3549 934 3605 in
967 3549 1387 3622 dispensatione
1415 3547 1574 3604 vobis
1603 3546 1835 3616 credita,

1949 1864 2011 1918 id
2045 1867 2148 1930 est,
2172 1863 2507 1918 christianos
2542 1865 2780 1934 populos
2816 1863 3072 1918 imbuere
3103 1869 3159 1918 et
3184 1864 3409 1920 docere.
3437 1866 3582 1930 Quid

1950 1957 2009 2011 in
2032 1957 2209 2028 ipsius
2227 1956 2432 2012 Christi
2453 1957 2642 2011 futuro
2665 1956 2873 2011 dicturi
2889 1956 3016 2029 4ο
3039 1973 3233 2012 sumus
3255 1958 3512 2013 examine
3532 1959 3579 2014 si

1950 2067 2280 2105 sermonum
2306 2049 2430 2120 ejus
2457 2049 2757 2105 veritatem
2786 2049 3194 2104 confundimur
3221 2051 3532 2122 praedicare
3551 2052 3580 2106 ?

1951 2144 2095 2208 Quid
2127 2143 2235 2198 erit
2263 2143 2331 2198 de
2357 2142 2519 2197 nobis
2542 2159 2672 2197 cum
2701 2143 2772 2197 de
2803 2142 3118 2198 commissis
3161 2143 3324 2198 nobis
3355 2145 3576 2199 anima-

1946 2237 2073 2305 bus,
2101 2241 2157 2292 et
2197 2237 2266 2292 de
2311 2235 2498 2291 ofﬁcio
2544 2239 2804 2308 suscepto
2851 2236 3135 2292 rationem
3179 2237 3363 2308 justus
3395 2238 3578 2308 judex

1947 2330 2202 2386 Christus
2276 2329 2549 2384 Dominus
2620 2333 2813 2385 noster
2889 2329 3202 2386 districtam
3275 2331 3578 2402 exegerit?

1946 2426 2100 2492 Ideo,
2131 2425 2355 2494 fratres,
2384 2424 2583 2479 hortor
2628 2423 2988 2479 dilectionem
3026 2427 3293 2494 vestram,
3329 2425 3580 2481 obtestor

1947 2522 2004 2573 et
2032 2534 2262 2585 moneo,
2289 2521 2355 2572 ut
2401 2533 2512 2588 qua
2553 2516 2769 2572 debetis
2815 2522 2870 2573 et
2917 2518 3152 2588 potestis
3199 2517 3577 2574 sollicitudine

1944 2610 2185 2683 vigiletis
2245 2610 2318 2665 ad
2374 2609 2803 2682 investigandos
2857 2610 3154 2666 hareticos
3209 2615 3266 2666 et
3315 2611 3577 2668 inimicos

1945 2707 2149 2759 sanctae
2180 2703 2275 2759 Dei
2301 2703 2584 2773 Ecclesiae,
2618 2707 2675 2758 et
2696 2719 2730 2758 a
2757 2703 2910 2758 sanis
2954 2703 3244 2759 mentibus
3279 2721 3353 2759 ne
3399 2705 3575 2776 pestis

1945 2798 2066 2853 haec
2109 2797 2276 2852 latius
2307 2797 2649 2869 divulgetur,
2675 2797 2993 2868 severitate,
3023 2815 3137 2870 qua
3181 2798 3422 2870 potestis
3468 2816 3574 2870 pro

1942 2891 2158 2946 viribus
2181 2890 2489 2962 extirpetis.
2521 2891 2802 2956 Quoniam
2831 2895 2892 2946 ut
2916 2891 3153 2946 habebit
3175 2909 3209 2946 a
3238 2893 3354 2947 Deo
3383 2891 3573 2964 dignae

1943 2984 2420 3040 remunerationis
2461 2984 2767 3056 prwmium
2811 2984 2908 3056 qui
2959 2984 3287 3056 diligentius
3313 2986 3469 3058 quod
3500 2985 3573 3041 ad

1944 3079 2186 3133 salutem
2213 3078 2528 3134 commissa:
2559 3078 2663 3133 sibi
2692 3077 2871 3150 plebis
2898 3078 3176 3150 proficiat,
3205 3079 3378 3134 fuerit
3407 3095 3570 3134 exse-

1943 3175 2124 3239 cutus,
2154 3171 2232 3226 ita
2259 3175 2391 3227 ante
2421 3171 2661 3227 tribunal
2707 3171 2932 3226 Domini
2971 3172 3041 3227 de
3078 3175 3243 3227 reatu
3270 3173 3569 3245 negligen-

1940 3266 2037 3320 tiae
2059 3282 2117 3322 se
2143 3282 2258 3320 non
2283 3264 2493 3336 poterit
2510 3280 2778 3321 excusare
2809 3266 3130 3339 quicunque
3151 3266 3378 3338 plebem
3408 3283 3572 3322 suam

1939 3363 2138 3414 contra
2164 3358 2458 3431 sacrilegae
2494 3359 2873 3430 persuasionis
2903 3365 3162 3415 auctores
3193 3359 3440 3415 noluerit
3469 3377 3567 3415 cu-

1937 3451 2171 3509 stodire.
2205 3453 2344 3509 Data
2387 3452 2588 3510 Kalen.
2617 3453 2823 3526 Aprilis
2864 3453 3038 3510 Gallio
3084 3456 3143 3508 et
3171 3453 3476 3510 Volusiano
3504 3455 3570 3509 IV

1938 3563 2018 3601 cc.
2047 3546 2263 3601 consul.

781 3912 902 4005 IN
906 3911 1359 4006 CIPIUNT
1425 3911 1843 4004 DECRE’I

1943 3992 1951 4002 .
2019 3909 2576 4003 STEPHANI
2647 3908 3013 4003 ΡΑΡίΕ.

264 4103 460 4160 (Ληηο
483 4101 713 4158 Domini
733 4104 856 4156 261.
880 4102 980 4156 Hic
1000 4101 1274 4157 destruxit
1294 4101 1572 4173 templum
1589 4098 1800 4166 Martis,
1821 4097 2119 4156 Valeriano
2143 4101 2199 4154 et
2217 4096 2430 4154 Caleno
2458 4097 2894 4170 imperantibus,
2915 4100 2981 4154 ut
3005 4097 3142 4154 dicit
3159 4099 3490 4174 Rauderus.)

266 4403 651 4460 Dilectissimo
680 4404 840 4459 fratri
879 4409 1050 4475 atque
1086 4401 1355 4459 familiari
1386 4403 1569 4459 amico
1604 4404 1834 4460 HILARIO

199 4498 519 4554 Smmxts
546 4497 841 4568 episcopus
866 4496 1080 4551 intimae
1114 4497 1401 4552 charitatis
1428 4497 1690 4552 salutem.

265 4593 613 4663 Quanquam
630 4606 854 4662 sperem
870 4589 1232 4646 dilectionem
1248 4595 1405 4645 tuam
1419 4591 1489 4646 ad
1509 4607 1680 4645 omne
1695 4607 1837 4662 opus

195 4686 417 4740 bonum
459 4701 585 4740 esse
616 4687 899 4752 devotam,
933 4689 1125 4740 tamen
1168 4701 1272 4756 pro
1318 4683 1699 4739 familiaritate
1729 4701 1838 4756 qua

1909 4363 2127 4459 .scinde
2164 4418 2313 4471 eam,
2337 4407 2389 4458 et
2421 4402 2638 4474 projice
2663 4403 2761 4458 abs
2805 4408 2881 4459 te.
2905 4403 3174 4460 Similiter
3212 4409 3269 4461 et
3310 4407 3380 4463 de
3419 4409 3566 4480 pede

1937 4498 2224 4568 agendum
2253 4500 2358 4564 est,
2387 4497 2517 4567 quia
2543 4497 2745 4552 melius
2772 4501 2858 4552 est
2888 4497 2992 4552 tibi
3017 4500 3234 4553 luscum
3275 4506 3374 4554 aut
3411 4503 3565 4556 clau-

1939 4591 2078 4645 dum
2102 4590 2312 4645 intrare
2336 4591 2396 4645 in
2421 4606 2665 4662 regnum
2690 4591 2958 4646 caelorum
2980 4608 3154 4663 quam
3187 4592 3327 4647 duos
3353 4595 3566 4664 oculos,

1940 4689 2040 4739 aut
2077 4684 2216 4738 duas
2258 4701 2478 4751 manus,
2510 4688 2608 4738 aut
2631 4684 2773 4739 duos
2798 4685 2970 4755 pedes
2997 4685 3303 4740 habentem
3334 4686 3484 4743 mitti
3510 4689 3568 4743 in

199 4780 362 4833 nobis
393 4779 732 4846 conjunctus
761 4795 883 4834 esse
914 4778 1290 4850 cognosceris,
1322 4781 1386 4832 ut
1421 4782 1519 4832 tua
1555 4778 1918 4880 efﬁcaciorD
1942 4778 2268 4850 gehennam
2310 4777 2459 4848 ignis
2500 4778 2716 4846 (Matth.
2749 4794 2802 4845 v,
2834 4778 2944 4868 29)ἶ
2976 4779 3044 4832 Et
3083 4778 3141 4833 in
3189 4780 3571 4838 Ecclesiastico

199 4873 294 4927 ﬁat
330 4873 644 4938 industria,
672 4889 991 4944 congruum
1028 4873 1193 4927 nobis
1221 4872 1405 4926 visum
1449 4875 1552 4940 est,
1586 4872 1686 4925 has
1719 4872 1838 4926 fra-

201 4966 486 5020 ternitatis
503 4966 726 5021 litteras
744 4970 858 5021 tute
881 4965 1170 5020 dilectioni
1196 4965 1401 5021 debere
1427 4964 1697 5037 dirigere.
1723 4966 1838 5020 Mo-

205 5077 408 5115 nemus
431 5064 514 5128 te,
537 5060 892 5128 charissime,
917 5077 1144 5131 semper
1168 5059 1228 5114 in
1257 5059 1418 5114 bonis
1448 5076 1702 5129 manere,
1728 5062 1784 5113 et
1809 5077 1843 5113 a

204 5155 365 5208 malis
393 5170 618 5209 cavere.
653 5155 792 5209 Cum
835 5154 1002 5208 bonis
1033 5160 1089 5208 et
1130 5156 1298 5208 rectae
1344 5153 1481 5208 ﬁdei
1526 5170 1590 5208 ac
1635 5157 1841 5208 sanctae

206 5247 654 5302 conversationis
687 5248 1014 5303 hominibus
1039 5247 1263 5302 assidue
1295 5264 1435 5313 esse,
1469 5251 1524 5302 et
1549 5264 1582 5301 a
1610 5263 1837 5318 perver-

209 5341 282 5395 sis
307 5359 370 5397 ac
397 5343 643 5397 fratrum
670 5341 1098 5397 insidiatoribus
1137 5341 1244 5396 nisi
1283 5345 1350 5396 ut
1387 5358 1480 5397 eos
1529 5344 1839 5408 convertas,

207 5439 264 5488 et
287 5436 361 5490 ad
389 5435 756 5491 concordiam
787 5436 1042 5504 reducas,
1072 5435 1341 5506 separari.
1377 5457 1405 5486 «
1437 5433 1745 5504 Quoniam,
1780 5437 1844 5488 ut

211 5527 290 5581 ait
323 5530 648 5601 Apostolus,
680 5533 1059 5602 corrumpunt
1111 5545 1296 5584 mores
1339 5528 1520 5584 bonos
1561 5527 1842 5599 colloquia

207 5621 362 5676 mala
389 5623 439 5690 (Ι
466 5626 587 5682 Cor.
614 5639 704 5692 xv,
737 5623 847 5694 33).
881 5646 908 5674 ››
937 5623 1006 5678 Et
1029 5622 1148 5694 ipsa
1177 5639 1280 5694 per
1309 5638 1369 5677 se
1399 5621 1619 5677 Veritas
1657 5620 1794 5676 dicit
1824 5637 1838 5676 :

209 5713 266 5768 Si
291 5716 487 5772 oculus
517 5721 649 5772 tuus
675 5715 1133 5772 scandalizaverit
1174 5720 1250 5782 te,
1282 5732 1418 5772 erue
1451 5733 1584 5771 eum
1622 5717 1680 5770 et
1706 5730 1839 5786 pro-

207 5807 322 5877 jice
355 5810 450 5866 abs
477 5814 553 5868 te.
585 5813 648 5867 Et
679 5811 725 5866 si
762 5827 966 5866 manus
1000 5814 1094 5866 tua
1139 5808 1596 5866 scandalizaverit
1633 5810 1710 5880 te,
1739 5808 1838 5864 ab-

1941 4870 2264 4925 invenietur
2301 4871 2446 4925 libro
2478 4887 2492 4924 :
2531 4891 2558 4921 «
2588 4873 2647 4924 ln
2693 4870 2856 4925 bonis
2895 4857 2997 4926 viri
3045 4871 3264 4927 inimici
3308 4873 3478 4944 illius,
3513 4877 3570 4931 in

1941 4964 2167 5020 tristitia
2190 4981 2326 5019 vero
2353 4967 2410 5019 et
2435 4964 2493 5019 in
2517 4965 2733 5020 malitia
2759 4965 2930 5032 illius,
2960 4965 3176 5021 amicus
3203 4967 3433 5040 agnitus
3460 4975 3563 5025 est.

1941 5061 2004 5112 In
2031 5057 2194 5112 labiis
2221 5057 2334 5112 suis
2361 5058 2614 5113 indulcat
2653 5059 2940 5127 inimicus,
2973 5065 3027 5115 et
3056 5059 3115 5114 in
3142 5061 3312 5117 corde
3340 5081 3440 5117 suo
3476 5064 3568 5117 in—
3657 5106 3670 5122 .

1943 5152 2198 5222 sidiatur,
2223 5155 2288 5206 ut
2313 5152 2600 5208 subvertat
2631 5156 2685 5206 te
2710 5152 2766 5206 in
2794 5153 3039 5209 foveam.
3085 5155 3155 5208 Et
3184 5156 3282 5227 qui
3322 5157 3572 5228 tetigerit

1942 5247 2152 5318 picem,
2165 5245 2558 5318 inquinabitur
2573 5247 2642 5302 ab
2661 5263 2744 5302 ea.
2760 5249 2828 5304 Et
2843 5247 2941 5320 qui
2966 5250 3466 5304 communicaverit
3485 5267 3572 5302 su-

1940 5340 2118 5412 perbo
2154 5339 2420 5396 induetur
2446 5340 2723 5411 superbia,
2751 5341 2979 5414 pondus
3007 5358 3177 5414 super
3205 5359 3264 5396 se
3302 5341 3448 5397 tollit
3473 5341 3572 5413 qui

1942 5431 2254 5489 honestiori
2275 5450 2332 5488 se
2357 5434 2768 5503 communicat,
2792 5435 2982 5492 ditiori
3002 5439 3058 5491 te
3077 5451 3150 5491 ne
3170 5434 3343 5490 fueris
3361 5434 3565 5489 socius.

1945 5526 2091 5591 Quid
2118 5527 2560 5582 communicabit
2597 5529 2834 5584 cacabus
2866 5529 2940 5583 ad
2969 5529 3144 5584 ollam
3163 5528 3192 5582 ‘I
3232 5527 3471 5592 Quando
3509 5545 3570 5583 se

1916 5619 2272 5691 colliserint,
2301 5621 2712 5693 confringetur.
2745 5622 2904 5677 Dives
2945 5622 3152 5693 injuste
3196 5626 3328 5692 aget
3373 5627 3430 5677 et
3456 5622 3568 5677 fre-

1941 5717 2079 5784 met,
2108 5731 2330 5788 pauper
2358 5719 2554 5771 autem
2581 5717 2749 5770 laesus
2773 5714 2997 5770 tacebit.
3023 5714 3078 5770 Si
3106 5713 3341 5788 largitus
3371 5715 3424 5771 ei
3447 5715 3569 5772 fue-

1941 5807 2040 5877 ris,
2071 5811 2321 5865 assumat
2354 5812 2429 5877 te,
2463 5811 2520 5863 et
2551 5808 2594 5862 si
2635 5824 2751 5865 non
2782 5806 3064 5870 habueris,
3093 5807 3448 5884 derelinquet
3494 5815 3568 5867 te.
