4026 6166
493 291 590 345 175

1378 285 1660 338 ΑΡΡΕΝΙ).
1704 283 1792 337 ΑΙ)
1832 284 1993 337 S/EC.
2038 283 2102 336 IX

2213 309 2226 321 -
2257 280 2502 336 lSlDOBl
2541 279 2964 336 MERCATORIS
3741 284 3830 338 ﬁt}

563 396 619 452 Si
649 394 843 463 habes,
876 392 1132 448 convivet
1161 393 1367 459 tecum,
1395 394 1452 446 et
1479 390 1773 446 evacuabit
1801 393 1875 460 te,
1907 394 1962 445 et
1997 389 2119 462 ipse
2140 401 2200 474 Α
2221 387 2526 459 fugientes.
2579 389 2647 444 Et
2685 387 2782 459 qui
2821 386 3060 459 indigna
3092 387 3198 442 sibi
3233 388 3436 458 petunt
3471 387 3590 442 loca
3629 391 3832 458 tenere,

489 506 605 546 non
631 486 846 542 dolebit
871 502 1040 558 super
1066 488 1138 540 te.
1172 485 1227 540 Si
1262 484 1612 540 necessarius
1652 484 1732 540 illi
1761 483 1953 554 fueris,
1985 501 2116 556 sup-

490 582 764 656 plantabit
790 583 861 648 te,
895 583 951 634 et
993 579 1293 634 subridens
1333 595 1493 650 spem
1535 579 1710 647 dabit,
1743 595 1984 634 narrans
2015 579 2119 634 tibi

489 679 655 742 bona,
685 678 741 730 et
772 674 921 729 dicet
948 690 960 728 :
993 673 1139 738 Quid
1166 690 1306 744 opus
1335 677 1420 727 est
1444 672 1594 728 tibi?
1619 674 1687 728 Et
1721 673 2035 728 confundet
2063 677 2118 730 te

491 771 548 826 in
587 769 724 824 cibis
769 767 903 835 suis,
937 767 1112 822 donec
1153 772 1208 821 te
1252 766 1542 821 exinaniat
1588 767 1676 821 bis
1723 769 1779 821 et
1824 771 1928 833 ter,
1956 772 2012 822 et
2060 766 2118 822 in

487 862 796 919 novissimo
825 859 1106 915 deridebit
1124 864 1201 915 te.
1229 862 1426 915 Postea
1445 859 1642 914 videns
1664 860 2023 931 derelinquet
2040 863 2115 930 te,

489 961 546 1014 et
594 960 765 1026 caput
811 971 977 1008 suum
1024 953 1273 1008 movebit
1321 954 1391 1008 ad
1436 956 1510 1008 te.
1548 953 1858 1008 Humiliare
1895 955 2034 1022 Deo,
2063 957 2119 1007 et

489 1053 746 1121 exspecta
767 1065 969 1102 manus
995 1047 1136 1118 ejus.
1158 1047 1399 1101 Attende
1423 1063 1494 1102 ne
1524 1047 1783 1102 seductus
1802 1047 1862 1102 in
1882 1047 2118 1103 stultitia

489 1142 825 1199 humilieris.
869 1141 991 1196 Noli
1039 1157 1160 1196 esse
1205 1141 1433 1196 humilis
1467 1142 1527 1195 in
1579 1140 1852 1213 sapientia
1889 1144 2006 1212 tua,
2044 1160 2115 1198 ne

489 1237 821 1293 humiliatus
849 1236 908 1289 in
947 1234 1242 1290 stultitiam
1271 1235 1580 1290 seducaris.
1613 1236 1927 1291 Advocatus
1956 1253 1990 1291 a
2013 1254 2113 1308 po-

487 1331 729 1386 tentiore
770 1330 1013 1398 discede,
1051 1345 1119 1384 ex
1160 1330 1266 1384 hoc
1307 1328 1462 1384 enim
1499 1329 1681 1400 magis
1720 1333 1770 1384 te
1803 1331 2114 1386 advocabit.

484 1426 565 1480 Ne
592 1425 886 1496 improbus
913 1424 1005 1497 sis,
1036 1440 1108 1478 ne
1135 1423 1492 1494 impingaris,
1536 1427 1594 1478 et
1629 1441 1703 1478 ne
1746 1426 1918 1496 longe
1947 1425 2020 1480 sis
2049 1426 2118 1481 ab

486 1536 576 1586 eo,
611 1524 666 1574 et
691 1535 787 1573 eas
815 1519 872 1572 in
897 1517 1258 1572 oblivionem.
1290 1518 1368 1573 Ne
1395 1517 1640 1573 retineas
1672 1535 1743 1573 ex
1773 1535 1935 1591 asque
1965 1519 2119 1590 loqui

2221 486 2320 538 aut
2361 483 2652 538 facultates
2699 482 2958 538 Ecclesiae
3005 481 3343 536 abstrahunt
3386 481 3613 553 injuste,
3663 489 3717 539 et
3745 487 3834 557 qui

2222 577 2425 632 fratres
2453 577 2896 644 calumniantur,
2915 578 3014 630 aut
3032 580 3317 642 accusant,
3352 581 3408 632 et
3439 592 3554 631 non
3585 578 3835 648 probant,

2219 671 2304 725 vel
2335 670 2433 742 qui
2459 675 2660 726 contra
2685 670 3019 726 innocentes
3039 669 3362 741 principum
3395 671 3614 726 animos
3644 672 3714 727 ad
3734 672 3835 727 ira-

2219 765 2487 820 cundiam
2511 768 2836 836 provocant,
2865 767 2922 819 et
2964 780 3162 819 omnes
3199 765 3724 832 anathematizatos,
3759 767 3842 822 vel

2217 875 2321 930 pro
2376 859 2490 912 suis
2538 858 2846 913 sceleribus
2895 859 2964 912 ab
3011 858 3254 912 Ecclesia
3292 859 3505 930 pulsos,
3552 863 3608 914 et
3651 877 3842 916 omnes

2221 969 2363 1023 quos
2395 952 2781 1007 ecclesiastica).
2815 953 2899 1007 vel
2925 952 3098 1006 seculi
3134 953 3290 1023 leges
3319 952 3560 1007 infames
3591 970 3840 1024 pronun-

2220 1046 2381 1102 tiant.
2401 1048 2509 1100 Hos
2522 1063 2654 1100 vero
2670 1064 2788 1100 non
2801 1046 2873 1100 ad
2894 1063 3079 1100 sacros
3098 1046 3323 1101 ordinet
3341 1046 3471 1102 licet
3489 1063 3841 1118 promovere,

2217 1157 2322 1194 nec
2352 1157 2543 1195 servos
2570 1143 2701 1194 ante
2733 1140 3039 1212 ligitimam
3070 1139 3415 1207 libertatem,
3450 1157 3551 1196 nec
3579 1142 3844 1212 paeniten-

2217 1239 2321 1301 tes,
2374 1251 2475 1289 nec
2526 1234 2805 1304 bigamos,
2855 1250 2961 1288 nec
3004 1251 3099 1289 eos
3145 1233 3244 1306 qui
3290 1235 3460 1289 curiae
3504 1235 3844 1302 deserviunt,

2218 1328 2304 1382 vel
2331 1328 2429 1399 qui
2458 1344 2575 1382 non
2609 1331 2742 1382 sunt
2766 1327 2974 1398 integri
2994 1345 3246 1400 corpore,
3272 1334 3369 1385 aut
3387 1345 3587 1383 sanam
3615 1345 3733 1384 non
3756 1329 3849 1384 ha~

2218 1422 2357 1476 bent
2414 1425 2690 1489 mentem,
2749 1424 2838 1476 vel
2889 1422 3263 1489 intellectum,
3317 1426 3416 1476 aut
3459 1422 3850 1478 inobedientes

2221 1521 2552 1570 sanctorum
2579 1517 2820 1570 decretis
2853 1515 3121 1584 existunt,
3143 1519 3245 1571 aut
3266 1515 3467 1570 furiosi
3487 1517 3851 1572 manifestan-

484 1630 616 1668 cum
641 1613 759 1680 illo,
791 1615 848 1666 et
872 1628 942 1667 ne
969 1611 1168 1666 credas
1197 1611 1392 1666 multis
1420 1611 1603 1666 verbis
1628 1611 1812 1666 illius:
1843 1629 1910 1666 ex
1941 1614 2121 1668 multa
2221 1613 2332 1664 tur.
2362 1609 2425 1664 Hi
2479 1626 2679 1664 omnes
2727 1627 2831 1666 nec
2873 1611 2943 1665 ad
2989 1626 3175 1664 sacros
3215 1609 3424 1680 gradus
3467 1609 3678 1666 debent
3719 1628 3849 1682 pro-

484 1707 638 1761 enim
665 1706 893 1778 loquela
918 1705 1179 1772 tentabit,
1221 1707 1278 1758 et
1323 1705 1621 1760 subridens
1661 1705 2037 1778 interrogabit
2060 1711 2115 1762 te
2137 1775 2173 1778 _
2219 1703 2369 1773 vehi,
2393 1719 2497 1758 nec
2523 1703 2636 1771 isti,
2655 1719 2760 1758 nec
2783 1703 2998 1774 liberti,
3013 1720 3200 1775 neque
3228 1703 3490 1775 suspecti,
3513 1720 3619 1759 nec
3635 1708 3853 1759 rectam

481 1801 550 1856 de
581 1799 928 1856 absconditis
954 1800 1082 1853 tuis.
1120 1798 1356 1853 Immitis
1385 1801 1609 1853 animus
1637 1799 1785 1854 illius
1816 1816 2109 1856 conserva-
2136 1775 2192 1848 B
2216 1797 2390 1853 ﬁdem
2442 1797 2528 1852 vel
2572 1797 2806 1869 dignam
2855 1797 3340 1853 conversationem
3395 1814 3512 1853 non
3553 1799 3851 1867 habentes,

479 1895 564 1950 bit
588 1895 760 1949 verba
789 1898 905 1962 tua,
944 1897 1002 1946 et
1036 1910 1148 1948 non
1191 1897 1384 1964 parcet
1424 1892 1493 1948 de
1527 1893 1761 1961 malitia,
1807 1900 1864 1949 et
1891 1893 1962 1949 de
1988 1894 2110 1948 vin-

480 1988 638 2043 culis.
685 1989 830 2044 Cave
861 1987 979 2054 tibi,
1022 1990 1078 2041 et
1113 1987 1344 2042 attende
1390 1985 1693 2059 diligenter
1744 1988 1964 2043 auditui
1991 1992 2109 2055 tuo,

479 2082 752 2154 quoniam
776 2081 837 2136 in
877 2081 1241 2136 subversione
1269 2085 1364 2135 tua
1390 2081 1663 2136 ambulas.
1697 2082 1947 2137 Audiens
1976 2099 2111 2138 vero

480 2176 573 2230 illa
598 2175 759 2247 quasi
812 2175 870 2227 in
923 2175 1156 2242 somnis,
1207 2174 1335 2228 vide
1373 2179 1430 2229 et
1474 2174 1754 2244 vigilabis.
1787 2175 1958 2230 Omni
1998 2176 2113 2231 vita

479 2272 576 2323 tua
603 2269 775 2339 dilige
800 2269 1006 2334 Deum,
1034 2270 1092 2320 et
1120 2266 1318 2320 invoca
1337 2283 1469 2322 eum
1499 2268 1558 2321 in
1586 2267 1764 2322 salute
1793 2271 1908 2322 tua.
1933 2269 2112 2323 Omne

481 2361 694 2415 animal
719 2360 903 2431 diligit
920 2359 1100 2414 simile
1134 2359 1260 2428 sibi,
1291 2359 1369 2414 sic
1397 2364 1454 2415 et
1486 2359 1673 2415 omnis
1699 2361 1890 2428 homo,
1925 2363 2113 2433 proxi-

478 2470 643 2509 mum
670 2453 797 2509 sibi.
829 2453 1026 2509 Omnis
1054 2470 1183 2508 caro
1203 2452 1278 2508 ad
1308 2453 1555 2509 similem
1584 2453 1690 2509 sibi
1715 2455 2110 2527 conjungitur,

479 2551 536 2604 et
565 2549 755 2603 omnis
778 2549 952 2603 homo
979 2546 1150 2602 simili
1177 2546 1281 2602 sibi
1309 2547 1572 2604 sociatur.
1595 2548 1650 2604 Si
1675 2549 2116 2605 communicabit

476 2643 642 2714 lupus
667 2659 815 2715 agno
841 2642 1168 2714 aliquando,
1201 2641 1279 2696 sic
1309 2645 1571 2713 peccator
1589 2643 1766 2712 justo.
1793 2643 1932 2708 Quae
1954 2659 2109 2698 com-

479 2737 786 2791 municatio
814 2739 1004 2791 sancto
1035 2734 1258 2790 homini
1290 2737 1362 2790 ad
1405 2736 1653 2790 canem?
1701 2743 1800 2792 aut
1847 2753 1975 2808 quae
2004 2753 2111 2809 pax

479 2831 630 2885 bona
657 2829 813 2884 diviti
842 2830 916 2883 ad
951 2830 1308 2900 pauperem?
1344 2829 1569 2884 venatio
1602 2830 1782 2883 leonis
1810 2847 2024 2901 onager
2053 2831 2112 2886 in

477 2939 686 2990 eremo,
717 2922 797 2978 sic
845 2939 1053 2993 pascua
1085 2922 1322 2976 divitum
1361 2927 1494 2978 sunt
1536 2939 1837 2994 pauperes.
1876 2926 1942 2979 Et
1970 2924 2114 2980 sicut

479 3015 832 3072 abominatio
855 3020 938 3071 est
969 3016 1211 3088 superbo
1234 3016 1547 3085 humilitas,
1579 3017 1655 3071 sic
1683 3018 1996 3073 exsecratio
2025 3019 2109 3073 di-

2214 1907 2468 1946 summos
2496 1891 2814 1946 sacerdotes
2835 1895 3082 1963 possunt
3115 1908 3397 1947 accusare.
3441 1891 3549 1948 Sed
3587 1897 3642 1947 et
3669 1892 3854 1963 quali-

2215 1987 2303 2039 ter
2362 1983 2692 2039 obedientia
2738 1986 2826 2039 vel
2872 1985 3190 2040 reverentia
3225 1987 3298 2040 sit
3339 1985 3655 2057 praepositis
3694 1986 3853 2040 exhi-

2213 2079 2418 2146 benda,
2449 2095 2518 2133 ex
2541 2079 2651 2133 tuis
2691 2095 2923 2151 quoque
2965 2079 3234 2150 subjectis
3268 2079 3390 2150 ipse
3428 2097 3538 2134 non
3569 2079 3855 2151 ambigis;

2216 2173 2273 2226 in
2303 2189 2418 2244 qua
2443 2189 2502 2228 re
2529 2172 2688 2228 valde
2713 2177 2798 2228 est
2825 2173 2982 2240 utile,
3011 2173 3056 2227 si
3084 2173 3140 2228 id
3167 2174 3322 2244 quod
3350 2172 3664 2244 disciplinas
3692 2174 3858 2245 vigor

2214 2266 2479 2338 imponit,
2511 2267 2667 2321 nullo
2695 2270 2932 2337 cogente
2960 2266 3248 2321 humilitas
3281 2266 3563 2321 laudanda
3591 2283 3855 2322 servave-

2213 2360 2308 2414 rit.
2330 2359 2699 2430 Omnipotens
2723 2362 2870 2418 Deus
2896 2360 2954 2415 in
2979 2361 3140 2431 cujus
3165 2377 3344 2416 manu
3368 2364 3500 2415 sunt
3535 2360 3750 2429 omnia,
3793 2361 3857 2417 de

2216 2470 2328 2524 quo
2374 2453 2649 2524 scriptum
2693 2459 2777 2510 est
2820 2470 2834 2508 :
2888 2476 2916 2502 «
2972 2455 3097 2509 Non
3140 2457 3226 2510 est
3272 2454 3562 2525 sapientia,
3608 2471 3726 2510 non
3776 2461 3860 2511 est

2214 2546 2534 2617 prudentia,
2552 2563 2666 2601 non
2697 2551 2782 2602 est
2808 2547 3110 2602 consilium
3129 2553 3330 2604 contra
3352 2547 3656 2602 Dominum
3672 2547 3857 2619 (Prov.

2213 2656 2324 2710 xxx,
2358 2641 2476 2711 30);
2506 2660 2533 2691 »
2565 2641 2686 2712 ipse
2720 2646 2796 2710 te,
2825 2645 3071 2713 tuosque
3119 2645 3175 2697 et
3202 2642 3411 2711 divina,
3444 2648 3499 2697 et
3527 2643 3859 2714 apostolica:

2213 2733 2362 2788 sedis
2390 2734 2646 2789 instituta
2674 2735 2890 2790 illibata
2915 2752 3162 2799 servare,
3186 2739 3244 2790 et
3273 2737 3347 2791 ad
3380 2737 3601 2808 potiora
3626 2753 3861 2809 semper

2212 2828 2608 2898 conscendere,
2638 2832 2694 2883 et
2720 2829 2790 2883 de
2815 2829 2906 2884 die
2948 2829 3007 2884 in
3045 2828 3197 2885 diem
3235 2830 3520 2886 deteriora
3549 2847 3777 2898 cavere,
3808 2837 3863 2887 et

2213 2921 2449 2976 meliora
2480 2938 2544 2976 ac
2570 2923 2682 2978 Deo
2708 2923 2910 2994 placita
2958 2923 3161 2980 sectari
3202 2926 3371 2997 atque
3407 2925 3682 2997 perficere
3709 2943 3859 2982 con-

2214 3015 2397 3070 cedat.

475 3111 574 3167 viti
600 3127 832 3182 pauper.
863 3109 1022 3167 Dives
1052 3115 1371 3166 commotus
1397 3112 1770 3166 confirmatur
1795 3111 1866 3166 ab
1893 3111 2107 3184 amicis,
2131 3144 2187 3218 C
2285 3109 2631 3165 Vestimenta
2660 3125 2794 3165 vero
2825 3109 3197 3166 ecclesiastica
3233 3112 3439 3184 quibus
3474 3114 3718 3169 Domino
3743 3115 3857 3170 mi-

478 3204 710 3261 humilis
759 3210 952 3260 autem
995 3221 1124 3259 cum
1170 3205 1454 3272 ceciderit,
1496 3207 1808 3278 expelletur
1847 3209 1905 3261 et
1934 3223 1966 3261 a
2004 3223 2108 3261 no-

479 3299 568 3354 tis.
598 3297 764 3353 Diviti
807 3299 1041 3370 decepto
1079 3299 1241 3353 multi
1282 3303 1732 3370 recuperatores,
1770 3301 1992 3355 locutus
2029 3304 2114 3356 est

478 3397 740 3468 superba,
767 3400 824 3451 et
835 3396 1229 3467 justiﬁcaverit
1253 3397 1433 3465 illum,
1457 3397 1688 3452 humilis
1717 3398 1985 3470 deceptus
2005 3403 2110 3467 est,

478 3494 535 3545 et
563 3491 798 3562 insuper
827 3491 1107 3562 arguitur,
1136 3492 1359 3546 locutus
1397 3496 1484 3547 est
1521 3495 1764 3560 sensate,
1795 3497 1850 3548 et
1879 3509 1997 3548 non
2028 3497 2114 3549 est

476 3584 638 3638 datus
665 3584 719 3638 ei
743 3584 919 3638 locus.
953 3585 1112 3640 Dives
1133 3584 1355 3639 locutus
1372 3588 1475 3652 est,
1499 3590 1555 3640 et
1571 3601 1766 3641 omnes
1792 3590 2108 3656 tacuerunt,

479 3681 535 3733 et
561 3678 799 3732 verbum
828 3677 978 3732 illius
1005 3694 1184 3750 usque
1225 3677 1297 3732 ad
1323 3678 1501 3733 nubes
1530 3679 1858 3750 perducent.
1895 3681 2113 3750 Pauper

477 3771 700 3827 locutus
717 3774 801 3826 est
831 3776 887 3826 et
913 3771 1108 3826 dicunt
1142 3789 1155 3827 :
1192 3771 1329 3836 Quis
1356 3775 1442 3828 est
1470 3773 1600 3826 hic?
1629 3774 1697 3826 Et
1724 3773 1768 3827 si
1789 3772 2108 3841 offenderit,

477 3866 811 3921 subvertunt
847 3865 1030 3920 illum.
1067 3867 1224 3920 Bona
1255 3868 1340 3921 est
1385 3866 1722 3935 substantia,
1766 3866 1854 3920 cui
1884 3883 1998 3920 non
2029 3871 2113 3921 est

476 3963 774 4033 peccatum
817 3959 874 4014 in
917 3959 1276 4027 conscientia,
1317 3963 1374 4014 et
1417 3959 1767 4031 nequissima
1811 3962 2114 4030 paupertas

477 4054 539 4108 in
567 4071 662 4108 ore
692 4053 874 4124 imPii.
899 4055 1008 4110 Cor
1028 4052 1279 4107 hominis
1300 4052 1566 4106 immutat
1586 4053 1785 4107 faciem
1813 4051 1983 4118 illius,
1999 4052 2112 4107 sive

477 4148 537 4200 in
579 4147 746 4211 bona,
793 4145 908 4199 sive
952 4145 1011 4198 in
1060 4145 1226 4198 mala.
1286 4145 1599 4216 Vestigium
1634 4144 1767 4198 boni
1814 4144 2019 4211 cordis,
2059 4151 2115 4200 et

477 4239 681 4292 faciem
704 4237 918 4291 bonam
945 4236 1174 4291 difficile
1198 4236 1450 4292 invenies
1473 4240 1679 4292 etcum
1713 4237 1903 4293 labore
1929 4239 2109 4309 (Eccli.

479 4347 576 4398 x11,
611 4333 763 4399 9-15;
796 4346 914 4397 xm,
951 4331 1119 4400 1-32).
1162 4352 1189 4378 »

551 4425 698 4494 Haec,
722 4423 919 4491 frater,
945 4440 1080 4479 cave
1103 4423 1226 4492 tibi,
1249 4428 1305 4479 et
1323 4427 1453 4495 post
1480 4423 1962 4495 concupiscentias
1990 4429 2113 4482 tuas

2213 3201 2504 3272 nistratur,
2530 3203 2826 3275 cultusque
2855 3203 3080 3259 divinus
3106 3206 3268 3260 omni
3302 3223 3435 3262 cum
3471 3208 3859 3264 honoriﬁcen-

2211 3297 2290 3352 tia
2331 3301 2388 3352 et
2428 3297 2726 3352 honestate
2765 3313 2799 3351 a
2856 3299 3245 3354 sacerdotibus
3285 3301 3631 3373 reliquisque
3670 3304 3862 3358 Eccle-

2211 3391 2308 3445 siaa
2360 3391 2634 3445 ministris
2682 3393 3039 3460 celebratur,
3091 3399 3310 3449 sacrata
3347 3395 3559 3450 debent
3611 3413 3752 3464 esse,
3805 3403 3864 3454 et

2213 3487 2471 3541 honesta.
2499 3485 2710 3550 Quibus
2744 3487 2868 3542 aliis
2916 3487 2974 3541 in
3019 3487 3234 3558 usibus,
3278 3505 3409 3543 cum
3451 3491 3566 3545 Deo
3613 3491 3860 3562 ejusque

2212 3580 2440 3634 servitio
2488 3586 2811 3636 consecrata
2855 3586 2913 3636 et
2954 3581 3214 3637 dedicata
3262 3587 3412 3651 sunt,
3462 3600 3633 3639 nemo
3684 3586 3864 3642 debet

2212 3673 2323 3729 frui
2351 3691 2523 3745 quam
2566 3674 2953 3730 ecclesiasticis
2993 3678 3051 3730 et
3093 3675 3280 3747 dignis
3323 3678 3542 3732 ofﬁciis.
3580 3679 3718 3743 Qua:
3745 3696 3860 3735 nec

2211 3768 2281 3822 ab
2312 3768 2434 3822 aliis
2473 3768 2685 3823 debent
2727 3769 3004 3840 contingi,
3047 3775 3146 3824 aut
3189 3771 3343 3839 ferri,
3383 3771 3490 3826 nisi
3537 3791 3570 3827 a
3618 3775 3859 3829 sacratis

2212 3861 2562 3928 hominibus,
2613 3879 2686 3916 ne
2737 3862 2877 3917 ultio
2905 3879 3032 3934 quae
3086 3864 3373 3919 Balthasar
3428 3866 3702 3937 percussit
3751 3884 3857 3922 su-

2212 3971 2318 4026 per
2354 3954 2476 4010 hazc
2517 3955 3062 4027 transgredientibus
3103 3962 3160 4013 et
3202 3958 3335 4013 talia
3375 3960 3860 4030 praesumentibus

2212 4048 2407 4102 veniat
2489 4048 2694 4118 divina,
2780 4053 2838 4103 et
2915 4067 3182 4108 corruere
3261 4069 3354 4107 eos
3421 4053 3591 4109 faciat
3641 4054 3856 4109 divinae

2214 4141 2441 4196 ultionis
2475 4142 2695 4212 justum
2740 4142 3030 4215 ﬂagellum
3066 4145 3139 4200 ad
3181 4146 3316 4200 ima.
3345 4148 3474 4201 Hzec
3519 4146 3626 4201 illis
3669 4149 3854 4218 parti-

2211 4236 2317 4290 bus
2360 4235 2565 4307 quihus
2611 4237 2852 4292 moraris
2898 4243 2955 4293 et
2998 4239 3057 4293 in
3102 4240 3365 4294 omnibus
3404 4240 3608 4311 quibus
3657 4247 3858 4312 potue-

2146 4389 2153 4399 ,
2214 4329 2290 4384 ris
2339 4329 2554 4385 cunctis
2612 4334 2744 4385 nota
2801 4331 3006 4398 facito,
3061 4335 3119 4387 et
3190 4333 3489 4389 observare
3541 4335 3859 4405 apostolica

2214 4423 2484 4479 mandato
2515 4423 2874 4490 auctoritate,
2922 4425 3058 4496 quia
3086 4428 3141 4480 et
3180 4427 3359 4482 nostri
3390 4427 3664 4499 nobisque
3692 4445 3856 4484 com-

481 4535 598 4574 non
627 4518 812 4574 vadas.
871 4517 1017 4582 Quid
1056 4533 1187 4573 vero
1225 4517 1554 4573 consuluisti
1602 4517 1799 4574 sedem
1841 4521 2109 4590 apostoli-
2129 4515 2189 4588 D
2213 4516 2366 4572 missi
2395 4516 2455 4570 in
2483 4521 2678 4572 sancta
2703 4517 3010 4587 apostolica
3039 4523 3095 4574 et
3129 4519 3431 4576 universali
3459 4522 3708 4577 Ecclesia
3727 4539 3858 4578 om-

479 4613 646 4668 cam?
691 4612 790 4684 qui
838 4617 968 4667 sunt
1011 4611 1268 4681 infames,
1299 4618 1397 4667 aut
1438 4611 1536 4684 qui
1562 4611 1634 4666 ad
1673 4613 1880 4684 gradus
1923 4615 2110 4670 Eccle-

479 4705 727 4760 siasticos
757 4722 870 4760 non
899 4709 1032 4761 sunt
1059 4705 1417 4774 admittendi,
1441 4709 1496 4762 et
1528 4723 1691 4761 nosse
1720 4711 1774 4761 te
1803 4707 2110 4776 credimus,

483 4802 540 4853 et
565 4815 666 4870 pro
693 4799 1030 4854 auctoritate
1057 4799 1206 4855 sedis
1230 4799 1550 4872 apostolicae
1582 4803 1635 4854 te
1656 4800 1966 4856 informare
1992 4817 2110 4856 non

483 4891 854 4964 denegamus.
897 4893 1139 4949 lnfames
1171 4897 1366 4948 autem
1394 4909 1511 4949 esse
1543 4911 1634 4949 eas
1664 4911 1933 4966 personas
1969 4895 2108 4950 dici-

481 5001 609 5040 mus
635 5003 762 5058 quae
788 5003 892 5058 pro
923 4988 1112 5058 aliqua
1151 4989 1318 5058 culpa
1354 4991 1626 5043 notantur
1654 4988 1909 5054 infamia,
1939 4988 1996 5044 id
2027 4994 2114 5044 est

399 5149 404 5152 _
482 5096 688 5134 omnes
732 5079 828 5151 qui
871 5080 1202 5136 Christianae
1247 5081 1390 5152 legis
1434 5098 1697 5137 normam
1738 5082 2028 5152 abjiciunt,
2057 5087 2113 5138 et

481 5175 695 5228 statuta
719 5174 1102 5230 Ecclesiastica
1121 5177 1516 5244 contemnunt,
1539 5175 1795 5231 similiter
1820 5177 1993 5243 fures,
2018 5194 2108 5231 sa-

479 5267 737 5339 crilegos,
766 5271 822 5322 et
867 5284 1066 5323 omnes
1103 5269 1436 5340 capitalibus
1471 5269 1801 5325 criminibus
1837 5269 2107 5325 irretitos.

481 5362 882 5433 Sepulcrorum
930 5378 1159 5434 quoque
1212 5363 1528 5430 violatores,
1587 5367 1644 5419 et
1697 5363 2106 5435 apostolorum,

481 5460 652 5528 atque
683 5472 1072 5513 successorum
1115 5473 1331 5525 eorum,
1366 5457 1834 5529 reliquorumque
1876 5459 2108 5513 Patrum

477 5551 689 5604 statuta
733 5548 978 5606 libenter
1024 5550 1317 5619 violantes,
1352 5555 1410 5607 et
1463 5567 1660 5607 omnes
1702 5551 1801 5623 qui
1845 5550 2108 5606 adversus

479 5642 674 5697 Patres
697 5647 1013 5714 armantur,
1028 5645 1200 5719 quiin
1227 5645 1378 5701 omni
1402 5645 1620 5701 mundo
1643 5644 1877 5702 infamia
1894 5648 2104 5701 notan-

477 5735 587 5785 tur.
645 5735 919 5794 Similiter
972 5739 1354 5810 incestuosos,
1417 5739 1767 5807 homicidas,
1827 5739 2102 5810 perjuros,

481 5827 759 5896 raptores,
811 5833 1113 5903 maleficos,
1151 5835 1451 5904 veneficos,
1492 5834 1794 5902 adulteros,
1833 5834 1904 5891 de
1946 5833 2106 5890 bellis

2213 4626 2315 4666 nes
2344 4611 2467 4664 hazc
2499 4611 2826 4680 observare,
2851 4628 3001 4666 nunc
3026 4615 3082 4667 et
3105 4613 3310 4668 futuris
3329 4615 3682 4686 temporibus
3712 4633 3852 4686 pro-

2213 4704 2344 4759 fessi
2365 4707 2515 4758 sunt.
2542 4704 2637 4758 His
2647 4703 2897 4760 breviter
2926 4705 3036 4760 tuis
3060 4706 3238 4761 frater
3255 4708 3558 4779 magnifice
3574 4710 3856 4780 respondi

2211 4797 2432 4852 litteris.
2491 4797 2702 4862 Quibus
2759 4803 2854 4853 tua
2911 4798 3135 4854 dilectio
3191 4800 3267 4854 ita
3321 4802 3590 4870 societur,
3647 4805 3713 4857 ut
3765 4804 3857 4858 ni-

2212 4891 2293 4946 hil
2324 4891 2382 4946 in
2409 4891 2497 4946 his
2525 4907 2652 4962 qua:
2679 4891 2748 4946 ad
2773 4891 3107 4947 universalis
3137 4894 3397 4950 Ecclesia:
3424 4898 3635 4952 statum
3666 4897 3852 4968 perti-

2214 4988 2374 5055 nent,
2404 4989 2501 5041 aut
2539 4985 2708 5041 dubie
2746 4991 2967 5058 agatur,
3007 4990 3105 5042 aut
3148 4988 3417 5059 segniter.
3466 4991 3532 5044 Et
3570 5006 3703 5045 cum
3745 4991 3856 5046 tali

2212 5079 2610 5134 moderatione
2639 5083 2889 5150 agantur
2929 5085 3148 5149 cuncta,
3189 5085 3252 5136 ut
3290 5099 3393 5138 nec
3432 5083 3857 5139 benevolentia:

2212 5177 2426 5244 partes,
2456 5189 2560 5228 nec
2579 5173 2814 5244 justitite
2846 5173 3233 5246 negligantur,
3275 5177 3375 5233 sed
3407 5177 3620 5250 absque
3648 5194 3852 5250 perso-

2211 5255 2415 5321 narum
2442 5265 2770 5338 acceptione
2798 5267 3053 5324 divinum
3077 5269 3136 5324 in
3163 5271 3428 5326 omnibus
3446 5271 3729 5343 judicium
3757 5289 3860 5327 co-

2212 5359 2441 5432 gitetur.
2473 5360 2639 5426 Quod
2665 5365 2728 5416 ut
2769 5366 2921 5418 recta
2963 5363 3315 5419 observantia
3351 5366 3533 5422 valeat
3574 5366 3854 5422 custodiri

2209 5454 2500 5510 catholicae
2527 5454 2793 5527 primitus
2823 5461 3080 5512 servetur
3102 5457 3239 5514 ﬁdei
3263 5459 3579 5531 integritas.
3615 5461 3683 5514 Et
3710 5461 3856 5532 quia

2208 5564 2315 5620 per
2331 5549 2521 5604 omnia
2543 5550 2786 5622 augusta
2800 5554 2856 5606 et
2872 5553 3025 5606 arcta
3035 5551 3125 5606 via
3145 5555 3229 5607 est
3244 5568 3373 5624 qua:
3390 5553 3546 5608 ducit
3558 5553 3630 5609 ad
3643 5553 3847 5622 vitam,

2207 5659 2393 5715 neque
2410 5642 2469 5698 in
2486 5642 2794 5713 sinistram,
2815 5659 3000 5716 neque
3023 5643 3082 5699 in
3104 5645 3362 5702 dextram
3377 5646 3448 5702 ab
3467 5647 3590 5719 ejus
3612 5647 3847 5704 tramite

2207 5736 2483 5791 devietur.
2515 5739 2653 5793 Data
2672 5737 2872 5808 quinto
2903 5739 3088 5796 Nonas
3115 5740 3238 5797 Maii
3267 5741 3564 5798 Valeriano
3594 5744 3652 5798 et
3670 5741 3839 5798 Galli-

2205 5846 2346 5886 cano
2378 5832 2443 5886 ιν
2473 5830 2814 5887 consulibus.
