4026 6166
219 269 314 324 177

1429 263 1904 322 DECRETALIUM
1943 264 2328 322 COLLECTIO.

356 422 565 490 ITEM
609 422 1034 492 EPISTOLA
1080 422 1513 493 STEPHANI
1558 421 1819 492 PAPZE
1865 419 1977 488 DE
2024 420 2769 494 ACCUSATIONIBUS
2819 424 3424 495 SACERDOTUM.

273 570 590 627 Srernsrws
635 577 843 627 sancta:
889 572 1214 644 apostolicae
1265 577 1321 628 et
1369 574 1694 630 universalis
1732 574 1834 628 Ro-
1855 579 1915 653 Α
1935 573 2131 626 ceatur
2150 571 2402 627 ecclesiae
2428 589 2605 644 usque
2630 573 2700 628 ad
2727 574 3068 645 condignam
3098 573 3562 632 satisfactionem.

205 680 386 719 manas
433 665 693 721 Ecclesiae
747 666 1040 739 episcopus
1064 710 1078 736 ,
1125 667 1388 723 omnibus
1431 684 1533 740 per
1583 668 1835 723 diversas

202 758 519 829 provincias
549 759 872 815 constitutis
898 761 1198 833 episcopis,
1220 761 1281 816 in
1303 763 1542 818 Domino
1569 763 1830 817 salutem.

267 852 592 907 Plurimum
623 854 939 925 gaudemus
969 856 1028 910 in
1060 855 1318 923 Domino,
1349 861 1403 911 et
1431 857 1492 911 in
1517 857 1666 912 dono
1697 873 1830 927 gra-

205 947 288 1000 tiae
301 946 486 1018 ipsius
502 948 836 1018 gloriamur,
852 949 1009 1020 quod
1024 949 1164 1005 fides
1175 955 1362 1006 vestra
1377 968 1483 1022 per
1491 950 1642 1006 bona
1659 967 1834 1022 opera

201 1041 394 1095 crescit
423 1041 748 1112 magniﬁce,
772 1047 827 1097 et
853 1043 1116 1098 dilatatur
1132 1045 1504 1116 amplissime.
1529 1045 1643 1100 Sed
1662 1044 1834 1099 nimis

196 1133 514 1206 affligimur
533 1140 590 1190 et
615 1135 957 1192 tribulamur
975 1138 1045 1193 de
1066 1143 1249 1194 vestra
1275 1139 1639 1210 oppressione
1661 1155 1834 1210 super

195 1245 304 1300 qua
340 1229 602 1284 crebrior
629 1232 1081 1287 commeantium
1115 1249 1298 1305 usque
1337 1234 1408 1288 ad
1451 1250 1552 1288 nos
1589 1234 1829 1288 fratrum

197 1339 381 1377 sermo
423 1324 679 1394 perlatus
709 1328 811 1379 est.
850 1325 974 1380 Non
1009 1331 1342 1398 oportuerat
1369 1326 1598 1399 quidem
1624 1328 1693 1382 ab
1722 1327 1830 1382 illis

196 1433 224 1470 a
250 1417 465 1487 quibus
503 1417 826 1486 sustentari,
871 1423 928 1472 et
964 1420 1202 1491 portari,
1232 1424 1289 1475 et
1315 1421 1585 1476 honorari
1617 1421 1827 1476 debue-

195 1511 346 1578 ratis,
381 1512 562 1565 tantis
587 1528 684 1566 vos
713 1513 1176 1584 oppressionibus
1201 1516 1445 1571 concuti.
1475 1517 1832 1587 Quapropter

193 1603 585 1658 necessarium
619 1609 723 1673 est,
760 1611 821 1660 ut
852 1607 1088 1661 remotis
1120 1607 1318 1663 talium
1357 1608 1832 1679 tergiversationi-

191 1696 310 1764 bus,
347 1697 562 1768 quibus
591 1715 877 1754 venenosa
901 1700 1117 1756 malitia
1146 1702 1408 1769 revelari,
1442 1707 1612 1774 atque
1638 1703 1831 1757 obscu—

190 1792 298 1844 rari
328 1791 559 1847 bonitas
594 1795 651 1847 et
683 1794 888 1848 veritas
916 1795 1077 1863 solet,
1106 1795 1518 1850 adminiculum
1554 1813 1668 1850 non
1704 1813 1828 1850 mo-

192 1883 374 1939 dicum
416 1886 574 1940 vobis
617 1903 650 1941 a
683 1887 946 1943 fidelibus
982 1889 1366 1959 impendatur,
1410 1894 1577 1962 atque
1617 1891 1687 1945 ab
1723 1891 1830 1945 hac

189 1980 496 2049 apostolica
535 1981 666 2036 sede
701 1953 1084 2053 suffragetur,-
1099 2000 1242 2054 quos
1281 1953 1383 2055 per
1417 1953 1668 2039 divinam
1708 1953 1906 2056 gra-B

187 2073 336 2127 tiam
373 2073 580 2128 Christi
611 2075 819 2129 auxilio
859 2075 1102 2146 dignum
1131 2080 1215 2132 est
1243 2077 1517 2147 adjuvari,
1547 2095 1619 2132 ne
1652 2078 1711 2132 in
1742 2084 1825 2133 to-

186 2166 302 2220 tius
346 2168 609 2223 Ecclesiae
650 2169 1143 2240 perturbationem
1181 2171 1516 2242 imprudens
1555 2173 1831 2243 procedat

186 2259 454 2327 intentio,
496 2267 557 2316 et
591 2279 658 2316 ea
691 2279 821 2333 quae
855 2281 888 2317 a
927 2264 1133 2318 sanctis
1172 2265 1689 2336 praedecessoribus
1725 2282 1825 2320 no-

186 2354 330 2420 stris,
351 2359 414 2408 et
433 2355 670 2426 reliquis
692 2357 903 2411 sanctis
923 2357 1182 2412 Patribus
1206 2358 1424 2413 dudum
1451 2359 1683 2414 fuerant
1701 2377 1829 2431 pro-

185 2447 380 2514 hibita,
417 2449 614 2504 denuo
641 2449 995 2505 reviviscant.
1034 2452 1168 2506 Loci
1199 2468 1449 2524 namque
1479 2453 1656 2507 nostri
1687 2469 1827 2508 con-

186 2541 534 2596 sideratione
549 2544 947 2614 compellimur
961 2560 1028 2599 ea
1047 2561 1175 2616 quae
1194 2545 1262 2600 ad
1286 2546 1546 2600 notitiam
1571 2551 1826 2601 nostram

184 2635 555 2690 emendanda
579 2641 983 2707 pervenerunt,
1013 2643 1247 2709 propter
1265 2639 1572 2694 Dominum
1601 2657 1715 2694 non
1737 2640 1829 2694 de-

184 2729 537 2799 relinquere,
572 2730 674 2784 sed
705 2730 879 2801 digna
908 2732 1312 2788 emendatione
1347 2733 1654 2804 corrigere.
1687 2735 1753 2788 Et
1781 2734 1828 2789 si

183 2823 556 2877 saecularibus
586 2822 785 2878 ofﬁciis
814 2824 954 2879 ordo
983 2843 1116 2880 suus
1141 2831 1198 2881 et
1222 2826 1427 2881 tradita
1453 2843 1484 2880 a
1512 2827 1826 2898 majoribus

185 2917 490 2988 disciplina
521 2918 798 2972 servanda
829 2921 931 2986 est,
964 2919 1092 2990 quis
1121 2920 1266 2975 ferat
1295 2920 1702 2976 ecclesiasticos
1731 2938 1822 2976 or-

185 3011 343 3066 dines
367 3011 686 3066 temeraria
715 3013 1160 3084 prtesumptione
1191 3013 1484 3081 confundi,
1514 3014 1704 3070 audita
1734 3031 1828 3071 ne-

188 3105 425 3175 gligere,
460 3109 522 3158 et
554 3105 914 3160 emendanda
951 3123 1068 3161 non
1111 3123 1283 3178 cpem
1317 3107 1552 3162 ferendo
1590 3111 1822 3180 postpo-

187 3199 358 3253 nere?
396 3196 743 3252 Audjvimus
779 3199 933 3254 enim
975 3216 1073 3255 vos
1119 3216 1154 3254 a
1192 3200 1534 3272 quibusdam
1577 3202 1826 3256 accusari

187 3307 297 3345 non
328 3295 449 3345 tam
487 3307 596 3362 pro
628 3294 814 3346 vestra
839 3294 1023 3364 culpa,
1060 3310 1236 3366 quam
1261 3310 1366 3365 pro
1394 3311 1590 3349 eorum
1623 3294 1818 3364 libitu;
1843 3328 1899 3401 Ο

185 3392 246 3439 ut
274 3389 468 3439 vestra
497 3402 700 3457 rapere
727 3386 963 3458 possint,
995 3390 1053 3441 et
1075 3387 1206 3443 ideo
1242 3403 1340 3442 vos
1370 3388 1539 3442 nimis
1565 3389 1742 3460 afﬂigi
1769 3394 1824 3444 et

186 3478 409 3532 concuti
436 3478 756 3545 intantum,
787 3482 849 3533 ut
877 3479 1046 3534 etiam
1074 3498 1108 3534 a
1135 3481 1365 3536 sedibus
1390 3481 1633 3553 propriis
1655 3482 1824 3552 pella-

188 3572 351 3638 mini,’
375 3576 435 3625 et
458 3571 562 3626 tali
585 3572 877 3627 occasione
906 3573 1163 3628 Ecclesiae
1191 3575 1600 3646 facultatesque
1621 3581 1823 3630 vestrae

188 3670 476 3720 vastentur
532 3682 595 3719 ac
649 3665 1071 3737 depraadentur.
1133 3670 1260 3735 Ista,
1318 3668 1650 3738 charissimi,
1709 3685 1823 3724 non

190 3765 407 3830 oportet
424 3759 573 3824 fieri,
595 3776 699 3814 nec
728 3760 916 3815 denuo
940 3760 1220 3832 replicari.
1242 3763 1462 3816 Tamen
1489 3779 1717 3818 necesse
1740 3768 1826 3818 est

194 3869 310 3923 quae
348 3854 521 3908 toties
564 3859 930 3926 usurpantur,
970 3855 1177 3926 saepius
1215 3855 1566 3927 replicentur
1595 3859 1653 3910 et
1689 3873 1821 3928 pro-

193 3946 515 4002 hibeantur.
559 3947 1009 4020 Namquidquid
1048 3949 1107 4002 in
1152 3949 1384 4003 sacratis
1421 3951 1530 4004 Deo
1568 3951 1737 4005 rebus
1769 3955 1825 4006 et

193 4041 465 4111 episcopis
500 4041 711 4112 injuste
748 4042 938 4112 agitur
971 4058 1074 4113 pro
1113 4042 1413 4114 sacrilegio
1443 4044 1820 4114 reputabitur,

193 4134 315 4203 quia
345 4151 509 4188 sacra
545 4139 696 4203 sunt,
733 4138 790 4189 et
816 4135 1019 4189 violari
1055 4153 1088 4189 a
1117 4152 1406 4208 quoquam
1437 4154 1554 4191 non
1593 4137 1821 4194 debent.

254 4227 454 4282 Nullus
487 4229 644 4282 enim
675 4229 1096 4300 episcoporum,
1130 4229 1268 4284 dum
1304 4230 1420 4284 suis
1456 4231 1630 4285 fuerit
1654 4232 1825 4286 rebus

192 4321 548 4392 exspoliatus,
586 4325 686 4376 aut
722 4339 756 4375 a
796 4322 929 4376 sede
975 4323 1209 4395 propria
1247 4324 1501 4395 qualibet
1533 4325 1824 4380 occasione

193 4415 399 4485 pulsus,
435 4414 608 4470 debet
629 4416 904 4482 accusari,
929 4419 1029 4470 aut
1058 4433 1092 4471 a
1117 4433 1413 4489 quoquam
1438 4418 1490 4472 ei
1516 4421 1702 4489 potest
1723 4419 1825 4473 cri-

193 4523 317 4562 men
346 4508 538 4579 objici,
570 4508 908 4581 priusquam
949 4510 1323 4582 integerrime
1368 4514 1736 4581 restauretur,
1771 4516 1828 4567 et

196 4601 379 4655 omnia
412 4617 541 4673 qua
577 4602 655 4656 illi
685 4602 872 4657 ablata
910 4620 1254 4675 quocunque
1298 4604 1533 4676 ingenio
1577 4606 1822 4672 fuerant,

1933 668 2299 720 Accusatores
2332 682 2465 721 vero
2500 669 2557 720 et
2593 666 2977 723 accusationes
3006 685 3148 740 quas
3186 668 3377 723 δρουιὶ
3406 670 3566 742 leges

1934 776 2050 814 non
2086 760 2388 831 recipiunt,
2421 763 2478 816 et
2504 765 2882 817 antecessores
2914 763 3091 817 nostri
3125 761 3562 834 prohibuerunt,

1934 856 1992 907 et
2018 870 2122 908 nos
2147 854 2562 910 submovemus.
2596 855 2792 910 Nullus
2819 856 2973 910 enim
3003 855 3329 927 alienigena
3355 863 3452 912 aut
3479 874 3567 913 ac-

1933 951 2154 1003 cusator
2182 964 2378 1003 eorum
2415 949 2513 1004 ﬁat
2551 953 2650 1004 aut
2683 949 2876 1020 judex.
2911 949 3070 1005 Unde
3099 954 3156 1006 et
3187 950 3257 1005 de
3286 952 3391 1006 Lot
3424 951 3562 1007 scri-

1931 1045 2095 1113 ptum
2124 1044 2243 1097 est:
2271 1064 2299 1091 «
2330 1044 2618 1114 Ingressus
2645 1060 2704 1098 es
2731 1047 2794 1099 ut
2823 1043 3061 1113 advena,
3089 1043 3355 1114 nunquid
3381 1049 3447 1099 ut
3465 1045 3564 1115 ju-

1931 1136 2084 1190 dices
2123 1136 2324 1205 (Genes.
2367 1153 2481 1206 xxx,
2519 1139 2609 1207 9)?
2641 1159 2668 1187 »
2697 1140 3001 1193 Accusator
3028 1141 3223 1192 autem
3249 1142 3566 1194 vestrorum

1933 1229 2122 1284 nullus
2165 1230 2236 1284 sit
2281 1247 2476 1285 servus
2520 1235 2620 1286 aut
2666 1231 2937 1301 libertus,
2989 1231 3258 1303 nullaque
3309 1235 3567 1303 suspecta

1931 1340 2179 1395 persona
2199 1329 2297 1379 aut
2317 1324 2567 1380 infamis.
2591 1325 2965 1397 Repellantur
2985 1326 3155 1380 etiam
3176 1325 3567 1381 cohabitantes

1931 1416 2175 1472 inimicis
2201 1421 2257 1473 et
2284 1435 2481 1474 omnes
2507 1418 2657 1486 laici,
2683 1419 2817 1492 quia
2842 1418 3272 1474 infestationem
3297 1419 3564 1491 blasphe-

1931 1511 2061 1566 miae
2080 1512 2304 1567 affectio
2326 1512 2597 1568 amicitias
2617 1513 2854 1568 incitare
2880 1514 3040 1568 solet.
3070 1515 3181 1569 Nec
3201 1513 3283 1568 illi
3301 1513 3361 1568 in
3383 1517 3566 1568 vestra

1932 1610 2064 1660 sunt
2099 1606 2440 1677 suscipiendi
2482 1607 2858 1677 accusatione,
2890 1607 2988 1679 qui
3018 1623 3116 1663 vos
3147 1607 3206 1662 in
3236 1624 3337 1662 sua
3369 1608 3567 1662 volunt

1930 1699 2183 1770 recipere
2211 1700 2602 1755 infamatione.
2633 1702 2830 1755 Nullus
2855 1701 3011 1756 enim
3046 1701 3358 1756 anathema
3387 1701 3563 1756 slisci-

1933 1793 2138 1864 piatur,
2170 1810 2275 1848 nec
2301 1810 2334 1848 a
2362 1810 2651 1866 quoquam
2677 1794 2988 1850 credantur
3014 1811 3141 1865 qua:
3169 1795 3240 1849 ab
3267 1795 3347 1850 eis
3372 1795 3458 1850 vel
3485 1794 3566 1849 di-

1931 1889 2140 1941 cuntur
2162 1888 2251 1942 vel
2280 1888 2736 1942 conscribuntur.
2769 1889 2874 1942 Eos
2904 1904 3134 1959 quoque
3165 1888 3288 1943 dico
3322 1889 3561 1943 anathe-

1930 1981 2225 2036 matizatos
2255 1997 2410 2051 esse,
2453 1998 2596 2054 quos
2633 1981 2885 2053 episc0pi
2919 1981 3035 2036 suis
3073 1981 3296 2054 scriptis
3334 1982 3565 2036 anathe-

1930 2074 2359 2142 matizaverunt,
2413 2079 2513 2129 aut
2555 2091 2756 2130 eorum
2807 2078 3017 2130 statuta
3061 2074 3562 2131 anathematizant.

1929 2170 2035 2223 Per
2068 2168 2275 2240 scripta
2311 2169 2466 2223 enim
2501 2168 2712 2223 nullius
2752 2169 3032 2224 accusatio
3069 2161 3428 2240 suscipiatur,
3462 2168 3561 2222 sed

1929 2262 2159 2333 propria
2179 2279 2332 2329 voce,
2356 2262 2402 2316 si
2421 2263 2677 2332 legitima
2697 2267 2754 2318 et
2778 2263 3064 2334 condigna
3085 2261 3420 2318 accusatoris
3439 2279 3565 2333 per-

1928 2371 2072 2410 sona
2121 2356 2310 2423 fuerit,
2355 2361 2635 2428 praesente
2679 2356 2943 2411 videlicet
2982 2373 3050 2412 eo
3096 2373 3268 2429 quem
3307 2372 3566 2411 accusare

1928 2450 2235 2519 desiderat,
2282 2451 2415 2522 quia
2453 2451 2644 2505 nullus
2688 2450 2890 2506 absens
2941 2456 3040 2517 aut
3079 2449 3330 2505 accusari
3382 2454 3568 2521 potest

1930 2549 2030 2598 aut
2051 2560 2334 2600 accusare.
2357 2543 2552 2598 Nullus
2577 2549 2773 2598 tamen
2804 2544 3024 2615 praefati
3054 2543 3269 2599 ordinis
3293 2543 3378 2597 vir
3405 2560 3566 2598 accu-

1929 2637 2038 2691 sari
2063 2639 2270 2708 potest,
2293 2640 2390 2691 aut
2416 2637 2757 2708 respondere
2786 2638 2899 2691 suis
2925 2636 3346 2692 accusatoribus
3373 2636 3561 2702 debet,

1927 2730 2263 2804 priusquam
2290 2732 2634 2802 regulariter
2660 2749 2693 2786 a
2719 2748 2819 2786 suo
2845 2731 3086 2803 primate
3114 2734 3344 2786 vocatus
3368 2731 3460 2799 sit,
3485 2731 3566 2785 lo-

1927 2840 2169 2896 cumque
2182 2825 2524 2881 defendendi
2537 2830 2591 2881 et
2605 2825 2933 2898 inquirendi
2946 2825 3186 2897 accipiat
3201 2824 3273 2880 ad
3281 2822 3564 2880 abluenda

1927 2919 2185 2974 crimina.

1998 3012 2147 3067 Nulli
2168 3012 2326 3067 enim
2345 3014 2774 3085 metropolitani
2791 3015 2890 3068 aut
2902 3011 2997 3068 alii
3011 3013 3260 3086 episcopi
3274 3011 3562 3084 appellan-

1925 3108 2021 3161 tur
2047 3106 2342 3178 primates,
2382 3106 2489 3162 nisi
2525 3107 2624 3179 qui
2659 3107 2871 3178 primas
2904 3107 3064 3163 sedes
3092 3111 3309 3175 tenent,
3341 3108 3400 3161 et
3426 3122 3561 3177 quo-

1925 3217 2054 3255 rum
2102 3200 2355 3256 civitates
2402 3200 2625 3272 antiqui
2683 3200 2954 3272 primates
3017 3216 3138 3256 esse
3194 3205 3559 3255 censuerunt.

1926 3295 2148 3366 Reliqui
2191 3311 2324 3349 vero
2369 3295 2466 3366 qui
2515 3298 2744 3350 caeteras
2791 3295 3257 3366 metropolitanas
3307 3293 3558 3348 civitates

1923 3389 2111 3460 adepti
2157 3392 2308 3456 sunt,
2349 3406 2465 3444 non
2512 3390 2806 3460 primates,
2852 3390 2950 3445 sed
2990 3393 3090 3444 aut
3122 3387 3552 3460 archiepiscOpi,

1925 3488 2020 3536 aut
2047 3483 2472 3553 metrOpolitani
2499 3487 2792 3538 vocentur.
2821 3483 2995 3538 Urbes
3023 3481 3177 3536 enim
3206 3485 3261 3536 et
3285 3482 3413 3536 loca
3443 3480 3562 3552 qui-

1922 3575 2028 3628 bus
2057 3575 2332 3645 primates
2362 3575 2669 3646 praasidere
2699 3575 2928 3643 debent,
2957 3577 3075 3630 non
3114 3574 3427 3644 modernis,
3461 3575 3563 3629 sed

1924 3668 2096 3724 etiam
2143 3669 2336 3723 multis
2377 3673 2509 3723 ante
2557 3669 2868 3723 adventum
2912 3669 3116 3724 Christi
3167 3673 3299 3724 sunt
3342 3671 3563 3724 statutae

1924 3761 2298 3834 temporibus,
2339 3778 2586 3834 quarum
2630 3762 2907 3833 primates
2952 3763 3123 3817 etiam
3170 3762 3407 3833 gentiles
3455 3779 3560 3833 pro

1922 3856 2231 3927 majoribus
2261 3856 2437 3911 etiam
2465 3851 2714 3927 negotiis
2752 3855 3129 3927 appellabant.
3163 3857 3224 3909 In
3261 3855 3396 3926 ipsis
3424 3872 3561 3910 vero

1924 3949 2159 4004 urbibus
2185 3954 2312 4021 post
2343 3948 2549 4004 Christi
2578 3949 2885 4004 adventum
2916 3948 3157 4020 apostoli
3189 3955 3244 4003 et
3271 3965 3557 4004 successo-

1923 4059 2013 4098 res
2045 4058 2246 4098 eorum
2283 4043 2637 4114 patriarchas
2671 4043 2759 4098 vel
2798 4042 3074 4114 primates
3111 4046 3445 4114 posuerunt.
3477 4043 3564 4098 Ad

1926 4154 2065 4208 quos
2087 4137 2488 4208 episcoporum
2515 4137 2765 4208 negotia,
2788 4137 2936 4191 salva
2960 4137 3019 4191 in
3049 4136 3314 4191 omnibus
3343 4139 3566 4206 aposto-

1922 4231 2029 4286 lica
2056 4231 2413 4297 auctoritate,
2450 4235 2506 4286 et
2545 4232 2794 4301 majores
2825 4248 3007 4286 causae
3042 4234 3168 4302 post
3198 4231 3563 4302 apostolicam

1925 4326 2117 4380 sedem
2139 4330 2272 4380 sunt
2292 4325 2627 4380 referendas.
2653 4327 2719 4380 Et
2740 4325 2891 4395 licet,
2914 4327 3181 4396 Apostolo
3202 4324 3561 4396 prohibente,

1924 4418 2076 4473 inter
2093 4418 2438 4474 Christianos
2465 4435 2582 4473 non
2612 4419 2857 4475 debeant
2879 4419 3270 4474 accusationes
3291 4419 3561 4485 exerceri,

1924 4512 2024 4566 sed
2056 4512 2099 4566 si
2127 4511 2422 4584 prohiberi
2447 4529 2565 4567 non
2591 4517 2919 4583 potuerunt,
2943 4512 3332 4568 accusationes
3352 4511 3562 4582 episco-

1924 4621 2132 4676 porum
2150 4605 2220 4660 ad
2243 4608 2594 4660 memoratos
2616 4605 2889 4676 primates
2910 4605 3120 4660 debent
3137 4605 3207 4659 ab
3229 4605 3562 4660 accusatori-

195 4693 404 4765 legﬂius
436 4695 927 4767 redintegrentur,
957 4703 1013 4752 et
1039 4698 1161 4769 ipse
1189 4699 1438 4769 proprias
1471 4700 1590 4754 sedi
1621 4703 1678 4756 et
1707 4700 1823 4772 pri-
1843 4698 1904 4772 D
1926 4698 2030 4753 bus
2049 4698 2277 4753 deferri.
2295 4699 2648 4754 Studendum
2668 4703 2751 4754 est
2769 4703 2955 4754 tamen
2984 4699 3285 4770 episcopis,
3316 4703 3375 4754 ut
3397 4698 3559 4754 dissi-

194 4788 332 4843 stino
366 4789 541 4844 statui
568 4789 913 4861 regulariter
940 4791 1233 4859 reddatur,
1266 4791 1345 4846 ita
1371 4799 1434 4847 ut
1465 4810 1664 4848 omnes
1694 4811 1820 4865 pos-

194 4883 485 4949 sessiones,
525 4887 583 4937 et
625 4887 828 4938 cuncta
865 4884 970 4939 sibi
1008 4885 1218 4956 injuste
1247 4885 1456 4953 ablata,
1497 4891 1666 4958 atque
1702 4888 1822 4942 fru-

195 4979 308 5029 ctus
329 4965 537 5031 omnes
566 4959 705 5032 ante
736 4983 978 5050 ereptam
1017 4978 1437 5035 accusationem
1468 4981 1740 5052 primates
1769 4987 1825 5036 et

196 5069 439 5136 synodus
469 5070 734 5142 episcopo
761 5071 832 5127 de
860 5088 973 5144 quo
1004 5072 1195 5143 agitur
1219 5073 1474 5128 funditus
1499 5074 1822 5142 restituant,

196 5163 320 5231 quia
349 5163 457 5217 hoc
489 5180 606 5219 non
633 5167 820 5220 solum
852 5166 1266 5236 ecclesiasticas,
1297 5167 1398 5222 sed
1427 5167 1598 5222 etiam
1635 5169 1824 5223 saeculi

193 5253 336 5326 leges
364 5256 491 5313 ﬁeri
527 5258 858 5329 prohibent.
891 5261 1082 5332 Neque
1112 5260 1315 5332 aliquis
1352 5277 1549 5316 eorum
1583 5265 1682 5316 aut
1720 5264 1820 5318 Ec-

194 5348 484 5406 clesiarum
511 5355 768 5407 actorum
797 5355 882 5408 vel
913 5354 1279 5410 defensorum
1309 5354 1383 5409 ad
1422 5356 1642 5427 aliquos
1666 5355 1824 5427 prius

194 5444 437 5499 accusari
477 5444 649 5502 debet
678 5463 852 5518 quam
889 5447 1000 5519 ipsi
1035 5447 1365 5503 charitative
1393 5447 1499 5516 bis,
1533 5452 1591 5503 et
1624 5453 1716 5504 tcr
1753 5449 1822 5504 ab

193 5536 266 5589 eis
291 5538 389 5609 qui
425 5555 486 5592 se
516 5540 682 5595 laesos
714 5540 1020 5611 aestimant,
1053 5542 1142 5597 vel
1173 5557 1268 5597 eos
1295 5559 1399 5614 pro
1429 5542 1713 5614 aliquibus
1739 5559 1826 5598 er-

193 5630 400 5687 ratibus
416 5633 706 5705 corripere
721 5635 980 5707 cupiunt,
1001 5636 1430 5704 conveniantur,
1452 5641 1518 5692 ut
1537 5635 1608 5691 ab
1626 5635 1706 5692 eis
1727 5641 1824 5692 aut

195 5723 529 5783 familiarem
543 5727 659 5802 41
676 5729 1270 5800 emendationem,aut
1274 5731 1490 5802 justam
1503 5730 1826 5803 percipiant

193 5821 640 5879 excusationem.
657 5824 821 5890 Quod
843 5824 941 5897 qui
958 5824 1410 5897 praesumpserit,
1430 5824 1720 5881 liminibus
1738 5842 1824 5881 ar—

1925 4792 2122 4848 dentes
2156 4793 2359 4848 fratres
2389 4793 2574 4863 magis
2611 4793 2680 4847 ad
2722 4809 2924 4865 pacem
2963 4810 3135 4865 quam
3175 4793 3248 4848 ad
3277 4793 3562 4865 judicium

1924 4885 2626 4957 coerceantur.Episcopus
2647 4889 2840 4940 autem
2862 4885 3027 4942 aliter
3049 4904 3166 4942 non
3191 4887 3357 4942 debet
3378 4887 3562 4942 audiri

1923 4985 2023 5034 aut
2043 4980 2310 5051 judicari,
2344 4980 2452 5034 nisi
2481 4979 2542 5034 in
2573 4981 2876 5052 praesentia
2906 4981 3164 5036 omnium
3203 4981 3557 5053 comprovin-

1925 5073 2175 5142 cialium,
2200 5079 2257 5129 et
2282 5074 2351 5129 ab
2384 5073 2649 5129 omnibus
2671 5075 3241 5145 comprovincialibus
3262 5075 3558 5147 episcopis,

1924 5167 2059 5239 quia
2093 5167 2227 5238 ipsis
2269 5167 2615 5236 absentibus,
2655 5184 2758 5223 nec
2808 5167 2998 5236 debet,
3036 5186 3140 5224 nec
3178 5174 3382 5241 potest.
3423 5169 3559 5233 Quas

1923 5277 2058 5315 vero
2106 5277 2364 5332 personas
2407 5261 2480 5315 ad
2525 5261 2941 5317 accusationem
2993 5279 3191 5318 eorum
3258 5279 3375 5316 non
3428 5263 3559 5314 sunt

1925 5354 2314 5423 admittendze,
2362 5359 2420 5410 et
2457 5355 2719 5426 superius
2760 5372 2827 5409 ex
2881 5361 3040 5428 parte
3083 5357 3299 5411 dictum
3346 5357 3448 5419 est,
3501 5356 3558 5407 et

1921 5447 2088 5503 latius
2111 5453 2233 5503 tam
2261 5447 2320 5503 hi
2357 5465 2527 5520 quam
2557 5453 2615 5504 et
2642 5448 2886 5505 infames
2918 5466 3196 5521 personae,
3233 5448 3292 5502 in
3323 5445 3559 5518 epistola

1923 5559 2096 5615 quam
2115 5541 2331 5598 dudum
2354 5542 2562 5598 Hilario
2584 5542 2860 5613 misimus,
2885 5548 3017 5598 sunt
3035 5543 3446 5598 adnumeratae.
3472 5540 3558 5594 Ul-

1922 5639 2012 5692 tra
2032 5635 2339 5709 provinciae
2353 5653 2484 5693 vero
2504 5635 2780 5692 terminos
2801 5636 3098 5692 accusandi
3123 5633 3411 5690 licentiam
3439 5650 3556 5690 non

1922 5730 2343 5803 progrediatur,
2365 5731 2463 5786 sed
2502 5730 2687 5785 omnis
2713 5729 2995 5785 accusatio
3029 5729 3176 5785 intra
3205 5727 3556 5800 provinciam

1923 5824 2206 5893 audiatur,
2250 5829 2305 5881 et
2350 5842 2380 5878 a
2422 5822 2989 5894 comprovincialibus
3036 5823 3397 5893 terminetur,
3445 5822 3551 5881 nisi

3468 269 3568 326 l78
