4026 6166
555 295 652 349 I79

1431 295 1714 352 APPEND.
1757 298 1844 353 AD
1881 301 2043 354 Sz'EC.
2089 299 2170 352 IX.
2205 327 2270 337 —-
2312 296 2558 352 lSIDORI
2599 282 3023 353 MERCATORIS
3747 305 3824 362 l80

543 402 618 458 ad
648 400 1013 474 apostolicam
1041 403 1238 457 sedem
1270 401 1441 459 fuerit
1464 410 1683 460 tantum
1709 406 2077 477 appellatum.
2109 410 2174 464 Et
2193 421 2252 493 Α
2273 406 2403 462 dolo
2435 407 2648 477 (Jcrem.
2684 423 2736 472 γ,
2763 405 2973 474 25-27).
3007 426 3034 452 η
3064 405 3128 460 Et
3148 421 3250 475 per
3275 403 3442 460 David
3467 405 3572 461 ait:
3599 430 3621 455 α
3647 407 3740 472 Qui
3761 429 3829 466 co~

547 495 812 574 neganda
867 501 950 550 est
999 496 1269 551 accusatis
1318 497 1549 553 licentia
1595 499 1932 555 criminandi
1985 501 2166 572 prius-

543 607 717 662 quam
738 607 795 644 se
821 589 1056 645 crimine
1081 606 1195 662 quo
1224 596 1570 662 premuntur
1591 593 1873 661 exuerint,
1897 595 2031 666 quia
2055 612 2170 650 non

543 688 628 737 est
673 681 1025 738 credendum
1060 689 1260 739 contra
1299 685 1437 740 alios
1475 703 1672 742 eorum
1705 688 2044 744 confessioni
2074 689 2172 762 qui

541 775 875 831 criminibus
904 777 1173 849 implicati
1205 784 1355 849 sunt,
1390 780 1500 834 nisi
1528 797 1588 835 se
1620 781 1776 854 prius
1805 783 2173 853 probaverint

539 870 872 926 innocentes
903 872 1181 942 quoniam
1218 873 1534 944 periculosa
1566 879 1667 942 est,
1709 880 1766 930 et
1793 876 2017 930 admitti
2053 893 2171 932 non

541 963 782 1019 debetur
813 964 896 1018 rei
933 965 1198 1020 adversus
1227 982 1627 1040 quemcunque
1659 969 1952 1040 professio.
1987 970 2169 1024 Fami-

541 1056 709 1112 liares
736 1074 868 1112 vero
905 1063 962 1113 et
991 1062 1192 1131 sponte
1223 1061 1462 1116 confessi
1491 1066 1662 1134 atque
1702 1063 2002 1118 sceleribus
2019 1064 2170 1138 irre-

539 1151 631 1206 titi
655 1167 770 1205 non
800 1151 1013 1206 debent
1038 1153 1280 1222 admitti,
1303 1171 1407 1210 nec
1433 1156 1494 1210 hi
1517 1156 1614 1227 qui
1644 1157 1910 1212 hesterna
1937 1157 2047 1224 die,
2076 1161 2174 1212 aut

542 1244 747 1315 pridie,
785 1249 883 1300 aut
917 1249 1046 1301 ante
1078 1247 1311 1302 fuerunt
1345 1249 1582 1304 inimici.
1621 1251 1867 1306 Clericus
1904 1267 2043 1322 ergo
2073 1253 2172 1324 qui

541 1337 873 1411 episcopum
907 1357 1071 1395 suum
1097 1343 1460 1412 accusaverit,
1491 1348 1590 1399 aut
1617 1345 1667 1399 ei
1695 1344 1990 1400 insidiator
2013 1346 2174 1400 exsti-

542 1432 696 1499 terit,
727 1449 844 1488 non
873 1438 957 1488 est
981 1434 1362 1506 recipiendus,
1393 1437 1524 1508 quia
1549 1437 1777 1493 infamis
1804 1439 2036 1494 effectus
2066 1442 2170 1508 est,

544 1529 600 1580 et
628 1542 661 1580 a
697 1527 880 1596 gradu
909 1527 1080 1582 debet
1108 1529 1399 1600 recedere,
1435 1535 1534 1586 aut
1567 1531 1738 1587 curiae
1761 1533 1907 1588 tradi
1935 1533 2172 1589 servitu-

543 1635 660 1673 rus.
715 1619 890 1676 Laicis
933 1638 1196 1693 quoque,
1241 1624 1494 1694 quamvis
1537 1625 1792 1698 religiosi
1841 1626 1980 1694 sint,
2034 1627 2176 1682 nulli

545 1714 736 1768 tamen
779 1714 847 1769 de
896 1715 1283 1770 ecclesiasticis
1325 1717 1687 1774 facultatibus
1724 1719 1937 1792 aliquid
1979 1719 2171 1791 dispo-

2274 500 2598 572 gitaverunt
2632 499 2876 554 malitias
2919 499 2977 552 in
3016 498 3187 553 corde
3229 501 3347 554 tota
3384 499 3469 553 die
3510 503 3686 556 versati
3729 511 3832 559 sunt

2270 594 2330 648 in
2370 593 2596 665 pl‘iBliiS.
2643 596 2994 650 Exacuerunt
3037 593 3260 664 linguas
3299 609 3420 647 suas
3465 593 3597 648 sicut
3637 611 3831 668 serpen-

2270 690 2376 755 tes,
2429 704 2716 742 venenum
2779 685 3039 758 aspidum
3097 686 3199 740 sub
3255 685 3413 740 labiis
3472 702 3653 742 eorum
3697 688 3832 755 (Psal.

2271 799 2462 837 cxxxxx
2488 824 2501 850 ,
2550 785 2612 850 3,
2663 782 2736 852 4).
2785 800 2812 831 ››
2853 781 2920 835 Et
2963 781 3131 852 paulo
3171 784 3297 851 post
3339 796 3352 833 :
3402 802 3429 829 ‹‹
3467 779 3666 834 Cadent
3703 799 3837 852 super

2273 893 2372 931 eos
2405 875 2677 930 carbones
2706 874 2766 929 in
2793 875 2947 944 igne,
2977 872 3201 944 dejicies
3226 889 3322 928 eos
3349 873 3408 928 in
3440 873 3634 941 foveas,
3660 877 3718 928 ut
3747 891 3836 930 non

2273 974 2642 1040 consurgant.
2685 969 2780 1022 Vir
2816 968 3108 1039 linguosus
3154 984 3266 1022 non
3311 967 3577 1038 dirigetur
3612 967 3665 1022 in
3698 973 3836 1037 terra,

2271 1064 2457 1118 virum
2484 1063 2562 1134 inj
2573 1065 2761 1118 ustum
2787 1061 2938 1117 mala
2967 1062 3194 1134 capient
3221 1061 3293 1136 in.
3320 1060 3565 1115 interitu.
3596 1061 3707 1116 Scio
3733 1062 3838 1133 quia

2271 1157 2442 1212 faciet
2493 1138 2767 1211 Dominus
2811 1172 3039 1210 causam
3082 1155 3289 1226 inopis,
3328 1154 3538 1226 judicia
3576 1171 3838 1226 pauperum

2276 1251 2442 1322 (Psal.
2481 1267 2536 1318 v,
2582 1253 2666 1319 I2,
2714 1250 2816 1320 I3).
2861 1270 2888 1298 »
2930 1251 3072 1305 Item
3105 1248 3256 1304 idem
3290 1267 3304 1303 :
3344 1270 3371 1296 «
3400 1248 3544 1303 Muta
3572 1247 3694 1302 fiant
3723 1248 3840 1303 labia

2275 1345 2468 1399 dolosa
2509 1344 2672 1410 (Psal.
2717 1359 2840 1410 xxx,
2886 1343 2994 1414 19).
3042 1364 3070 1391 ››
3107 1343 3175 1396 Et
3210 1342 3420 1396 iterum
3461 1357 3561 1412 per
3583 1341 3839 1396 Jeremiam

2275 1437 2494 1508 inquit:
2532 1458 2559 1485 «
2589 1437 2799 1492 Omnes
2827 1435 2886 1489 in
2912 1434 3186 1505 sanguine
3210 1434 3560 1505 judicantur;
3589 1433 3839 1504 unusquis-

2277 1547 2389 1602 que
2431 1529 2754 1601 proximum
2797 1545 2964 1583 suum
3010 1527 3244 1583 tribulat
3281 1544 3295 1580 :
3339 1543 3535 1582 omnes
3569 1526 3624 1580 in
3667 1525 3841 1580 malum

2277 1639 2482 1679 manus
2538 1639 2668 1676 suas
2717 1624 3044 1694 praeparant
3083 1621 3260 1690 (Mich.
3309 1637 3403 1686 vn,
3443 1621 3514 1690 2).
3560 1641 3586 1669 »
3628 1620 3721 1673 Hos
3757 1619 3840 1672 Do-

2278 1718 2468 1772 minus
2499 1715 2815 1788 praevidens
2841 1714 3110 1786 apostolis
3141 1713 3431 1786 praecepit,
3468 1729 3537 1768 ne
3569 1713 3711 1767 facile
3733 1710 3841 1766 servi

542 1806 720 1862 nendi
773 1807 982 1879 legitur
1021 1826 1272 1882 unquam
1316 1811 1587 1867 attributa
1630 1814 1882 1869 facultas.
1931 1814 2171 1880 Scimus,
2194 1793 2251 1865 Β
2275 1811 2362 1865 sui
2386 1811 2788 1876 lacerarentur,
2820 1825 2891 1864 ne
2920 1809 3066 1864 forte
3093 1808 3489 1880 perderentur,
3516 1811 3608 1862 aut
3633 1806 3685 1860 in
3709 1805 3842 1860 talem

545 1899 912 1971 dilectissimi,
946 1903 1078 1974 quia
1109 1919 1338 1976 semper
1367 1907 1620 1961 carnales
1649 1907 1969 1978 spirituales
1994 1909 2176 1963 solent

542 1993 829 2065 persequi,
848 1998 905 2049 et
926 1997 1188 2053 malevoli
1209 1997 1508 2054 benevolos
1529 1999 1806 2056 infamare
1828 2006 1884 2056 et
1904 2003 2170 2057 lacerare.

543 2086 788 2159 Ideoque
833 2091 1072 2160 apostoli
1118 2094 1176 2145 et
1223 2109 1568 2149 successores
1611 2110 1811 2150 eorum
1864 2113 1928 2150 ac
1973 2096 2175 2168 reliqui

545 2180 724 2234 sancti
769 2183 959 2236 Patres
1007 2184 1313 2239 noluerunt
1346 2186 1468 2240 fieri
1511 2187 1740 2243 facilem
1780 2189 2173 2261 episcoporum

544 2274 983 2344 accusationem,
1024 2276 1297 2347 quoniam
1338 2278 1384 2331 si
1422 2279 1598 2333 facilis
1637 2284 1800 2350 esset,
1831 2286 1928 2336 aut
1963 2283 2172 2348 nullus,

545 2371 644 2419 aut
677 2366 768 2420 vix
801 2367 1004 2439 aliquis
1032 2370 1206 2424 modo
1239 2371 1609 2427 inveniretur.
1641 2374 1851 2429 Throni
1887 2377 2044 2430 enim
2074 2377 2176 2432 Dei

544 2463 834 2527 vocantur,
865 2461 993 2516 ideo
1031 2479 1148 2518 non
1192 2463 1402 2520 debent
1437 2467 1673 2533 moveri,
1715 2472 1813 2522 aut
1847 2468 2046 2540 affligi,
2085 2470 2174 2524 vel

542 2553 859 2621 pertubari.
917 2556 994 2610 De
1048 2556 1185 2629 ipsis
1237 2575 1374 2629 ergo
1430 2559 1509 2613 ait
1558 2561 1837 2632 propheta
1891 2579 1904 2617 :
1963 2583 1990 2609 ‹‹
2037 2563 2175 2618 Coeli

543 2659 816 2702 enarrant
832 2648 1074 2720 gloriam
1096 2651 1216 2719 Dei,
1241 2656 1298 2706 et
1320 2669 1494 2724 opera
1509 2670 1786 2710 manuum
1810 2655 1934 2726 ejus
1954 2673 2176 2712 annun-

541 2739 644 2794 tiat
677 2741 1105 2799 ﬁrmamentum
1137 2746 1302 2815 (Psal.
1332 2763 1484 2814 xvm,
1515 2749 1586 2818 3).
1624 2770 1651 2797 »
1685 2749 1748 2802 Hi
1776 2765 1907 2804 vero
1938 2750 2034 2821 qui
2060 2767 2176 2806 non

543 2836 678 2888 sunt
693 2833 856 2889 bona
882 2839 1346 2907 conversationis,
1375 2846 1430 2895 et
1451 2857 1694 2912 quorum
1714 2841 1831 2896 vita
1851 2847 1938 2898 est
1955 2859 2175 2899 accusa-

541 2924 688 2993 bilis,
717 2933 814 2983 aut
834 2945 1079 3000 quorum
1109 2931 1271 3002 fides,
1293 2934 1406 2988 vita
1425 2939 1481 2988 et
1511 2934 1740 2990 libertas
1765 2937 2034 3006 nescitur,
2057 2954 2176 2992 non

540 3023 780 3090 possunt
817 3039 910 3077 eos
947 3040 1234 3080 accusare.
1274 3027 1464 3082 Primo
1509 3045 1743 3101 semper
1784 3035 2174 3086 accusatorum

540 3130 822 3185 persona,
863 3116 1024 3185 ﬁdes,
1065 3119 1194 3187 vita,
1235 3124 1293 3175 et
1331 3123 1682 3178 conversatio
1717 3128 1803 3178 est
1833 3125 2173 3180 enucleatim

538 3206 904 3280 inquirenda,
946 3215 1004 3265 et
1042 3219 1235 3284 postea
1271 3231 1398 3285 quae
1440 3215 1713 3286 objiciunt
1751 3217 1996 3273 ﬁdeliter
2043 3223 2174 3274 sunt

539 3304 962 3375 pertractanda,
995 3305 1128 3377 quia
1159 3307 1302 3363 nihil
1333 3307 1491 3379 prius
1514 3309 1640 3364 ﬁeri
1665 3309 1854 3380 debet,
1877 3327 2050 3382 quam
2071 3312 2173 3366 im-

537 3394 851 3465 petitorum
878 3415 1139 3470 personae
1165 3400 1417 3472 fidesque
1446 3402 1562 3457 vita
1594 3408 1652 3458 et
1676 3404 2026 3459 conversatio
2053 3405 2174 3460 dili-

540 3491 745 3558 genter
771 3490 1163 3562 discutiantur,
1202 3511 1274 3549 ne
1311 3495 1550 3568 alicujus
1591 3495 1816 3564 invidia,
1849 3502 1946 3553 aut
1978 3498 2170 3554 inimi-

540 3581 672 3637 citia
699 3585 784 3638 vel
813 3584 1130 3642 intentione
1159 3589 1308 3643 mala
1333 3589 1633 3662 quisquam
1657 3593 1911 3648 vexetur.

607 3675 1039 3734 Criminationes
1067 3681 1333 3737 adversus
1371 3682 1658 3738 doctorem
1686 3700 1855 3739 nemo
1882 3685 2168 3757 suscipiat,

537 3769 673 3841 quia
716 3772 899 3843 magis
937 3777 1071 3828 sunt
1115 3774 1376 3832 doctores
1413 3777 1680 3849 portandi
1717 3795 1893 3851 quam
1929 3779 2171 3835 laedendi

536 3868 635 3919 aut
663 3864 996 3922 infamandi.
1026 3869 1183 3926 Unde
1215 3869 1297 3925 ait
1325 3873 1621 3943 Apostolus
1652 3890 1666 3928 :
1704 3894 1731 3922 ‹‹
1761 3873 1915 3928 Alter
1938 3873 2172 3928 alterius

539 3974 714 4013 onera
757 3964 976 4032 portate
1003 4004 1016 4028 ,
1071 3966 1129 4018 et
1175 3963 1255 4018 sic
1309 3964 1695 4036 adimplebitis
1737 3965 1925 4038 legem
1966 3966 2174 4020 Christi

535 4050 740 4119 (Galat.
775 4070 848 4120 v1,
880 4055 954 4123 2).
989 4074 1017 4103 »
1059 4055 1316 4111 Charitas
1352 4060 1541 4112 autem
1580 4074 1694 4112 non
1728 4062 1814 4112 est
1847 4058 2169 4128 ambitiosa,

537 4161 656 4199 non
693 4147 1014 4215 aemulatur,
1055 4165 1175 4202 non
1215 4149 1466 4217 inﬂatur,
1516 4167 1632 4206 non
1672 4151 1880 4223 quaerit
1915 4167 2041 4222 qua:
2072 4169 2173 4208 sua

538 4243 688 4304 sunt,
718 4238 818 4293 sed
846 4255 975 4310 quas
1003 4241 1135 4295 Jesu
1168 4241 1395 4297 Christi.
1427 4243 1533 4306 Qui
1567 4245 1760 4299 manet
1791 4243 1850 4298 in
1877 4243 2167 4315 charitate,

536 4330 595 4384 in
629 4331 746 4386 Deo
777 4336 988 4400 manet,
1021 4337 1078 4388 et
1105 4335 1251 4390 Deus
1282 4335 1340 4390 in
1374 4352 1458 4391 eo.
1493 4338 1560 4392 Et
1585 4337 1682 4410 qui
1718 4338 1777 4392 in
1813 4339 1928 4392 Deo
1955 4343 2167 4408 manet,

538 4424 678 4480 nulli
713 4425 834 4481 vult
869 4443 1092 4495 nocere,
1128 4428 1226 4483 sed
1264 4445 1467 4484 omnes
1505 4429 1792 4487 desiderat
1819 4431 2088 4503 adjuvare
2115 4437 2171 4488 et

2277 1905 2653 1959 tentationem
2698 1903 3036 1969 inciderent,
3089 1919 3265 1974 quam
3315 1901 3461 1956 ferre
3503 1899 3723 1954 minime
3751 1915 3842 1970 pos-

2277 2002 2419 2054 sent.
2469 1997 2682 2052 Idcirco
2723 1996 2900 2052 sancti
2945 1997 3184 2068 apostoli
3229 2000 3286 2052 et
3323 2009 3654 2050 successores
3687 2009 3841 2046 eorum

2277 2091 2635 2146 decretorum
2670 2107 2902 2145 normas
2929 2092 3275 2156 statuerunt,
3304 2105 3375 2144 ne
3399 2088 3591 2143 talium
3615 2103 3711 2142 vox
3735 2088 3843 2157 (qua:

2275 2185 2458 2256 magis
2485 2185 2723 2256 perdere
2752 2183 2954 2238 nititur
2977 2183 3316 2238 innocentes
3336 2187 3392 2238 et
3417 2181 3686 2253 simplices
3709 2195 3842 2251 quam

2275 2279 2520 2348 salvere)
2585 2279 2744 2333 facile
2814 2277 3182 2348 reciperetur,
3255 2277 3361 2331 sed
3419 2275 3521 2347 ipsi
3576 2275 3658 2330 his
3717 2274 3843 2344 jacu—

2277 2372 2343 2426 lis
2382 2372 2733 2444 pellerentur
2775 2372 2990 2443 procul,
3033 2377 3090 2425 et
3127 2370 3363 2425 Domini
3407 2369 3691 2440 discipulos
3721 2368 3845 2438 juxta

2274 2466 2593 2520 voluntates
2623 2470 2678 2520 et
2704 2465 2975 2520 versutias
3007 2481 3208 2519 eorum
3234 2465 3474 2518 minime
3503 2463 3719 2535 perdere
3749 2477 3844 2531 pos-

2276 2565 2420 2614 sent.
2456 2559 2612 2614 Unde
2651 2564 2706 2614 et
2737 2559 2856 2630 ipse
2890 2557 3164 2614 Dominus
3202 2559 3324 2612 ait:
3364 2579 3390 2606 ‹‹
3417 2557 3658 2613 Excutite
3689 2554 3842 2626 pulve-

2274 2669 2396 2707 rem
2418 2653 2486 2708 de
2512 2653 2752 2725 pedibus
2780 2653 2978 2707 vestris
3003 2652 3062 2706 in
3090 2652 3482 2715 testimonium
3509 2650 3610 2705 illis
3638 2650 3761 2719 (Luc.
3788 2662 3841 2713 ix,

2275 2746 2346 2817 5).
2389 2769 2414 2795 »
2456 2747 2521 2801 Et
2549 2746 2681 2801 alibi
2723 2747 2843 2818 ipsa
2881 2762 2983 2817 per
3025 2762 3082 2801 se
3126 2746 3349 2801 Veritas
3379 2746 3449 2801 de
3483 2745 3671 2800 talibus
3703 2741 3842 2796 dicit:

2279 2863 2304 2889 «
2335 2840 2526 2895 Melius
2548 2844 2634 2896 est
2653 2840 2750 2908 illi,
2774 2845 2836 2894 ut
2852 2840 3231 2912 suspendatur
3249 2841 3406 2896 mola
3425 2838 3653 2896 asinaria
3670 2837 3720 2892 in
3739 2833 3843 2890 collo

2277 2934 2423 3005 ejus,
2477 2937 2533 2988 et
2572 2934 2936 3005 demergatur
2980 2933 3037 2988 in
3086 2934 3443 3004 profundum
3488 2932 3676 2999 maris,
3707 2942 3844 3001 quam

2275 3027 2612 3083 scandalizet
2636 3044 2822 3082 unum
2853 3027 2922 3083 de
2952 3027 3172 3099 pusillis
3194 3027 3320 3082 istis
3351 3029 3560 3099 (Matth.
3590 3041 3722 3092 mn,
3741 3025 3797 3094 6).
3824 3043 3842 3067 η

2273 3122 2343 3176 Et
2377 3122 2616 3177 Iacobus
2647 3122 2934 3192 apostolus
2963 3121 3153 3194 inquit
3182 3139 3195 3176 :
3219 3121 3504 3193 judicium
3531 3120 3642 3174 sine
3667 3114 3842 3173 miseri-

2273 3215 2461 3270 cordia
2491 3215 2587 3270 ﬂet
2623 3215 2723 3283 illi,
2765 3215 2863 3286 qui
2903 3231 3018 3270 non
3055 3215 3252 3270 fecerit
3291 3214 3719 3271 misericordiam
3745 3212 3842 3276 (Jac.

2270 3325 2332 3375 ιι,
2368 3309 2473 3378 13).
2504 3330 2532 3356 ››
2566 3307 2688 3372 Qua
2714 3309 2865 3363 enim
2894 3309 3085 3364 fronte
3114 3309 3242 3380 quis
3275 3314 3633 3381 peccatorum
3657 3316 3844 3360 suorum

2271 3401 2501 3457 veniam
2539 3407 2730 3473 sperat
2764 3419 2798 3456 a
2841 3403 2954 3457 Deo
2992 3419 3050 3458 se
3092 3403 3552 3474 impetraturum,
3584 3400 3671 3473 qui
3705 3396 3842 3452 delin-

2273 3495 2471 3567 quenti
2515 3495 2675 3550 fratri
2721 3495 2862 3550 nihil
2911 3511 3014 3567 per
3053 3495 3282 3567 pietatis
3319 3500 3378 3551 et
3419 3492 3714 3550 clementia
3751 3486 3843 3545 offi-

2272 3580 2426 3644 cium
2464 3589 2584 3644 vult
2619 3588 2982 3644 condonare?
3006 3588 3265 3644 Profecto
3307 3605 3530 3646 necesse
3555 3592 3633 3644 est
3653 3589 3710 3640 ut
3731 3581 3845 3638 aesti-

2271 3687 2392 3739 met
2411 3700 2470 3738 se
2498 3683 2669 3738 talem
2698 3683 2757 3737 in
2769 3681 2986 3754 judicio
3005 3683 3184 3738 Deum
3205 3686 3592 3754 experturum,
3613 3695 3731 3736 cum
3747 3679 3844 3731 ante

2264 3777 2404 3848 justi
2436 3775 2646 3848 judicis
2688 3776 2938 3831 tribunal
2977 3775 3151 3831 fuerit
3188 3778 3544 3846 constitutus,
3575 3774 3773 3846 qualem
3802 3783 3844 3822 se

2269 3871 2430 3926 fratri
2471 3887 2574 3926 suo
2613 3869 2936 3924 exhibuerit
2967 3888 2980 3924 :
3015 3891 3042 3918 «
3085 3871 3227 3924 Nam
3261 3887 3378 3943 qua
3418 3885 3669 3926 mensura
3703 3860 3843 3920 mensi

2271 3963 2567 4030 fuerimus,
2599 3963 2795 4018 eadem
2826 3962 3162 4018 remetietur
3192 3963 3356 4020 nobis
3395 3965 3577 4035 (Marc.
3619 3977 3686 4026 Iv,
3710 3960 3797 4021 2t).
3823 3974 3843 4004 ιο

2272 4058 2339 4110 Et
2367 4058 2613 4111 Joannes
2651 4057 2935 4128 apostolus
2965 4061 3022 4112 et
3046 4057 3400 4129 evangelista
3429 4057 3507 4113 ait
3533 4073 3546 4111 :
3578 4077 3604 4106 «
3633 4053 3724 4120 Qui
3755 4047 3848 4106 odit

2271 4149 2504 4205 fratrem
2551 4165 2718 4204 suum
2764 4150 3049 4206 homicida
3088 4155 3190 4206 est.
3238 4152 3306 4206 Et
3343 4152 3497 4207 scitis
3539 4149 3662 4223 quia
3699 4141 3848 4201 omnis

2273 4242 2562 4298 homicida
2583 4259 2699 4299 non
2715 4243 2887 4299 habet
2906 4243 3078 4299 vitam
3101 4248 3381 4301 aeternam
3405 4245 3465 4300 in
3492 4261 3548 4300 se
3569 4241 3849 4300 manentem

2273 4337 2322 4408 (Ι
2339 4340 2495 4392 Joan.
2519 4353 2600 4404 ιιι,
2635 4337 2739 4408 15).
2769 4358 2796 4387 ››

2341 4432 2450 4486 Vos
2479 4435 2694 4501 tamen,
2732 4429 2832 4485 ﬁlii
2869 4431 3204 4498 charissimi,
3245 4434 3548 4489 hortamur
3581 4435 3641 4486 ut
3674 4425 3851 4500 patien-

537 4522 878 4588 sustentare,
907 4521 1050 4576 sicut
1075 4522 1196 4594 ipse
1222 4523 1497 4579 Dominus
1525 4541 1725 4580 omnes
1749 4525 1903 4581 venit
1929 4527 2169 4595 salvare,
2189 4529 2250 4604 D
2272 4530 2361 4581 ter
2389 4527 2539 4580 mala
2566 4524 2723 4580 vobis
2749 4525 2900 4579 illata
2929 4525 3162 4580 Domini
3185 4527 3532 4583 adminiculo
3557 4521 3782 4598 portetis,
3808 4520 3848 4570 et

538 4617 594 4667 et
625 4614 876 4671 animam
915 4633 1078 4671 suam
1117 4617 1250 4672 dare
1281 4618 1340 4672 in
1369 4618 1827 4690 redemptionem
1852 4637 1956 4692 pro
1986 4620 2166 4675 nobis.

538 4707 751 4773 Eorum
781 4715 974 4766 autem
1008 4711 1309 4768 accusandi
1348 4713 1670 4768 sacerdotes
1708 4714 1798 4768 vel
1837 4714 2171 4768 testiﬁcandi

536 4799 596 4854 in
639 4818 736 4856 eos
766 4819 963 4858 vocem
993 4805 1357 4874 obstruimus,
1392 4822 1536 4878 quos
1576 4807 1849 4862 humanis
1881 4810 1937 4861 et
1969 4807 2171 4862 divinis

535 4894 765 4950 vocibus
816 4897 1108 4953 damnatos
1159 4901 1246 4955 vel
1302 4903 1560 4956 mortuos
1610 4917 1732 4956 esse
1785 4900 2166 4972 agnoscimus.

535 4988 850 5045 Prasvidere
887 5007 1028 5063 ergo
1069 5009 1436 5066 summopere
1476 4995 1686 5051 debent
1715 5011 1912 5049 omnes
1945 4995 2042 5067 qui
2078 5011 2168 5048 sa-

537 5081 799 5138 cerdotes
843 5084 1067 5140 Domini
1106 5093 1528 5159 persequuntur
1572 5092 1691 5142 tam
1741 5089 1956 5144 occulte
1994 5105 2171 5160 quam

537 5176 854 5244 manifeste,
892 5195 964 5233 ne
997 5179 1264 5252 subjectis
1301 5181 1530 5236 Domini
1568 5181 1916 5237 damnentur
1954 5199 2170 5253 praece-

535 5269 669 5341 ptis.
699 5271 807 5325 Per
841 5272 1147 5328 Jeremiam
1182 5280 1375 5330 autem
1412 5275 1750 5347 prophetam
1784 5275 1989 5330 talibus
2017 5293 2170 5330 com-

535 5363 810 5420 minando
830 5365 1099 5421 Dominus
1128 5368 1382 5439 loquitur
1401 5369 1591 5424 dicens
1619 5385 1633 5424 :
1667 5391 1695 5418 ‹‹
1722 5369 2058 5440 lniquitates
2079 5385 2175 5424 no-

537 5460 670 5512 stra).
708 5458 1133 5516 declinaverunt
1167 5462 1381 5526 omnia,
1424 5467 1480 5517 et
1514 5465 1745 5534 peccata
1783 5466 1978 5519 nostra
2009 5480 2170 5518 amo-

534 5553 743 5606 verunt
783 5552 933 5608 bona
970 5570 1004 5608 a
1037 5554 1219 5624 nobis,
1261 5555 1395 5627 quia
1435 5555 1648 5611 inventi
1688 5559 1818 5612 sunt
1862 5557 1923 5611 in
1960 5556 2174 5629 p0pulo

537 5659 667 5698 meo
697 5643 880 5718 impii,
911 5652 968 5703 et
996 5647 1287 5721 loquentes
1317 5666 1480 5704 vana.
1499 5649 1831 5706 Statuerunt
1853 5650 1926 5705 ad
1955 5649 2171 5723 disper-

539 5725 759 5792 dendos
794 5739 962 5808 viros,
1002 5748 1058 5798 et
1095 5743 1680 5817 comprehenderunt,
1711 5747 1778 5799 ut
1813 5744 2047 5817 laqueus
2075 5761 2169 5800 ve-

542 5828 732 5882 nantis
777 5832 977 5902 plenus
1015 5837 1356 5909 volatilibus,
1398 5839 1473 5895 sic
1514 5838 1719 5894 domus
1760 5853 1960 5895 eorum
2006 5839 2172 5912 plena

2271 4617 2358 4672 his
2409 4619 2734 4689 apostolicis
2780 4619 3077 4690 praeceptis
3124 4620 3263 4674 tales
3314 4621 3510 4692 procul
3559 4616 3762 4691 pellite,
3794 4625 3848 4664 ne

2270 4728 2430 4767 more
2481 4711 2686 4767 canino
2733 4728 2830 4766 vos
2879 4712 3150 4783 lacerare,
3196 4719 3296 4769 aut
3347 4714 3605 4769 mordere
3647 4707 3846 4763 valeant.

2271 4807 2606 4862 Mementote
2649 4805 2825 4861 etiam
2868 4806 3001 4878 quia
3023 4807 3188 4878 juxta
3225 4804 3650 4880 psalmographi
3686 4812 3846 4856 vocem

2272 4901 2447 4956 homo
2485 4900 2629 4955 sicut
2662 4900 2876 4956 foenum
2914 4900 3034 4955 dies
3062 4900 3204 4971 ejus,
3237 4906 3293 4956 et
3323 4905 3384 4956 ut
3413 4901 3518 4956 flos
3545 4897 3661 4970 agri
3686 4897 3752 4950 ita
3778 4892 3845 4944 f0-

2271 4998 2377 5049 ret.
2412 4995 2482 5049 Et
2516 4995 2817 5066 Apostolus
2853 4993 2930 5048 ait
2960 5011 2974 5048 :
3008 5012 3036 5044 «
3067 4994 3235 5048 Totus
3277 4995 3525 5050 mundus
3557 4994 3612 5047 in
3640 4985 3852 5055 maligno

2270 5086 2485 5158 positus
2533 5092 2617 5141 est
2661 5088 2710 5158 (Ι
2752 5089 2908 5141 Joan.
2951 5102 3003 5152 v,
3058 5087 3162 5159 l9).
3215 5108 3243 5137 »
3290 5087 3450 5143 Unde
3485 5095 3765 5159 precamur
3796 5091 3851 5128 ne

2275 5181 2412 5236 tales
2455 5181 2702 5236 multum
2742 5179 3009 5247 timeatis,
3055 5180 3190 5252 quia
3238 5181 3474 5236 infames
3517 5183 3642 5234 sunt
3682 5178 3854 5230 etnon

2272 5275 2515 5328 multum
2554 5273 2710 5328 vobis
2744 5289 2950 5329 nocere
2987 5278 3240 5346 possunt,
3269 5275 3398 5348 quia
3430 5290 3621 5329 eorum
3648 5285 3745 5325 vox
3777 5279 3853 5318 δι’

2273 5368 2472 5424 stincta
2500 5372 2603 5434 est,
2636 5367 2906 5438 quoniam
2933 5368 3012 5423 sic
3039 5368 3162 5424 odit
3184 5369 3335 5424 Deus
3363 5385 3476 5433 eos,
3502 5367 3597 5440 qui
3625 5363 3855 5420 adversus

2273 5465 2458 5532 patres
2482 5463 2793 5530 armantur,
2833 5466 2894 5516 ut
2927 5465 3156 5532 patrum
3186 5461 3492 5528 invasores,
3527 5459 3618 5532 qui
3642 5459 3696 5512 in
3726 5446 3855 5508 omni

2272 5555 2486 5610 mundo
2536 5554 2777 5610 infamia
2827 5559 2960 5610 sunt
3004 5555 3207 5611 notati.
3260 5553 3573 5610 Armamini
3619 5563 3744 5620 ergo
3788 5541 3857 5597 his

2274 5648 2594 5721 apostolicis
2636 5647 2995 5705 adminiculis
3032 5655 3227 5705 contra
3259 5666 3376 5720 eos,
3413 5651 3470 5702 et
3498 5644 3689 5718 spiritu
3723 5637 3854 5712 prin-

2275 5743 2438 5816 cipali
2462 5743 2719 5799 roborata
2750 5742 2925 5798 corda
2954 5747 3158 5810 vestra,
3192 5747 3254 5799 ut
3281 5744 3426 5800 Deus
3452 5739 3545 5813 qui
3574 5754 3666 5792 vos
3691 5734 3856 5807 pasto'

2274 5853 2366 5893 res
2395 5836 2451 5893 in
2475 5837 2684 5910 popqu
2715 5854 2818 5894 suo
2851 5837 3034 5893 vocari
3057 5837 3252 5904 voluit,
3282 5854 3397 5894 non
3424 5831 3763 5906 negligentes
3779 5823 3854 5878 aut
