4026 6166
211 272 304 327 181

1451 269 1921 327 DECRETALIUM
1959 270 2344 328 COLLECTIO.

3482 279 3580 334 182

202 377 453 448 tepidos,
481 375 628 449 lupis
675 375 1208 450 supervenientibus
1241 377 1526 450 fugientes
1568 379 1844 449 inveniat,
1869 392 2179 466 Asemper
2203 380 2421 437 invidet
2457 382 2704 438 Satanas.
2745 384 2812 439 Et
2855 382 3064 440 idcirco
3097 386 3241 440 tales
3279 387 3582 444 adversum

201 471 300 526 sed
331 472 594 542 exemplo
623 471 758 526 boni
783 471 1027 543 pastoris
1054 487 1236 542 agnos
1256 473 1472 544 pariter
1497 491 1628 530 cum
1657 476 1850 531 matri-

201 565 311 620 bus
343 571 400 620 et
427 564 558 619 ﬁliis
597 581 661 619 ac
705 565 926 620 ﬁliabus
973 565 1214 621 viriliter
1251 567 1638 638 defensantes,
1680 575 1849 642 atque

201 659 270 714 ad
299 663 562 714 sanctam
602 664 850 714 matrem
886 659 1190 716 Ecclesiam
1223 659 1468 717 ﬁdeliter
1495 669 1850 736 reportantes

204 769 440 824 semper
479 753 753 808 inveniat.
797 755 865 808 Et
898 770 1232 826 quanquam
1270 754 1392 810 dies
1421 755 1556 810 mali
1589 757 1721 826 sint,
1752 775 1849 813 vos

199 853 396 902 tamen
419 847 601 902 nolite
621 863 742 902 esse
760 847 1180 918 imprudentes,
1201 849 1301 904 sed
1318 849 1700 922 intelligentes
1718 869 1847 924 qua

201 941 270 995 sit
300 940 569 996 voluntas
593 941 716 996 Dei.
756 941 1142 1006 Quamobrem
1175 943 1592 1011 confortamini,
1623 950 1680 1000 et
1706 951 1848 1002 state

198 1035 258 1090 in
286 1034 426 1103 ﬁde,
459 1035 699 1091 viriliter
719 1041 978 1107 agentes,
1021 1053 1086 1091 ac
1123 1037 1316 1092 omnia
1352 1042 1537 1093 vestra
1566 1039 1626 1095 in
1659 1040 1845 1096 charic

203 1133 317 1184 tate
346 1129 512 1196 ﬁant,
546 1134 605 1184 et
628 1130 941 1184 secundum
977 1133 1235 1186 sanctum
1273 1131 1649 1204 Evangelium
1677 1150 1690 1188 :
1728 1156 1756 1184 «
1789 1136 1849 1190 In

200 1223 483 1296 patientia
539 1228 722 1277 vestra
777 1223 1133 1294 possidebitis
1175 1225 1398 1280 animas
1443 1231 1658 1282 vestras
1703 1228 1846 1298 (Luc.

203 1335 309 1386 ιιι,
344 1319 459 1388 19).
496 1336 524 1369 ιο
556 1317 954 1373 Recordamini
990 1335 1214 1390 quoque
1258 1322 1588 1376 sanctorum
1618 1325 1847 1393 aposto-

201 1411 391 1466 lorum
413 1414 474 1465 et
489 1412 926 1482 prOphetarum,
948 1416 1004 1467 et
1029 1412 1161 1484 quia
1179 1413 1428 1468 multum
1454 1414 1852 1472 laboraverunt

201 1506 256 1559 in
287 1504 560 1570 Domino,
581 1505 706 1560 ideo
722 1503 916 1577 adepti
947 1510 1078 1561 sunt
1103 1506 1340 1577 pramia
1359 1508 1722 1579 sempiterna.
1739 1510 1850 1565 Sci-

198 1603 312 1654 tote
340 1599 523 1654 etiam
547 1599 820 1670 quoniam
834 1599 996 1670 juxta
1017 1599 1322 1655 Psalmista
1343 1617 1544 1656 vocem
1575 1619 1586 1668 ;
1619 1603 1848 1659 «Multa

200 1692 608 1747 tribulationes
628 1693 916 1762 justorum
947 1696 1003 1748 et
1049 1693 1118 1748 de
1157 1694 1420 1749 omnibus
1459 1695 1547 1750 his
1585 1695 1850 1752 liberabit

1951 492 2052 530 nos
2075 474 2322 542 suscitat,
2345 475 2442 548 qui
2464 493 2567 531 nos
2584 481 2874 549 premant,
2889 483 2946 534 et
2962 479 3261 550 suﬁ'ocent,
3281 482 3580 538 utDomini

1948 585 2076 625 oves
2101 569 2312 641 absque
2341 569 2504 624 nobis
2528 571 2731 641 rapiat,
2775 575 2833 626 et
2862 571 2921 626 in
2959 573 3094 641 ima,
3134 590 3248 629 non
3287 575 3580 631 existenti-

1947 663 2054 719 bus
2091 663 2415 736 pastoribus
2457 663 2557 736 qui
2603 681 2703 718 nos
2749 665 3091 734 custodiant,
3148 672 3206 722 et
3247 668 3579 736 defendant,

1948 775 2116 813 ruere
2166 757 2356 813 faciat.
2406 759 2516 813 Vos
2563 757 2737 830 igitur
2785 775 2893 830 pro
2947 760 3161 816 viribus
3222 762 3472 818 laborata
3526 767 3584 818 et

1950 857 2111 908 orate
2159 856 2326 924 atque
2369 851 2616 924 vigilate,
2670 869 2745 907 ne
2798 853 2920 908 hac
2969 854 3138 924 ﬁant,
3183 855 3424 912 scientes
3476 874 3582 913 nos

1948 961 2176 1017 semper
2204 949 2430 1017 paratos
2461 962 2582 1001 esse
2624 945 2681 1000 in
2721 946 2985 1003 omnibus
3017 948 3446 1021 quibuscunque
3467 952 3577 1006 Do-

1948 1039 2142 1094 minus
2171 1055 2331 1110 posse
2357 1039 2580 1095 dederit
2604 1040 2810 1111 modis,
2848 1041 3002 1096 vobis
3040 1058 3207 1113 opem
3245 1043 3412 1112 ferre,
3452 1044 3583 1100 licet

1950 1149 2056 1188 nos
2081 1133 2152 1188 ab
2182 1133 2317 1205 ipsis
2345 1133 2566 1189 amulis
2595 1139 2806 1190 sancta
2839 1136 2932 1190 Dei
2970 1136 3229 1190 Ecclesia
3263 1140 3321 1190 et
3349 1137 3579 1204 nostris,

1950 1244 2063 1282 non
2095 1226 2270 1282 simus
2315 1227 2558 1300 excepti,
2607 1233 2663 1284 et
2704 1228 3099 1285 tribulationes
3145 1229 3332 1285 cordis
3380 1231 3581 1297 nostri,

1949 1338 2053 1393 pro
2076 1325 2271 1376 nostra
2315 1325 2373 1376 et
2413 1325 2601 1376 vestra
2640 1322 3006 1378 tribulatione
3051 1324 3167 1380 sive
3204 1324 3395 1379 ovium
3424 1325 3584 1380 nobis

1949 1415 2387 1470 commissarum
2416 1415 2730 1471 admodum
2767 1416 2879 1472 sint
2907 1417 3178 1472 dilatata.
3220 1420 3328 1472 Vos
3353 1435 3583 1490 quoque

1951 1509 2338 1578 obsecramus,
2369 1512 2430 1564 ut
2460 1509 2780 1581 injunctum
2808 1511 2965 1566 vobis
2993 1528 3026 1566 a
3065 1511 3310 1567 Domino
3335 1512 3578 1567 famula-

1947 1606 2072 1657 tum
2104 1619 2220 1658 non
2249 1603 2572 1675 negligatis,
2604 1607 2661 1658 et
2687 1621 2890 1660 omnes
2916 1621 3235 1677 oppressos,
3266 1609 3324 1661 et
3351 1610 3587 1662 cunctos

1949 1696 2051 1750 Dei
2096 1713 2282 1752 servos
2331 1702 2501 1768 atque
2555 1698 2898 1768 generaliter
2961 1716 3162 1754 omnes
3215 1699 3581 1769 Christianos,

202 1804 292 1842 eos
318 1786 614 1842 Dominus
641 1787 808 1855 (Psal.
839 1803 934 1854 vn,
968 1786 1079 1857 20).
1111 1806 1138 1838 »
1172 1788 1553 1859 Quapropter,
1583 1789 1684 1844 ﬁlii
1711 1791 1845 1845 cha-
1869 1767 1924 1839 B
1951 1794 2118 1862 prout
2144 1767 2426 1845 Dominus
2439 1767 2602 1862 posse
2630 1791 2871 1859 dederit,
2895 1792 3164 1864 adjuvare
3195 1794 3492 1860 studeatis,
3519 1767 3585 1848 ut

205 1881 440 1950 rissimi,
483 1881 787 1934 hortamur
823 1897 921 1935 vos
971 1885 1028 1936 et
1071 1881 1470 1952 deprecamur,
1526 1888 1592 1938 ut
1635 1883 1849 1940 crebris

203 1975 900 2030 orationum‘vestrarum
945 1975 1206 2046 precibus
1266 1977 1445 2031 Deum
1495 1978 1742 2033 cxoretis
1785 1982 1849 2032 ut

201 2069 521 2124 liberemur
547 2085 650 2123 nos
680 2072 740 2123 et
764 2085 862 2123 vos
892 2069 1058 2140 juxta
1086 2068 1301 2124 dictum
1341 2071 1591 2142 Apostoli
1631 2072 1702 2126 ab
1735 2072 1845 2126 im-

201 2163 463 2234 portunis
489 2166 550 2218 et
576 2161 743 2217 malis
766 2162 1096 2219 hominibus
1129 2163 1282 2235 quia,
1320 2181 1438 2220 non
1474 2165 1734 2220 omnium
1765 2169 1850 2221 est

201 2257 360 2311 ﬁdes.
395 2255 678 2328 Flagitate
729 2255 921 2324 etiam,
971 2260 1036 2311 ut
1065 2257 1213 2312 Deus
1244 2263 1301 2312 et
1343 2259 1614 2314 Dominus
1655 2265 1850 2315 noster

203 2353 297 2423 qui
328 2357 416 2404 est
441 2350 734 2421 refugium
763 2366 1099 2422 pauperum,
1131 2355 1190 2407 et
1213 2368 1341 2424 spes
1366 2353 1697 2420 humilium,
1726 2371 1850 2409 san-

201 2450 346 2500 ctam
392 2461 560 2498 suam
608 2444 916 2499 Ecclesiam
974 2445 1222 2516 pretioso
1260 2446 1524 2501 videlicet
1577 2447 1850 2518 sanguine

205 2554 301 2593 suo
331 2537 726 2608 redemptam,
755 2540 812 2591 et
837 2553 939 2591 nos
960 2537 1057 2608 qui
1086 2539 1348 2593 eamdem
1373 2544 1622 2594 sanctam
1655 2540 1847 2596 Eccle-

206 2631 346 2686 siam
380 2631 610 2697 docere,
641 2647 866 2701 regere,
898 2635 1145 2703 portare,
1175 2636 1230 2687 et
1263 2633 1410 2686 tueri
1449 2633 1744 2701 debemus,
1779 2633 1848 2688 de

205 2725 499 2798 pradictis
540 2725 1045 2797 oppressionibus,
1097 2729 1155 2780 et
1214 2726 1624 2782 tentationibus
1681 2727 1851 2798 hujus

207 2819 402 2875 sacnli
427 2834 705 2890 nequam,
732 2823 905 2890 atque
928 2819 995 2874 de
1017 2819 1282 2874 omnibus
1300 2821 1730 2877 necessitatibus
1752 2838 1853 2877 no-

209 2915 336 2968 stris
361 2912 817 2967 misericorditer
845 2916 1026 2979 eruat,
1068 2916 1130 2967 ut
1179 2930 1368 2968 sermo
1412 2915 1510 2970 Dei
1549 2919 1761 2983 currat,
1795 2919 1852 2971 et

210 3007 564 3080 gloriﬁcatur
614 3006 924 3077 gloriosum
981 3007 1352 3080 Evangelium
1398 3009 1624 3064 Domini
1673 3008 1851 3064 nostri

209 3104 330 3157 Iesu
358 3100 596 3168 Christi,
627 3103 684 3156 et
715 3100 902 3172 gratia
927 3101 1048 3173 ejus
1086 3101 1145 3156 in
1176 3101 1336 3157 nobis
1379 3119 1556 3157 vacua
1587 3119 1702 3157 non
1733 3102 1846 3170 ﬁat,

213 3213 279 3250 ne
329 3196 456 3250 sine
507 3194 696 3249 fructu
737 3195 1045 3266 Evangelii,
1108 3195 1261 3266 quod
1309 3195 1476 3263 absit,
1529 3195 1748 3251 steriles
1790 3197 1850 3251 in

213 3293 524 3362 conspectu
560 3288 661 3343 Dei
698 3304 1095 3360 appareamus,
1139 3293 1196 3344 et
1231 3289 1388 3344 vacui
1426 3289 1673 3344 filiorum
1707 3288 1846 3345 ﬁlia-

213 3399 456 3456 rumque
493 3399 737 3438 numero
768 3386 1146 3450 revertamur,
1174 3398 1279 3438 nec
1306 3383 1376 3438 de
1405 3382 1736 3439 abscondito
1765 3387 1848 3438 ta-

215 3477 368 3532 lento
391 3475 640 3532 Domine
661 3475 929 3532 veniente
954 3475 1040 3532 rei
1061 3492 1182 3531 esse
1190 3476 1545 3547 judicemur;
1570 3477 1676 3532 ista
1693 3477 1850 3532 enim

1949 1889 2080 1939 ante
2099 1884 2342 1939 tribunal
2365 1884 2571 1940 Christi
2595 1885 2920 1940 mercedem
2942 1885 3199 1940 habeatis
3221 1891 3555 1958 perpetuam
3569 1929 3581 1942 .

1948 1979 2015 2033 Et
2060 1977 2261 2032 scitote
2317 1977 2472 2048 quod
2526 1977 2805 2032 memoria
2860 1979 3030 2033 vestri
3087 1995 3280 2033 coram
3335 1980 3452 2034 Deo
3500 1985 3586 2034 est

1948 2070 2192 2125 assidue.
2242 2071 2380 2125 Nam
2429 2071 2925 2142 quemadmodum
2976 2072 3227 2127 dolentes
3282 2073 3581 2144 cognosci-

1947 2181 2096 2234 mus,
2126 2181 2222 2220 vos
2253 2165 2324 2219 ab
2362 2164 2594 2236 iniquis,
2639 2171 2695 2220 et
2733 2165 2983 2221 scelestis
3021 2166 3346 2222 hominibus
3384 2166 3580 2222 obtur-

1947 2258 2094 2326 bari,
2125 2259 2206 2312 ita
2230 2257 2500 2314 continuo
2527 2258 2687 2314 vobis
2707 2260 3114 2331 compatimur,
3143 2261 3323 2314 Deum
3357 2265 3586 2315 orantes

1949 2369 2054 2424 pro
2098 2352 2436 2408 liberatione
2478 2369 2541 2406 ac
2577 2353 2966 2408 sublevatione
3003 2358 3202 2409 vestra
3236 2353 3584 2424 afﬂictionis,

1948 2463 2076 2518 qua
2103 2447 2262 2502 vobis
2311 2448 2480 2517 (unde
2530 2447 2778 2518 graviter
2819 2447 3112 2519 angimur)
3159 2447 3230 2502 ab
3273 2447 3484 2519 iniquis
3527 2447 3588 2502 in

1950 2539 2073 2594 dies
2127 2541 2436 2612 irrogatur,
2490 2545 2547 2597 et
2599 2545 2730 2596 ante
2780 2557 3021 2612 corpora
3057 2541 3442 2612 apostolorum
3482 2558 3586 2612 pro

1948 2633 2109 2688 vobis
2138 2651 2337 2706 preces
2367 2635 2513 2690 ﬁunt
2541 2633 2810 2706 quotidie,
2847 2640 2909 2690 ut
2945 2638 3002 2690 et
3031 2651 3126 2689 vos
3155 2634 3484 2689 liberemini
3515 2635 3586 2689 ab

1949 2725 2292 2799 importunis
2341 2731 2399 2782 et
2442 2727 2608 2783 malis
2650 2727 2977 2783 hominibus
3017 2727 3242 2784 Domini
3271 2727 3500 2796 auxilio,
3531 2734 3589 2783 et

1951 2838 2085 2876 oves
2109 2820 2266 2876 vobis
2293 2821 2610 2876 commissa
2659 2822 2730 2877 ad
2777 2838 2982 2894 pascua
3027 2825 3258 2876 aterna
3304 2822 3433 2876 vita
3473 2839 3587 2876 una

1949 2914 2238 2970 vobiscum
2251 2915 2588 2986 perveniant
2600 2915 2973 2988 sempiterna.
2987 2915 3090 2970 Uni
3099 2920 3273 2970 tatem
3285 2919 3341 2970 et
3351 2916 3478 2986 conj
3489 2932 3588 2970 un-

1950 3007 2199 3063 ctionem
2233 3009 2553 3064 dilectionis
2568 3015 2767 3065 vestra
2793 3009 3074 3064 valentem
3093 3015 3262 3081 atque
3289 3008 3590 3080 proﬁcien-

1949 3107 2069 3157 tem
2100 3103 2160 3157 in
2188 3103 2430 3157 salutem
2456 3103 2716 3158 omnium
2734 3103 3070 3175 populorum
3093 3107 3314 3159 creator
3332 3101 3589 3158 omnium

1951 3196 2224 3252 Dominus
2264 3197 2629 3268 omnipotens
2667 3214 2986 3252 memorem
3028 3197 3206 3252 nostri
3245 3196 3590 3252 aternaliter

1929 3289 2246 3360 ‘custodiat,
2298 3307 2489 3345 amen.
2540 3292 2679 3346 Data
2729 3291 2913 3347 Nonas
2963 3291 3167 3363 Aprilis
3206 3289 3501 3346 Valeriano
3530 3293 3587 3344 et

1949 3383 2234 3439 Gallicana
2256 3385 2322 3438 lV
2342 3401 2422 3440 cc.
2457 3385 2670 3440 consul.

501 3827 631 3901 42
707 3830 1284 3926 INCIPIUNT
1369 3833 1894 3926 DECRETA
1981 3833 2282 3927 SIXTI
2375 3832 2708 3925 PAPAE
2793 3831 3316 3926 SECUNDI.

1017 4028 1198 4094 (Anno
1231 4027 1452 4084 Domini
1483 4031 1606 4097 264,
1640 4029 1880 4085 Deciano
1909 4033 1966 4087 et
1990 4029 2284 4086 Valeriano
2311 4028 2796 4102 imperatoribus.)

289 4326 598 4398 Episcopus
629 4325 820 4382 SIXTL‘S
847 4326 1031 4382 Cano
1057 4327 1390 4400 coepiscopo
1421 4326 1683 4381 salutem.

289 4419 499 4475 Latari
535 4424 592 4474 et
623 4419 874 4492 gaudere
902 4436 996 4474 me
1033 4419 1344 4492 plurimum
1385 4419 1445 4474 in
1481 4419 1700 4476 Christo
1730 4419 1858 4475 Jesu

230 4513 463 4569 Domino
489 4516 684 4567 nostro
716 4513 1031 4568 dilectionis
1060 4517 1171 4569 tua
1195 4513 1403 4586 scripta
1426 4515 1705 4582 fecerunt,
1740 4512 1860 4586 qui-

226 4606 320 4662 bus
348 4605 649 4662 evidenter
677 4606 994 4661 ostenditur
1011 4611 1292 4679 quantum
1315 4606 1650 4662 catholicam
1675 4605 1860 4678 diligis

226 4700 413 4770 ﬁdem,
435 4705 496 4755 et
517 4703 795 4772 quantum
816 4717 1116 4772 pravorum
1139 4701 1437 4756 hominum
1459 4701 1756 4756 detestaris
1777 4717 1862 4755 er.

227 4811 434 4862 rorem,
457 4794 647 4849 omnis
670 4795 822 4849 enim
845 4795 1078 4850 haresis
1099 4795 1269 4850 nimis
1282 4799 1366 4851 est
1387 4795 1582 4867 impia,
1610 4797 1667 4850 et
1686 4796 1860 4850 Evan-

228 4889 416 4960 gelica
437 4888 694 4944 veritatis
716 4888 967 4954 inimica,
987 4906 1114 4960 qua
1138 4905 1250 4944 non
1265 4889 1587 4960 portionem
1611 4889 1858 4960 aliquam

224 4982 450 5049 laedere,
475 4981 575 5037 sed
594 4982 720 5053 ipsa
735 4982 1066 5037 Christiana
1088 4982 1387 5055 religionis
1407 4985 1646 5037 conatur
1664 4982 1860 5037 funda-

225 5079 420 5131 menta
451 5075 798 5131 convellere.
830 5077 1045 5131 Memor
1081 5076 1236 5131 enim
1274 5093 1398 5131 sum
1440 5092 1532 5130 me
1576 5076 1679 5130 sub
1713 5076 1862 5131 illius

226 5170 456 5226 nomine
500 5169 759 5225 Ecclesia
797 5169 1126 5242 prasidere,
1167 5171 1327 5242 cujus
1373 5187 1407 5224 a
1449 5169 1689 5225 Domino
1730 5172 1862 5225 Jesu

223 5263 440 5320 Christo
467 5267 556 5319 est
573 5263 883 5335 gloriﬁcata
905 5263 1204 5331 confessio,
1229 5267 1288 5319 et
1307 5264 1466 5336 cujus
1478 5264 1617 5320 ﬁdes
1636 5265 1862 5320 nullum

226 5373 478 5431 unquam
505 5357 673 5428 fallit,
703 5359 802 5414 sed
829 5375 1030 5414 omnes
1057 5358 1292 5430 quidem
1327 5359 1572 5414 hareses
1597 5359 1858 5414 destruit.

225 5451 487 5524 Intelligo
507 5455 700 5507 autem
715 5452 858 5508 mihi
875 5451 1042 5508 aliter
1067 5469 1184 5508 non
1199 5451 1372 5508 licere
1387 5469 1563 5526 quam
1584 5458 1647 5508 ut
1663 5469 1861 5508 omnes

222 5552 460 5602 conatus
473 5562 636 5601 meos
649 5545 700 5601 ei
714 5562 894 5601 causa
907 5546 964 5602 in
979 5563 1089 5618 qua
1100 5546 1430 5603 universalis
1440 5546 1700 5602 Ecclesia
1717 5547 1862 5601 salus

223 5639 530 5695 infestatur
563 5639 916 5713 impendam.
944 5642 1226 5713 Agnosce,
1259 5640 1338 5696 ﬁli
1363 5639 1715 5711 charissime,
1744 5657 1862 5696 non

222 5748 286 5788 ex
316 5737 584 5807 tempore
616 5750 800 5806 neque
825 5739 952 5807 post
971 5740 1238 5808 tempora
1277 5735 1479 5791 Filium
1511 5735 1609 5792 Dei
1636 5739 1856 5806 natum,

225 5826 318 5882 sed
346 5831 481 5884 ante
509 5827 703 5884 omnia
731 5830 986 5901 tempora
1017 5829 1087 5886 de
1115 5832 1357 5904 paterno
1377 5833 1540 5886 utero
1562 5830 1855 5886 inenarra-

1960 4326 2150 4383 biliter
2175 4330 2533 4399 generatum,
2579 4327 2701 4398 ipso
2754 4325 2869 4382 Deo
2912 4327 3073 4382 Patre
3104 4342 3207 4398 per
3247 4323 3590 4396 prophetam

1960 4421 2182 4478 dicente
2213 4438 2226 4476 :
2260 4443 2287 4471 «
2316 4424 2378 4476 In
2406 4421 2801 4492 splendoribus
2820 4423 3147 4476 sanctorum
3175 4436 3245 4474 ex
3271 4423 3431 4474 utero
3459 4420 3592 4473 ante

1959 4515 2257 4571 luciferum
2283 4515 2456 4587 genui
2477 4519 2532 4570 te
2554 4515 2721 4586 (Psal.
2751 4531 2856 4581 cu,
2886 4516 2958 4584 3).
2988 4535 3016 4563 »
3046 4513 3228 4578 Quam
3248 4511 3592 4566 sententiam

1963 4613 2020 4664 et
2051 4608 2220 4664 Isaias
2248 4609 2530 4680 propheta
2555 4607 2740 4664 dubiis
2768 4612 2936 4679 atque
2967 4605 3271 4662 incredulis
3302 4604 3594 4660 evidenter

1959 4702 2252 4775 expressit,
2267 4702 2402 4757 dum
2421 4719 2538 4757 non
2555 4701 2783 4756 aliunde
2801 4700 3005 4756 Filium
3025 4716 3194 4772 quam
3219 4698 3288 4754 de
3310 4700 3474 4754 Patre
3497 4715 3590 4753 na-

1958 4802 2082 4853 tum
2111 4795 2478 4851 ineﬁ'abiliter
2518 4795 2806 4850 ostendit:
2857 4816 2883 4844 ‹‹
2916 4797 2977 4850 ln
3013 4793 3353 4860 humilitate,
3383 4792 3589 4864 inquit,

1953 4890 2232 4961 judicium
2249 4890 2372 4961 ejus
2384 4889 2669 4945 sublatum
2683 4887 3144 4956 est,nativitatem
3159 4887 3282 4958 ejus
3294 4885 3419 4958 quis
3436 4902 3594 4941 enar-

1960 4984 2184 5038 rabit?»
2204 4984 2350 5054 (Isai.
2381 4999 2492 5052 Llll,
2517 4982 2902 5053 8.)Etinlibro
2914 4981 3014 5037 Job
3031 4999 3044 5036 :
3063 4980 3452 5053 «Sapientiam
3469 4978 3592 5046 Dei,

1959 5076 2056 5144 ait,
2081 5077 2230 5132 unde
2252 5077 2540 5132 invenies?
2561 5076 2887 5131 Latetenim
2904 5076 2974 5130 ab
2995 5075 3170 5130 oculis
3189 5075 3513 5143 hominum,
3538 5075 3598 5127 et

1960 5188 1990 5226 a
2024 5153 2345 5226 volucribus
2372 5169 2499 5225 cali
2530 5170 2807 5226 absconsa
2838 5172 2921 5226 est
2944 5170 3078 5240 (Job.
3101 5186 3292 5236 xxvnl,
3314 5169 3416 5238 t2).
3438 5186 3466 5218 ››
3485 5167 3590 5220 Ex-

1960 5264 2282 5337 pergiscere
2310 5265 2624 5336 paululum,
2649 5269 2706 5320 et
2742 5265 2787 5320 si
2827 5264 3023 5336 lumen
3069 5263 3320 5318 scientia
3358 5261 3416 5315 in
3449 5258 3591 5330 teip-

1961 5375 2087 5414 sum
2125 5358 2482 5431 aliquantum
2521 5359 2716 5426 habes,
2747 5358 3023 5425 invenies,
3056 5358 3217 5428 cujus
3256 5351 3512 5410 nativitas
3561 5366 3594 5404 a

1961 5452 2244 5525 propheta
2271 5469 2383 5506 non
2409 5452 2594 5524 potuit
2619 5452 2873 5508 enarrari
2904 5469 2972 5506 ex
3002 5456 3258 5520 tempore
3291 5447 3374 5502 vel
3410 5448 3476 5499 ut
3502 5460 3592 5499 as-

1961 5551 2153 5602 truere
2173 5546 2292 5618 ipse
2319 5545 2562 5614 conaris,
2585 5563 2698 5601 non
2723 5545 2912 5619 potuit
2933 5541 3216 5616 generari.
3241 5563 3268 5589 ‹‹
3295 5542 3356 5594 In
3377 5536 3593 5610 princi-

1959 5641 2078 5713 pio,
2113 5640 2303 5712 inquit
2349 5641 2594 5697 Joannes
2637 5638 3022 5711 Evangelista,
3074 5637 3199 5690 erat
3239 5631 3507 5699 Verbum,
3539 5633 3595 5687 et

1960 5734 2210 5791 Verbum
2232 5738 2352 5791 erat
2371 5735 2524 5807 apud
2546 5735 2749 5802 Deum,
2773 5736 2831 5788 et
2849 5734 2994 5788 Deus
3031 5731 3149 5786 erat
3187 5726 3458 5796 Verbum,
3488 5725 3595 5781 hoc

1964 5832 2086 5884 erat
2117 5829 2171 5884 in
2196 5828 2473 5902 principio
2497 5827 2647 5900 apud
2677 5829 2870 5881 Deum.
2895 5822 3095 5879 Omnia
3119 5839 3220 5896 per
3239 5822 3425 5896 ipsum
3448 5820 3597 5876 facta
