4026 6166
455 300 554 356 183

1355 300 1634 356 ΑΡΡΕΝΙ).
1678 299 1764 354 AD
1803 300 1963 354 S/EC.
2008 301 2092 353 IX.
2124 328 2191 338 —-
2231 300 2472 356 lSlDORl
2511 301 2933 356 MERCATORIS

3715 304 3812 360 184

451 409 602 476 sunt,
627 405 816 463 etsine
837 406 955 478 ipso
972 407 1185 462 factum
1199 408 1285 462 est
1301 406 1446 463 nihil
1459 408 1634 477 (Joan.
1651 423 1688 477 ι,
1708 406 1844 478 1-3).
1861 429 1887 456 ››
1905 407 2085 462 Etite-
2107 423 2166 495 Α
2186 407 2437 463 siasticas
2467 424 2663 463 causas
2686 412 2744 464 et
2770 409 3168 480 episcoporum
3185 409 3397 481 judicia
3415 410 3649 482 antiqua
3675 429 3812 483 apo-

452 518 611 558 rum:
640 523 667 551 ‹‹
690 502 820 556 Erat
831 501 925 555 lux
936 516 1068 556 vera
1081 517 1208 572 quae
1235 501 1526 556 illuminat
1540 517 1770 556 omnem
1784 501 2083 556 hominem

452 594 778 652 venientem
797 594 857 648 in
883 595 1036 649 hunc
1053 595 1337 650 mundum
1360 593 1546 664 (1bid.,
1568 595 1640 665 9).
1659 615 1685 643 ››
1708 596 1771 650 In
1789 594 1896 650 isto
1917 595 2093 666 igitur

455 689 609 762 quod
632 688 837 743 dicitur
855 693 994 752 erat,
1008 689 1054 745 si
1072 693 1302 761 tempus
1314 705 1571 760 quaerere
1589 688 1856 755 volueris,
1879 705 1997 744 non
2011 689 2093 744 in-

452 782 662 850 venies,
695 782 966 854 quoniam
997 799 1066 836 ex
1098 799 1212 854 quo
1257 784 1441 851 Pater,
1489 798 1555 836 ex
1593 781 1689 836 illo
1725 785 1782 836 et
1811 781 2001 852 Filius,
2036 785 2094 837 et

454 876 608 948 quod
627 878 792 931 Pater
811 879 913 946 est,
932 876 992 930 id
1009 880 1094 930 est
1108 875 1283 931 etiam
1297 876 1485 945 Filius,
1509 875 1822 931 Salomone
1834 876 2052 932 dicente
2073 895 2087 931 :

459 971 609 1041 «Ego
623 986 692 1024 ex
704 969 1082 1025 oreAltissimi
1093 969 1694 1041 prodii,primogenita
1707 972 1839 1024 ante
1855 986 2087 1027 omnem

455 1067 793 1118 creaturam.
820 1064 942 1134 Ego
965 1063 1074 1118 feci
1092 1067 1155 1117 ut
1170 1063 1230 1118 in
1257 1064 1395 1119 coelo
1417 1063 1661 1118 oriretur
1678 1065 1875 1118 lumen
1897 1064 2094 1119 indefi-

454 1157 610 1212 ciens
639 1160 697 1210 et
721 1157 862 1211 sicut
891 1158 1103 1212 nebula
1131 1157 1244 1212 texi
1269 1173 1503 1212 omnem
1531 1159 1760 1212 terram.
1790 1159 1911 1228 Ego
1942 1158 1998 1212 in
2020 1158 2093 1212 al-

454 1250 684 1305 tissimis
697 1250 917 1321 habito,
932 1255 988 1306 et
1005 1252 1242 1306 thronus
1255 1269 1416 1308 meus
1434 1253 1492 1306 in
1507 1252 1776 1306 columna
1788 1251 1972 1307 nubis.
1989 1253 2092 1324 Gy-

455 1362 586 1400 rum
600 1344 725 1400 coeli
739 1343 969 1399 circuivi
986 1347 1122 1414 sola,
1141 1351 1197 1400 et
1211 1346 1559 1417 profundum
1573 1345 1758 1417 abyssi
1775 1346 2088 1417 penetravi.

454 1440 516 1493 In
539 1455 769 1493 omnem
795 1441 1006 1494 terram
1045 1440 1194 1509 steti,
1240 1445 1296 1494 et
1325 1441 1540 1512 populo
1577 1440 1891 1510 primatum
1917 1439 2092 1495 habui

459 1534 641 1601 (Eccli.
671 1549 816 1602 xxxv,
847 1534 1010 1604 7-10).
1036 1554 1064 1583 »
1089 1537 1231 1587 Item
1262 1533 1340 1588 ibi
1366 1550 1379 1586 :
1415 1536 1604 1590 «Cum
1627 1537 1858 1605 pararet
1884 1535 2090 1589 coelum

458 1626 694 1682 aderam
717 1627 832 1682 illi:
855 1631 1066 1682 etcum
1089 1627 1281 1682 sedem
1301 1645 1464 1682 suam
1487 1631 1829 1683 secerneret.
1851 1627 2090 1692 Quando

457 1737 628 1791 super
643 1725 840 1776 ventos
853 1721 1025 1776 fortes
1041 1719 1284 1776 faciebat
1316 1720 1374 1775 in
1395 1737 1622 1776 summo
1645 1721 1845 1788 nubes,
1880 1724 1938 1774 et
1960 1738 2091 1776 cum

2191 503 2468 558 stolorum
2490 519 2804 574 eorumque
2821 519 3210 559 successorum
3231 509 3399 576 atque
3419 521 3705 560 canonum
3721 523 3816 561 au-

2191 597 2419 651 ctoritas
2439 597 2761 667 reservavit,
2785 597 3056 669 quoniam
3089 599 3392 670 culpantur
3423 599 3688 671 episcOpi,
3719 601 3818 671 qui

2191 691 2356 746 aliter
2370 707 2508 762 erga
2525 692 2732 746 fratres
2748 692 2972 764 egerint
2997 710 3170 765 quam
3199 693 3457 764 ejusdem
3477 693 3626 748 sedis
3657 711 3818 765 papa:

2192 784 2315 839 ﬁeri
2345 785 2643 856 placuerit.
2681 787 2833 842 Unde
2877 787 3088 858 placuit
3132 790 3198 842 ut
3225 791 3510 842 accusatus
3551 788 3641 842 vel
3660 788 3818 858 judi-

2193 882 2348 933 catus
2373 897 2406 934 a
2437 880 3005 951 comprovincialibus
3029 881 3087 936 in
3112 882 3299 953 aliqua
3328 897 3496 936 causa
3521 882 3822 954 episcopus

2191 972 2428 1028 licenter
2473 974 2722 1045 appellet
2762 977 2820 1029 et
2857 975 3022 1031 adeat
3048 967 3367 1047 apostolicae
3407 975 3554 1030 sedis
3591 977 3820 1047 pontiﬁ-

2193 1082 2336 1134 cem,
2367 1067 2464 1138 qui
2493 1072 2589 1122 aut
2615 1084 2718 1138 per
2743 1086 2802 1123 se
2844 1075 2942 1124 aut
2975 1086 3082 1141 per
3121 1069 3360 1124 vicarios
3395 1086 3524 1124 suos
3552 1070 3675 1140 ejus
3700 1073 3820 1124 tra-

2191 1160 2329 1215 ctari
2339 1161 2635 1233 negotium
2649 1166 2919 1233 procuret
2932 1181 2952 1233 ;›
2963 1167 3018 1217 et
3032 1163 3168 1218 dum
3186 1163 3393 1218 iterato
3403 1161 3616 1233 judicio
3628 1163 3792 1234 ponti
3801 1195 3823 1204 -

2190 1254 2279 1309 fex
2292 1271 2518 1310 causam
2532 1273 2691 1311 suam
2708 1257 3042 1328 agit,nullus
3057 1256 3199 1311 alius
3211 1257 3270 1312 in
3285 1257 3334 1328 ej
3343 1274 3407 1310 us
3419 1257 3541 1311 loco
3554 1259 3826 1328 ponatur,

2191 1352 2288 1404 aut
2316 1349 2611 1405 ordinetur
2631 1350 2948 1422 episcopus,
2973 1351 3248 1421 quoniam
3266 1367 3642 1422 quanquama
3662 1366 3828 1405 com-

2190 1442 2626 1514 provincialibus
2653 1444 2948 1516 episcOpus
2990 1446 3234 1500 accusati
3271 1461 3499 1500 causam
3538 1444 3829 1516 pontiﬁcis

2192 1537 2427 1592 scrutari
2439 1537 2623 1607 liceat,
2633 1554 2748 1593 non
2761 1541 2951 1593 tamen
2963 1537 3215 1608 diffiniri,
3231 1539 3549 1595 inconsulto
3563 1541 3831 1594 Romano

2189 1631 2478 1704 pontiﬁce,
2509 1631 2852 1703 permissum
2879 1636 2983 1699 est,
3011 1649 3143 1688 cum
3164 1633 3333 1688 beato
3363 1635 3528 1688 Petro
3561 1633 3830 1704 apostolo

2189 1742 2307 1780 non
2329 1725 2399 1780 ab
2415 1726 2524 1781 alio
2540 1743 2709 1798 quam
2726 1727 2797 1782 ab
2812 1726 2934 1798 ipso
2955 1726 3168 1782 dictum
3189 1726 3304 1782 sita
3325 1727 3597 1783 Domino:
3618 1748 3644 1776 «
3665 1729 3832 1792 Quae-

456 1818 638 1868 certos
666 1815 911 1886 ponebat
941 1815 1128 1870 fontes
1157 1814 1260 1869 sub
1293 1815 1451 1884 coelo,
1486 1832 1615 1869 cum
1653 1815 1824 1870 fortia
1854 1798 2166 1870 faciebatB
2191 1837 2417 1892 cunque
2436 1821 2701 1892 ligaveris
2715 1837 2886 1892 super
2901 1821 3642 1893 terram,eruntligataetin
3659 1822 3828 1876 coelo.

454 1907 834 1962 fundamenta
855 1910 1040 1978 terras,
1060 1925 1165 1978 ego
1186 1924 1343 1964 eram
1367 1925 1496 1963 cum
1519 1908 1614 1963 illo
1637 1924 2013 1981 componens,
2034 1912 2092 1962 et

456 2017 562 2072 ego
579 2017 734 2056 eram
754 2002 842 2056 cui
865 2002 1368 2074 adgaudebatcum
1382 2003 1676 2057 laetaretur
1686 2003 1821 2058 orbe
1837 2003 2088 2074 perfecto

456 2097 722 2164 (Proverb.
738 2112 854 2162 vm,
871 2097 1072 2167 27-30).
1097 2118 1122 2145 ››
1144 2098 1211 2151 Et
1223 2095 1282 2150 in
1295 2097 1516 2167 psalmo
1530 2097 1846 2152 centesimo
1863 2097 2047 2168 primo
2072 2114 2085 2152 :

460 2212 483 2238 ‹‹
513 2191 614 2258 Τιι,
639 2189 894 2256 Domine,
913 2191 971 2243 in
993 2189 1274 2260 principio
1298 2193 1514 2244 terram
1539 2191 1807 2259 fundasti,
1842 2195 1900 2244 et
1917 2208 2091 2262 opera

457 2298 739 2336 manuum
768 2285 996 2336 tuarum
1023 2286 1154 2336 sunt
1172 2283 1315 2338 caeli.
1347 2283 1456 2354 lpsi
1475 2284 1761 2354 peribunt,
1799 2287 1862 2338 tu
1896 2287 2089 2339 autem

455 2379 837 2446 permanes,et
849 2376 992 2430 sicut
1002 2377 1350 2448 Opertorium
1365 2376 1608 2432 mutabis
1621 2393 1713 2432 eos
1726 2382 1780 2432 et
1791 2379 2091 2433 mutabun-

458 2471 568 2534 tur;
583 2473 644 2524 tu
656 2472 845 2524 autem
860 2469 1016 2524 idem
1028 2469 1149 2541 ipse
1164 2486 1243 2537 es,
1259 2475 1315 2526 et
1329 2470 1466 2526 anni
1477 2473 1560 2526 tui
1573 2488 1687 2525 non
1701 2471 2086 2544 deﬁcient(Ps.

458 2579 530 2630 cl,
549 2565 636 2630 26,
651 2563 922 2634 29).»Non
934 2564 1088 2618 enim
1106 2566 1227 2619 erat
1242 2569 1398 2632 aetas,
1414 2565 1745 2637 autaliquod
1759 2569 1984 2637 tempus
1996 2583 2092 2620 an-

455 2661 689 2728 tequam
703 2657 774 2713 de
785 2660 950 2714 Patre
965 2659 1137 2713 Filius
1161 2664 1511 2727 nasceretur,
1540 2659 1812 2731 quoniam
1827 2661 1925 2732 qui
1942 2664 2087 2715 tem-

455 2768 593 2822 pora
612 2752 877 2806 universa
887 2753 1119 2824 propria
1133 2755 1413 2824 potestate
1425 2754 1736 2821 constituit,
1753 2771 1819 2808 ex
1831 2759 2088 2826 tempore

456 2847 542 2899 vel
562 2850 690 2916 post
703 2849 956 2918 tempora
985 2847 1141 2901 nasci
1165 2863 1276 2901 non
1296 2847 1502 2918 potuit.
1524 2848 1621 2903 His
1641 2849 1837 2919 paucis
1861 2853 2088 2904 senten-

457 2938 552 2993 tiis
563 2938 810 2994 breviter
829 2939 1099 2994 consultis
1113 2940 1222 2995 tuis
1237 2942 1528 3012 respondi,
1547 2943 1727 2997 frater
1737 2943 2085 2999 charissime.

526 3034 604 3087 De
632 3036 840 3088 caetero
872 3039 1030 3088 tuam
1077 3051 1289 3090 moneo
1337 3035 1722 3106 dilectionem,
1771 3043 1832 3092 ut
1860 3040 2091 3092 cunctos

456 3144 598 3199 quos
626 3144 815 3182 errare
835 3129 1191 3200 cognoveris,
1234 3130 1305 3184 ad
1343 3131 1682 3186 catholicam
1722 3131 1895 3186 fidem
1930 3135 1987 3186 et
2017 3131 2088 3186 ad

458 3220 736 3276 unitatem
764 3226 915 3277 recte
943 3223 1298 3278 credentium
1329 3228 1659 3281 convertere
1677 3225 1927 3293 studeas,
1954 3231 2010 3280 et
2030 3229 2091 3280 tu

459 3331 754 3386 nunquam
780 3317 850 3370 ab
893 3317 1204 3388 apostolico
1256 3319 1483 3374 tramite
1528 3320 1776 3374 recedas.
1821 3320 1875 3376 Si
1899 3322 2093 3376 autem

456 3413 513 3462 te
539 3425 652 3464 non
684 3409 970 3466 audierint
999 3416 1056 3466 et
1083 3417 1360 3480 errantes,
1395 3413 1547 3484 quod
1572 3413 1736 3481 absit,
1768 3431 2094 3484 permanse-

457 3502 589 3570 rint,
620 3504 784 3558 nobis
823 3520 915 3559 eos
942 3505 1313 3560 manifestare
1339 3523 1513 3578 quam
1543 3507 1708 3561 citius
1737 3508 1951 3578 poteris
1978 3525 2091 3562 non

459 3597 668 3664 tardes,
707 3602 765 3652 ut
806 3600 1114 3670 apostolica
1158 3601 1495 3656 auctoritate
1538 3605 1636 3656 aut
1661 3602 1770 3656 cito
1801 3602 1872 3655 ad
1902 3602 2088 3657 Eccle-

459 3691 600 3745 siam
617 3696 1042 3760 convertantur,
1069 3699 1168 3748 aut
1193 3694 1263 3749 ab
1281 3694 1524 3750 Ecclesia
1544 3698 1896 3768 separentur.
1913 3697 2090 3750 Audi-

455 3786 640 3841 vimus
651 3787 820 3841 etiam
836 3788 987 3860 quod
1001 3788 1232 3860 quidam
1252 3789 1482 3844 erronei
1503 3793 1561 3844 et
1573 3790 1991 3845 consentientes
2013 3791 2092 3844 eis

457 3887 513 3936 te
527 3885 581 3936 et
602 3881 850 3954 reliquos
868 3881 1142 3939 infestent
1158 3883 1473 3956 episcopos,
1497 3889 1556 3939 et
1575 3883 1866 3957 episcopos
1875 3884 2093 3954 aliquos

457 3976 965 4047 comprovinciales
1012 3977 1083 4032 ad
1131 3983 1378 4033 vestram
1435 3977 1873 4033 infamationem
1921 3982 2090 4048 atque

457 4069 884 4125 damnationem
902 4085 1091 4124 secum
1111 4071 1359 4137 trahant;
1375 4076 1727 4143 quapropter
1737 4071 1794 4125 in
1811 4071 1916 4125 hac
1929 4087 2090 4124 sanc-

457 4167 514 4216 ta
535 4163 667 4217 sede
689 4163 906 4216 dudum
924 4179 956 4214 a
971 4163 1164 4216 multis
1177 4164 1452 4235 episcopis
1478 4164 1850 4219 constitutum
1872 4168 2015 4232 erat,
2036 4168 2096 4219 et

461 4255 637 4310 modo
661 4256 734 4310 ad
747 4258 997 4309 vestrum
1015 4259 1070 4310 et
1085 4260 1426 4311 caeterorum
1461 4258 1701 4313 fratrum
1719 4258 1997 4313 auxilium
2010 4261 2095 4313 est

460 4350 649 4404 denuo
677 4350 1030 4417 roboratum,
1061 4354 1126 4405 ut
1153 4367 1352 4406 omnes
1383 4352 1632 4424 episcopi
1653 4353 1749 4424 qui
1776 4353 1836 4407 in
1863 4352 2093 4425 quibus-

461 4444 592 4498 dam
633 4444 991 4516 gravioribus
1017 4445 1337 4516 pulsantur,
1367 4448 1452 4502 vel
1488 4447 1864 4502 criminantur
1889 4448 2088 4515 causis,

2111 3174 2166 3250 Ο

2188 1915 2256 1968 Et
2283 1931 2639 1986 quaecunque
2661 1914 2896 1970 solveris
2923 1931 3093 1986 super
3111 1920 3342 1984 terram,
3365 1918 3532 1970 erunt
3555 1916 3743 1970 soluta
3774 1920 3835 1970 et

2189 2007 2247 2062 in
2279 2008 2417 2063 coelo
2448 2010 2662 2077 (Matth.
2691 2025 2844 2078 xvul,
2881 2010 2987 2080 10).
3022 2031 3050 2058 ››
3083 2010 3150 2064 Et
3175 2009 3222 2063 si
3247 2009 3374 2081 quis
3405 2010 3688 2082 putaverit
3711 2026 3776 2064 se
3800 2027 3834 2064 a

2187 2103 2422 2174 proprio
2445 2094 2887 2174 metropolitano
2913 2103 3156 2174 gravari,
3179 2103 3329 2175 apud
3350 2103 3656 2175 primatem
3680 2103 3829 2158 dioe-

2189 2213 2378 2250 ceseos
2403 2199 2502 2251 aut
2525 2213 2699 2268 penes
2722 2196 3054 2252 universalis
3085 2197 3406 2268 apostolicae
3436 2197 3695 2252 Ecclesiae
3727 2215 3832 2269 pa-

2188 2290 2630 2361 pamjudicetur.
2646 2291 2737 2345 Ait
2749 2291 2905 2346 enim
2918 2291 3156 2346 Jacobus
3167 2292 3481 2362 apostolus:
3500 2313 3528 2340 ‹‹
3539 2293 3565 2347 .l
3573 2291 3836 2347 udicium

2191 2384 2309 2438 sine
2328 2384 2719 2439 misericordia
2734 2385 2814 2439 illi
2832 2385 2932 2440 ﬁet
2949 2386 3045 2457 qui
3065 2402 3183 2440 non
3203 2385 3333 2440 fecit
3349 2384 3834 2441 misericordiam.

2190 2477 2582 2550 Superextollit
2624 2483 2815 2534 autem
2860 2479 3308 2534 misericordiam
3341 2479 3556 2550 judicio
3597 2479 3729 2550 (Jac.
3768 2498 3833 2550 ιι,

2192 2571 2296 2641 13).
2328 2592 2355 2620 ››
2380 2572 2438 2625 In
2468 2571 2735 2626 omnibus
2761 2589 2916 2644 ergo,
2941 2572 3020 2626 fili
3047 2572 3431 2640 dilectissime,
3461 2589 3558 2628 cor
3582 2574 3833 2641 custodi,

2191 2665 2338 2720 sicut
2353 2665 2627 2736 scriptum
2638 2669 2723 2721 est
2745 2683 2757 2720 :
2777 2665 2990 2721 «Omni
3010 2667 3265 2721 custodia
3285 2666 3504 2722 custodi
3521 2684 3620 2722 cor
3635 2671 3808 2722 tuum
3819 2712 3831 2735 ,

2190 2759 2321 2831 quia
2366 2776 2435 2814 ex
2480 2760 2604 2831 ipso
2644 2760 2758 2814 vita
2806 2760 3065 2832 procedit
3109 2761 3285 2833 (Prov.
3330 2778 3402 2830 1v,
3449 2761 3560 2832 23).
3617 2780 3645 2813 »
3697 2763 3838 2817 Haec

2189 2853 2435 2910 breviter
2460 2871 2564 2926 pro
2591 2855 3142 2910 commemoratione
3172 2855 3453 2928 rescripsi,
3483 2855 3582 2910 sed
3609 2861 3739 2927 peto
3769 2862 3838 2912 ut

2187 2965 2294 3019 pro
2319 2965 2411 3003 me
2441 2965 2601 3004 orare
2633 2949 2859 3017 debeas,
2891 2953 3172 3022 quatenus
3209 2950 3570 3021 omnipotens
3599 2951 3748 3004 Deus
3779 2956 3840 3006 et

2191 3059 2225 3096 a
2255 3042 2526 3113 malignis
2566 3059 2660 3098 me
2695 3043 2988 3114 spiritibus
3032 3048 3087 3098 et
3113 3061 3146 3097 a
3175 3044 3454 3115 perversis
3491 3044 3838 3099 hominibus

2190 3136 2473 3192 custodire
2503 3137 2793 3208 dignetur,
2819 3138 2955 3209 quia
2975 3137 3032 3192 in
3055 3137 3158 3192 hac
3178 3137 3307 3192 vita:
3328 3155 3471 3192 meae
3495 3138 3834 3210 peregrina-

2193 3230 2344 3285 tione
2366 3231 2513 3285 mala
2534 3247 2627 3285 me
2659 3231 2825 3285 simul
2846 3237 2900 3286 et
2919 3232 3100 3286 multa
3117 3231 3490 3301 circumdant,
3511 3231 3589 3286 ita
3610 3237 3673 3286 ut
3694 3249 3832 3288 cum

2191 3324 2484 3378 Psalmista
2495 3324 2626 3395 jure
2649 3324 2866 3380 dicam:
2895 3347 2922 3374 ‹‹
2941 3327 2999 3379 In
3023 3342 3115 3380 me
3135 3325 3484 3381 transierunt
3503 3325 3602 3380 iraa
3623 3330 3758 3396 tuae,
3776 3332 3835 3382 et

2191 3421 2438 3473 terrores
2455 3418 2534 3473 tui
2557 3418 3036 3474 conturbaverunt
3056 3437 3170 3474 me.
3200 3419 3718 3475 Circumdederunt
3731 3437 3832 3476 me

2193 3512 2339 3566 sicut
2357 3529 2520 3584 aquae
2540 3516 2661 3568 tota
2687 3513 2799 3579 die,
2823 3513 3328 3568 circumdederunt
3353 3530 3446 3568 me
3463 3513 3628 3568 simul
3655 3515 3830 3582 (Psal.

2191 3623 2426 3673 Lxxxvn,
2456 3611 2538 3676 17,
2567 3607 2670 3677 18).
2697 3607 2988 3663 »Coelestis
3009 3607 3193 3678 gratia
3209 3613 3264 3662 et
3290 3625 3392 3662 nos
3414 3607 3474 3662 in
3487 3608 3743 3674 urbibus,
3773 3611 3835 3661 et

2192 3717 2289 3754 vos
2317 3700 2531 3772 ubique
2561 3703 2839 3772 protegat,
2880 3699 3013 3772 quia
3045 3701 3311 3772 antiquus
3340 3701 3515 3755 hostis
3542 3707 3832 3755 terrarum

2191 3794 2326 3848 locis
2353 3811 2386 3848 a
2411 3794 2729 3849 tentatione
2760 3812 2872 3848 non
2895 3795 3232 3863 excluditur,
3252 3795 3384 3868 quia
3413 3795 3459 3849 si
3483 3795 3539 3849 in
3561 3795 3830 3866 paradiso

2193 3888 2486 3942 hominem
2514 3888 2726 3954 stravit,
2775 3888 2902 3959 quis
2946 3889 3102 3943 locus
3143 3892 3304 3943 extra
3345 3888 3670 3959 paradisum
3707 3906 3830 3944 esse

2191 3984 2375 4052 potest
2389 3981 2448 4034 in
2463 3997 2575 4052 quo
2591 3984 2816 4036 mentes
2827 3981 3128 4036 hominum
3145 3986 3445 4053 penetrare
3464 3999 3580 4037 non
3597 3984 3786 4037 valeat
3801 3984 3830 4037 ‘?

2192 4074 2423 4146 Antiqui
2451 4073 2604 4129 enim
2624 4075 2802 4130 hostis
2821 4076 2979 4147 cujus
3000 4075 3208 4131 invidia
3229 4093 3381 4130 mors
3399 4076 3651 4132 introivit
3662 4077 3722 4132 in
3739 4094 3832 4133 or-

2191 4169 2324 4224 bem
2337 4169 2637 4238 terrarum)
2650 4171 2781 4223 sunt
2795 4186 3025 4241 semper
3037 4170 3182 4224 oculi
3197 4169 3391 4240 vigiles
3405 4169 3475 4224 ad
3490 4170 3644 4224 anim
3654 4188 3716 4225 as
3726 4171 3832 4226 ho-

2192 4262 2416 4316 minum
2431 4262 2873 4333 illaqueandum,
2890 4264 3216 4334 multosque
3229 4281 3332 4318 sua
3343 4265 3621 4335 pravitate
3633 4281 3830 4319 secum

2189 4357 2250 4410 in
2283 4356 2664 4428 perditionem
2710 4357 2936 4411 trahere
2983 4356 3138 4429 cupit
3183 4357 3280 4428 qui
3326 4360 3523 4428 suapte
3553 4357 3831 4412 malitiaa

2193 4449 2370 4520 gloria
2387 4450 2576 4521 lapsus
2588 4453 2674 4503 est
2685 4450 2742 4504 in
2754 4449 3069 4505 miseriam.
3084 4453 3146 4504 In
3161 4451 3271 4505 sola
3285 4467 3424 4521 ergo
3435 4451 3715 4505 Creatoris
3728 4469 3831 4505 no-

457 4539 680 4612 quoties
713 4555 940 4596 necesse
967 4540 1156 4610 fuerit,
1184 4539 1361 4595 libere
1389 4541 1758 4612 apostolicam
1798 4542 2165 4618 appellentD
2188 4543 2290 4598 stri
2312 4543 2669 4614 protectione
2701 4543 2996 4599 ﬁdcndum
3036 4549 3139 4612 est,
3177 4544 3267 4598 cui
3304 4560 3373 4599 ex
3413 4543 3615 4599 intimo
3657 4545 3829 4600 corde

459 4633 676 4703 sedem,
699 4638 870 4706 atque
886 4635 956 4690 ad
977 4651 1101 4689 eam
1118 4635 1278 4707 quasi
1307 4635 1378 4690 ad
1397 4639 1638 4691 matrem
1659 4636 2010 4708 confugiant,
2031 4639 2094 4690 ut

457 4727 529 4782 ab
558 4744 644 4797 ea,
674 4727 817 4783 sicut
844 4746 1072 4801 semper
1091 4730 1217 4796 fuit,
1248 4730 1338 4802 pie
1364 4730 1692 4799 fulciantur,
1711 4731 2093 4786 defendantur

459 4827 516 4876 et
534 4821 870 4879 liberentur.
883 4824 1055 4896 Cujus
1071 4824 1430 4897 dispositioni
1445 4841 1646 4881 omnes
1657 4825 1902 4896 majores
1919 4827 2092 4880 eccle-

2193 4637 2500 4692 clamemus
2534 4654 2547 4692 :
2580 4639 2709 4692 Esto
2741 4638 2882 4692 mihi
2911 4637 2968 4691 in
3012 4639 3188 4692 Deum
3234 4641 3634 4708 protectorem,
3683 4641 3740 4692 et
3769 4639 3828 4693 in

2190 4732 2379 4786 locum
2407 4730 2719 4798 munitum,
2747 4735 2808 4786 ut
2833 4732 3045 4786 salvum
3073 4748 3164 4786 me
3194 4732 3388 4786 facias.
3419 4732 3552 4786 Data
3580 4731 3824 4787 Kalend.

2191 4825 2545 4897 Septembris
2575 4826 2875 4881 Valeriano
2903 4828 2961 4881 et
2985 4825 3212 4882 Decimo
3240 4827 3307 4881 IV
3331 4842 3412 4882 cc.
3437 4827 3653 4882 consul.

1931 4948 2346 4963 ﬂ

1460 5050 1671 5119 ITEM
1738 5050 2161 5120 EPISTOLA
2229 5051 2460 5120 SIXTI
2521 5051 2806 5119 PAPzE.

528 5193 916 5250 Dilectissimis
933 5196 1202 5252 fratribus
1221 5215 1325 5270 per
1346 5199 1743 5270 Hispaniarum
1765 5199 2088 5272 provincias

454 5289 771 5345 constitutis
796 5290 988 5346 Sixrus
1015 5292 1312 5363 episcopus
1342 5293 1400 5348 in
1430 5293 1672 5349 Domino
1701 5293 1963 5349 salutem.

524 5385 730 5456 Magno
761 5401 1002 5440 munere
1030 5385 1435 5443 misericordiae
1477 5387 1571 5444 Dei
1615 5388 1788 5444 totius
1828 5387 2091 5443 Ecclesiae

455 5479 749 5534 catholica
770 5479 1145 5552 multiplicata
1166 5484 1296 5536 sunt
1317 5482 1547 5554 gaudia,
1565 5499 1695 5538 cum
1713 5482 2092 5538 Ecclesiarum

457 5577 634 5627 status
710 5588 776 5628 eo
822 5573 980 5646 viget
1039 5575 1238 5631 ordine
1292 5591 1406 5647 quo
1465 5576 1717 5648 Apostoli
1777 5592 2091 5648 eorumque

458 5681 802 5724 successores
842 5668 1005 5723 illum
1055 5673 1400 5726 statuerunt.
1454 5672 1521 5726 Et
1565 5687 1698 5727 cum
1741 5670 1960 5744 antiqui
1987 5671 2091 5726 ho-

461 5756 561 5809 stis
590 5760 798 5816 astutia
831 5779 963 5818 eum
1000 5764 1216 5820 turbari
1262 5765 1680 5838 cognoscimus,
1732 5782 1845 5821 non
1866 5765 2090 5820 modico

461 5849 864 5908 contristamur
881 5873 1142 5916 maerore.
1164 5859 1345 5926 Quam
1365 5860 1436 5917 ob
1449 5876 1698 5928 causam,
1721 5860 1942 5928 fratres,
1963 5860 2093 5915 hor-

2193 5201 2382 5253 tamur
2426 5213 2540 5265 vos,
2585 5213 2890 5252 monemus
2933 5203 2992 5252 et
3034 5196 3382 5270 ﬂagitamus,
3429 5201 3493 5252 ut
3532 5213 3567 5251 a
3598 5195 3828 5251 tramite

2193 5291 2516 5366 apostolicae
2545 5290 2916 5347 institutionis
2948 5307 3314 5364 nequaquam
3341 5290 3638 5359 recedatis,
3669 5305 3775 5344 nec
3800 5306 3835 5344 a

2193 5387 2377 5459 capite
2390 5385 2829 5456 dissideatis,sed
2843 5385 3017 5442 ﬁdem
3037 5390 3095 5441 et
3114 5385 3375 5442 ordinem
3394 5401 3568 5458 quem
3585 5383 3832 5455 apostoli

2193 5485 2254 5536 et
2265 5479 2562 5552 apostolici
2581 5479 2684 5534 viri
2699 5482 3019 5535 statuerunt
3037 5479 3248 5552 absque
3261 5479 3622 5535 haesitatione
3638 5482 3834 5533 tenea-

2190 5575 2428 5631 tis.Nam
2442 5574 2485 5629 si
2499 5573 2778 5630 columnae
2789 5573 3026 5646 alicujus
3037 5590 3262 5645 magna:
3274 5574 3476 5629 domus
3487 5571 3830 5639 corruet-int,

2191 5669 2315 5742 ipsa
2343 5671 2540 5741 postea
2558 5669 2762 5724 domus
2793 5667 3037 5724 minime
3059 5667 3243 5724 stabit.
3268 5667 3356 5724 Sic
3391 5670 3448 5721 et
3479 5683 3578 5721 vos
3602 5666 3703 5739 qui
3733 5681 3830 5720 co-

2191 5764 2410 5820 lumnae
2426 5763 2687 5818 Ecclesiaa
2718 5762 2870 5833 estis,
2893 5762 2940 5818 si
2966 5762 3294 5819 labefactari
3313 5760 3615 5834 cmperitis,
3639 5763 3832 5815 sancta

2193 5857 2440 5916 Ecclesia
2458 5859 2600 5930 (quae
2610 5873 2713 5928 per
2725 5873 2820 5913 vos
2832 5837 3067 5930 regitur)
3084 5858 3331 5915 tabescet
3344 5859 3400 5914 et
3413 5856 3662 5927 labetur;
3684 5855 3829 5922 hac,
