4026 6166
255 213 358 264 185

1487 207 1957 266 DECRETALIUM
1994 209 2382 266 COLLECTIO.

3511 219 3610 273 l86

241 318 470 382 fratres,
500 331 626 387 quas
654 314 780 370 dico
801 315 961 372 valde
981 313 1235 371 timenda
1256 318 1407 385 sunt,
1432 320 1490 371 et
1508 334 1735 372 summo
1753 335 1876 372 mo-
1901 330 1959 403 Α
1979 318 2111 372 rari.
2144 320 2300 374 Justo
2328 318 2482 372 enim
2504 317 2720 389 judicio
2740 319 2838 375 Dei
2863 320 3028 375 datur
3050 318 3390 393 plerumque
3420 338 3615 393 pecca-

243 409 542 464 deramine
587 411 899 481 pensanda,
946 415 1116 482 atque
1167 427 1238 464 ne
1266 409 1402 465 ﬁant
1441 411 1724 480 cavenda;
1756 412 1879 483 ipsa

242 504 396 557 enim
411 504 625 558 Veritas
643 521 744 575 per
763 521 820 559 se
840 504 1009 559 dixit:
1032 526 1060 553 ‹‹
1082 505 1191 559 Vos
1207 504 1339 559 estis
1358 504 1437 558 sal
1455 509 1639 560 terra).
1654 505 1815 568 Quod
1833 505 1879 559 si

243 598 325 650 sal
349 598 743 665 evanuerit,in
765 616 878 670 quo
891 598 1158 652 salietur?
1192 599 1408 667 (Matth.
1435 616 1488 668 v,
1515 599 1595 669 13)
1619 603 1728 654 etc.
1750 599 1880 653 ldeo

239 707 352 756 vos,
385 691 726 760 charissimi,
751 709 976 759 moneo,
999 691 1132 764 quia
1158 693 1318 747 vobis
1351 692 1573 747 debitor
1617 709 1765 760 sum,
1823 696 1880 747 et

240 785 402 838 valde
424 803 522 840 vos
545 785 740 857 diligo.
772 788 838 840 Et
855 787 1082 857 quando
1097 786 1251 840 bona
1269 785 1436 840 audio
1464 785 1535 840 de
1555 786 1731 856 vobis,
1755 802 1881 842 con-

239 881 507 949 gratulor
527 880 680 946 satis,
699 885 755 934 et
776 884 1008 935 econtra
1031 881 1256 952 quando
1279 879 1535 947 adversa,
1549 880 1718 936 nimis
1738 897 1877 936 con-

236 973 465 1028 turbor.
487 975 604 1045 Ego
643 991 776 1028 vero
808 973 1066 1046 quamvis
1096 991 1129 1029 a
1181 974 1334 1028 vobis
1375 990 1479 1046 per
1509 975 1677 1046 longa
1706 980 1879 1030 terra-

236 1084 365 1120 rum
396 1068 696 1122 intervalla
722 1068 1036 1138 disjunctus
1083 1069 1209 1134 sim,
1246 1084 1373 1122 sum
1400 1071 1601 1122 tamen
1641 1070 1878 1124 omnino

235 1160 537 1215 vobiscum
577 1161 747 1216 corde
772 1161 1128 1232 conjunctus.
1153 1161 1401 1234 Ideoque
1427 1162 1496 1216 de
1523 1167 1707 1217 vestra
1734 1164 1876 1218 bea-

235 1253 488 1309 titudine
519 1272 658 1327 erga
684 1273 776 1311 me
807 1256 992 1310 modis
1022 1255 1287 1310 omnibus
1316 1256 1560 1324 conﬁdo,
1595 1256 1726 1327 quia
1749 1274 1880 1312 cum

239 1365 326 1402 me
353 1349 610 1403 vicissim
632 1349 866 1420 diligitis
892 1367 924 1404 a
951 1366 1046 1404 me
1073 1350 1246 1421 longe
1272 1366 1387 1404 non
1409 1350 1560 1416 estis,
1583 1351 1736 1406 unde
1758 1368 1876 1406 ma-

237 1443 319 1510 gis
341 1444 560 1513 gratias
585 1443 884 1498 referimus
905 1443 983 1497 illi
1002 1460 1183 1515 grano
1212 1444 1424 1516 sinapis
1448 1445 1597 1514 quod
1619 1461 1687 1499 ex
1703 1445 1880 1500 modi-

234 1536 281 1589 ci
309 1535 792 1608 despicabilisque
819 1537 1050 1592 seminis
1079 1537 1290 1608 specie,
1314 1538 1392 1593 ita
1411 1539 1582 1592 ramis
1595 1555 1663 1592 ex
1681 1539 1878 1593 eadem

233 1629 429 1684 radice
464 1631 830 1702 surgentibus
873 1636 1041 1702 atque
1083 1648 1141 1686 se
1191 1631 1643 1686 distendentibus
1675 1649 1879 1704 usque-

1979 412 2196 466 toribus
2236 415 2488 483 potestas
2525 429 2635 484 qua
2680 417 2904 469 sanctos
2949 414 3127 486 ipsius
3173 419 3611 487 persequantur,

1979 509 2043 560 ut
2093 506 2190 578 qui
2232 506 2448 577 Spiritu
2485 506 2580 560 Dei
2611 507 2882 578 juvantur
2928 511 2984 562 et
3028 513 3278 580 aguntur
3317 508 3459 563 ﬁant
3510 526 3614 581 per

1979 599 2236 654 laborum
2295 599 2563 655 exercitia
2609 601 2888 656 clariores.
2952 601 3035 656 Illi
3094 606 3283 656 tamen
3344 603 3444 674 qui
3505 603 3614 658 hoc

1981 698 2161 765 agunt
2187 694 2513 748 nullatenus
2544 694 2785 749 evadant
2825 711 3070 766 poenam,
3109 696 3262 767 quia,
3293 699 3359 750 ut
3393 697 3471 750 ait
3496 697 3612 751 Do-

1980 787 2172 842 minus
2205 805 2217 842 :
2247 807 2273 839 α
2303 789 2394 842 Vae
2424 787 2506 841 illi
2529 804 2633 858 per
2658 804 2830 858 quem
2858 788 3185 842 scandalum
3213 788 3369 843 venit
3389 791 3608 860 (Matth.

1978 898 2130 949 xvui,
2164 882 2251 953 7).~
2271 902 2298 931 ››
2329 883 2398 936 Et
2424 898 2753 953 quanquam
2769 881 2933 952 juxta
2954 881 3252 937 Salvatoris
3272 883 3613 938 sententiam

1977 992 2207 1031 necesse
2236 976 2309 1030 sit
2337 976 2528 1030 venire
2559 975 2842 1044 scandala,
2869 991 2954 1029 vas
2979 979 3167 1030 tamen
3193 992 3294 1046 per
3313 993 3483 1048 quem
3514 993 3610 1032 ve-

1980 1069 2166 1124 niunt.
2199 1071 2275 1125 De
2319 1070 2551 1124 occultis
2585 1069 2736 1124 enim
2776 1069 2958 1124 cordis
3002 1069 3171 1123 alieni
3209 1072 3422 1124 temere
3456 1069 3611 1140 judi-

1978 1175 2105 1213 care
2136 1165 2435 1230 peccatum
2457 1165 2560 1225 est,
2591 1164 2648 1213 et
2674 1175 2806 1213 eum
2830 1158 2991 1228 cujus
3019 1175 3134 1212 non
3157 1157 3420 1213 videntur
3441 1175 3614 1229 opera

1977 1253 2088 1307 nisi
2113 1252 2280 1322 bona,
2315 1253 2572 1325 iniquum
2604 1256 2689 1307 est
2731 1269 2799 1306 ex
2834 1253 3152 1322 suspicione
3194 1253 3613 1324 reprehendere

1979 1363 2112 1401 cum
2166 1364 2369 1402 eorum
2422 1364 2550 1418 quae.
2623 1346 2839 1401 homini
2903 1349 3036 1400 sunt
3106 1347 3410 1418 incognita,
3461 1347 3615 1401 solus

1979 1443 2126 1496 Deus
2168 1442 2347 1512 judex
2401 1441 2472 1495 sit
2515 1442 2721 1512 justus,
2785 1441 2882 1512 qui
2938 1440 3222 1511 inspector
3285 1446 3370 1495 est
3425 1457 3610 1496 verus.

1977 1536 2133 1591 Unde
2182 1537 2451 1607 scriptum
2498 1540 2583 1590 est
2614 1552 2627 1590 :
2656 1536 2872 1590 Incerta
2922 1551 3036 1589 non
3076 1534 3403 1606 judkemus
3428 1534 3614 1607 quoad

1981 1629 2107 1702 43
2134 1646 2316 1700 usque
2347 1629 2536 1685 veniat
2570 1629 2838 1684 Dominus
2863 1630 2961 1700 qui
3008 1629 3350 1684 illuminabit
3378 1629 3614 1684 abscon-

234 1739 466 1795 quaque
499 1725 772 1779 diffusum
821 1729 921 1794 est,
946 1725 1084 1779 utin
1123 1726 1205 1780 eis
1240 1725 1485 1780 volatilia
1523 1726 1647 1780 cceli
1683 1712 1956 1783 cunctaB
1981 1724 2099 1778 dita
2129 1725 2520 1790 tenebrarum,
2566 1729 2623 1778 et
2668 1723 3054 1777 manifestabit
3096 1723 3333 1777 consilia
3357 1723 3615 1778 cordium

233 1818 553 1872 nidiﬁcent.
599 1819 898 1889 Gratiaque
945 1821 1015 1873 sit
1059 1819 1344 1874 fermento
1378 1820 1456 1874 illi
1504 1821 1652 1891 quod
1698 1821 1878 1875 tribus

233 1912 439 1966 farinae
462 1914 597 1967 satis
624 1914 799 1968 totius
821 1913 1055 1968 humani
1073 1913 1294 1985 generis
1315 1931 1560 1969 massam
1582 1915 1641 1968 in
1665 1915 1880 1969 unitate

232 2007 569 2077 conspersit,
585 2012 754 2078 atque
783 2023 954 2078 parvo
983 2007 1160 2078 lapidi
1179 2008 1277 2078 qui
1310 2008 1584 2062 abscissus
1613 2009 1683 2062 de
1712 2025 1876 2062 mon-

237 2108 292 2156 te
320 2102 444 2155 sine
478 2101 765 2169 manibus,
802 2101 1098 2172 occupavit
1140 2101 1458 2157 universam
1496 2102 1702 2157 faciem
1730 2102 1881 2157 orbis

231 2201 400 2250 terrae
438 2212 451 2248 :
485 2195 586 2266 qui
614 2195 685 2249 ad
714 2195 821 2250 hoc
850 2198 1112 2250 naturam
1144 2199 1352 2250 nostrae
1385 2197 1588 2263 carnis,
1621 2202 1677 2250 et
1704 2199 1880 2250 status

230 2289 451 2344 servilis
473 2289 725 2343 formam
770 2305 1086 2356 assumens,
1137 2289 1430 2345 humiliter
1467 2306 1878 2362 usquequaque

229 2383 535 2448 distendit,
564 2387 631 2436 ut
653 2383 811 2438 omni
845 2385 1101 2438 humano
1150 2399 1360 2454 genere
1389 2383 1448 2438 in
1490 2383 1768 2439 unitatem
1797 2400 1882 2440 re-

230 2482 422 2545 dacto,
448 2481 621 2535 totius
644 2497 848 2552 corpus
880 2483 1103 2536 unitum
1143 2482 1443 2554 perﬁceret
1479 2482 1761 2550 Ecclesias,
1793 2485 1876 2536 at-

230 2592 342 2646 que
372 2576 456 2629 ita
487 2574 564 2628 ad
588 2574 762 2628 totius
791 2575 1144 2646 compaginis
1170 2576 1484 2647 pertineret
1513 2576 1881 2631 commodum

230 2669 634 2724 membrorum
673 2668 928 2740 partialis
955 2669 1063 2724 ista
1091 2669 1403 2725 distinctio.
1426 2671 1582 2725 Unde
1609 2686 1711 2724 nos
1737 2687 1878 2742 quo-

229 2781 343 2836 que
370 2780 404 2816 a
431 2763 594 2818 vobis
622 2764 790 2834 longe
817 2780 931 2818 non
945 2780 1160 2832 sumus,
1183 2765 1320 2836 quia
1337 2763 1398 2818 in
1423 2764 1520 2819 illo
1541 2764 1638 2836 qui
1664 2764 1879 2836 ubique

231 2861 316 2912 est
339 2874 534 2912 unum
563 2874 776 2912 sumus.
809 2860 1055 2929 Agamus
1103 2874 1242 2929 ergo
1268 2857 1316 2912 ei
1361 2858 1567 2929 gratias
1592 2858 1692 2930 qui
1723 2858 1878 2912 solu-

231 2951 301 3005 tis
339 2951 660 3006 inimicitiis
701 2951 760 3005 in
811 2968 978 3005 carne
1010 2969 1109 3006 sua
1134 2994 1148 3021 ,
1195 2951 1328 3007 fecit
1360 2954 1425 3006 ut
1465 2952 1524 3006 in
1565 2951 1720 3006 omni
1747 2951 1880 3006 orbe

234 3047 522 3099 terrarum
554 3061 702 3098 unus
749 3050 894 3100 esset
936 3061 1092 3116 grex,
1131 3049 1186 3100 et
1223 3062 1402 3100 unum
1443 3045 1584 3100 ovile
1615 3045 1718 3099 sub
1761 3061 1880 3099 uno
1901 3083 1956 3157 Ο

234 3144 483 3209 pastore,
505 3154 736 3210 semper
748 3155 1030 3194 memores
1045 3139 1198 3211 quod
1216 3155 1312 3193 vos
1332 3138 1588 3193 veritatis
1597 3139 1878 3194 Prmdica-

233 3237 326 3288 tor
342 3232 678 3299 admoneat,
693 3233 884 3288 dicens
903 3250 916 3287 :
935 3253 963 3285 «
988 3233 1232 3289 Sollicite
1252 3239 1466 3289 servate
1482 3233 1758 3288 unitatem
1775 3233 1884 3305 spi-

234 3328 374 3382 ritus
395 3327 460 3381 in
488 3326 718 3382 vinculo
754 3327 908 3398 pacis
933 3328 1148 3399 (Ephes.
1176 3345 1250 3395 1v,
1271 3329 1344 3400 3);
1369 3347 1397 3379 »
1420 3327 1708 3382 vinculum
1727 3327 1881 3382 enim

233 3421 389 3493 pacis
420 3438 595 3476 nemo
633 3426 821 3477 servat
864 3421 1002 3478 dum
1045 3423 1220 3478 alium
1259 3421 1510 3493 infestat,
1548 3425 1646 3477 aut
1672 3421 1878 3488 verbis,

236 3520 334 3570 aut
366 3515 533 3570 factis
556 3516 946 3588 persequitur.

306 3609 464 3676 Ideo,
493 3609 721 3677 fratres,
750 3611 859 3664 ista
887 3611 1262 3682 praetulimus,
1287 3610 1421 3683 quia
1446 3608 1764 3665 audivimus
1789 3609 1879 3664 in-

236 3703 324 3753 ter
350 3716 451 3753 vos
500 3699 888 3756 accusationes
932 3701 1198 3771 exerceri,
1244 3704 1302 3757 et
1343 3701 1536 3773 pulsos
1578 3717 1612 3755 a
1653 3699 1883 3754 sedibus

239 3793 561 3865 episcopos,
596 3797 695 3847 aut
724 3793 839 3848 suis
876 3794 1047 3849 rebus
1076 3794 1416 3866 exspoliatos
1437 3793 1702 3866 judicari.
1727 3793 1881 3857 Qua-

240 3888 479 3958 propter
522 3891 804 3942 statutum
833 3893 938 3957 est,
968 3893 1034 3943 ut
1071 3888 1116 3942 si
1164 3889 1290 3960 quis
1335 3893 1528 3943 contra
1553 3888 1883 3960 episcopum

242 3982 323 4035 vel
374 3986 612 4036 actores
649 3981 909 4036 Ecclesiae
961 3999 1020 4036 se
1081 3982 1380 4055 prOprium
1433 3981 1739 4038 crediderit
1781 3982 1880 4036 ha-

241 4074 372 4130 bere
398 4075 724 4146 negotium,
753 4093 867 4130 non
889 4075 1045 4147 prius
1071 4077 1237 4132 adeat
1260 4077 1481 4147 judices
1500 4092 1675 4148 quam
1696 4075 1768 4130 ad
1786 4091 1884 4130 eos

242 4173 501 4224 recurrat
530 4169 819 4223 charitatis
845 4169 1032 4224 studio
1053 4174 1116 4225 ut
1136 4170 1405 4226 familiari
1426 4170 1705 4240 colloquio
1727 4185 1880 4224 com-

243 4263 469 4328 moniti,
489 4279 553 4316 ea
567 4279 666 4316 san
674 4279 770 4317 are
785 4263 1052 4332 debeant,
1071 4280 1200 4336 quae
1212 4264 1271 4319 in
1282 4263 1698 4336 querimoniam
1711 4262 1885 4317 dedu-

250 4363 472 4410 cuntur.
500 4356 666 4419 Quod
697 4356 743 4410 si
777 4357 942 4412 aliter
967 4357 1151 4429 egerit
1176 4358 1580 4413 communione
1608 4356 1880 4428 privetur.

1981 1818 2028 1888 (Ι
2055 1820 2174 1876 Cor.
2199 1835 2272 1886 ιν,
2307 1819 2378 1890 5.)
2411 1820 2477 1872 Et
2505 1817 2757 1888 quamvis
2786 1833 2920 1871 vera
2949 1817 3080 1884 sint,
3128 1834 3242 1871 non
3271 1821 3462 1871 tamen
3489 1833 3611 1871 cre-

1984 1910 2171 1966 denda
2214 1915 2362 1977 sunt,
2397 1911 2506 1965 nisi
2552 1910 2716 1965 certis
2753 1909 2974 1964 indiciis
3012 1910 3477 1982 comprobentur,
3507 1909 3618 1964 nisi

1982 2021 2110 2076 qua:
2131 2005 2430 2059 manifesto
2453 2003 2670 2075 judicio
2700 2003 3134 2070 convincuntur,
3163 2003 3272 2058 nisi
3304 2020 3432 2075 qua:
3457 2003 3612 2074 judi-

1981 2099 2149 2152 ciario
2175 2099 2372 2153 ordine
2420 2098 2808 2170 publicantur.
2869 2097 3064 2151 Nullus
3115 2113 3250 2167 ergo
3300 2099 3489 2168 potest
3541 2113 3613 2152 ex

1981 2193 2234 2248 humano
2255 2192 2625 2247 condemnari
2642 2191 2907 2246 examine
2927 2207 3097 2262 quem
3120 2192 3268 2244 Deus
3287 2208 3387 2245 suo
3394 2190 3612 2261 judicio

1979 2287 2304 2342 reservavit.
2337 2287 2465 2341 Hazc
2487 2286 2680 2341 omnia
2707 2301 3069 2356 summopere
3091 2288 3223 2339 sunt
3249 2284 3614 2356 praecavenda

1983 2398 2053 2436 ne
2074 2385 2517 2452 praesumptores
2537 2396 2657 2434 esse
2677 2379 2986 2434 videamur.
3015 2380 3081 2432 Et
3102 2378 3382 2432 accusatio
3404 2377 3616 2449 episco-

1981 2491 2187 2546 porum
2215 2491 2329 2529 non
2361 2477 2447 2528 est
2486 2474 2648 2528 facile
2687 2473 3031 2544 recipienda,
3079 2471 3300 2526 dicente
3326 2470 3566 2526 Domino
3596 2485 3609 2526 :

1985 2591 2013 2617 ‹‹
2043 2569 2165 2623 Non
2197 2567 2464 2638 suscipias
2500 2583 2694 2622 vocem
2736 2565 3016 2621 mendacii
3057 2565 3248 2634 (Exod.
3286 2581 3438 2633 xxm,
3478 2566 3546 2636 l).
3581 2584 3610 2614 ››

1981 2662 2049 2716 Et
2061 2662 2363 2733 Apostolus
2384 2660 2570 2732 inquit
2592 2661 2858 2716 adversus
2877 2659 3273 2730 presbyterum
3297 2657 3612 2729 inscriptio-

1980 2771 2114 2810 nem
2139 2771 2256 2810 non
2278 2754 2668 2826 recipiendam
2699 2754 2912 2825 absque
2935 2753 3157 2808 duobus
3182 2753 3271 2806 vel
3296 2752 3474 2807 tribus
3493 2751 3613 2805 ido-

1980 2849 2102 2904 neis
2131 2849 2386 2904 testibus.
2415 2848 2472 2904 Si
2502 2849 2622 2904 haec
2664 2849 2735 2902 de
2763 2847 3103 2920 presbyteris
3131 2847 3218 2901 vel
3251 2844 3469 2901 caeteris
3485 2845 3617 2900 ﬁde-

1981 2943 2128 2998 libus
2155 2948 2289 2998 sunt
2315 2943 2705 3015 praecavenda,
2739 2945 2953 3013 quanto
2982 2940 3168 3012 magis
3194 2940 3262 2995 de
3288 2938 3564 3011 episcOpis
3587 2937 3616 2993 Ἰ

1979 3037 2196 3101 Quibus
2215 3037 2472 3108 cognitis,
2498 3035 2678 3107 magis
2697 3052 2794 3089 vos
2811 3035 3073 3090 damnari
3090 3033 3230 3088 velle
3251 3033 3615 3088 manifestum
3695 3087 3708 3096 ,,

1981 3136 2066 3186 est
2097 3148 2271 3202 quam
2321 3131 2614 3185 consulere
2674 3129 2966 3196 fratribus,
3015 3133 3113 3183 aut
3155 3133 3466 3182 sustentare
3499 3143 3614 3198 eos,

1981 3225 2113 3296 quia
2133 3225 2318 3280 honor
2344 3224 2505 3278 inflat
2529 3223 2875 3295 superbiam,
2896 3227 2953 3277 et
2975 3221 3130 3294 quod
3150 3222 3438 3294 provisum
3450 3219 3616 3277 estad

1983 3319 2346 3374 concordiam
2366 3319 2546 3374 tendit
2565 3318 2637 3373 ad
2657 3335 2884 3373 noxam.
2902 3319 3181 3372 Decuerat
3194 3333 3445 3387 namque
3454 3317 3621 3387 juxta

1982 3413 2250 3484 praefatae.
2278 3413 2526 3484 regulas,
2547 3417 2613 3467 ut
2641 3412 2686 3467 si
2709 3411 2926 3483 aliquid
2957 3411 3206 3483 egissent
3234 3417 3430 3465 contra
3451 3425 3619 3465 suum

1982 3507 2244 3561 ordinem
2292 3507 2566 3562 mandare
2594 3506 2776 3573 nobis,
2809 3510 2868 3560 et
2905 3508 3234 3578 exspectare
3261 3504 3398 3577 quid
3423 3503 3494 3559 ad
3523 3521 3616 3559 ve-

1982 3603 2100 3655 stra
2129 3601 2388 3655 consulta
2427 3599 2888 3665 rescriberemus,
2937 3599 3221 3653 intantum
3262 3601 3325 3652 ut
3363 3598 3410 3651 si
3445 3597 3622 3652 etiam

1985 3693 2257 3766 quidquid
2272 3709 2438 3766 grave
2461 3681 3000 3762 intolerandumque
3022 3692 3462 3758 committerent,
3483 3706 3619 3744 nos-

1984 3792 2071 3843 tra
2103 3787 2527 3860 prmstolaretur
2563 3802 2821 3856 censura,
2843 3789 2909 3840 ut
2935 3785 3078 3839 nihil
3097 3785 3256 3856 prius
3282 3786 3383 3839 aut
3401 3783 3620 3854 aliquid

1984 3882 2136 3938 aliud
2164 3881 2544 3938 decerneretis
2566 3897 2736 3952 quam
2755 3880 2908 3952 quod
2924 3879 3088 3934 nobis
3098 3879 3318 3950 placere
3338 3893 3618 3948 cognove-

1985 3977 2108 4032 ritis
2138 3981 2194 4032 et
2218 3993 2247 4030 a
2275 3975 2490 4047 regulis
2509 3975 2840 4044 prmstitutis
2864 3975 3018 4029 nulla
3043 3979 3141 4028 aut
3158 3970 3506 4044 negligentia
3523 3975 3624 4027 aut

1984 4070 2427 4144 prtesumptione
2458 4068 2818 4125 recederetis.
2851 4069 3043 4124 Cesset
3060 4065 3393 4138 hujusmodi
3427 4081 3622 4137 pressa

1988 4170 2180 4221 nostra
2207 4165 2544 4220 auctoritate
2599 4161 2990 4235 praesumptio,
3018 4161 3268 4217 vitentur
3293 4158 3623 4232 hujusmodi

1985 4264 2346 4325 nocumenta,
2364 4258 2499 4330 quia
2512 4274 2881 4329 nequaquam
2892 4255 3029 4311 talia
3040 4254 3480 4327 patienterferre
3490 4269 3623 4325 pos-

1985 4370 2182 4408 sumus
2198 4352 2678 4419 machinamenta,
2695 4351 2966 4422 quoniam
2983 4349 3250 4404 convenit
3261 4347 3428 4404 nobis
3438 4353 3626 4420 pater~

251 4448 420 4504 Nemo
447 4450 782 4521 pontiﬁcum
811 4450 1078 4522 deinceps
1114 4451 1367 4522 aliquem
1405 4450 1732 4522 episcopum
1766 4449 1882 4504 suis
1900 4459 1960 4532 Ι)
1983 4464 2189 4502 narum
2216 4446 2574 4501 sanctionum
2612 4445 2914 4516 diligentes
2960 4461 3079 4498 esse
3119 4443 3394 4498 custodes.
3425 4441 3624 4497 Merito

253 4544 626 4615 exspoliatum
644 4544 831 4611 rebus,
846 4549 946 4599 aut
957 4561 991 4600 a
1001 4545 1130 4601 sede
1148 4546 1376 4617 pulsum
1388 4562 1455 4600 ex
1462 4544 1881 4600 communicare

254 4641 346 4691 aut
353 4638 620 4708 judicare
641 4641 968 4709 praesumat,
991 4638 1122 4711 quia
1138 4656 1254 4695 non
1283 4645 1366 4695 est
1385 4638 1746 4712 privilegium
1767 4653 1880 4710 quo

251 4732 543 4804 exspoliari
575 4732 753 4803 possit
773 4733 893 4804 jam
921 4733 1182 4788 nudatus.
1211 4735 1405 4788 Nullus
1427 4733 1717 4805 episcopus
1743 4733 1879 4787 alte-

254 4825 360 4880 rius
370 4825 787 4898 parochianum
800 4831 1108 4898 praesumat
1121 4828 1365 4883 retinere
1376 4830 1473 4882 aut
1483 4827 1744 4882 ordinare
1762 4825 1885 4881 abs-

251 4936 355 4990 que
381 4921 508 4990 ejus
534 4921 823 4976 voluntate
843 4922 928 4975 vel
943 4921 1222 4992 judicare,
1250 4921 1382 4993 quia
1414 4921 1557 4976 sicut
1575 4920 1736 4974 irrita
1761 4919 1883 4990 ejus

252 5013 355 5068 erit
379 5013 693 5080 ordinatio,
722 5014 800 5068 ita
827 5019 883 5069 et
907 5015 1260 5086 dijudicatio,
1289 5015 1559 5087 quoniam
1593 5029 1885 5069 censemus

251 5107 471 5163 nullum
489 5107 727 5163 alterius
738 5107 965 5179 judicis,
985 5109 1094 5164 nisi
1105 5109 1210 5178 sui,
1229 5109 1507 5165 sententia
1522 5107 1725 5163 teneri.
1741 5108 1883 5162 Nam

252 5202 346 5272 qui
371 5218 510 5258 eum
529 5201 797 5257 ordinare
826 5218 943 5257 non
974 5204 1174 5274 potuit,
1197 5219 1301 5260 nec
1323 5203 1580 5275 judicare
1608 5202 1886 5257 ullatenus

254 5297 479 5366 poterit.
516 5297 625 5350 Ista
654 5296 811 5351 enim
837 5297 994 5351 vobis
1017 5296 1284 5369 deinceps
1313 5297 1576 5367 tenenda,
1608 5301 1664 5351 et
1684 5296 1887 5351 fratres

251 5389 492 5445 vicissim
506 5391 776 5462 adjuvare
788 5390 1145 5447 mandamus.
1161 5392 1382 5446 Fratres
1403 5409 1538 5446 vero
1560 5406 1700 5462 quos
1713 5389 1885 5445 timo-

254 5489 555 5540 reterreno
571 5484 784 5556 injuste
804 5483 1136 5554 damnastis,
1155 5485 1349 5541 scitote
1369 5502 1402 5540 a
1420 5485 1583 5540 nobis
1593 5485 1746 5556 juste
1767 5500 1887 5539 esse

254 5579 559 5634 restitutos.
577 5579 793 5643 Quibus
808 5597 877 5636 ex
894 5581 1221 5636 auctoritate
1237 5580 1410 5636 sancti
1424 5578 1576 5634 Petri
1590 5585 1646 5633 et
1662 5581 1886 5650 aposto-

254 5670 354 5727 lica
367 5673 704 5728 auctoritate
724 5675 921 5730 omnia
934 5691 1062 5746 qua:
1085 5674 1164 5729 eis
1179 5673 1363 5729 ablata
1378 5679 1509 5728 sunt
1525 5671 1891 5744 integerrime

258 5767 418 5824 reddi
459 5768 847 5839 praecipimus,
897 5769 943 5824 si
972 5785 1090 5824 non
1133 5767 1299 5823 vultis
1339 5783 1458 5836 vos,
1507 5772 1565 5822 et
1606 5766 1892 5839 principes

258 5860 429 5918 vestri
451 5877 487 5917 a
516 5861 756 5942 collegio
793 5865 988 5921 nostro
1034 5866 1092 5920 et
1131 5861 1403 5922 membris
1442 5859 1702 5918 Ecclesiae
1730 5875 1890 5934 sepa-

1981 4557 2235 4612 namque
2258 4557 2427 4595 causa
2442 4557 2544 4595 nos
2564 4539 2790 4611 respicit
2805 4538 2848 4593 si
2870 4537 3095 4593 silentio
3113 4537 3398 4592 faveamus
3419 4535 3618 4591 errori.

1982 4638 2075 4692 Est
2093 4634 2586 4707 insuperasanctis
2604 4631 3117 4705 prmdecessoribus
3143 4631 3348 4686 nostris
3371 4629 3624 4718 plerum-

1983 4746 2093 4801 que
2115 4730 2240 4800 jam
2268 4730 2564 4796 statutum,
2592 4731 2659 4782 ut
2684 4742 2854 4781 nemo
2883 4726 3190 4780 anathema
3217 4725 3276 4780 in
3302 4726 3498 4779 nostra
3523 4740 3619 4778 su-

1982 4823 2252 4895 scipiatur
2277 4820 2654 4891 accusatione,
2684 4836 2788 4875 nec
2814 4819 2892 4874 illi
2924 4819 3023 4892 qui
3059 4835 3162 4873 nos
3195 4819 3255 4873 in
3298 4835 3398 4874 sua
3420 4817 3624 4874 nolunt

1983 4917 2237 4989 recipere
2278 4915 2510 4988 querela
2558 4915 2644 4970 vel
2688 4913 3064 4978 accusatione,
3112 4929 3242 4968 cum
3287 4929 3393 4968 nos
3449 4927 3622 4984 super

1983 5011 2109 5066 illos
2140 5011 2385 5066 sciamus
2407 5026 2446 5077 β
2473 5007 2714 5065 Domino
2745 5008 3100 5075 constitutos,
3147 5023 3262 5062 non
3295 5008 3422 5063 illos
3448 5019 3622 5078 super

1983 5121 2109 5161 nos.
2142 5106 2207 5160 Et
2235 5105 2379 5159 sicut
2406 5103 2589 5175 major
2637 5120 2756 5158 non
2803 5107 2986 5174 potest
3027 5119 3061 5157 a
3102 5102 3322 5157 minore
3352 5099 3619 5172 judicari,

1987 5200 2064 5254 ita
2085 5215 2189 5255 nec
2210 5199 2485 5270 colligari,
2507 5197 2643 5269 quia
2662 5213 2859 5252 rarum
2872 5200 2956 5252 est
2969 5213 3138 5252 omne
3148 5195 3301 5268 quod
3317 5208 3616 5265 magnum,

1988 5300 2093 5349 est.
2115 5295 2408 5348 Portemus
2429 5309 2602 5347 onera
2624 5291 2883 5347 omnium
2899 5289 3002 5364 qui
3018 5293 3347 5363 gravantur,
3361 5285 3618 5359 quinimo

1988 5388 2110 5442 haec
2140 5389 2330 5459 portat
2363 5386 2423 5441 in
2452 5386 2616 5441 nobis
2644 5385 2843 5442 beatus
2884 5385 3174 5457 apostolus
3206 5384 3423 5449 Petrus,
3457 5375 3619 5450 cujus

1987 5481 2105 5537 vice
2123 5480 2419 5551 fungimur
2437 5480 2737 5552 legatione,
2761 5486 2819 5534 et
2837 5480 2996 5550 cujus
3016 5475 3212 5548 regula
3234 5473 3620 5530 informamur

1988 5580 2274 5647 quatenus
2299 5575 2423 5646 ejus
2471 5573 2597 5628 fulti
2623 5573 2835 5629 auxilio
2885 5573 2956 5626 ab
2978 5569 3243 5625 omnibus
3285 5584 3435 5623 nunc
3469 5571 3526 5624 et
3557 5567 3615 5625 in

1990 5673 2330 5742 perpetuum
2360 5673 2630 5724 tueamur
2652 5665 2918 5721 adversis.
2953 5665 3109 5718 Data.
3137 5679 3251 5718 χχιι
3277 5662 3470 5718 Kalen.
3498 5665 3615 5722 Au-

1993 5763 2162 5837 gusti,
2195 5762 2491 5821 Valeriano
2520 5765 2578 5819 et
2600 5760 2765 5817 Decio
2795 5760 2858 5814 IV
2884 5773 2964 5814 cc.
2991 5757 3205 5816 consul.
