4026 6166
392 267 522 326 ’187
1302 262 1585 320 ΑΡΡΕΝΙ).
1627 260 1716 318 AD
1757 258 1917 316 SEO.
1961 261 1980 316 l

2197 256 2435 315 lSIDORI
2471 255 2900 315 MERCATORIS
3687 258 3787 312 188

428 388 3790 416 ________________________________________—______

982 537 1560 632 INCIPIUNT
1645 535 2170 628 DECRETA
2257 531 2774 627 DIONYSII
2864 529 3233 622 PAPIE.

1273 699 1453 766 (Anno
1482 695 1708 752 Domini
1739 698 1863 763 266,
1889 700 2148 766 tempore
2176 692 2415 762 Claudii,
2449 696 2514 747 ut
2539 691 2672 746 dicit
2697 689 2937 746 Platina.

490 917 789 973 DIONYSIUS
816 914 1111 986 episcopus
1131 914 1351 968 ΗΒΕΑΝο
1378 911 1643 983 prafecto
1665 910 1922 966 salutem.
2079 923 2138 994 Α
2157 909 2235 963 ris
2263 906 2556 980 sapientia
2588 904 2930 977 signiﬁcatio
2972 901 3304 974 disciplina,
3347 902 3656 957 exsecratio
3683 918 3792 957 au-

495 1011 800 1066 Summum
817 1009 1033 1062 bonum
1047 1010 1130 1062 est
1141 1022 1330 1061 amare
1346 1011 1602 1061 amantes
1622 1022 1701 1060 se.
1717 1007 1783 1060 Et
1803 1008 2050 1070 econtra,
2159 1006 2273 1058 tem
2302 999 2583 1073 peccatori
2609 1000 2830 1054 cultura
2849 997 2960 1052 Dei.
2986 997 3108 1065 Fili,
3140 997 3544 1069 concupiscens
3572 996 3798 1067 sapien-

421 1105 585 1178 pejus
612 1105 1052 1158 malumnonest
1075 1117 1249 1172 quam
1268 1104 1334 1155 ut
1353 1100 1498 1155 cives
1518 1098 2051 1154 civibusinvideant.
2158 1095 2318 1163 tiam,
2363 1110 2632 1149 conserva
2669 1092 2971 1164 justitiam,
3023 1096 3080 1146 et
3120 1091 3264 1146 Deus
3309 1090 3584 1162 prabebit
3633 1089 3796 1144 illam

419 1198 637 1254 Gratias
670 1195 951 1266 siquidem
989 1194 1213 1266 agimus
1254 1198 1364 1249 tua
1403 1193 1661 1247 charitati
1687 1191 1839 1264 quod
1863 1192 2055 1247 ﬁdeles
2156 1189 2281 1244 tibi.
2309 1187 2596 1261 Sapientia
2628 1187 2782 1241 enim
2827 1189 2885 1239 et
2909 1184 3208 1256 disciplina
3238 1184 3412 1239 timor
3440 1183 3688 1239 Domini.
3725 1183 3796 1237 Et

421 1291 600 1345 sancti
629 1289 777 1345 Petri
801 1289 946 1344 bene
989 1287 1222 1359 suscipis
1261 1291 1319 1341 et
1359 1287 1610 1357 adjuvas,
1659 1287 1807 1340 unde
1838 1285 1976 1340 scias
2002 1288 2056 1338 te
2158 1282 2312 1354 quod
2331 1281 2755 1354 beneplacitum
2791 1285 2875 1334 est
2899 1279 3000 1349 illi,
3032 1279 3172 1334 ﬁdes
3212 1282 3270 1333 et
3308 1277 3707 1344 mansuetudo,
3737 1281 3797 1332 et

417 1389 474 1438 et
503 1401 536 1438 a
567 1383 731 1438 nobis
771 1382 1094 1453 nostrisque
1120 1381 1305 1453 diligi,
1348 1385 1404 1435 et
1448 1380 1529 1434 tui
1565 1383 1909 1451 tuorumque
1939 1395 2054 1432 non
2155 1375 2492 1448 adimplebit
2515 1375 2813 1430 thesauros
2843 1373 2986 1444 ejus.
3015 1373 3327 1429 Contumax
3361 1389 3478 1427 non
3510 1372 3584 1426 sis
3618 1377 3676 1426 et
3699 1371 3792 1426 in-

421 1478 716 1532 modicum
734 1493 928 1531 curam
942 1475 1176 1530 habere.
1207 1475 1564 1545 Quapropter
1584 1479 1738 1527 tuam
1760 1473 2058 1527 hortamur
2156 1474 2437 1530 credibilis
2478 1474 2668 1528 timori
2717 1472 2962 1539 Domini,
2991 1476 3047 1527 et
3091 1488 3163 1526 ne
3193 1471 3488 1527 accesseris
3539 1471 3613 1525 ad
3659 1486 3796 1526 eum

421 1571 800 1640 dilectionem,
829 1575 894 1626 ut
917 1570 1130 1624 bonum
1152 1569 1304 1640 quod
1332 1567 1549 1640 coepisti
1575 1583 1800 1637 semper
1820 1565 2057 1637 implere
2158 1568 2368 1640 duplici
2390 1567 2579 1622 corde.
2614 1567 2691 1622 Ne
2725 1565 2903 1621 fueris
2933 1565 3228 1638 hypocrita
3263 1565 3323 1619 in
3349 1569 3651 1636 conspectu
3681 1565 3792 1618 ho-

417 1681 535 1721 non
562 1665 808 1730 differas,
851 1662 987 1736 quia
1028 1679 1144 1716 non
1172 1661 1438 1716 laudatur
1483 1660 1731 1730 initium,
1778 1660 1876 1714 sed
1906 1658 2052 1713 ﬁnis.
2156 1663 2399 1731 minum,
2425 1666 2482 1716 et
2510 1677 2622 1715 non
2650 1659 3038 1715 scandalizeris
3078 1657 3238 1714 labiis
3277 1659 3407 1714 tuis.
3451 1658 3688 1713 Attende
3735 1658 3794 1711 in

421 1757 776 1830 Sapientiam
802 1758 971 1811 etiam
1001 1761 1057 1812 te
1085 1756 1384 1810 hortamur
1417 1754 1673 1826 diligere,
1713 1756 1771 1808 et
1793 1752 2050 1819 scrutari,
2156 1756 2263 1810 illis
2287 1772 2359 1811 ne
2387 1756 2531 1810 forte
2563 1754 2747 1822 cadas,
2777 1758 2834 1808 et
2851 1770 3032 1825 ponas
3058 1752 3388 1808 scandalum
3416 1751 3625 1807 anima
3653 1755 3792 1815 tua,

421 1856 486 1906 ut
509 1850 919 1907 rationabiliter
948 1855 1005 1904 et
1045 1849 1334 1920 sapienter
1377 1847 1638 1919 disponas
1661 1851 1718 1902 et
1735 1846 1958 1918 judices
1987 1862 2054 1900 ea
2158 1855 2214 1905 et
2254 1849 2504 1904 adducas
2551 1847 3049 1903 inhonorationem
3093 1845 3233 1916 tibi,
3282 1849 3339 1901 et
3384 1846 3599 1900 revelet
3646 1847 3795 1899 Deus

420 1961 550 2018 qua
567 1945 667 2000 tibi
687 1944 992 1999 commissa
1010 1945 1160 2010 sunt,
1185 1943 1406 1997 dicente
1432 1941 1675 1996 Domino
1695 1957 1798 2012 per
1816 1939 2059 2012 prophe-
2158 1943 2437 1998 absconsa
2465 1945 2580 1997 tua.
2608 1943 2716 1997 Pro
2749 1941 2859 1996 ﬁde
2883 1927 3058 1996 frater
3083 1943 3141 1996 et
3151 1939 3377 2011 justitia
3395 1956 3459 1994 ac
3486 1956 3588 2011 pro
3608 1940 3794 1994 salute

419 2043 562 2094 tam.
589 2058 618 2090 ι(
638 2037 958 2093 Erudimini
980 2037 1078 2108 qui
1092 2035 1361 2108 judicatis
1382 2040 1590 2091 terram
1620 2036 1787 2106 (Psal.
1813 2051 1871 2104 II,
1900 2035 2002 2105 10).
2027 2055 2055 2083 ››
2158 2037 2364 2092 animae
2396 2040 2507 2090 tua
2544 2039 2699 2090 certa
2725 2050 2972 2107 semper,
3007 2039 3065 2089 et
3096 2051 3198 2106 pro
3239 2033 3520 2105 adjutorio
3548 2034 3797 2089 fratrum

423 2134 584 2187 Time
615 2147 752 2202 ergo
795 2133 977 2185 Deum
1023 2135 1079 2184 et
1119 2130 1389 2184 mandata
1423 2130 1544 2200 ejus
1570 2145 1750 2198 serva,
1806 2133 1862 2183 et
1885 2127 2059 2198 dilige
2157 2130 2396 2186 viriliter
2422 2147 2550 2202 age,
2585 2133 2701 2184 uta
2727 2128 2966 2184 Domino
2995 2127 3234 2200 recipias
3249 2129 3793 2184 remunerationem.

426 2242 560 2281 eum
604 2225 735 2280 totis
783 2222 1110 2292 visceribus,
1159 2228 1215 2277 et
1242 2222 1566 2294 proximum
1611 2226 1773 2276 tuum
1813 2221 1955 2275 sicut
1984 2224 2117 2296 te:
2160 2224 2446 2296 Scriptum
2475 2226 2560 2278 est
2585 2222 2739 2277 enim
2767 2238 2780 2276 :
2818 2244 2846 2271 «
2879 2222 3000 2292 Fili,
3033 2238 3303 2277 conserva
3327 2226 3573 2294 tempus,
3609 2225 3668 2275 et
3693 2221 3791 2276 de-

423 2320 631 2390 ipsum.
662 2319 812 2372 Deus
840 2315 1148 2371 altissimus
1189 2315 1401 2370 creavit
1439 2315 1780 2386 sapientiam
1804 2314 1863 2368 in
1890 2313 2060 2385 Spiri—
2079 2294 2136 2367 Β
2160 2317 2275 2372 vita
2296 2333 2330 2371 a
2347 2316 2518 2384 malo,
2535 2333 2640 2388 pro
2657 2315 2848 2370 anima
2870 2320 2967 2371 tua
2987 2331 3103 2370 non
3121 2315 3486 2370 confundaris
3507 2315 3694 2370 dicere
3707 2331 3797 2370 ve-

424 2414 490 2465 tu
516 2413 728 2464 sancto.
757 2411 824 2464 Et
847 2408 987 2463 vidit
1017 2411 1074 2463 et
1113 2407 1494 2463 dinumeravit
1522 2410 1578 2462 et
1613 2423 1843 2462 mensus
1875 2411 1978 2473 est,
2006 2410 2064 2461 et
2160 2427 2290 2466 rum
2314 2411 2592 2480 (Eccli.1v,
2615 2413 2703 2477 23,
2726 2410 2832 2480 24).
2867 2431 2893 2460 ››
2923 2412 3019 2465 Est
3045 2409 3200 2465 enim
3220 2409 3474 2464 confusio
3505 2408 3796 2464 adducens

431 2504 630 2560 effudit
656 2504 809 2558 illam
834 2519 1009 2575 super
1028 2501 1219 2557 omnia
1244 2518 1420 2574 opera
1437 2517 1557 2569 sua,
1585 2506 1641 2556 et
1655 2515 2062 2573 superomnem
2161 2509 2479 2576 peccatum,
2512 2509 2568 2559 et
2598 2508 2682 2559 est
2707 2503 2960 2559 confusio
2987 2504 3270 2559 adducens
3296 2502 3538 2574 gloriam
3569 2508 3626 2557 et
3661 2519 3794 2574 gra-

427 2615 676 2654 camem.
708 2597 1034 2654 Secundum
1061 2597 1262 2651 datum
1295 2612 1460 2651 suum
1486 2594 1732 2668 prabuit
1758 2594 1913 2649 illam
1941 2593 2060 2649 dili—
2163 2598 2317 2654 tiam.
2347 2600 2427 2653 Ne
2455 2597 2700 2670 accipias
2722 2597 2927 2652 faciem
2954 2597 3221 2653 adversus
3247 2597 3452 2652 faciem
3481 2601 3662 2665 tuam,
3689 2612 3796 2652 nec

429 2692 695 2764 gentibus
742 2708 820 2747 se.
869 2692 1062 2746 Timor
1110 2689 1336 2744 Domini
1376 2688 1559 2761 gloria
1598 2693 1655 2744 et
1694 2688 1976 2761 gloriatio,
2008 2691 2064 2743 et
2161 2692 2427 2748 adversus
2463 2693 2713 2747 animam
2739 2697 2899 2747 tuam
2923 2691 3304 2747 mendacium.
3333 2691 3456 2747 Non
3486 2691 3798 2746 reverearis

423 2786 642 2853 laetitia,
675 2789 733 2840 et
772 2801 987 2840 corona
1027 2782 1438 2839 exsultationis.
1478 2782 1668 2838 Timor
1696 2781 1922 2837 Domini
1959 2782 2059 2837 de-
2160 2787 2487 2859 proximum
2503 2789 2668 2842 tuum
2686 2786 2750 2844 in
2771 2803 2903 2842 casu
2929 2802 3050 2853 suo,
3075 2801 3181 2840 nec
3206 2783 3457 2840 retineas
3473 2784 3712 2839 verbum
3736 2785 3797 2839 in

428 2879 661 2936 lectabit
685 2894 804 2945 cor,
834 2883 890 2932 et
915 2877 1071 2932 dabit
1096 2877 1351 2932 laetitiam
1379 2880 1437 2931 et
1479 2877 1751 2949 gaudium
1790 2877 1849 2931 in
1875 2875 2060 2948 longi-
2161 2884 2419 2952 tempore
2454 2880 2666 2935 salutis.
2699 2880 2818 2934 Non
2849 2879 3154 2934 abscondas
3182 2878 3521 2950 sapientiam
3547 2883 3711 2933 tuam
3737 2879 3798 2933 in

428 2971 628 3027 tudine
650 2971 897 3026 dierum.
931 2970 1172 3027 Timenti
1202 2971 1381 3026 Deum
1400 2970 1546 3026 bene
1564 2971 1743 3026 eritin
1772 2970 2059 3042 extremis,
2163 2974 2369 3029 decore
2399 2974 2542 3044 ejus.
2574 2976 2635 3029 ln
2663 2973 2862 3044 lingua
2888 2973 3041 3028 enim
3068 2973 3398 3045 agnoscitur
3415 2972 3708 3044 sapientia,
3743 2976 3800 3028 et

431 3071 488 3122 et
513 3067 571 3122 in
599 3066 688 3121 die
715 3065 1100 3121 defunctionis
1136 3081 1252 3120 sua
1295 3064 1686 3132 benedicetur,
1719 3064 1939 3119 dilectio
1965 3063 2062 3118 Dei
2162 3084 2379 3135 sensus,
2409 3073 2466 3122 et
2495 3067 2748 3135 scientia,
2777 3071 2834 3122 et
2861 3066 3123 3122 doctrina
3146 3067 3206 3121 in
3234 3066 3417 3121 verbis
3441 3066 3709 3133 veritatis,
3741 3069 3800 3120 et

431 3159 780 3216 honorabilis
825 3159 1117 3231 sapientia.
1165 3158 1378 3223 Quibus
1418 3163 1609 3214 autem
1651 3157 1981 3229 apparuerit
2004 3157 2063 3212 in
2162 3161 2589 3216 firmamentum
2618 3160 2677 3215 in
2708 3160 2976 3232 operibus
2993 3160 3251 3232 justitia.
3283 3161 3408 3214 Non
3439 3159 3800 3214 contradicas

429 3255 557 3309 visu
583 3253 832 3325 diligunt
877 3268 1010 3307 eum
1058 3253 1118 3306 in
1158 3251 1390 3320 visione,
1437 3255 1495 3307 et
1520 3252 1579 3307 in
1623 3251 1916 3323 agnitione
1942 3267 2060 3306 ma-
2162 3254 2386 3310 veritati
2409 3255 2528 3309 ullo
2551 3254 2740 3324 modo,
2774 3257 2833 3309 et
2864 3254 2934 3310 de
2961 3254 3256 3310 mendacio
3276 3253 3668 3310 ineruditionis
3683 3258 3800 3309 tua

429 3347 692 3422 gnalium
719 3363 973 3402 suorum.
1014 3344 1246 3403 Initium
1277 3345 1568 3417 sapientia
1605 3345 1776 3400 timor
1817 3344 2060 3400 Domini.
2163 3347 2528 3404 confundere.
2557 3349 2680 3403 Non
2707 3347 3072 3403 confundaris
3110 3347 3366 3403 confiteri
3406 3352 3636 3419 peccata
3678 3349 3796 3416 tua,

429 3446 498 3500 Et
523 3458 653 3498 cum
693 3441 954 3496 ﬁdelibus
998 3440 1058 3495 in
1093 3441 1258 3495 vulva
1302 3444 1632 3495 concreatus
1682 3444 1785 3510 est,
1831 3442 1890 3494 et
1935 3455 2065 3494 cum
2165 3446 2220 3498 et
2244 3457 2316 3497 ne
2343 3441 2607 3513 subjicias
2627 3446 2682 3496 te
2708 3440 2928 3496 homini
2955 3458 3060 3514 pro
3095 3444 3344 3514 peccato.
3386 3441 3508 3496 Noli
3533 3441 3800 3496 resistere

431 3537 623 3592 electis
647 3534 874 3590 feminis
896 3534 1172 3605 graditur,
1197 3539 1254 3590 et
1274 3533 1586 3604 cumjustis
1602 3533 1863 3588 fidelibus
1883 3549 2062 3604 agno-
2167 3540 2364 3591 contra
2390 3535 2592 3590 faciem
2639 3535 2902 3606 potentis,
2958 3551 3062 3590 nec
3105 3535 3326 3590 coneris
3376 3539 3572 3590 contra
3617 3534 3801 3590 ictum

431 3631 626 3686 scitur.
657 3629 850 3684 Timor
879 3628 1105 3684 Domini
1146 3628 1394 3683 scientia
1436 3627 1794 3699 religiositas,
1834 3626 2063 3698 religio-
2087 3671 2142 3746 Ο
2165 3629 2341 3686 ﬂuvii.
2365 3631 2470 3685 Pro
2489 3629 2712 3701 justitia
2734 3629 3036 3701 agonizare
3059 3645 3163 3701 pro
3184 3630 3375 3684 anima
3401 3635 3519 3698 tua,
3539 3632 3596 3682 et
3616 3645 3800 3702 usque

436 3725 565 3746 A21-..
598 3722 872 3746 ----L-J:-L
897 3727 946 3746 Αι
967 3721 1292 3746 ε..-ι;ημ.ι.;ι
1315 3738 1406 3746 -.ι-
1453 3721 1875 3746 ιζ.-,..ε...,]ε.1.ιιιι...
1896 3726 2061 3746 ,ιιι-...Α
2171 3724 2234 3746 -.1
2265 3726 2501 3746 ____1-_.
2557 3725 2699 3746 --..l.-
2741 3740 2840 3746 υ..-
2897 3722 3102 3746 ζ---ι;ι;-
3174 3727 3224 3746 -1.
3267 3724 3407 3746 n---_
3450 3723 3798 3746 ---η-..-ιιι

430 3725 567 3782 sitas
593 3722 875 3779 custodiet
893 3727 949 3778 et
960 3721 1295 3793 justiﬁcabit
1310 3738 1425 3791 cor,
1446 3721 1881 3792 jucundidatem
1893 3726 2064 3793 atque
2089 3721 2142 3746 υ
2167 3724 2238 3778 ad
2265 3726 2507 3779 mortem
2551 3725 2705 3777 certa
2741 3740 2845 3794 pro
2890 3722 3128 3794 justitia,
3170 3727 3228 3778 et
3266 3724 3410 3778 Deus
3446 3723 3802 3794 expugnabit

434 3817 710 3892 gaudium
731 3817 903 3873 dabit.
927 3816 1170 3872 Timenti
1191 3817 1364 3872 Deum
1390 3815 1536 3872 bene
1557 3815 1682 3871 erit.
1707 3816 1776 3870 Et
1795 3815 1852 3870 in
1871 3814 2067 3870 diebus
2165 3835 2269 3889 pro
2297 3822 2353 3872 te
2379 3817 2640 3872 inimicos
2653 3819 2800 3887 tuos,
2830 3819 2889 3871 et
2911 3833 3005 3872 eos
3025 3820 3241 3872 evertet
3253 3816 3507 3885 viriliter,
3520 3815 3640 3872 noli
3658 3817 3799 3872 cita-

432 3912 936 3970 consummationis
963 3912 1112 3968 illius
1131 3910 1518 3967 benedicetur.
1537 3909 1833 3965 Plenitudo
1847 3909 2067 3980 sapien-
2165 3915 2256 3966 tus
2286 3926 2405 3966 esse
2431 3910 2492 3965 in
2514 3911 2712 3982 lingua
2731 3913 2829 3965 tua
2850 3915 2906 3966 et
2930 3910 3148 3966 inutilis
3173 3914 3230 3966 et
3249 3910 3585 3967 remissusiu
3609 3911 3798 3982 operi-

431 4008 527 4064 tia
554 4011 639 4063 est
660 4006 862 4062 timere
889 4008 1090 4074 Deum,
1119 4008 1175 4060 et
1202 4002 1504 4076 plenitudo
1527 4019 1560 4055 a
1591 4000 1867 4056 fructibus
1890 4000 2063 4056 illius.
2164 4003 2686 4059 bustuis.Noliesse
2699 4004 2942 4060 sicutleo
2955 4004 3014 4059 in
3031 4004 3200 4060 domo
3214 4004 3801 4076 tua,evertensdome«

427 4103 672 4158 Omnem
713 4100 945 4154 domum
986 4098 1138 4154 illius
1192 4095 1448 4168 implevit
1498 4112 1532 4149 a
1577 4094 2065 4166 generationibus,
2167 4097 2332 4152 sticos
2353 4101 2477 4152 tuos
2499 4100 2557 4152 et
2577 4098 2904 4170 opprimens
2924 4098 3209 4172 subjectos
3227 4099 3349 4154 tibi.
3370 4101 3492 4154 Non
3515 4099 3587 4154 sit
3599 4115 3800 4172 porre-

430 4198 487 4250 et
507 4193 860 4265 receptacula
889 4208 922 4246 a
971 4189 1253 4247 thesauris
1306 4188 1472 4244 illius.
1517 4189 1738 4244 Corona
1774 4187 2067 4260 sapientia
2167 4194 2254 4248 cta
2272 4208 2474 4247 manus
2495 4196 2593 4247 tua
2617 4191 2689 4246 ad
2711 4192 3100 4265 accipiendum
3117 4202 3173 4249 et
3189 4193 3263 4248 ad
3280 4193 3533 4250 dandum
3546 4193 3800 4250 collecta.

429 4286 602 4343 timor
626 4286 874 4356 Domini,
901 4285 1128 4357 replens
1158 4300 1358 4356 pacem
1395 4288 1452 4339 et
1482 4283 1678 4338 salutis
1712 4282 1980 4352 fructum,
2011 4287 2068 4338 et
2167 4286 2351 4358 (Ibid.,
2369 4289 2437 4342 25
2452 4286 2789 4359 etseqq.)His
2818 4287 2992 4342 fultus
3013 4287 3429 4360 Scripturarum
3446 4288 3801 4345 auctoritati-

428 4380 575 4436 vidit
601 4383 658 4436 et
681 4379 1062 4435 dinumeravit
1087 4395 1237 4435 eam.
1265 4381 1511 4450 Utraque
1537 4381 1728 4432 autem
1765 4381 1898 4432 sunt
1921 4377 2068 4434 dona
2165 4379 2272 4435 bus
2301 4396 2551 4452 semper,
2583 4385 2669 4437 sta
2694 4385 2879 4436 rectus
2898 4385 2955 4436 et
2979 4396 3014 4436 a
3036 4380 3124 4436 via
3143 4381 3394 4438 veritatis
3412 4398 3485 4438 ne
3505 4382 3802 4453 avertaris,

427 4475 550 4546 Dei,
604 4473 839 4530 scientia
881 4477 938 4528 et
978 4472 1311 4528 intellectus.
1344 4470 1627 4544 Sapientia
1664 4470 2068 4543 compartietur
2165 4478 2231 4530 ut
2257 4474 2501 4546 gratiam
2529 4475 2628 4531 Dei
2657 4490 2884 4547 semper
2908 4474 3184 4548 acquiras,
3211 4479 3269 4531 et
3299 4476 3579 4532 bonorum
3606 4477 3803 4532 homi-

428 4568 752 4645 prudentia
785 4575 842 4624 et
886 4567 1130 4640 gloriam
1171 4565 1492 4623 tenentium
1527 4581 1585 4621 se
1630 4564 1858 4621 exaltat.
1890 4564 2067 4621 Radix
2165 4585 2307 4624 num
2323 4569 2581 4626 amicitia
2599 4585 2828 4642 semper
2846 4569 3070 4638 fruaris,
3088 4572 3363 4644 tantoque
3384 4570 3710 4626 tuafacilius
3731 4571 3805 4628 ab

428 4664 724 4737 sapientia
740 4666 826 4719 est
843 4661 1049 4718 timere
1071 4662 1274 4728 Deum,
1290 4659 1436 4716 rami
1454 4658 1608 4716 enim
1631 4658 1783 4715 illius
1798 4658 2064 4730 longavi,
2170 4679 2368 4719 amore
2379 4662 2550 4735 hujus
2565 4663 2755 4718 saculi
2771 4680 2935 4719 mens
2965 4669 3148 4735 exeat,
3177 4670 3392 4737 quanto
3413 4669 3470 4720 et
3488 4665 3808 4737 impellitur

429 4747 493 4820 in
518 4757 804 4816 thesauris
818 4755 1133 4830 sapientia,
1147 4755 1468 4811 intellectus
1480 4757 1538 4808 et
1547 4751 1816 4823 scientia,
1830 4752 2064 4824 religio-
2168 4757 2305 4812 dum
2326 4758 2576 4812 vocatur.
2599 4759 2742 4812 Nam
2759 4774 2854 4813 vos
2866 4763 2922 4813 et
2937 4763 3243 4830 prasentes
3261 4759 3455 4814 videre
3468 4759 3732 4832 cupimus
3748 4763 3810 4816 et

432 4855 588 4924 sitas,
612 4851 921 4909 exsecratio
938 4853 1133 4906 autem
1153 4847 1544 4922 peccatoribus
1555 4846 1852 4919 sapientia.
1874 4847 2070 4902 Timor
2167 4849 2494 4906 absentibus
2521 4851 2762 4923 colloqui
2803 4851 3002 4907 saltem
3049 4869 3154 4924 per
3191 4852 3486 4925 epistolam
3518 4852 3809 4908 desidera-

431 4947 662 5005 Domini
681 4946 924 5019 repellet
952 4949 1266 5017 peccatum,
1293 4959 1432 4998 nam
1463 4941 1561 5014 qui
1595 4941 1717 4996 sine
1754 4941 1957 4997 timore
1983 4944 2069 4996 est
2166 4961 2314 5000 mus.
2340 4944 2500 5000 Unde
2533 4950 2798 5017 optamus
2831 4951 2894 5001 ut
2929 4962 3029 5002 vos
3055 4945 3253 5002 beatus
3286 4949 3482 5002 Petrus
3517 4947 3807 5018 apostolo-

431 5059 552 5098 non
576 5041 784 5114 poterit
803 5039 1122 5112 justiﬂcari.
1170 5036 1464 5093 Iracundia
1503 5035 1660 5124 enim
1695 5035 2067 5092 animositatis
2085 5046 2144 5120 D
2167 5055 2296 5094 rum
2326 5037 2589 5110 princeps
2616 5038 2690 5093 ad
2718 5055 2818 5093 sua
2842 5038 3045 5094 limina
3073 5039 3310 5096 feliciter
3336 5041 3631 5112 perducat,
3659 5057 3806 5113 qua-

432 5137 585 5193 illius
614 5134 900 5191 subversio
930 5133 1082 5188 illius
1112 5135 1215 5187 est.
1257 5132 1446 5202 Usque
1489 5129 1549 5184 in
1577 5134 1804 5201 tempus
1829 5131 2068 5186 sustine-
2171 5135 2336 5188 tenus
2356 5133 2415 5187 in
2438 5132 2851 5204 omnipotentis
2871 5134 3048 5204 gratia
3065 5134 3282 5204 perfrui
3309 5140 3493 5190 vestra
3515 5135 3808 5207 pauitan-

431 5229 518 5288 bit
540 5229 782 5304 patiens,
835 5233 892 5283 et
939 5231 1137 5299 postea
1178 5224 1419 5281 redditio
1455 5223 1845 5295 jucunditatis.
1882 5225 2070 5280 Bonus
2170 5227 2245 5281 tia
2267 5243 2612 5282 mereamur.
2644 5227 2782 5281 Data
2808 5243 2860 5281 ιν
2883 5228 3070 5284 Nonas
3098 5228 3386 5284 Februarii
3411 5230 3720 5286 Aureliano
3749 5236 3814 5286 et

431 5342 635 5384 sensus
657 5339 834 5396 usque
879 5321 951 5376 ad
991 5324 1219 5392 tempus
1261 5317 1576 5374 abscondet
1611 5317 1781 5372 verba
1806 5317 1977 5387 illius,
2013 5322 2073 5374 et
2171 5320 2335 5376 Basso
2364 5322 2430 5377 ιν
2449 5337 2531 5376 cc.
2561 5319 2774 5376 consul.

432 5419 585 5479 labia
609 5417 924 5475 multorum
940 5413 1293 5471 enarrabunt
1312 5428 1544 5469 sensum
1565 5410 1736 5466 illius.
1767 5412 1828 5467 In
1849 5411 2071 5469 thesau-

946 5598 1371 5672 EPISTOLA
1417 5591 1796 5667 DIONYSII
1841 5592 2101 5666 PAPIE
2147 5597 2267 5666 AD
2314 5595 2729 5671 SEVERUM
2774 5599 3281 5672 EPISCOPUM.

504 5739 807 5798 DIONYSIUS
835 5740 1129 5812 episcopus
1157 5737 1370 5794 SEVERO
1400 5734 1665 5808 episcopo
1693 5734 1959 5790 salutem.
2165 5737 2553 5808 apostolorum
2578 5737 2834 5810 principe
2864 5737 3150 5807 fiduciam,
3181 5743 3244 5794 ut
3261 5738 3577 5795 habeamus
3605 5742 3811 5794 aucto-

506 5831 655 5896 Olim
676 5837 734 5890 et
756 5834 827 5890 ab
846 5833 1008 5892 initio
1029 5839 1244 5892 tantam
1268 5831 1631 5908 percepimus
1655 5845 1689 5886 a
1712 5829 1880 5887 beato
1899 5831 2066 5886 Petro
2166 5830 2398 5887 ritatem
2423 5832 2727 5890 universali
2765 5832 3025 5890 Ecclesia
3055 5833 3362 5890 auxiliante
3399 5832 3637 5889 Domino
3667 5832 3814 5920 sub:
