4026 6166
217 228 317 281 189

1478 216 1948 278 DECRETALIUM
1986 221 2371 279 COLLECTIO.
2446 187 2455 198 ’

3479 229 3580 284 190

207 332 402 388 venire
426 335 487 386 et
509 329 789 403 quidquid
817 328 1046 385 noxium
1074 333 1162 384 est
1183 329 1515 385 auctoritate
1535 331 1843 402 apostolica
1864 344 1922 417 Α
1943 334 2136 386 tamen
2163 331 2268 402 ipsi
2293 331 2454 403 digni
2475 335 2531 386 et
2555 331 3080 404 irreprehensibiles
3107 333 3494 406 apparuerint,
3520 341 3579 392 et

207 425 496 496 corrigere
523 429 580 480 et
604 424 930 480 emendare.
953 424 1038 479 Ad
1068 424 1176 479 hoc
1207 423 1360 478 enim
1389 423 1593 478 divinas
1621 425 1844 496 dispen-

209 520 447 576 sationis
479 519 724 591 provisio
757 520 963 591 gradus
995 523 1052 573 et
1087 519 1334 574 diversos
1365 518 1659 574 constituit
1687 519 1845 573 ordi-

205 631 308 669 nes
349 630 474 669 esse
518 613 830 680 distinctos,
875 619 939 668 ut
987 611 1126 667 dum
1176 613 1554 668 reverentiam
1596 612 1846 667 minores

207 706 527 778 potioribus
547 706 902 773 exhiberent,
924 709 980 761 et
999 707 1246 777 potiores
1264 707 1578 761 minoribus
1598 705 1845 761 dilectio-

208 817 339 856 nem
360 800 784 871 impenderent,
798 817 911 855 una
927 799 1242 854 concordiae
1256 799 1419 854 ﬁeret
1440 816 1508 854 ex
1525 799 1844 855 diversitate

207 894 588 964 contextio,et
606 899 755 949 recte
771 894 1091 949 ofﬁciorum
1111 893 1846 966 generareturadministra-

205 990 281 1042 tio
311 989 699 1059 singulorum.
731 989 922 1059 Neque
951 987 1106 1042 enim
1132 988 1466 1042 universitas
1493 987 1600 1041 alia
1626 992 1846 1059 poterat

202 1084 425 1137 ratione
450 1082 773 1149 subsistere,
796 1081 902 1136 nisi
923 1081 1248 1152 hujusmodi
1272 1097 1518 1152 magnus
1537 1098 1666 1135 eam
1690 1080 1845 1136 diffe-

203 1177 405 1231 rentiae
453 1176 596 1230 ordo
645 1179 914 1230 servaret.
961 1175 1106 1240 Quia
1148 1192 1280 1231 vero
1327 1179 1584 1230 creatura
1625 1176 1684 1230 in
1727 1193 1844 1230 una

203 1270 520 1341 eademque
533 1269 854 1341 aequalitate
870 1269 1175 1341 gubernari
1193 1269 1281 1324 vel
1295 1269 1481 1324 vivere
1502 1286 1616 1324 non
1633 1273 1839 1342 potest,

205 1364 528 1419 ctelestium
563 1362 895 1417 militiamm
935 1363 1224 1434 exemplar
1269 1379 1375 1418 nos
1418 1363 1666 1431 instruit,
1709 1364 1846 1435 quia

201 1459 334 1511 dum
377 1457 502 1512 sint
546 1457 754 1528 angeli,
800 1457 913 1511 sint
959 1457 1294 1528 archangeli
1334 1457 1516 1528 liquet
1553 1458 1684 1529 quia
1729 1475 1843 1512 non

203 1551 454 1622 aequales
488 1555 642 1617 sunt,
673 1551 772 1605 sed
802 1550 863 1604 in
895 1554 1175 1622 potestate
1202 1557 1258 1606 et
1286 1551 1485 1606 ordine
1516 1552 1661 1606 sicut
1695 1551 1845 1606 nosti

202 1645 390 1700 differt
415 1647 569 1700 alter
585 1645 656 1700 ab
681 1647 882 1701 altero.
905 1646 960 1702 Si
987 1664 1122 1718 ergo
1148 1649 1298 1703 inter
1323 1663 1420 1702 eos
1447 1645 1544 1718 qui
1573 1646 1694 1700 sine
1717 1661 1845 1716 pec-

1943 425 2080 480 actis
2109 425 2411 480 docuerint
2434 426 2674 496 publicis
2699 427 2856 481 omni
2879 444 2939 481 se
2965 443 3154 482 carere
3180 427 3499 499 suspicione
3521 433 3578 484 et

1943 518 2263 588 inimicitia,
2296 525 2352 574 et
2387 519 2947 590 irreprehensibilem
2984 520 3154 577 ﬁdem
3193 523 3575 577 conversatio-

1944 630 2192 686 nemque
2230 613 2457 669 ducere.
2489 613 2716 668 Nemini
2751 615 2904 668 enim
2935 615 3005 670 de
3036 632 3094 670 se
3124 615 3380 671 confesso
3419 617 3576 671 credi

1943 711 2128 779 potest
2155 723 2324 779 super
2349 707 2568 762 crimen
2607 707 2878 776 alienum,
2909 709 3177 780 quoniam
3207 710 3392 764 omnis
3421 709 3574 780 ejus-

1945 817 2057 872 que
2109 801 2193 856 rei
2237 801 2514 856 confessio
2559 800 2874 873 periculosa
2917 807 3037 872 est,
3087 807 3144 856 et
3189 803 3412 858 admitti
3457 820 3573 859 non

1944 895 2132 949 debet.
2157 895 2435 951 Similiter
2455 895 2626 950 alieni
2648 896 2856 950 erroris
2875 896 3090 950 socium
3114 898 3201 952 vel
3223 913 3256 951 a
3277 897 3363 951 sui
3381 897 3575 952 volun-

1945 989 2086 1043 tarie
2127 989 2398 1060 prOpositi
2445 988 2672 1044 tramite
2716 990 3098 1058 recedentem,
3134 995 3232 1044 aut
3268 990 3434 1045 sacris
3476 1008 3575 1062 pa-

1945 1086 2097 1136 trum
2119 1083 2333 1153 regulis
2354 1089 2410 1138 et
2433 1083 2933 1139 constitutionibus
2951 1083 3392 1149 inobedientem,
3408 1085 3574 1139 susci-

1941 1193 2077 1247 pere
2129 1194 2240 1231 non
2286 1194 2613 1249 possumus,
2654 1194 2760 1232 nec
2807 1178 3111 1247 debemus,
3161 1193 3262 1232 nec
3303 1177 3576 1248 impetere

1943 1276 2096 1326 recte
2125 1271 2418 1326 credentes
2447 1273 2534 1326 vel
2573 1278 2899 1327 sanctorum
2934 1274 3168 1326 Patrum
3199 1272 3576 1326 sanctionibus

1945 1363 2400 1436 obtemperantes
2440 1367 2858 1437 permittimus,
2909 1366 3043 1437 quia
3086 1365 3324 1420 infames
3373 1381 3575 1420 omnes

1945 1475 2066 1512 esse
2093 1475 2410 1530 censemus,
2443 1460 2542 1530 qui
2574 1477 2736 1515 suam
2773 1464 2872 1515 aut
2895 1459 3270 1514 Christianam
3303 1460 3574 1529 praevari-

1943 1558 2142 1607 cantur
2157 1554 2372 1624 legem,
2389 1554 2870 1625 autapostolicam
2886 1554 2974 1609 vel
2991 1555 3311 1624 regularem
3329 1553 3577 1608 libenter

1942 1651 2293 1717 postponunt
2319 1647 2736 1702 auctoritatem.
2768 1648 2894 1702 Haec
2923 1648 3133 1719 itaque,
3161 1647 3335 1702 frater
3366 1648 3576 1702 charis-

201 1743 320 1793 cato
351 1745 494 1794 sunt
522 1739 631 1794 ista
657 1743 880 1794 constat
909 1757 1027 1796 esse
1061 1741 1365 1810 distinctio,
1389 1740 1515 1812 quis
1542 1739 1842 1794 hominum
1862 1724 1917 1797 Β
1942 1740 2100 1807 sime,
2122 1757 2250 1812 qua:
2271 1758 2374 1812 pro
2396 1741 2600 1796 affectu
2617 1741 2978 1796 sacerdotalis
2999 1741 3244 1795 nominis
3266 1745 3323 1795 et
3338 1742 3575 1797 honoris

199 1834 412 1887 abnuat
432 1833 570 1888 huic
590 1849 648 1888 se
665 1833 914 1888 libenter
933 1833 1289 1906 dispositioni
1314 1833 1688 1888 submittere?
1706 1832 1841 1887 Hinc
1941 1834 2352 1904 impendimus,
2404 1835 2507 1889 tibi
2547 1835 2772 1906 tuisque
2811 1834 3048 1890 subditis
3087 1839 3144 1889 et
3189 1835 3455 1889 omnibus
3482 1841 3572 1890 te-

199 1925 414 1981 etenim
442 1942 560 1997 pax
582 1929 641 1982 et
658 1926 905 1982 charitas
926 1931 1124 1983 mutua
1142 1945 1200 1983 se
1223 1927 1340 1982 vice
1361 1927 1838 1998 complectuntur,
1940 1927 2134 1982 nenda
2179 1932 2236 1981 et
2274 1928 2395 1982 aliis
2433 1927 2754 1983 nuntianda
2801 1933 2969 2000 atque
3010 1928 3370 1999 praedicanda
3406 1945 3572 1983 man-

198 2024 254 2075 et
290 2024 493 2075 manet
526 2021 697 2075 ﬁrma
723 2021 1042 2077 concordiae
1073 2022 1128 2076 in
1163 2023 1385 2078 alterna
1414 2024 1470 2076 et
1496 2021 1607 2076 Deo
1638 2019 1843 2091 placita
1943 2021 2172 2090 damus,
2218 2023 2426 2092 quibus
2473 2026 2530 2076 et
2575 2021 2754 2092 pietas
2797 2021 2870 2075 ad
2916 2021 3218 2076 utilitatem
3239 2063 3254 2088 ,
3293 2027 3352 2076 et
3392 2021 3465 2075 sit
3499 2022 3575 2077 ad

199 2113 510 2169 dilectione
529 2113 842 2171 sinceritas.
867 2115 1010 2180 Quia
1034 2115 1212 2187 igitur
1230 2114 1687 2186 unumquodque
1705 2119 1842 2169 tunc
1939 2115 2191 2170 fructum
2223 2115 2472 2171 dilectio.
2507 2116 2664 2171 Unde
2696 2115 3078 2187 objurgando,
3108 2114 3411 2182 hortando,
3442 2131 3572 2170 sua-

196 2208 504 2263 salubriter
544 2209 856 2280 completur
891 2209 1162 2280 ofﬁcium,
1209 2225 1339 2264 cum
1377 2209 1552 2264 fuerit
1590 2224 1736 2262 unus
1770 2207 1843 2262 ad

197 2319 367 2374 quem
398 2303 587 2374 possit
613 2319 907 2358 recurrere
935 2303 1294 2376 prmpositus.
1323 2304 1400 2360 De
1431 2302 1680 2358 ecclesiis
1705 2317 1842 2372 ergo

195 2396 565 2468 parochianis
603 2397 754 2452 unde
795 2396 1163 2468 apostolicam
1200 2397 1389 2453 sedem
1421 2397 1711 2451 consulere
1741 2412 1838 2450 vo-

195 2490 373 2558 luisti,
419 2490 674 2562 qualiter
707 2490 821 2546 sint
857 2491 1239 2547 custodiendae
1279 2507 1384 2563 per
1416 2491 1842 2546 Cordubensem

193 2585 564 2655 provinciam
611 2601 678 2639 ac
720 2584 1038 2640 dividendae
1084 2585 1490 2654 sacerdotibus,
1539 2583 1681 2638 nihil
1729 2588 1843 2638 tuae

195 2679 468 2733 charitati
509 2679 715 2733 melius
761 2679 924 2734 nobis
965 2679 1192 2734 videtur
1233 2679 1519 2746 intimare,
1564 2693 1740 2750 quam
1782 2682 1845 2732 ut

193 2773 454 2846 sequaris
484 2772 643 2845 quod
665 2789 771 2828 nos
796 2773 856 2827 in
889 2775 1141 2829 Romana
1169 2773 1414 2828 Ecclesia
1442 2788 1627 2844 nuper
1657 2771 1842 2842 egisse

193 2868 587 2940 cognoscitur.
612 2867 884 2922 Ecclesias
903 2884 1038 2923 vero
1067 2867 1315 2939 singulas
1341 2866 1579 2939 singulis
1601 2865 1842 2938 presby-

194 2962 327 3016 teris
357 2961 655 3029 dedimus,
682 2960 975 3033 parochias
1000 2965 1057 3016 et
1083 2960 1408 3017 ccemeteria
1428 2959 1507 3014 eis
1529 2958 1840 3029 divisimus,

194 3057 288 3109 sed
339 3055 661 3126 unicuique
693 3055 788 3125 jus
832 3055 1129 3127 proprium
1167 3055 1373 3110 habere
1402 3052 1723 3123 statuimus,
1763 3051 1843 3106 ita
1861 3096 1917 3173 Ο

194 3148 465 3173 _'J-I:--L
517 3154 576 3173 --ι
617 3148 802 3173 nn“..-
846 3149 1070 3173 ..1ιΑ..3.--
1115 3148 1393 3173 *ΔαιΑΑισιζινι
1433 3147 1704 3173 ιΑ-..Αζκηη
1746 3150 1840 3173 ...ςι

193 3148 472 3203 videlicet
517 3154 580 3203 ut
615 3148 804 3203 nullus
845 3149 1074 3204 alterius
1114 3148 1394 3221 parochias
1433 3147 1706 3202 terminos
1745 3150 1843 3201 aut

188 3243 278 3314 jus
305 3243 572 3310 invadat,
601 3242 702 3298 sed
727 3244 1121 3316 unusquisque
1146 3242 1262 3297 suis
1296 3241 1562 3297 terminis
1595 3241 1668 3295 sit
1701 3257 1838 3295 con-

193 3341 409 3404 tentus,
443 3341 503 3391 et
532 3336 719 3392 taliter
757 3336 1050 3392 ecclesiam
1088 3340 1146 3391 et
1181 3335 1408 3408 plebem
1436 3334 1541 3389 sibi
1571 3334 1838 3390 commis-

196 3447 319 3485 sam
373 3429 682 3500 custodiat,
727 3434 788 3484 ut
829 3436 960 3486 ante
1000 3429 1250 3485 tribunal
1291 3429 1495 3484 aeterni
1523 3428 1733 3500 judicis
1771 3445 1842 3484 ex

194 3524 470 3580 omnibus
501 3524 606 3578 sibi
631 3524 945 3579 commissis
971 3524 1251 3579 rationem
1281 3523 1480 3579 reddat
1511 3528 1568 3578 et
1607 3539 1719 3577 non
1740 3523 1838 3594 ju-

197 3620 434 3689 dicium,
470 3618 573 3673 sed
611 3619 850 3690 gloriam
881 3635 984 3690 pro
1014 3618 1129 3673 suis
1157 3618 1374 3673 actibus
1401 3616 1659 3688 accipiat.
1689 3617 1842 3671 Hanc

198 3729 433 3786 quoque
461 3728 750 3780 normam,
777 3712 1126 3781 charissime,
1153 3717 1210 3768 te
1235 3716 1292 3767 et
1325 3728 1526 3766 omnes
1553 3710 1844 3782 episcopos

200 3808 362 3879 sequi
390 3807 682 3874 convenit,
709 3812 764 3861 et
788 3807 940 3879 quod
965 3807 1068 3862 tibi
1098 3806 1381 3875 scribitur,
1411 3805 1676 3860 omnibus
1711 3803 1840 3876 qui-

199 3900 542 3972 buscunque
571 3900 829 3972 potueris
855 3905 1058 3956 notum
1092 3899 1280 3968 facias,
1312 3903 1379 3954 ut
1415 3915 1534 3954 non
1567 3897 1838 3970 specialis,

201 3996 297 4050 sed
327 3994 618 4066 generalis
641 3995 743 4048 ﬁat
770 3993 875 4048 ista
905 3994 1230 4066 praeceptio.
1263 3993 1515 4049 Crimina
1543 4009 1675 4048 vero
1717 4007 1843 4063 quin

203 4089 490 4161 episcopis
524 4088 846 4160 impingere
883 4088 1038 4156 dicis,
1080 4105 1183 4160 per
1218 4087 1354 4142 alios
1390 4103 1506 4142 non
1547 4086 1698 4140 sinas
1727 4085 1845 4140 ullo

203 4184 379 4238 modo
405 4183 535 4238 ﬁeri
567 4183 679 4238 nisi
713 4199 818 4256 per
848 4181 998 4254 ipsos
1023 4182 1121 4254 qui
1152 4180 1390 4237 crimina
1428 4180 1750 4236 intendunt.
1786 4177 1844 4234 Si

1943 2209 2152 2280 dendo,
2166 2210 2534 2279 blandiendo,
2552 2209 2917 2278 consolando,
2940 2208 3207 2281 prodesse
3226 2209 3430 2280 quibus
3449 2226 3577 2281 pos-

1942 2321 2139 2359 sumus
2171 2305 2530 2360 festinemus.
2567 2304 2785 2376 Lingua
2822 2307 3016 2359 nostra
3053 2303 3222 2358 bonis
3255 2304 3577 2359 fomentum

1943 2398 2032 2466 sit,
2055 2399 2246 2469 pravis
2267 2400 2517 2454 aculeus.
2540 2398 2810 2454 Tumidos
2829 2398 3119 2466 retundat,
3142 2397 3311 2453 iratos
3329 2397 3574 2469 mitiget,

1941 2492 2134 2564 pigros
2170 2498 2422 2563 exacuet,
2465 2493 2687 2548 desides
2726 2493 3005 2547 hortando
3048 2491 3373 2561 succendat,
3417 2492 3575 2546 refu-

1943 2586 2228 2656 gientibus
2275 2587 2544 2655 suadeat,
2587 2586 2797 2658 asperis
2840 2585 3203 2654 blandiatur,
3249 2585 3576 2657 desperatos

1942 2679 2283 2750 consoletur,
2316 2686 2377 2735 ut
2421 2681 2550 2752 quia
2585 2679 2844 2735 doctores
2881 2679 3146 2749 dicimur,
3186 2679 3336 2734 viam
3376 2678 3576 2734 salutis

1945 2774 2338 2846 gradientibus
2363 2775 2746 2830 ostendamus.
2769 2774 2958 2829 Simus
2980 2773 3039 2828 in
3063 2771 3317 2828 custodia
3343 2772 3577 2844 vigilan-

1942 2873 2046 2938 tes,
2069 2869 2287 2924 aditum
2307 2873 2501 2924 contra
2522 2867 2697 2923 hostis
2719 2867 2950 2924 insidias
2975 2866 3200 2923 solliciti
3229 2866 3574 2922 muniamus.

1943 2963 2010 3017 Et
2034 2962 2079 3016 si
2108 2963 2339 3034 quando
2366 2963 2651 3034 perditam
2681 2978 2844 3018 ovem
2869 2963 2939 3018 de
2963 2961 3278 3017 commissis
3307 2961 3577 3032 gregibus

1943 3071 2104 3111 error
2131 3056 2452 3125 abduxerit,
2485 3059 2603 3112 toto
2643 3056 2798 3111 illam
2836 3055 3040 3110 annisu
3071 3055 3143 3110 ad
3177 3055 3368 3110 caulas
3394 3055 3574 3109 domi-

1944 3150 2097 3205 nicas
2126 3166 2393 3206 revocare
2423 3149 2858 3218 contendamus,
2886 3153 2952 3204 ut
2977 3149 3046 3204 de
3079 3148 3318 3220 pastoris
3343 3147 3580 3204 nomine

1940 3244 2094 3317 quod
2118 3244 2417 3313 habemus,
2440 3261 2558 3300 non
2590 3243 2932 3317 supplicium
2967 3243 3067 3298 sed
3101 3243 3405 3314 praemium
3437 3241 3567 3314 44

1940 3355 2373 3410 consequamur.
2390 3339 2530 3406 Quia
2545 3355 2680 3410 ergo
2697 3338 2755 3392 in
2773 3336 2859 3392 his
2875 3336 3140 3392 omnibus
3155 3336 3359 3391 divinae
3378 3335 3576 3406 gratiae

1941 3433 2290 3504 adjutorium
2320 3449 2460 3504 opus
2490 3437 2594 3499 est,
2628 3431 3037 3503 omnipotentis
3063 3430 3159 3484 Dei
3187 3428 3426 3484 assiduis
3450 3445 3578 3500 pre-

1940 3526 2099 3580 cibus
2129 3526 2497 3580 clementiam
2519 3523 2836 3595 exoremus,
2854 3528 3134 3597 quatenus
3161 3523 3234 3578 ad
3260 3524 3383 3578 haec
3412 3521 3576 3577 nobis

1943 3618 2234 3691 operanda
2259 3622 2316 3673 et
2341 3619 2482 3673 velle
2507 3618 2725 3673 tribuat
2749 3624 2806 3674 et
2824 3635 2990 3690 posse
3010 3618 3306 3685 concedat,
3327 3620 3498 3689 atque
3514 3615 3574 3671 in

1943 3728 2008 3766 ea
2046 3729 2152 3767 nos
2182 3712 2269 3766 via
2312 3728 2441 3767 cum
2469 3711 2658 3767 fructu
2693 3712 2829 3766 boni
2868 3711 3054 3782 operis
3084 3727 3255 3783 quam
3293 3727 3353 3764 se
3383 3714 3578 3781 pastor

1942 3809 2237 3878 pastorum
2267 3821 2388 3860 esse
2415 3809 2655 3862 testatus
2681 3809 2767 3860 est
2791 3804 3021 3876 dirigat,
3055 3809 3117 3859 ut
3144 3804 3263 3858 sine
3290 3819 3403 3875 quo
3430 3803 3573 3857 nihil

1943 3917 2113 3972 agere
2132 3917 2451 3972 possumus,
2470 3917 2573 3972 per
2590 3900 2778 3972 ipsum
2797 3899 3035 3971 implere
3054 3897 3248 3953 omnia
3266 3898 3574 3954 valeamus.

1942 3997 2082 4050 Data
2110 4011 2142 4048 v
2174 3995 2303 4050 Idus
2338 3994 2704 4067 Septembris,
2738 3993 2971 4050 Claudio
3007 3996 3065 4047 et
3101 3993 3347 4048 Paterno
3383 3991 3448 4045 1V
3489 4007 3573 4048 cc.

1943 4089 2160 4144 consul.

759 4567 1386 4667 INCIPIUNT
1463 4568 1843 4666 DECRE

1947 4567 2027 4663 A
2101 4566 2566 4664 FELICIS
2652 4565 3029 4663 ΡΑΡιἘ.

1515 4747 1695 4815 (Anno
1729 4743 1956 4800 Domini
1991 4745 2274 4816 269-274.)

283 5029 631 5086 Charissimo
657 5033 828 5103 atque
855 5031 1219 5088 dilectissimo
1241 5034 1488 5089 PATERNO
1509 5031 1846 5104 coepiscopo
1865 5044 1925 5117 D
1946 5033 2324 5104 Quoscunque
2351 5027 2506 5086 enim
2533 5030 2682 5102 rapit
2711 5031 2782 5086 ad
2816 5049 2895 5101 se,
2925 5047 3038 5087 non
3066 5031 3249 5088 solum
3277 5028 3336 5089 in
3367 5029 3474 5091 hoc
3504 5030 3580 5090 vi-

213 5123 378 5179 qux
401 5124 704 5196 episcopus
732 5125 792 5180 in
823 5126 1065 5181 Domino
1091 5127 1352 5182 salutem.

282 5218 541 5274 Gaudere
569 5235 662 5274 me
688 5221 998 5292 plurimum
1024 5225 1081 5275 et
1106 5221 1380 5276 exsultare
1406 5221 1467 5276 in
1495 5220 1732 5276 Domino
1757 5221 1845 5276 di-

211 5310 470 5367 lectionis
523 5317 638 5368 tuae
697 5314 906 5386 scripta
957 5316 1244 5382 fecerunt,
1295 5315 1502 5386 quibus
1557 5314 1849 5370 evidenter

216 5407 536 5462 ostenditur
579 5414 859 5480 quantum
909 5408 1246 5464 catholicam
1303 5409 1492 5480 diligis
1532 5409 1702 5464 ﬁdem
1726 5451 1741 5478 ,
1793 5413 1850 5464 et

214 5505 495 5570 quantum
549 5501 881 5557 haareticum
932 5502 1226 5558 detestaris
1278 5519 1549 5559 errorem.
1610 5502 1849 5558 Haeresis

215 5594 425 5668 quippe
462 5600 550 5651 est
585 5596 758 5651 nimis
790 5597 967 5668 impia
997 5601 1054 5652 et
1080 5597 1432 5669 Evangelicze
1463 5597 1714 5652 veritatis
1749 5595 1851 5650 ini~

217 5689 380 5758 mica,
413 5708 545 5762 qua:
571 5707 687 5745 non
716 5692 1045 5762 portionem
1069 5692 1316 5764 aliquam
1345 5691 1571 5760 ledere,
1603 5691 1697 5747 sed
1729 5690 1852 5762 ipsa

223 5780 552 5841 Christianae
571 5785 862 5858 religionis
881 5793 1120 5843 conatur
1129 5787 1502 5842 fundamenta
1512 5786 1846 5842 convellere.

1950 5126 2122 5195 tium,
2162 5126 2262 5181 sed
2300 5125 2358 5180 in
2402 5126 2582 5180 multa
2620 5126 2729 5180 alia
2769 5125 2904 5181 vitia
2941 5143 3106 5182 ruere
3142 5127 3308 5196 facit,
3358 5133 3415 5182 et
3455 5129 3579 5200 ipso

1948 5221 2216 5275 suadente
2269 5219 2503 5292 antiquo
2553 5219 2713 5274 hoste
2770 5235 2887 5275 non
2942 5221 3130 5276 solum
3189 5225 3578 5294 persecutores

1948 5314 2231 5380 Ecclesiae,
2262 5313 2361 5368 sed
2389 5312 2560 5368 etiam
2586 5313 2943 5369 sacerdotum
2973 5315 3095 5386 ejus
3125 5316 3287 5370 ﬁunt.
3320 5316 3435 5370 Una
3462 5313 3575 5385 igi-

1948 5414 2042 5464 tur
2075 5411 2262 5464 mente
2303 5407 2590 5480 corrigere
2629 5424 2891 5463 curemus
2927 5412 2982 5463 et
3022 5409 3390 5480 insequamur
3415 5407 3576 5479 tales,

1950 5505 2008 5556 et
2037 5501 2106 5556 ab
2135 5501 2294 5556 hoste
2326 5518 2427 5556 suo
2466 5501 2790 5570 Ecclesiam,
2820 5503 3053 5573 ejusque
3083 5501 3277 5556 ﬁdeles
3303 5504 3360 5555 et
3392 5517 3576 5556 sacer-

1949 5595 2110 5651 dotes
2161 5595 2386 5651 Domini
2450 5595 2704 5650 nitamur
2759 5595 3016 5650 liberare.
3081 5593 3370 5649 Praestabit
3430 5593 3578 5651 vires

1949 5690 2314 5762 omnipotens
2357 5689 2690 5761 redemptor
2735 5693 2925 5742 noster
2967 5686 3226 5742 charitati
3271 5691 3442 5761 atque
3480 5689 3574 5761 jus

1950 5784 2134 5839 stitiae.
2168 5783 2463 5839 Praestabit
2500 5782 2661 5838 nobis
2697 5783 2862 5852 longe
2901 5797 2935 5835 a
2972 5797 3031 5836 se
3071 5781 3271 5857 positis
3299 5784 3579 5850 unitatem
