4026 6166
524 240 614 292 191
1411 235 1695 292 APPEND.
1737 237 1824 293 ΑΙ)
1862 236 2022 290 SEC.
2066 236 2152 290 IX.
2183 264 2250 274 -—
2291 234 2534 290 ISIDORI
2573 233 2995 290 MERCATORIS
3733 245 3806 297 l9?

520 343 750 416 spiritus
781 344 866 398 sui
906 344 1027 416 ipse
1069 345 1228 416 cujus
1265 344 1502 399 artificio
1542 345 1705 416 quasi
1746 345 1804 398 in
1843 361 1988 398 arca:
2024 360 2147 398 mo-
2172 355 2230 428 Α
2253 343 2368 397 dite
2394 343 2631 397 verbum
2663 343 2890 398 Domini
2933 341 3028 412 qui
3065 341 3308 396 tremitis
3345 341 3413 396 ad
3440 342 3655 398 verbum
3694 348 3808 417 ejus.

521 438 661 493 dum
685 443 931 509 quatuor
961 439 1162 493 mundi
1199 441 1523 494 constructa
1551 438 1817 493 lateribus
1845 441 2012 510 atque
2039 438 2148 492 im-

519 532 874 604 putribilium
902 532 1190 604 lignorum
1232 548 1534 604 compage,
1574 536 1631 587 et
1658 531 1936 586 bitumine
1966 532 2149 586 chari-

521 627 649 681 tatis
678 627 928 696 astricta,
957 631 1022 681 ut
1061 626 1268 681 nullius
1295 627 1631 682 adversitate
1662 625 1906 696 spiritus,
1943 625 2152 680 nullius

519 719 800 775 venientis
849 722 1193 776 extrinsecus
1243 725 1467 775 tumore
1525 721 1725 774 ﬂuctus
1790 720 2155 790 perturbetur

521 815 786 869 Ecclesia.
803 815 912 870 Sed
928 815 1410 886 quemadmodum
1427 814 1576 869 illius
1595 815 1952 885 gubernante
1971 813 2153 884 gratia

519 909 834 979 petendum
872 915 974 978 est,
1017 915 1078 963 ut
1111 909 1266 963 nulla
1305 926 1409 964 nos
1455 908 1863 980 superveniens
1906 907 2153 961 exterius

523 1002 675 1056 unda
705 1001 1024 1069 conturbet,
1049 1002 1124 1056 ita
1150 1020 1216 1058 ex
1245 1003 1376 1056 totis
1406 1003 1688 1058 orandum
1717 1005 1800 1058 est
1825 1001 2148 1069 visceribus,

521 1095 698 1150 frater
715 1095 1065 1163 charissime,
1084 1099 1150 1150 ut
1174 1113 1290 1151 suae
1312 1096 1689 1168 providentia:
1712 1096 1939 1150 dextera
1961 1111 2155 1148 cumu-

525 1190 643 1242 lum
671 1189 912 1243 sentinaa
937 1189 1100 1244 nobis
1131 1190 1419 1245 interioris
1443 1190 1754 1245 exhauriat.
1785 1188 2153 1244 Adversarius

523 1282 734 1354 quippe
750 1283 1011 1338 diabolus
1031 1283 1126 1355 qui
1148 1287 1346 1339 contra
1366 1285 1613 1338 humiles
1634 1283 1872 1338 saeviens
1892 1284 2037 1337 sicut
2062 1282 2152 1337 leo

522 1377 756 1448 rugiens
789 1377 988 1432 circuit
1013 1395 1272 1450 quaerens
1303 1395 1476 1450 quem
1515 1378 1764 1447 devoret,
1794 1394 1908 1432 non
1939 1377 2062 1447 jam
2094 1378 2155 1429 ut

523 1470 808 1524 cernimus
843 1472 1029 1526 caulas
1066 1472 1338 1542 circuivit,
1370 1473 1463 1527 sed
1503 1472 1581 1526 ita
1611 1473 1791 1526 valide
1829 1471 1886 1525 in
1919 1469 2151 1542 quibus-

525 1563 656 1618 dam
703 1564 950 1620 ccelesim
987 1567 1316 1621 necessariis
1356 1566 1626 1621 membris
1656 1567 1883 1621 dentem
1921 1564 2064 1635 figit,
2094 1567 2158 1617 ut

528 1658 669 1712 nulli
711 1658 784 1712 sit
813 1659 1068 1727 dubium,
1099 1661 1235 1731 quia
1265 1661 1371 1714 nisi
1406 1659 1762 1714 unanimiter
1791 1660 2016 1714 favente
2043 1659 2153 1712 Do-

2253 437 2529 492 Dixerunt
2573 437 2773 492 fratres
2826 435 2994 491 vestri
3037 435 3292 490 odientes
3320 452 3410 490 vos
3450 439 3504 490 et
3537 437 3812 508 abjicientes

2252 535 2485 602 propter
2513 547 2725 586 nomen
2754 547 2969 585 meum.
3006 529 3355 584 Gloriﬁcetur
3388 530 3644 585 Dominus
3677 537 3723 587 et
3747 537 3812 588 vi-

2254 625 2514 679 debimus
2537 625 2597 678 in
2625 625 2822 679 laetitia
2853 627 3058 691 vestra,
3084 623 3191 694 ipsi
3213 625 3398 677 autem
3431 623 3814 683 confundentur.

2251 720 2369 772 Vox
2415 719 2610 789 pepuli
2641 718 2712 772 de
2741 718 2981 786 civitate,
3011 734 3110 771 vox
3139 717 3206 770 de
3242 717 3469 788 templo,
3499 735 3596 772 vox
3635 719 3817 776 Domini

2253 812 2544 866 reddentis
2596 811 3029 866 retributionem
3080 811 3322 866 inimicis
3369 811 3499 866 suis.
3545 815 3818 884 Antequam

2253 906 2578 976 parturiret,
2611 906 2856 977 peperit,
2899 908 3208 976 antequam
3249 904 3466 959 veniret
3502 912 3674 976 partus
3706 908 3815 978 ejus,

2251 999 2473 1071 peperit
2529 1000 2866 1054 masculum.
2913 999 3046 1063 Quis
3087 999 3302 1053 audivit
3346 1015 3586 1070 unquam
3629 1001 3743 1067 tale,
3777 1007 3822 1056 et

2253 1094 2378 1166 quis
2402 1093 2545 1148 vidit
2570 1093 2702 1147 huic
2724 1093 3022 1148 similiter?
3049 1093 3317 1163 Nunquid
3349 1093 3608 1163 parturiet
3631 1097 3758 1148 terra
3778 1096 3822 1148 in

2252 1189 2343 1244 die
2373 1205 2506 1253 una,
2537 1191 2634 1242 aut
2663 1187 3013 1258 parturietur
3038 1203 3179 1256 gens
3218 1186 3384 1240 simul
3415 1186 3540 1257 quia
3574 1188 3824 1258 parturivit

2253 1286 2309 1337 et
2339 1282 2566 1353 peperit
2591 1280 2725 1336 Sion
2755 1281 2899 1336 ﬁlios
2930 1281 3102 1335 suos?
3147 1279 3410 1350 Nunquid
3450 1295 3552 1350 ego
3593 1281 3680 1350 qui
3716 1281 3824 1334 alios

2252 1392 2452 1448 parere
2499 1375 2665 1442 facio,
2697 1375 2816 1444 ipse
2861 1391 2978 1430 non
3027 1373 3270 1446 pariam,
3301 1373 3432 1428 dicit
3477 1373 3751 1427 Dominus?
3782 1375 3824 1430 Si

2255 1487 2362 1541 ego
2405 1469 2502 1540 qui
2549 1469 2981 1541 generationem
3027 1468 3244 1522 caeteris
3287 1467 3491 1535 tribuo,
3524 1467 3710 1522 sterilis
3731 1485 3822 1536 ero,

2256 1564 2336 1618 ait
2369 1562 2643 1617 Dominus
2671 1564 2817 1616 Deus
2843 1561 3018 1616 tuus?
3066 1560 3366 1615 Lsetamini
3405 1576 3527 1614 cum
3570 1561 3825 1615 Jerusalem

2255 1661 2312 1711 et
2337 1657 2605 1710 exsultate
2634 1655 2692 1709 in
2723 1673 2790 1710 ea
2819 1671 3016 1710 omnes
3058 1654 3155 1726 qui
3197 1653 3430 1724 diligitis
3461 1669 3602 1722 eam,
3629 1653 3828 1724 gaudete

527 1751 686 1807 mino
714 1757 1049 1808 cunctorum
1072 1753 1306 1824 provida
1332 1757 1627 1825 pastorum
1651 1753 1814 1808 turba
1837 1755 2150 1818 concurrat,
2174 1734 2230 1806 Β
2255 1767 2386 1804 cum
2412 1767 2480 1804 ea
2523 1748 2734 1819 gaudio
2764 1748 3030 1817 universi,
3061 1747 3157 1820 qui
3205 1747 3411 1818 lugetis
3447 1762 3609 1816 super
3633 1763 3757 1811 eam,
3779 1750 3827 1800 ut

525 1862 694 1900 omne
727 1846 895 1918 (quod
932 1847 1096 1915 absit)
1135 1847 1298 1902 citius
1334 1847 1476 1902 ovile
1515 1847 1766 1902 dilaniet.
1800 1847 2157 1917 Quapropter

526 1939 873 1994 detractores
903 1940 1001 2011 qui
1042 1940 1230 1994 divina
1271 1941 1607 1996 auctoritate
1643 1940 1962 1995 eradicandi
2001 1943 2153 2004 sunt,

523 2036 580 2088 et
615 2034 866 2088 fautores
898 2033 1263 2088 inimicorum
1301 2035 1372 2089 ab
1415 2035 1723 2106 episcopali
1758 2033 2158 2089 submovemus

523 2127 904 2182 accusatione.
933 2127 1206 2182 Similiter
1240 2145 1311 2182 ne
1353 2145 1708 2182 summorum
1735 2128 2016 2198 quispiam
2047 2126 2153 2180 mi-

527 2223 732 2274 nerum
763 2219 1216 2274 accusationibus
1244 2221 1572 2290 impetatur,
1603 2224 1702 2275 aut
1731 2221 2030 2292 dispereat,
2065 2236 2159 2274 ne-

525 2330 634 2384 que
656 2314 714 2366 in
745 2329 807 2366 re
831 2311 1005 2366 dubia
1030 2315 1182 2366 certa
1195 2313 1489 2383 judicetur
1515 2313 1817 2379 sententia,
1846 2330 1951 2368 nec
1975 2313 2159 2367 ullum

519 2405 828 2478 judicium,
871 2405 978 2460 nisi
1019 2405 1411 2461 ordinabiliter
1456 2407 1732 2475 habitum,
1778 2410 2063 2461 teneatur.
2103 2405 2156 2461 Si

526 2500 653 2572 quis
687 2517 858 2572 super
885 2499 1230 2572 quibuslibet
1267 2500 1604 2556 criminibus
1631 2500 1899 2555 clericum
1928 2499 2156 2571 pulsan-

527 2594 664 2650 dum
685 2593 1005 2662 crediderit,
1035 2593 1094 2648 in
1117 2593 1410 2666 provincia
1434 2595 1493 2648 in
1524 2611 1638 2666 qua
1665 2593 1917 2650 consistit
1939 2593 2033 2649 ille
2061 2591 2159 2664 qui

525 2688 784 2759 pulsatur
823 2705 950 2743 suas
999 2692 1260 2744 exerceat
1296 2688 1568 2758 actiones,
1612 2705 1716 2744 nec
1755 2687 1996 2744 aestimet
2025 2703 2156 2741 eum

528 2785 823 2836 accusator
849 2782 981 2836 alibi
1010 2787 1109 2837 aut
1143 2781 1368 2852 longius
1405 2781 1854 2853 pertrahendum
1894 2781 1965 2836 ad
1995 2780 2153 2851 judi-

527 2874 702 2930 cium.
735 2874 816 2930 Illi
848 2891 980 2930 vero
1012 2874 1110 2946 qui
1141 2877 1394 2946 pulsatus
1423 2875 1616 2945 fuerit,
1645 2874 1691 2929 si
1709 2875 1932 2946 judices
1960 2891 2158 2946 suspe-

529 2973 645 3023 ctos
688 2968 972 3037 habuerit,
1013 2967 1182 3023 liceat
1223 2968 1511 3040 appellare
1548 2969 1842 3040 primates.
1884 2968 2158 3022 Primates

529 3078 757 3135 quoque
787 3065 1110 3118 accusatum
1140 3062 1505 3118 discutientes
1531 3063 1859 3135 episcopum
1887 3079 2000 3117 non
2027 3063 2159 3116 ante

529 3157 871 3212 sententiam
910 3156 1201 3228 proferant
1232 3156 1607 3212 damnationis
1646 3173 1816 3229 quam
1850 3155 2158 3228 apostolica

530 3250 660 3305 freti
681 3233 1018 3306 auctoritate
1039 3253 1138 3306 aut
1156 3267 1318 3306 reum
1341 3267 1401 3305 se
1423 3250 1539 3323 ipse
1561 3251 1919 3318 confiteatur,
1942 3254 2040 3304 aut
2057 3265 2159 3320 per

529 3342 862 3400 innocentes
888 3347 946 3401 et
970 3343 1234 3399 canonice
1254 3344 1604 3400 examinatos
1624 3343 1962 3416 regulariter
1988 3345 2158 3398 testes

529 3439 907 3506 convincatur;
935 3439 1100 3495 aliter
1119 3437 1336 3494 irritam
1357 3455 1478 3494 esse
1499 3455 1795 3494 censemus
1815 3441 1872 3493 et
1889 3437 2159 3509 injustam

529 3532 922 3606 episcOporum
937 3533 1384 3602 damnationem,
1399 3537 1455 3588 et
1473 3532 1682 3588 idcirco
1704 3548 1737 3587 a
1755 3532 1967 3604 synodo
1989 3538 2160 3586 retra-

529 3626 815 3695 ctandam,
836 3627 915 3682 ita
940 3632 1002 3682 ut
1019 3627 1300 3699 oppressis
1318 3626 1388 3682 ab
1409 3626 1672 3682 omnibus
1703 3627 1761 3681 in
1791 3625 2003 3682 cunctis
2022 3626 2155 3680 sub-

529 3721 788 3777 veniatur
805 3721 1004 3776 causis.
1027 3722 1274 3777 Caveant
1289 3721 1510 3793 judices
1537 3721 1797 3778 Ecclesiae
1822 3737 1896 3775 ne
1923 3721 2158 3776 absente

527 3831 592 3872 eo
612 3814 772 3888 cujus
790 3832 959 3871 causa
983 3815 1305 3883 ventilatur,
1328 3815 1664 3871 sententiam
1687 3815 2004 3888 proferant,
2027 3813 2160 3886 quia

528 3909 690 3966 irrita
709 3911 817 3965 erit
833 3911 932 3982 qui
957 3909 1128 3965 etiam
1153 3910 1439 3965 rationem
1466 3926 1568 3981 pro
1588 3909 1808 3964 actione
1835 3908 2074 3962 fratrum
2099 3907 2160 3962 in

528 4004 828 4076 praesentia
845 4003 1444 4059 dabnnt.Proditorum
1461 4018 1594 4057 vero
1613 4019 1718 4058 nec
1738 4001 2037 4067 calumnia,
2053 4016 2160 4056 nec

529 4114 640 4152 vox
668 4097 952 4152 audiatur.
973 4099 1150 4152 Nemo
1179 4096 1333 4150 enim
1360 4095 1681 4150 debitorem
1709 4094 1952 4166 amplius
1977 4097 2161 4166 potest

531 4205 894 4261 cognoscere,
919 4205 1091 4260 quam
1117 4187 1209 4244 ille
1229 4189 1327 4260 qui
1349 4187 1617 4258 injuriam
1637 4188 1870 4260 ejusque
1896 4187 2161 4244 sustinuit

529 4281 871 4354 nequitiam.
918 4283 1125 4338 Omnes
1165 4298 1303 4354 ergo
1344 4281 1444 4353 qui
1485 4280 1543 4336 in
1578 4279 1801 4338 Christo
1844 4282 2039 4336 volunt
2068 4281 2159 4354 pie

530 4373 738 4443 vivere,
779 4391 1005 4432 necesse
1041 4378 1126 4431 est
1163 4379 1226 4430 ut
1262 4374 1332 4429 ab
1371 4373 1561 4448 impiis
1593 4379 1649 4430 et
1678 4373 2039 4430 dissimilibus
2066 4393 2162 4448 pa-

530 4467 746 4527 tiantur
773 4469 1097 4543 opprobria,
1121 4475 1178 4525 et
1209 4467 1592 4541 despiciantur
1619 4471 1893 4541 tanquam
1924 4469 2080 4524 stulti
2105 4475 2162 4525 et
2179 4485 2238 4558 D

531 4565 739 4632 insani,
779 4563 877 4636 qui
916 4563 1221 4637 prresentia
1261 4563 1412 4618 bona
1449 4563 1720 4636 perdunt,
1757 4568 1819 4618 ut
1861 4563 2161 4618 invisibilia

533 4661 590 4712 et
629 4657 821 4711 futura
858 4654 1173 4727 acquirant.
1206 4653 1496 4725 Despectio
1537 4655 1729 4708 tamen
1769 4656 1825 4708 et
1854 4653 2040 4708 irrisio
2077 4658 2156 4709 ta-

535 4751 676 4806 lium
702 4749 762 4804 in
794 4750 943 4821 ipsos
968 4746 1390 4821 retorquebitur
1415 4748 1513 4820 qui
1541 4748 1693 4819 ipsos
1713 4747 2004 4816 infestant,
2028 4747 2162 4819 quia

533 4848 592 4900 et
633 4842 985 4899 abundantia
1036 4858 1233 4898 eorum
1290 4840 1349 4896 in
1398 4845 1704 4914 egestatem
1731 4884 1744 4909 ,
1791 4845 1848 4896 et
1901 4840 2164 4912 superbia

533 4937 796 4994 transibit
824 4937 882 4992 in
919 4935 1328 4992 confusionem.
1369 4935 1438 4989 Et
1467 4933 1746 5007 quidquid
1773 4935 1941 5006 justis
1971 4934 2164 4990 adver-

533 5032 761 5090 sitatum
788 5032 875 5087 vel
917 5031 1196 5086 malorum
1231 5030 1541 5099 irrogatur,
1576 5046 1691 5083 non
1729 5030 1814 5084 est
1847 5045 2014 5100 pcena
2051 5029 2160 5083 cri-

533 5127 725 5197 minis,
757 5125 855 5182 sed
893 5123 1114 5181 virtutis
1141 5140 1399 5180 examen.
1431 5123 1498 5179 Et
1523 5122 1668 5178 sicut
1697 5138 1922 5190 aurum,
1949 5125 2164 5194 quanto

529 5229 659 5302 plus
705 5220 1060 5293 excoquitur,
1100 5221 1258 5275 tanto
1293 5217 1498 5275 melius
1545 5215 1806 5287 efﬁcitur,
1848 5217 1924 5272 sic
1956 5215 2162 5288 justus,

532 5323 748 5395 quanto
780 5317 907 5390 plus
940 5312 1242 5370 tribulatur
1272 5311 1337 5382 (si
1373 5311 1556 5383 ipsam
1593 5310 2024 5366 tribulationem
2060 5325 2162 5382 pa-

531 5416 742 5472 tienter
768 5408 1092 5484 portaverit)
1122 5407 1302 5463 multo
1331 5405 1531 5478 purior
1560 5407 1617 5460 et
1650 5403 1852 5459 clarior
1882 5405 1994 5459 Deo
2034 5403 2162 5459 red-

535 5511 707 5564 ditur.
747 5505 904 5563 Unde
943 5503 1065 5575 ipsa
1109 5517 1214 5573 per
1253 5515 1313 5556 se
1355 5499 1571 5554 Veritas
1609 5497 1744 5553 dicit
1775 5515 1788 5553 :
1826 5520 1853 5549 ‹‹
1885 5497 2038 5553 Beati
2066 5497 2166 5569 qui

538 5600 988 5673 persecutionem
1008 5595 1306 5668 patiuntur
1331 5595 1565 5666 propter
1572 5591 1874 5664 justitiam,
1897 5592 2167 5665 quoniam

539 5693 793 5764 ipsorum
833 5695 918 5748 est
955 5705 1201 5762 regnum
1238 5687 1509 5743 caelorum
1539 5687 1754 5756 (Matth.
1795 5703 1846 5756 v,
1881 5689 1989 5759 10).
2021 5708 2048 5737 ››
2090 5687 2166 5742 De

543 5782 748 5848 talibus
773 5783 1043 5841 Dominus
1073 5799 1176 5861 per
1204 5780 1402 5838 Isaiam
1425 5780 1698 5860 loquitur,
1727 5781 1920 5838 dicens
1949 5798 1962 5840 :
1994 5800 2022 5834 α
2049 5784 2165 5838 Au-

2178 3108 2234 3184 C

2254 1844 2500 1914 surgatis
2547 1848 2604 1898 et
2648 1843 2980 1913 repleamini
3005 1841 3076 1897 ab
3109 1842 3284 1896 ubere
3313 1839 3695 1896 consolationis
3717 1840 3826 1909 ejus,

2254 1944 2318 1993 ut
2337 1937 2660 2008 mulgeatis,
2681 1941 2738 1992 et
2765 1937 2981 1991 deliciis
2999 1936 3243 1991 affluatis
3258 1936 3332 1990 ab
3355 1934 3668 1990 omnimoda
3687 1934 3829 2004 gloria

2258 2033 2397 2103 ejus.
2437 2032 2580 2096 Quia
2607 2032 2726 2086 haec
2756 2031 2892 2086 dicit
2923 2031 3193 2086 Dominus
3225 2047 3238 2085 :
3268 2031 3410 2084 Ecce
3441 2045 3544 2100 ego
3580 2027 3827 2083 declinabo

2258 2143 2429 2197 super
2461 2142 2590 2180 eam
2618 2125 2775 2196 quasi
2805 2125 3041 2179 ﬂuvium
3070 2125 3241 2196 pacis,
3276 2127 3336 2180 et
3376 2122 3532 2194 quasi
3570 2125 3829 2177 torrentem

2257 2219 2635 2273 inundantem
2694 2219 2935 2288 gloriam
2985 2219 3245 2290 gentium
3308 2233 3480 2288 quam
3522 2215 3729 2287 sugetis.
3768 2213 3830 2268 Ad

2258 2312 2433 2366 ubera
2473 2311 2858 2383 portabimini,
2886 2316 2943 2367 et
2971 2329 3141 2384 super
3183 2328 3379 2382 genua
3404 2310 3736 2365 blandientur
3754 2324 3828 2361 vo-

2255 2405 2362 2459 bis.
2399 2405 2694 2469 Quomodo
2725 2405 2769 2460 si
2809 2405 2901 2461 cui
2932 2409 3120 2461 mater
3147 2405 3494 2476 blandiatur,
3521 2406 3590 2459 ita
3613 2420 3710 2474 ego
3733 2417 3834 2456 con-

2257 2498 2485 2554 solabor
2513 2515 2630 2569 vos,
2662 2505 2720 2554 et
2746 2499 2807 2554 in
2836 2500 3010 2555 Israel
3040 2499 3518 2567 consolabimini;
3545 2495 3774 2552 videbitis
3793 2499 3834 2548 et

2260 2593 2528 2664 gaudebit
2569 2610 2666 2648 cor
2703 2599 2976 2661 vestrum,
3025 2598 3081 2648 et
3123 2610 3251 2648 ossa
3293 2598 3479 2650 vestra
3521 2593 3654 2648 sicut
3694 2588 3834 2644 herba

2259 2686 2662 2758 germinabunt
2690 2703 2704 2742 :
2736 2691 2792 2742 et
2820 2692 3198 2758 cognoscetur
3221 2703 3433 2743 manus
3469 2683 3678 2742 Domini
3699 2679 3835 2737 servis

2257 2786 2314 2835 et
2340 2780 2733 2851 indignabitur
2776 2781 3018 2836 inimicis
3045 2781 3179 2850 suis,
3211 2782 3351 2853 quia
3379 2797 3504 2837 ecce
3531 2777 3771 2836 Dominus
3790 2775 3833 2829 in

2256 2873 2391 2946 igne
2419 2873 2612 2929 veniet
2650 2879 2706 2930 et
2749 2875 2908 2946 quasi
2950 2875 3118 2930 turbo
3145 2876 3426 2948 quadriga
3451 2875 3567 2946 ejus
3597 2891 3609 2928 :
3638 2869 3834 2927 reddere

2258 2967 2316 3022 in
2363 2967 2756 3039 indignatione
2805 2968 3060 3024 furorem
3113 2985 3284 3024 suum
3337 2974 3395 3025 et
3443 2965 3836 3039 increpationem

2257 3077 2418 3117 suam
2444 3062 2502 3116 in
2536 3061 2770 3118 flamma
2790 3063 2959 3135 ignis.
2984 3063 3128 3128 Quia
3153 3063 3212 3118 in
3231 3063 3373 3136 igne
3400 3062 3659 3119 Dominus
3677 3055 3840 3128 dijudi-

2259 3158 2365 3222 cat,
2393 3158 2451 3210 et
2479 3155 2539 3209 in
2567 3155 2757 3226 gladio
2786 3172 2887 3211 suo
2929 3157 3001 3212 ad
3044 3173 3275 3212 omnem
3327 3174 3574 3222 carnem,
3602 3161 3656 3211 et
3692 3149 3841 3207 multi-

2257 3248 2616 3321 plicabuntur
2652 3249 2933 3305 interfecti
2969 3268 3002 3305 a
3038 3250 3298 3306 Domino.
3337 3251 3445 3317 Qui
3475 3245 3839 3307 sanctiﬁcaban-

2257 3347 2352 3398 tur
2381 3346 2439 3398 et
2468 3343 2714 3399 mundos
2740 3359 2799 3400 se
2828 3345 3106 3416 putabant
3136 3345 3193 3400 in
3223 3346 3369 3401 ortis
3396 3350 3519 3418 post
3539 3345 3750 3416 januam
3779 3339 3842 3393 in-

2257 3436 2552 3508 trinsecus,
2585 3437 2682 3510 qui
2726 3438 3098 3495 comedebant
3134 3455 3371 3496 carnem
3415 3439 3646 3504 suillam,
3671 3438 3721 3490 et
3741 3432 3842 3487 abo-

2258 3530 2626 3587 minationem
2678 3535 2736 3588 et
2775 3549 3022 3602 murem,
3070 3533 3237 3588 simul
3283 3536 3697 3597 consumentur,
3735 3525 3844 3581 dicit

2258 3625 2552 3682 Dominus.
2599 3626 2718 3698 Ego
2767 3632 2958 3682 autem
2993 3643 3167 3698 opera
3207 3643 3411 3683 eorum
3437 3632 3494 3682 et
3520 3622 3842 3698 cogitationes

2258 3736 2476 3789 eorum,
2503 3720 2669 3775 venio
2697 3723 2763 3776 ut
2787 3737 3139 3792 congregem
3167 3738 3300 3776 cum
3334 3721 3598 3778 omnibus
3624 3714 3844 3786 gentibus

2259 3818 2318 3869 et
2343 3813 2572 3884 linguis,
2601 3816 2658 3868 et
2684 3815 2913 3870 venient
2937 3816 2995 3869 et
3019 3813 3292 3871 videbunt
3320 3815 3561 3887 gloriam
3596 3826 3776 3875 meam,
3802 3807 3845 3858 et

2257 3923 2470 3979 ponam
2499 3907 2558 3962 in
2589 3906 2669 3962 eis
2699 3907 2947 3980 signum.
2978 3909 3045 3963 Et
3070 3909 3296 3965 mittam
3328 3926 3397 3964 ex
3434 3909 3513 3965 eis
3551 3907 3646 3979 qui
3686 3897 3846 3958 salvati

2259 3999 2472 4055 fuerint
2519 3999 2593 4054 ad
2645 4004 2860 4072 gentes,
2905 4002 2966 4057 in
3022 4001 3188 4072 mari,
3240 4001 3301 4056 in
3355 4003 3540 4058 Africa
3591 4005 3644 4056 et
3687 3994 3843 4068 Lydia.

2258 4095 2518 4149 tenentes
2547 4095 2810 4165 sagittam
2839 4093 2897 4150 in
2927 4095 3143 4151 Italiam
3175 4100 3231 4152 et
3256 4097 3556 4166 Graeciam,
3583 4093 3652 4151 ad
3675 4088 3848 4148 insulas

2262 4187 2455 4259 longe,
2477 4187 2548 4243 ad
2574 4204 2672 4243 eos
2703 4189 2799 4261 qui
2829 4207 2945 4246 non
2973 4190 3285 4246 audierunt
3311 4191 3384 4246 de
3414 4207 3507 4246 me
3527 4194 3581 4245 et
3605 4203 3708 4243 non
3728 4181 3848 4238 vide-

2263 4287 2396 4336 runt
2419 4282 2657 4354 gloriam
2678 4299 2889 4352 meam,
2912 4288 2969 4339 et
2987 4284 3416 4340 annuntiabunt
3449 4283 3678 4357 gloriam
3696 4289 3849 4334 meam

2261 4374 2544 4446 gentibus,
2591 4379 2649 4430 et
2713 4375 2996 4431 adducent
3043 4393 3245 4432 omnes
3305 4378 3511 4433 fratres
3559 4377 3754 4430 vestros
3795 4367 3848 4422 de

2260 4470 2478 4523 cunctis
2509 4468 2773 4541 gentibus
2799 4469 3013 4525 donum
3041 4469 3305 4542 Domino,
3329 4471 3388 4526 in
3411 4471 3571 4543 equis
3595 4473 3646 4524 et
3663 4468 3717 4521 in
3742 4476 3850 4535 qua-

2259 4561 2456 4634 drigis,
2487 4566 2544 4618 et
2569 4563 2629 4618 in
2667 4563 2894 4632 lecticis,
2927 4567 2983 4619 et
3010 4563 3068 4619 in
3109 4564 3298 4633 mulis,
3331 4569 3391 4620 et
3428 4565 3488 4620 in
3529 4559 3772 4624 carrucis,
3796 4551 3850 4608 ad

2262 4659 2520 4711 montem
2551 4659 2807 4712 sanctum
2845 4674 3036 4713 meum
3069 4659 3406 4730 Jerusalem,
3437 4657 3572 4714 dicit
3599 4653 3850 4713 Dominus,

2262 4751 2547 4822 quomodo
2572 4751 2617 4804 si
2639 4750 2883 4806 inferant
2908 4752 3008 4806 ﬁlii
3028 4753 3198 4807 Israel
3217 4769 3429 4807 munus
3451 4753 3509 4807 in
3529 4766 3652 4806 vase
3673 4740 3853 4802 mundo

2263 4844 2321 4898 in
2351 4844 2590 4899 domum
2616 4845 2863 4913 Domini,
2888 4849 2946 4901 et
2970 4863 3258 4901 assumam
3286 4863 3350 4901 ex
3383 4846 3464 4902 eis
3491 4846 3550 4901 in
3577 4839 3855 4899 sacerdotes

2263 4940 2320 4993 et
2342 4937 2400 4992 in
2431 4938 2646 5006 levitas,
2669 4939 2804 4994 dicit
2833 4939 3102 4995 Dominus
3126 4956 3139 4995 :
3165 4941 3305 5005 Quia
3329 4940 3478 4995 sicut
3503 4935 3625 4994 coeli
3652 4931 3786 4999 novi,
3812 4926 3857 4981 et

2262 5035 2418 5088 terra
2443 5049 2586 5088 nova
2614 5049 2742 5104 quas
2771 5049 2878 5104 ego
2906 5033 3053 5088 facio
3079 5040 3230 5090 stare
3257 5051 3456 5090 coram
3487 5049 3598 5101 me,
3628 5029 3752 5086 dicit
3774 5025 3856 5079 Do-

2263 5126 2473 5193 minus,
2498 5127 2575 5181 sic
2601 5126 2771 5182 stabit
2801 5143 2997 5182 semen
3019 5131 3270 5183 vestrum
3298 5131 3356 5182 et
3382 5142 3598 5183 nomen
3621 5125 3854 5178 vestrum-

2265 5220 2332 5275 Et
2360 5220 2467 5276 erit
2490 5220 2700 5276 mensis
2730 5237 2795 5276 ex
2824 5237 3044 5292 mense,
3075 5226 3132 5277 et
3172 5221 3486 5278 Sabbatum
3529 5237 3596 5276 ex
3624 5213 3856 5275 Sabbato»

2265 5317 2322 5369 et
2343 5313 2530 5369 veniet
2567 5313 2754 5369 omnis
2796 5331 2928 5370 caro
2970 5317 3036 5370 ut
3079 5315 3280 5372 adoret
3319 5330 3516 5370 coram
3561 5311 3694 5368 facie
3731 5318 3856 5367 mea,

2265 5407 2398 5462 dicit
2427 5408 2719 5464 Dominus.
2748 5410 2817 5463 Et
2856 5409 3225 5481 egrediantur
3249 5414 3305 5465 et
3327 5408 3604 5463 videbunt
3627 5402 3863 5459 cadavera

2266 5500 2517 5556 virorum
2546 5501 2646 5574 qui
2675 5502 3026 5574 praevaricati
3051 5507 3182 5558 sunt
3221 5503 3281 5558 in
3325 5517 3448 5568 me,
3471 5497 3672 5556 vermis
3699 5501 3868 5550 eorum

2264 5610 2380 5649 non
2424 5595 2728 5663 morietur,
2755 5601 2814 5652 et
2837 5595 2986 5668 ignis
3009 5613 3208 5652 eorum
3248 5614 3364 5653 non
3410 5593 3797 5664 exstinguetur,
3822 5581 3869 5634 εί

2267 5693 2435 5744 erunt
2480 5705 2660 5762 usque
2704 5689 2775 5746 ad
2820 5691 3140 5746 satietatem
3164 5690 3401 5747 visionis
3443 5685 3599 5743 omni
3647 5677 3808 5738 carni.
3841 5692 3884 5741 ’³.

2267 5781 2396 5859 (Isa.
2455 5799 2596 5856 vax,
2647 5783 2814 5861 5.24.)
2858 5783 3003 5853 Quid
3053 5784 3206 5842 aliud
3250 5781 3618 5842 detrahentes
3658 5772 3865 5841 faciunt.
