4026 6166
164 249 252 300 193
1407 243 1761 299 DECRETAL

1867 244 1881 298 l
1918 243 2302 299 COLLECTIO.
2600 286 2613 293 -
3412 246 3511 302 194
3604 264 3609 269 ’

156 353 254 406 nisi
278 352 336 404 in
364 351 656 421 pulverem
696 349 861 418 ﬁant,
891 352 1059 422 atque
1086 350 1145 405 in
1176 351 1367 405 oculos
1404 369 1534 408 suos
1562 355 1769 407 terram
1792 364 1853 437 Α
1871 369 2171 407 monemus
2212 352 2592 422 prudentiam,
2620 356 2687 408 ut
2724 370 2826 425 pro
2850 357 3002 409 statu
3041 354 3299 410 Ecclesiae
3328 358 3387 408 et
3411 370 3499 408 sa-

155 444 432 499 excitant‘?
477 445 541 498 Ei
581 444 729 499 unde
774 445 901 515 plus
944 444 1312 499 detractionis
1360 446 1606 516 perﬂant
1648 446 1780 504 inde
1879 446 2171 501 cerdotum
2202 445 2324 516 ejus
2348 463 2450 517 pro
2491 446 2702 502 viribus
2733 447 3022 502 elaborare
3061 446 3306 515 studeas,
3339 450 3399 500 et
3425 464 3513 502 or-

152 537 320 607 magis
358 536 506 590 nihil
554 537 804 591 veritatis
845 537 1083 592 vident?
1130 538 1286 592 Tales
1330 540 1547 609 tamen,
1580 539 1774 609 frater,
1879 539 2071 594 dinem
2095 542 2304 594 sach
2332 540 2611 594 Romanae
2657 544 2714 594 et
2749 540 3071 611 apostolicae
3102 540 3363 595 Ecclesize
3407 556 3512 611 per

152 629 492 698 cbarissime,
522 629 797 700 portandi
827 633 959 685 sunt
988 633 1047 684 et
1083 630 1433 702 corrigendi,
1467 633 1601 704 quia
1644 633 1778 687 caeci
1879 632 2074 686 omnia
2104 638 2295 687 teneas
2325 634 2382 686 et
2404 632 2595 686 violari
2626 635 2948 687 sanctorum
2980 633 3203 688 decreta
3234 648 3349 686 non
3376 648 3508 704 per-

150 727 270 776 sunt
309 726 367 777 et
409 722 583 777 duces
633 739 937 777 caecorum.
986 722 1081 777 His
1131 723 1460 780 charissime
1509 726 1777 797 respondi
1876 725 2090 793 mittas,
2121 724 2217 780 sed
2245 741 2447 780 omnes
2478 741 2847 797 quoscunque
2879 725 3129 797 potueris
3154 725 3418 793 instruas,
3447 730 3513 779 ut

147 814 376 869 breviter
406 815 685 870 consultis
733 816 843 870 tuis
890 832 1017 888 quae
1050 819 1105 871 te
1137 819 1196 870 et
1234 833 1436 872 omnes
1482 818 1776 891 episc0pos
1877 818 2192 873 fructuosos
2243 817 2566 889 manipulos
2613 818 2860 873 Domino
2910 821 3304 889 repraasentes.
3351 819 3505 873 Vale.

146 908 483 979 regulariter
508 912 707 966 tenere
750 910 1104 966 mandamus.
1146 910 1324 966 Tuam
1354 914 1567 983 tamen,
1597 912 1775 967 frater
1874 913 2015 967 Data
2040 928 2097 967 1x
2120 910 2294 982 Junii,
2320 910 2551 966 Claudio
2578 916 2634 965 et
2665 911 2971 966 Aureliano
2997 912 3085 979 1V,
3116 928 3193 965 cc.
3225 927 3382 967 cons.

1607 1073 2034 1087 _—

1240 1213 1662 1284 EPISTULA
1725 1214 2052 1285 FELICIS
2115 1216 2402 1284 PAP/E.

206 1383 365 1437 me
422 1382 722 1454 episcopus
778 1384 1056 1439 universis
1114 1385 1393 1457 episcopis
1441 1402 1542 1457 per
1586 1387 1775 1442 Gallia
1876 1386 2001 1458 pria
2033 1386 2264 1457 ejectus,
2293 1390 2391 1439 aut
2424 1385 2483 1446 in
2519 1384 2847 1440 detentione
2891 1384 3085 1455 aliqua
3116 1400 3149 1439 a
3174 1383 3288 1437 suis
3316 1382 3510 1438 ovibus

142 1476 453 1545 provincias
485 1477 803 1530 constitutis
830 1478 888 1531 in
918 1477 1158 1532 Domino
1196 1478 1456 1534 salutem.
1878 1479 2051 1533 fuerit
2078 1481 2483 1550 sequestratus,
2512 1481 2647 1533 tunc
2680 1477 2945 1533 canonice
2973 1480 3283 1548 antequam
3306 1476 3365 1530 in
3391 1476 3507 1546 pri-

203 1569 499 1623 Bonorum
521 1585 758 1640 operum
779 1574 836 1625 et
855 1571 1237 1642 spiritualium
1257 1572 1577 1627 studiorum
1595 1574 1777 1627 Deum
1877 1573 2025 1627 stino
2066 1572 2397 1628 restituatur
2439 1588 2568 1625 cum
2610 1570 2769 1625 omni
2806 1570 3106 1641 privilegio
3143 1585 3246 1624 suo
3290 1568 3508 1623 honore

142 1664 429 1716 auctorem
476 1679 598 1725 esse
654 1680 769 1718 non
817 1663 1052 1718 dubium
1096 1668 1201 1733 est,
1228 1665 1327 1737 qui
1357 1681 1555 1720 eorum
1581 1665 1777 1720 incitat
1876 1668 1932 1719 et
1967 1682 2070 1720 sua
2107 1666 2301 1720 omnia
2343 1680 2470 1736 quae
2517 1663 2732 1718 insidiis
2772 1662 3136 1717 inimicorum
3182 1677 3413 1716 suorum
3458 1661 3511 1716 ei

141 1758 355 1809 mentes
383 1759 443 1809 et
462 1756 696 1827 adjuvat
720 1757 991 1812 actiones.
1009 1758 1169 1813 Unde
1188 1758 1373 1812 laetari
1396 1775 1490 1813 me
1511 1749 1848 1821 feceruntD
1872 1758 2059 1813 ablata
2099 1759 2332 1813 fuerunt
2369 1757 2593 1829 legibus
2639 1755 3131 1826 redintegrentur,
3162 1771 3269 1809 nec
3295 1770 3507 1809 convo-

139 1850 335 1920 scripta
365 1854 562 1903 vestra
604 1865 669 1904 ex
698 1850 851 1905 bono
878 1850 1062 1905 studio
1094 1856 1151 1906 et
1181 1868 1248 1905 ex
1279 1851 1607 1923 integritate
1638 1851 1767 1906 fidei
1871 1851 2007 1918 cari,
2041 1867 2145 1906 nec
2166 1850 2415 1921 judicari
2448 1850 2674 1921 poterit,
2710 1848 2817 1902 nisi
2851 1848 2971 1919 ipse
3006 1864 3111 1918 pro
3138 1864 3239 1901 sua
3262 1848 3507 1902 necessi-

141 1941 451 1996 devotionis
503 1942 652 2010 vitae,
702 1943 804 1996 sed
842 1959 908 1997 ex
965 1943 1274 1999 afﬂictione
1320 1949 1377 1999 et
1428 1944 1769 1999 contritione
1871 1947 1986 1999 tate
2033 1942 2291 2015 (minime
2338 1947 2530 1998 tamen
2574 1940 2936 2012 judicandus)
2979 1939 3247 1995 advenire
3304 1943 3509 2010 sponte

139 2039 317 2089 vestra
342 2052 565 2107 magna
585 2052 654 2090 ex
674 2040 835 2107 parte
853 2036 1171 2092 tristavere.
1194 2037 1385 2091 Tristis
1407 2037 1562 2091 enim
1581 2036 1771 2091 tristes

137 2124 240 2194 legi
290 2124 515 2179 litteras
553 2129 786 2191 vestras,
816 2127 874 2178 et
915 2126 1124 2196 scripta
1160 2132 1359 2180 moesta
1399 2142 1642 2181 mcerore
1668 2126 1767 2180 de-

136 2215 248 2271 bito
273 2217 631 2288 percucurri,
661 2217 793 2288 quia
820 2218 964 2272 sicut
991 2235 1096 2274 nos
1131 2219 1497 2275 ecclesiarum
1539 2236 1651 2291 pax
1682 2237 1767 2274 sa-

138 2309 547 2382 cerdotumque
587 2311 710 2381 ejus
748 2312 1051 2367 concordia
1082 2318 1137 2367 et
1166 2313 1547 2384 tranquillitas
1588 2314 1769 2385 plebis

135 2402 328 2457 audire
350 2404 496 2458 facit
516 2404 790 2475 gaudium
812 2404 1056 2473 cceleste,
1082 2405 1161 2460 ita
1188 2422 1292 2460 nos
1318 2405 1526 2478 affligit
1549 2410 1607 2461 et
1625 2407 1767 2478 deji-

137 2495 201 2550 cit
230 2497 499 2552 fraterna
524 2497 774 2552 afﬂictio.
808 2500 918 2552 Vos
947 2501 1139 2554 tamen
1178 2498 1353 2555 nolite
1388 2501 1637 2554 multum
1664 2500 1767 2555 tri-

136 2590 288 2658 stari,
318 2591 462 2661 quia
506 2591 651 2645 sicut
697 2592 819 2662 ipsa
865 2608 969 2664 per
1010 2609 1068 2646 se
1116 2593 1337 2647 Veritas
1380 2593 1502 2647 ait:
1541 2618 1567 2643 ‹‹
1602 2594 1660 2648 Si
1698 2593 1769 2648 de

134 2682 352 2737 mundo
382 2683 650 2751 fuissetis,
678 2685 926 2739 mundus
952 2685 1109 2757 quod
1138 2702 1304 2749 suum
1333 2689 1453 2741 erat
1481 2686 1766 2757 diligeret,

135 2775 230 2829 sed
257 2776 397 2847 quia
425 2776 498 2830 de
530 2777 640 2831 hoc
667 2778 883 2833 mundo
912 2795 1030 2833 non
1056 2779 1209 2846 estis,
1234 2780 1333 2833 sed
1364 2796 1473 2851 ego
1507 2779 1648 2851 elegi
1674 2796 1770 2833 vos

137 2866 202 2921 de
254 2870 500 2939 mundo,
532 2876 840 2941 propterea
880 2871 999 2926 odit
1037 2888 1133 2926 vos
1182 2872 1434 2927 mundus
1460 2872 1637 2944 (Joan.
1681 2889 1767 2942 xv,

141 2962 242 3029 19),
266 2980 291 3011 n
312 2960 375 3015 id
395 2966 482 3015 est
510 2963 712 3017 mundi
740 2966 1041 3018 amatores.
1068 2964 1355 3036 Quidquid
1384 2969 1582 3019 tamen
1603 2964 1662 3019 hi
1686 2966 1768 3018 lo—

139 3058 389 3123 quantur
430 3058 531 3108 aut
573 3055 877 3111 adversum
906 3073 1003 3111 vos
1035 3060 1231 3128 agant,
1261 3074 1360 3111 vos
1389 3060 1587 3112 tamen
1616 3074 1767 3111 sem-

136 3113 237 3215 per
262 3147 550 3217 integram
582 3153 797 3203 servate
824 3148 1018 3219 ﬁdem,
1046 3113 1104 3204 et
1121 3113 1327 3220 puram
1354 3151 1616 3205 habetote
1643 3167 1771 3205 con-
1790 3113 1845 3188 Ο

139 3238 450 3309 scientiam,
487 3244 548 3294 ut
594 3240 815 3312 integer
841 3243 1069 3313 spiritus
1111 3249 1169 3298 et
1207 3244 1400 3299 anima
1430 3249 1684 3299 servetur
1710 3245 1770 3299 in

140 3330 224 3385 die
265 3332 515 3387 Domini.
557 3333 666 3387 Nos
708 3350 841 3390 vero
891 3335 964 3390 ad
1008 3336 1468 3408 supplementum
1496 3341 1766 3408 vestrum,

139 3424 353 3493 fratres,
398 3428 459 3480 et
502 3427 863 3499 coepiscopos
900 3432 1127 3483 nostros
1160 3429 1485 3485 vocavimus
1525 3430 1769 3503 amplius

140 3534 301 3589 quam
331 3520 696 3591 septuaginta
724 3536 855 3576 cum
880 3522 1084 3594 quibus
1120 3522 1243 3603 haec
1279 3539 1406 3595 quae
1440 3524 1637 3579 subter
1664 3526 1764 3579 ha-

140 3610 341 3666 bentur
383 3611 619 3682 inserta,
662 3614 1005 3685 regulariter
1048 3616 1347 3672 tractando
1396 3617 1765 3673 decrevimus.

142 3703 343 3758 Vestris
362 3706 520 3760 enim
542 3706 791 3778 epistolis
810 3706 870 3761 in
890 3708 1151 3763 omnium
1176 3709 1467 3766 audientia
1486 3711 1766 3782 perlectis,

145 3812 261 3868 quae
290 3799 505 3853 multas
530 3798 614 3869 (ut
642 3799 833 3871 nostis)
865 3801 1254 3872 querimonias
1296 3809 1353 3859 et
1379 3805 1770 3876 oppressiones

150 3890 199 3943 in
227 3907 283 3945 se
306 3892 685 3947 continebant
708 3898 941 3963 vestras,
969 3894 1323 3969 decretisque
1364 3914 1493 3969 quae
1535 3901 1667 3953 sunt
1700 3900 1768 3954 de

149 3984 582 4040 accusationibus
634 3986 1030 4059 episcoporum
1077 3992 1275 4044 sancta
1320 3989 1566 4061 synodus
1611 3990 1766 4046 dixit.

148 4075 261 4130 Hec
287 4083 421 4133 sunt
445 4094 574 4150 qua:
602 4078 867 4152 deinceps
892 4087 1130 4154 propter
1154 4083 1441 4138 malorum
1470 4083 1768 4139 hominum

148 4169 363 4224 insidias
395 4171 497 4242 qui
525 4171 586 4226 in
608 4172 913 4228 Ecclesiam
942 4178 1001 4229 et
1018 4175 1077 4229 in
1102 4175 1509 4232 ecclesiasticos
1528 4177 1770 4232 saeviunt

148 4262 280 4316 viros
332 4263 735 4320 indifferenter
771 4282 1101 4323 conservare
1145 4268 1468 4323 firmissime
1507 4269 1768 4325 volumus

148 4354 197 4409 in
221 4358 443 4411 saecula.
476 4357 531 4412 Si
574 4359 701 4430 quis
730 4360 1030 4432 episcOpus
1074 4361 1145 4416 ab
1191 4361 1301 4417 illis
1344 4363 1768 4418 accusatoribus

1871 2037 2126 2108 elegerit.
2175 2037 2511 2090 Nullateuus
2557 2051 2696 2105 ergo
2751 2051 2784 2088 a
2829 2048 3119 2105 quoquam
3160 2032 3507 2102 respondere

1869 2133 2104 2200 rogetur
2132 2132 2438 2201 antequam
2464 2126 2833 2199 integerrime
2865 2126 3061 2180 omnia
3085 2141 3215 2196 quae
3244 2141 3349 2196 per
3372 2141 3506 2196 sug-

1872 2223 2158 2295 gestiones
2174 2222 2537 2277 inimicorum
2556 2236 2791 2276 suorum
2813 2220 3079 2274 amiserat
3100 2218 3366 2290 potestati
3388 2218 3509 2288 ejus

1869 2316 1939 2371 ab
1965 2315 2287 2371 honorabili
2316 2314 2553 2370 concilio
2580 2313 2749 2385 legali
2779 2312 2976 2368 ordine
3012 2312 3508 2382 redintegrentur;

1870 2409 2078 2481 praesul
2106 2424 2242 2464 vero
2288 2426 2419 2464 cum
2458 2407 2615 2462 omni
2658 2407 2880 2461 honore
2910 2404 3081 2459 statui
3110 2404 3348 2475 pristino
3380 2404 3507 2459 red-

1870 2502 2058 2573 datur,
2092 2505 2150 2557 et
2193 2500 2313 2573 ipse
2360 2499 2645 2571 dispositis
2690 2497 3074 2569 ordinatisque
3113 2497 3290 2552 libere
3337 2500 3509 2568 atque

1871 2611 2065 2649 secure
2124 2594 2222 2648 diu
2279 2593 2393 2648 suis
2450 2597 2583 2647 tunc
2641 2590 3002 2663 regulariter,
3053 2590 3202 2644 infra
3265 2592 3510 2660 quatuor

1869 2688 1955 2742 vel
1991 2687 2246 2759 quinque
2272 2690 2369 2741 aut
2399 2690 2619 2757 septem
2666 2700 2911 2751 menses,
2935 2684 3105 2754 juxta
3136 2682 3286 2754 quod
3328 2683 3506 2753 possi-

1869 2780 2057 2835 bilitas
2086 2780 2138 2835 ei
2162 2780 2354 2849 fuerit,
2383 2783 2440 2834 et
2470 2794 2582 2834 non
2608 2783 2738 2833 ante
2775 2779 3120 2833 convocatus
3166 2775 3238 2830 ad
3284 2779 3510 2846 tempus

1870 2872 2108 2927 concilio
2151 2872 2210 2927 in
2260 2872 2516 2943 legitimo
2554 2876 2610 2927 et
2648 2871 2921 2925 canonico
2946 2869 3138 2924 veniat
3173 2869 3245 2923 ad
3272 2884 3423 2936 eam,
3453 2872 3512 2922 et

1871 2966 1917 3020 si
1945 2966 2025 3021 ita
2053 2967 2206 3037 juste
2234 2965 2457 3021 videtur
2480 2964 2868 3019 accusantium
2895 2961 3382 3034 propositionibus
3412 2978 3506 3016 re-

1872 3059 2168 3130 spondeat.
2202 3060 2344 3113 Nam
2390 3059 2501 3113 hoc
2540 3073 2902 3129 summopere
2928 3054 3366 3128 providendum
3402 3060 3507 3123 est,

1870 3168 1943 3207 ne
1972 3156 2285 3224 antequam
2315 3152 2437 3206 haec
2477 3151 2671 3206 omnia
2701 3151 2845 3205 fiant
2886 3152 3109 3204 coactus
3146 3148 3507 3220 respondeat,

1871 3245 2008 3317 quia
2043 3246 2337 3301 contentio
2375 3261 2602 3316 semper
2635 3244 2861 3299 vitanda
2905 3248 3008 3298 est.
3038 3242 3229 3298 Adimi
3261 3259 3509 3314 namque

1869 3339 2134 3411 episcopo
2174 3338 2570 3411 episcopatum
2615 3341 2922 3409 antequam
2964 3352 3149 3391 causae
3180 3336 3302 3407 ejus
3328 3336 3509 3392 exitus

1870 3435 2146 3503 appareat
2164 3432 2317 3487 nulli
2336 3431 2645 3487 Christiani
2665 3429 2847 3485 videri
2856 3428 2987 3500 jure
3008 3431 3212 3500 potest,
3232 3429 3364 3499 quia
3382 3428 3510 3483 talis

1870 3524 1995 3597 45
2012 3526 2383 3598 priesumptio
2406 3523 2763 3595 sacrilegium
2791 3526 2894 3590 est,
2913 3527 2971 3577 et
2989 3525 3185 3577 auctor
3205 3521 3407 3577 talium
3426 3538 3509 3577 sa-

1869 3619 2132 3690 crilegus.
2151 3618 2309 3683 Quod
2323 3618 2371 3672 si
2387 3620 2668 3689 aegrotans
2682 3614 2856 3670 fuerit
2873 3615 3188 3687 episcopus,
3205 3619 3303 3670 aut
3314 3615 3507 3687 aliqua

1869 3728 2003 3767 eum
2032 3711 2215 3783 gravis
2238 3710 2545 3766 necessitas
2576 3707 2904 3774 detinuerit,
2935 3725 3038 3778 pro
3068 3724 3125 3763 se
3153 3709 3410 3780 legatum
3436 3708 3506 3763 ad

1868 3805 2151 3876 synodum
2176 3803 2385 3871 mittat,
2410 3819 2515 3858 nec
2537 3819 2570 3857 a
2590 3800 2995 3856 communione
3016 3800 3396 3872 suspendatur
3414 3800 3503 3856 cui

1869 3897 2090 3953 crimen
2126 3897 2460 3962 intenditur,
2492 3895 2599 3950 nisi
2631 3894 2701 3950 ad
2734 3910 2964 3949 causam
2994 3910 3158 3948 suam
3198 3893 3504 3948 dicendam

1870 3991 2180 4047 electorum
2198 3989 2478 4062 judicium
2508 3988 2599 4044 die
2629 3991 2839 4043 statuta
2864 3985 3070 4041 litteris
3097 3990 3363 4042 evocatus
3388 3987 3498 4041 mi-

1867 4085 2022 4140 nime
2066 4084 2393 4152 occurrerit,
2428 4083 2536 4138 hoc
2577 4086 2678 4149 est,
2708 4080 2819 4135 nisi
2858 4080 2968 4135 alia
3011 4080 3500 4152 praeoccupatione

1867 4177 2216 4234 necessitatis
2239 4176 2387 4231 infra
2416 4175 2667 4249 spatium
2697 4174 3097 4246 praedictorum
3135 4174 3419 4229 mensium
3445 4178 3503 4228 et

1869 4288 1937 4327 eo
1981 4271 2247 4342 amplius,
2270 4273 2446 4342 prout
2496 4284 2727 4324 causam
2776 4267 3089 4323 dictaverit.
3136 4266 3299 4332 Quod
3343 4267 3388 4320 si
3436 4284 3503 4323 ex

1866 4369 2105 4436 utraque
2148 4364 2310 4435 parte
2354 4362 2428 4417 ad
2469 4377 2697 4416 causam
2726 4360 3025 4416 dicendam
3051 4361 3334 4428 venerint,
3368 4361 3502 4432 quia

152 4448 236 4519 qui
264 4451 580 4521 recipiendi
609 4455 742 4506 sunt
770 4453 943 4509 fuerit
976 4458 1287 4524 accusatus,
1316 4458 1616 4528 postquam
1646 4455 1765 4528 ipse
1786 4478 1843 4549 B
1869 4473 2015 4512 unus
2036 4457 2249 4528 absque
2269 4456 2452 4510 altero
2468 4454 2658 4510 audiri
2679 4471 2796 4510 non
2818 4454 3002 4524 debet,
3020 4455 3391 4526 quaerendum
3416 4461 3502 4510 est

147 4540 207 4593 ab
229 4543 305 4595 eis
333 4543 663 4600 charitative
693 4546 999 4602 conventus
1022 4547 1213 4617 fuerit,
1234 4551 1297 4601 ut
1323 4549 1506 4620 ipsam
1539 4566 1765 4605 causam

150 4635 438 4690 emendare
488 4637 711 4706 debeat,
748 4643 805 4693 et
848 4656 978 4695 eam
1020 4641 1305 4712 corrigere
1353 4642 1620 4711 noluerit,
1649 4659 1765 4698 non

150 4725 289 4794 olim,
318 4729 417 4783 sed
451 4732 587 4784 tunc
615 4731 687 4785 ad
716 4748 969 4787 summos
998 4732 1277 4804 primates
1314 4752 1478 4789 causa
1513 4736 1635 4807 ejus
1669 4753 1761 4791 ca-

148 4822 334 4875 nonice
360 4822 674 4890 deferatur,
704 4825 803 4895 qui
828 4825 887 4879 in
927 4842 1182 4898 congruo
1226 4828 1353 4883 loco
1396 4828 1543 4883 infra
1582 4830 1763 4901 ipsam

149 4913 490 4980 provinciam
514 4918 777 4987 tempore
808 4934 1087 4990 congruo,
1117 4919 1175 4974 id
1206 4922 1291 4974 est
1328 4922 1649 4976 autumnali
1678 4923 1763 4978 vel

148 5006 328 5061 estivo
367 5008 679 5062 concilium
723 5006 1061 5082 regulariter
1102 5029 1408 5068 convocare
1450 5014 1760 5085 debebunt,

146 5096 214 5150 ita
255 5104 321 5154 ut
373 5100 447 5154 ab
503 5102 770 5157 omnibus
822 5104 1077 5175 ejusdem
1131 5106 1432 5176 provinciae
1490 5107 1765 5181 episcopis

146 5190 270 5247 inibi
295 5193 582 5249 audiatur.
614 5194 736 5259 Quo
765 5199 821 5251 et
845 5197 965 5268 ipse
992 5199 1332 5270 regulariter
1361 5204 1697 5257 convocatus
1718 5203 1763 5257 si

145 5298 263 5338 eum
300 5290 400 5341 aut
428 5286 750 5357 inﬁrmitas,
778 5293 874 5343 aut
917 5290 1027 5345 alia
1071 5291 1258 5363 gravis
1305 5294 1606 5350 necessitas
1644 5312 1762 5351 non

144 5375 437 5434 detinuerit
465 5380 662 5436 adesse
693 5380 937 5452 debebit,
973 5383 1105 5455 quia
1137 5386 1281 5440 ultra
1316 5388 1624 5457 provinciae
1656 5391 1765 5443 ter-

143 5472 319 5526 minos
358 5473 666 5528 accusandi
706 5478 836 5530 ante
877 5476 1101 5531 licentia
1150 5494 1265 5533 non
1307 5482 1411 5549 est,
1441 5498 1613 5553 quam
1658 5500 1760 5538 au—

142 5561 339 5619 dientia
368 5569 627 5637 rogetur.
657 5566 799 5621 Nam
823 5569 871 5623 si
898 5568 1013 5624 suis
1037 5570 1213 5626 fuerit
1238 5577 1335 5628 aut
1361 5574 1624 5631 Ecclesia:
1657 5576 1764 5632 sibi

142 5659 448 5714 commissae
494 5659 661 5715 rebus
703 5662 1068 5732 exspoliatus,
1101 5669 1201 5719 aut
1230 5665 1399 5738 (quod
1423 5668 1581 5741 absit)
1615 5671 1763 5742 quod

142 5750 384 5808 alienum
412 5753 484 5809 ab
509 5752 775 5809 omnibus
795 5772 917 5811 esse
942 5756 1113 5812 debet
1135 5758 1401 5816 ﬁdelibus
1424 5779 1457 5817 a
1473 5763 1602 5819 sede
1632 5782 1762 5837 pro-

548 5851 818 5916 PATROL.
867 5853 1093 5919 CXXX.

1864 4550 1924 4605 in
1953 4550 2172 4621 judicio
2214 4549 2375 4620 cujus
2413 4548 2527 4603 sint
2570 4546 3005 4602 conversationis
3051 4551 3107 4601 et
3149 4547 3281 4602 fidei
3328 4551 3501 4620 atque

1867 4642 2195 4714 suspicionis
2221 4645 2595 4711 accusatores,
2629 4644 2729 4695 aut
2758 4657 2873 4711 qua
2907 4639 3220 4695 intentione
3259 4641 3366 4696 hoc
3410 4642 3494 4697 fa-

1865 4736 2043 4804 ciant;
2076 4736 2210 4807 quia
2245 4735 2318 4790 ad
2349 4735 2459 4789 hoc
2503 4733 2728 4789 admitti
2775 4749 2893 4788 non
2939 4732 3164 4802 debent,
3195 4734 3306 4789 nisi
3330 4735 3496 4790 bonas.

1864 4828 2308 4885 conversationis
2358 4832 2415 4882 et
2461 4832 2630 4882 rectae
2673 4826 2805 4882 fidei
2853 4826 2977 4894 viri,
3005 4826 3065 4880 hi
3102 4826 3360 4883 videlicet
3400 4830 3499 4901 qui

1864 4923 2021 4977 omni
2072 4921 2390 4994 suspicione
2444 4923 2699 4991 careant,
2745 4923 2804 4974 et
2850 4920 3002 4975 bona
3057 4920 3172 4976 vita
3226 4923 3493 4990 clareant,

1862 5032 2052 5087 neque
2084 5016 2325 5071 infames
2350 5014 2611 5069 existant.
2644 5012 2802 5079 Quod
2840 5013 2886 5067 si
2923 5018 3319 5071 accusatorum
3361 5034 3493 5089 per-

1866 5125 2023 5165 sonze
2042 5108 2101 5163 in
2111 5108 2330 5180 judicio
2353 5108 2756 5180 episcoporum
2778 5107 3086 5179 culpabiles
3104 5110 3492 5182 apparuerint,

1864 5204 1937 5258 ad
1965 5203 2323 5275 arguendum
2350 5218 2469 5257 non
2510 5201 2905 5269 admittantur,
2939 5201 3046 5256 nisi
3077 5204 3333 5275 proprias
3360 5221 3488 5260 cau-

1865 5313 1952 5352 sas
1979 5312 2255 5364 asserere,
2276 5313 2393 5351 non
2426 5299 2620 5350 tamen
2648 5289 2969 5350 criminales
2989 5295 3077 5350 vel
3097 5298 3494 5353 ecclesiasticas

1861 5390 2161 5446 voluerint.
2189 5389 2421 5445 Infamis
2449 5388 2604 5445 enim
2633 5405 2879 5462 persona
2905 5405 3009 5444 nec
3035 5394 3371 5460 procurator
3386 5407 3487 5461 po-

1862 5486 1974 5539 test
2000 5500 2119 5539 esse
2144 5500 2251 5539 nec
2276 5482 2558 5556 cognitor.
2587 5482 2833 5538 Absente
2860 5499 2992 5537 vero
3028 5482 3346 5538 adversario
3369 5500 3487 5541 non

1863 5578 2127 5633 audiatur
2148 5580 2454 5647 accusator;
2481 5592 2589 5632 nec
2608 5575 2906 5642 sententia,
2925 5574 3157 5629 absente
3182 5579 3338 5645 parte
3357 5579 3486 5649 alia,

1865 5689 1899 5726 a
1934 5672 2124 5744 judice
2162 5671 2314 5727 dicta
2352 5672 2529 5726 ullam
2569 5669 2847 5725 obtinebit
2891 5667 3253 5736 ﬁrmitatem;
3303 5687 3487 5746 neque

1865 5766 2069 5821 absens
2100 5782 2202 5839 per
2230 5766 2402 5821 alium
2440 5763 2686 5818 accusari
2718 5766 2817 5817 aut
2843 5776 3107 5815 accusare
3149 5765 3355 5834 potest,
3385 5786 3490 5831 nec

3061 5866 3095 5923 7
