4026 6166
585 218 682 271 ltiti

1471 213 1755 270 APPEND.
1797 216 1883 269 AD
1920 214 2083 269 SEC.
2124 215 2210 268 1X.
2239 243 2306 253 —
2344 213 2583 269 lSlDORl
2620 215 3062 271 MERCATORIS.
3686 230 3691 235 ’
3761 229 3836 283 196

579 321 766 377 afﬁnis
816 322 971 377 testis
1018 321 1370 376 admittatur.
1417 321 1718 376 Neminem
1763 338 1900 391 ergo
1954 319 2210 375 exhiberi
2232 333 2290 404 Α
2311 324 2504 393 pheta,
2535 322 2633 393 qui
2668 327 2867 393 potum
2896 322 2993 377 dat
3015 321 3195 375 amico
3231 339 3328 376 suo
3363 323 3572 379 mittens
3607 326 3674 381 fel
3710 345 3838 385 suum

580 416 648 470 de
679 415 974 486 provincia
1000 415 1073 468 ad
1100 415 1447 485 provinciam
1471 416 1561 469 vel
1587 415 1659 469 ad
1680 415 2008 468 comitatum
2044 430 2208 485 opor-

578 512 676 575 tet,
711 508 815 561 nisi
858 508 928 562 ad
971 508 1306 563 relationem
1342 507 1551 577 judicis
1587 509 1655 561 ad
1688 524 1870 578 quem
1911 506 2084 561 fuerit
2112 525 2206 578 ap-

576 602 873 672 pellatum,
900 601 959 656 id
987 605 1090 667 est,
1111 605 1173 655 ut
1200 605 1398 655 auctor
1428 617 1653 672 semper
1683 601 1766 654 rei
1792 601 1981 655 forum
2010 617 2206 671 sequa-

574 697 686 747 tur.
721 694 781 749 Si
809 693 935 765 quis
971 698 1165 748 autem
1204 694 1458 764 judicem
1501 694 1805 748 adversum
1832 693 1937 748 sibi
1969 694 2206 748 senserit

573 803 775 841 vocem
797 786 1193 857 appellationis
1215 786 1501 855 exhibeat,
1520 787 1790 857 quoniam
1817 787 1959 840 nulli
1984 787 2205 856 oportet

571 880 792 950 negari.
805 880 1111 949 Peregrina
1123 896 1257 933 vero
1265 878 1483 949 judicia
1497 879 1755 949 generali
1768 879 2059 933 sanctione
2076 895 2204 949 pro-

572 972 856 1043 hibemus,
876 972 1009 1044 quia
1027 972 1329 1043 indignum
1358 975 1442 1025 est
1461 975 1526 1026 ut
1543 972 1614 1025 ab
1637 972 2198 1041 externisjudicetur,

572 1066 672 1137 qui
702 1065 1210 1137 comprovinciales
1234 1070 1290 1119 et
1317 1082 1350 1120 a
1376 1081 1436 1119 se
1464 1066 1670 1119 electos
1697 1065 1865 1119 debet
1883 1065 2091 1119 habere
2113 1065 2201 1134 ju-

571 1160 742 1214 dices.

644 1253 793 1322 Hmc,
810 1252 1032 1319 fratres,
1047 1252 1119 1306 ad
1137 1254 1385 1305 vestram
1400 1255 1456 1306 et
1469 1252 1725 1305 omnium
1738 1250 2198 1321 coepiscoporum

573 1361 741 1416 opem
768 1350 824 1400 et
850 1345 1242 1401 defensionem
1260 1345 1320 1399 in
1347 1345 1563 1416 synodo
1587 1344 1928 1399 unanimiter
1954 1348 2085 1398 sunt
2106 1344 2200 1397 de-

571 1444 746 1506 creta,
774 1442 837 1492 ut
864 1439 908 1492 si
938 1440 1083 1493 forte
1111 1438 1285 1509 aliqui
1326 1439 1637 1493 stultorum
1668 1454 1761 1491 vos
1788 1454 2049 1491 accusare
2079 1436 2197 1507 (qui

570 1531 861 1586 diabolicae
888 1531 1233 1601 deceptionis
1260 1548 1451 1587 errore
1471 1530 1691 1601 decepti
1719 1530 1866 1600 sunt)
1889 1530 2196 1597 voluerint,

573 1623 710 1678 dum
758 1623 866 1677 ista
905 1623 1153 1693 legerint
1190 1625 1276 1678 vel
1313 1624 1598 1679 audierint
1637 1622 1986 1693 resipiscant,
2030 1627 2088 1675 et
2128 1622 2199 1675 ad

2307 418 2530 487 (Habac.
2561 433 2621 485 11,
2656 418 2759 485 15).
2796 438 2821 464 ››
2852 418 2916 469 Et
2948 416 3156 469 iterum
3184 415 3602 485 sapientissimus
3627 420 3839 477 Salomon

2304 510 2413 564 ait:
2442 530 2470 560 «
2495 509 2600 573 Qui
2621 509 2872 580 loquitur
2889 508 3099 579 iniqua,
3118 524 3233 561 non
3251 511 3424 578 potest
3438 510 3618 577 latere,
3636 529 3725 566 nec
3735 531 3842 583 pra:-

2304 603 2472 657 teriet
2505 603 2669 656 illum
2712 601 3020 671 corripiens
3058 600 3355 670 judicium.
3390 602 3445 654 In
3486 603 3843 673 cogitationibus

2305 696 2460 750 enim
2484 694 2649 765 impii
2676 694 3051 764 interrogatio
3081 692 3189 747 erit
3213 709 3226 745 :
3261 693 3579 748 Sermonum
3613 702 3772 751 autem
3800 698 3844 751 i1-

2302 787 2410 841 lius
2434 788 2644 842 auditio
2677 788 2749 841 ad
2775 787 3080 841 Dominum
3107 785 3313 854 veniet,
3337 790 3391 839 et
3410 787 3477 841 ad
3497 788 3845 859 correptionem

2303 880 2673 952 iniquitatem
2695 879 2864 947 illius,
2879 879 3151 950 quoniam
3167 878 3315 933 auris
3335 879 3434 933 zeli
3453 880 3599 934 audit
3615 881 3792 948 omnia,
3808 888 3849 937 et

2302 974 2582 1027 tumultus
2626 971 3147 1027 murmurationum
3194 988 3307 1025 non
3347 972 3689 1026 abscondetur
3729 973 3844 1043 (Sap.

2302 1084 2340 1135 1,
2361 1068 2501 1134 8-10)
2516 1108 2528 1121 .
2552 1085 2579 1118 »
2604 1067 2730 1120 Haec
2749 1066 2907 1119 enim
2928 1064 2972 1118 si
3000 1065 3267 1135 amplecti
3286 1064 3576 1118 voluissent
3598 1065 3792 1135 proprio
3809 1071 3850 1119 et

2302 1177 2440 1213 sano
2485 1176 2674 1224 sensu,
2731 1158 2805 1213 ad
2860 1158 3164 1229 reprobum
3217 1173 3443 1211 sensum
3492 1156 3699 1211 minime
3736 1157 3850 1210 labe-

2301 1257 2519 1322 rentur,
2538 1252 2638 1306 sed
2656 1268 2758 1322 per
2781 1252 2878 1306 Dei
2896 1251 3167 1305 timorem
3189 1265 3510 1305 sermonum
3527 1265 3731 1303 suorum
3744 1265 3852 1320 pra:-

2300 1350 2561 1400 caventes
2587 1344 2920 1413 custodiam,
2942 1345 3095 1415 piam
3118 1347 3437 1398 sanctorum
3456 1344 3667 1395 Patrum
3685 1341 3849 1396 diffini-

2299 1440 2513 1493 tionem
2528 1438 2648 1493 sine
2664 1438 2913 1509 quadam
2930 1437 3257 1492 nocumenti
3272 1435 3686 1507 prmsumptione
3698 1433 3852 1504 utique

2300 1531 3025 1602 conservassent,quoniam
3040 1530 3404 1584 dicitsacrum
3420 1527 3706 1598 eloquium,
3719 1527 3855 1579 consi-

2300 1624 2439 1679 lium
2462 1626 2677 1679 bonum
2708 1623 3067 1679 conservabit
3094 1627 3171 1689 te,
3205 1628 3260 1677 et
3289 1638 3447 1676 mens
3472 1621 3611 1675 bona
3636 1606 3855 1673 custodiet

571 1715 802 1771 unitatis
831 1716 1198 1771 concordiam
1234 1719 1612 1783 revertantur,
1642 1722 1697 1770 et
1722 1716 1872 1786 quod
1898 1714 2054 1786 prius
2083 1720 2201 1769 erat
2220 1701 2276 1771 B
2302 1721 2377 1771 te.
2412 1719 2534 1772 Non
2563 1718 2717 1772 enim
2746 1719 2814 1772 de
2844 1716 3096 1771 fontibus
3126 1714 3431 1770 salutiferis
3460 1712 3783 1784 spifitualiter
3802 1709 3854 1763 ad

572 1809 630 1863 in
658 1809 935 1864 ultionem
962 1809 1226 1864 transibit
1249 1810 1309 1863 in
1340 1810 1596 1880 gloriam.
1620 1810 1782 1876 Nam,
1801 1809 1996 1879 procul
2026 1807 2198 1862 dubio

570 1902 733 1957 multi
751 1904 885 1957 sunt
903 1902 998 1974 qui
1014 1903 1327 1958 secundum
1336 1903 1588 1974 Apostoli
1602 1919 1817 1971 vocem,
1837 1922 1864 1951 «
1876 1901 2199 1973 prurientes

568 1996 801 2051 auribus
830 2013 864 2051 a
891 1996 1124 2051 veritate
1152 1997 1382 2067 quidem
1412 1996 1675 2051 auditum
1702 1999 1983 2065 avertunt,
2011 1995 2083 2049 ad
2107 1995 2194 2048 fa-

568 2089 730 2144 bulas
764 2093 957 2143 autem
986 2092 1383 2143 convertentur
1415 2089 1487 2156 (II
1519 2092 1654 2144 Tim.
1682 2106 1756 2158 1v,
1785 2091 1837 2157 3,
1872 2089 1942 2159 4),
1978 2110 2005 2136 ››
2037 2092 2093 2141 et
2123 2086 2197 2141 ad

567 2183 915 2236 nocumenta
930 2181 1215 2235 bonorum
1236 2184 1549 2235 transeunt.
1570 2182 1660 2235 Ait
1674 2186 1866 2235 autem
1880 2181 2036 2234 idem
2056 2184 2197 2250 Apo-

569 2274 745 2327 stolus
773 2274 844 2327 de
872 2272 1188 2327 inﬁdelium
1223 2274 1545 2344 ignorantia
1578 2292 1591 2327 :
1625 2296 1651 2322 ‹‹
1686 2273 1744 2327 Si
1784 2273 2192 2345 cognovissent,

568 2382 868 2436 nunquam
921 2365 1226 2420 Dominum
1278 2366 1474 2437 glorias
1530 2365 1937 2421 cruciﬁxissent
1982 2366 2029 2435 (Ι
2073 2368 2190 2423 Cor.

566 2476 627 2528 11,
647 2461 721 2530 8).
736 2480 764 2509 »
790 2458 1066 2514 Similiter
1087 2458 1133 2511 si
1154 2459 1213 2513 hi
1235 2459 1537 2514 Dominum
1557 2458 1806 2530 perfecte
1832 2458 2197 2530 agnovissent

567 2555 624 2608 et
666 2557 965 2621 amassent,
995 2568 1289 2624 nunquam
1342 2569 1535 2607 servos
1581 2552 1703 2623 ejus
1750 2552 2190 2623 perturbassent,

565 2662 670 2702 nec
714 2647 894 2701 verbis
940 2649 1040 2701 aut
1082 2647 1246 2701 factis
1290 2647 1570 2718 persecuti
1613 2650 1817 2701 essent.
1858 2646 2019 2710 Quod
2060 2661 2192 2700 vero

564 2740 715 2795 idem
744 2740 1045 2811 Apostolus
1073 2739 1207 2794 dicit
1239 2756 1252 2794 :
1288 2759 1317 2791 «
1349 2739 1408 2794 Si
1443 2739 1596 2793 enim
1630 2756 1762 2793 cum
1791 2739 2008 2793 inimici
2050 2754 2192 2792 esse-

566 2848 716 2903 mus,
749 2832 1098 2887 reconciliati
1121 2849 1316 2886 sumus
1343 2834 1456 2887 Deo
1493 2849 1596 2903 per
1620 2835 1867 2886 mortem
1912 2832 2033 2885 Filii
2070 2832 2193 2901 ejus

567 2926 738 2997 (Rom.
767 2942 820 2995 v,
848 2928 952 2996 i0),
985 2947 1012 2975 »
1046 2942 1146 2980 cur
1172 2925 1547 2996 insequimur,
1578 2925 1802 2992 fratres,
1837 2942 1938 2979 cur
1959 2929 2188 2996 pertur-

564 3018 772 3074 bamus
811 3022 1023 3074 statum
1065 3018 1323 3074 Ecclesiae
1363 3019 1482 3085 Dei,
1516 3024 1573 3073 et
1611 3036 1709 3073 eos
1747 3019 1843 3090 qui
1887 3019 1939 3073 ei
1981 3018 2190 3073 servire

566 3112 775 3167 debent
799 3111 1110 3182 afﬂigimus
1126 3114 1153 3166 Ἰ
1178 3113 1445 3183 Martyres
1467 3112 1619 3166 enim
1638 3112 1790 3184 passi
1811 3117 1960 3179 sunt,
1979 3129 2094 3166 non
2114 3115 2191 3165 ta-

563 3221 698 3260 men
724 3205 929 3260 animze
955 3221 1154 3260 eorum
1178 3204 1375 3259 occisae
1396 3205 1608 3260 suntin
1632 3205 1885 3276 corporis
1908 3205 2187 3275 passione,

564 3316 662 3355 ore
685 3299 949 3355 Veritatis
968 3301 1294 3354 attestante.
1326 3319 1353 3349 «
1379 3298 1562 3353 Nolite
1587 3298 1788 3352 timere
1816 3314 1911 3353 eos
1936 3298 2032 3369 qui
2054 3298 2191 3353 occi-

564 3392 709 3448 dunt
738 3409 963 3464 corpus,
993 3391 1243 3446 animam
1278 3396 1471 3446 autem
1510 3407 1626 3445 non
1663 3394 1901 3462 possunt
1937 3390 2189 3446 occidere

560 3485 777 3557 (Matth.
811 3503 862 3553 x,
889 3486 998 3557 28).
1028 3504 1056 3536 »
1087 3484 1192 3541 Ubi
1219 3484 1449 3556 agnosci
1490 3488 1716 3555 oportet
1742 3485 1951 3556 quippe
1981 3483 2026 3537 si
2062 3484 2187 3539 ani-

560 3594 672 3632 mae
695 3581 1013 3649 martyrum
1033 3593 1267 3649 corpore
1286 3581 1584 3649 perempto
1600 3577 1889 3650 suppliciis
1908 3577 2188 3649 exstingui

560 3687 677 3726 non
700 3676 954 3743 possunt,
978 3688 1084 3726 nec
1103 3671 1310 3725 animae
1336 3670 1770 3743 praedicatorum
1800 3674 1858 3725 et
1886 3672 2187 3726 doctorum

557 3765 823 3836 persequi
847 3764 1173 3819 debuissent
1192 3768 1292 3819 aut
1310 3764 1635 3836 perturbari
1660 3769 1717 3818 et
1735 3782 1768 3818 a
1793 3764 1895 3819 Dei
1911 3764 2185 3820 famulatu

556 3857 751 3926 averti,
772 3858 905 3930 quia
925 3875 1055 3913 cum
1076 3857 1406 3930 corporibus
1429 3874 1545 3912 non
1572 3858 1863 3912 deﬁciunt.
1896 3858 2054 3912 Tales
2078 3874 2181 3912 au-

555 3954 672 4007 tem
730 3951 1148 4022 perturbatores
1200 3951 1462 4006 Ecclesiae
1508 3967 1621 4005 non
1678 3950 1859 4005 solum
1918 3950 2187 4020 praedicta

555 4047 737 4115 agunt
754 4045 925 4114 mala,
942 4045 1042 4099 sed
1062 4049 1119 4099 et
1134 4043 1441 4098 memorias
1456 4047 1773 4113 martyrum
1791 4045 2179 4097 exsecrantur.

555 4136 904 4206 Quapropter
945 4136 1004 4189 in
1043 4136 1277 4207 praefata
1310 4134 1705 4189 constituimus
1733 4133 1965 4205 synodo,
1994 4134 2179 4189 vobis-

2211 3062 2265 3136 C

2299 1810 2728 1881 acquisitionem
2759 1813 2991 1864 mternze
3022 1809 3149 1864 vita:
3176 1808 3487 1880 procedunt
3526 1806 3652 1859 tales
3687 1818 3855 1857 accusa-

2296 1905 2480 1977 tiones
2508 1907 2564 1958 et
2593 1902 2988 1970 detractiones,
3018 1906 3187 1975 atque
3227 1902 3359 1956 ideo
3397 1899 3751 1970 competenter
3778 1912 3856 1949 nos

2298 1998 2498 2053 beatus
2527 1998 2735 2051 Paulus
2760 1999 3046 2068 apostolus
3071 1995 3458 2068 przemuniens
3477 1992 3553 2047 ait
3580 2009 3592 2046 :
3623 2011 3647 2042 (ι
3672 1991 3773 2044 Non
3788 1988 3855 2042 de-

2297 2090 2432 2145 bere
2460 2091 2584 2162 plus
2606 2106 2802 2161 sapere
2824 2107 2997 2162 quam
3022 2093 3247 2161 oportet
3267 2104 3487 2158 sapere,
3506 2085 3599 2140 sed
3623 2099 3789 2154 sapere
3804 2081 3856 2135 ad

2299 2184 2661 2238 sobrietatem
2705 2185 2871 2253 (Rom.
2907 2200 3001 2253 x11,
3052 2184 3123 2253 3),
3170 2204 3198 2231 »
3238 2182 3301 2236 in
3341 2179 3652 2235 deﬁnitione
3683 2176 3857 2248 pietatis

2296 2277 2687 2346 perdurantes.
2718 2276 2825 2340 Qui
2845 2277 2999 2332 enim
3022 2277 3164 2330 hanc
3193 2277 3556 2346 praetereunt,
3576 2287 3683 2325 non
3705 2274 3856 2324 tamen

2295 2368 2414 2423 laesi
2438 2374 2569 2423 sunt
2593 2370 2918 2425 decidentes
2957 2386 2989 2422 a
3028 2367 3492 2424 corroboratione
3516 2380 3629 2433 sua,
3659 2361 3742 2418 sed
3764 2358 3858 2413 insi-

2294 2462 2524 2533 pientiae
2537 2479 2652 2515 sua:
2669 2462 3095 2533 dereliquerunt
3116 2454 3380 2516 domibus
3400 2458 3732 2524 memoriam,
3750 2459 3801 2507 ut
3816 2452 3857 2505 in

2294 2554 2382 2608 his
2410 2554 2466 2608 in
2493 2554 2699 2626 quibus
2724 2558 3099 2626 peccaverunt
3122 2554 3365 2609 minime
3390 2554 3559 2607 latere
3582 2547 3856 2621 potuissent.

2296 2646 2483 2702 Gloria
2511 2647 2663 2701 enim
2691 2651 2748 2702 et
2773 2648 3118 2702 contumelia
3146 2647 3207 2701 in
3235 2646 3467 2717 loquela
3500 2650 3554 2700 et
3592 2643 3646 2696 in
3686 2636 3861 2709 loquela

2292 2740 2503 2810 linguae
2527 2740 2776 2794 hominis
2805 2758 2962 2795 casus
2987 2740 3140 2794 illius
3166 2742 3272 2794 est.
3309 2740 3545 2810 [deoque
3578 2731 3861 2790 conveniens

2294 2840 2380 2888 est
2403 2834 2551 2888 hanc
2577 2834 2814 2904 quidem
2844 2834 3229 2889 ostensionem
3268 2829 3750 2904 reprehensionum
3770 2823 3863 2876 illo-

2291 2943 2418 2981 rum
2452 2928 2657 2982 nostris
2685 2928 2902 2982 actibus
2929 2927 3122 2997 inseri,
3156 2944 3227 2981 ne
3256 2926 3493 3004 ulterius
3522 2924 3638 2995 jam
3661 2918 3773 2975 talia
3792 2931 3861 2987 pa-

2289 3020 2513 3075 tiamini
2541 3021 2953 3076 seminantibus
2981 3020 3059 3076 eis
3086 3020 3301 3074 zizania
3334 3024 3392 3074 et
3412 3016 3677 3081 scandala,
3696 3011 3776 3066 sed
3793 3008 3862 3061 la-

2291 3114 2401 3167 tari
2428 3114 2485 3167 in
2513 3114 2708 3168 ofﬁciis
2736 3119 2793 3169 et
2822 3114 3188 3185 dogmatibus
3212 3113 3416 3168 vestris
3441 3103 3768 3165 mereamini.
3786 3098 3864 3170 lgi-

2291 3211 2385 3261 tur
2414 3208 2768 3277 erubescant,
2793 3224 2858 3261 ac
2888 3207 3025 3262 talia
3054 3211 3113 3261 et
3136 3204 3475 3277 hujusmodi
3502 3195 3862 3271 blasphemiam

2292 3299 2627 3354 subtrahere
2656 3300 2946 3370 festinent,
2975 3301 3021 3354 si
3067 3300 3360 3355 noluerint
3384 3316 3418 3353 a
3453 3289 3759 3352 sacerdotali
3782 3301 3862 3340 no-

2290 3399 2404 3447 stro
2430 3393 2667 3465 collegio
2695 3394 3006 3465 segregari,
3036 3398 3092 3449 et
3119 3411 3151 3448 a
3189 3394 3369 3447 totius
3399 3385 3692 3448 Christiani
3713 3376 3869 3455 populi

2289 3486 2550 3541 societate
2578 3486 2785 3542 divelli.
2813 3488 2962 3541 Licet
3001 3502 3247 3558 namque
3278 3486 3359 3540 de
3388 3485 3478 3541 his
3504 3484 3665 3555 plura
3696 3482 3745 3533 et
3767 3487 3867 3547 pcr-

2290 3580 2602 3634 necessaria
2646 3597 2771 3651 qua:
2815 3581 2876 3634 in
2919 3580 3161 3636 decretis
3207 3579 3365 3635 sedis
3398 3575 3723 3650 apostolicae,
3751 3571 3797 3622 et
3820 3564 3870 3618 ab

2285 3673 2555 3744 apostolis
2600 3690 2910 3744 eorumque
2954 3672 3373 3728 successoribus
3418 3669 3625 3726 nostris
3658 3660 3872 3721 videlicet

2285 3767 3032 3837 praedecessoribus-statuta
3075 3766 3458 3823 inveniuntur
3484 3764 3665 3819 dicere
3699 3761 3748 3813 et
3771 3768 3871 3807 con-

2287 3859 2530 3914 scribere
2555 3860 2960 3930 potuissemus,
2989 3861 3181 3914 tamen
3212 3860 3426 3915 melius
3458 3856 3614 3913 nobis
3631 3853 3793 3908 visum
3807 3846 3871 3898 est

2287 3956 2349 4006 ut
2377 3953 2674 4023 epistolam
2700 3953 2958 4008 oratione
2990 3953 3345 4009 claudamus.
3376 3955 3527 4008 Deus
3563 3946 3870 4015 omnipotens
3902 4016 3907 4023 .

2286 4048 2342 4099 et
2366 4045 2538 4116 hujus
2557 4045 2886 4117 unigenitus
2909 4045 3074 4114 ﬁlius,
3096 4050 3155 4101 et
3172 4047 3428 4101 salvator
3453 4046 3646 4100 noster
3662 4034 3871 4093 Christus

2282 4140 2438 4193 Jesus
2479 4139 2584 4193 hoc
2618 4139 2778 4194 vobis
2816 4140 3031 4195 tribuat
3058 4139 3521 4207 incitamentum,
3550 4139 3613 4191 ut
3649 4127 3872 4186 omnibus

558 4243 668 4298 que
708 4231 764 4281 et
816 4228 1081 4283 omnibus
1130 4227 1391 4283 Ecclesiis
1444 4228 1755 4283 tenendum
1795 4233 1852 4283 et
1891 4229 2181 4300 agendum
2282 4232 2551 4287 fratribus
2576 4237 2633 4289 et
2656 4234 3002 4306 coepiscopis
3030 4234 3234 4289 nostris
3269 4233 3698 4303 quibuscunque
3724 4220 3869 4277 tribu-

555 4320 915 4388 mandamus,
960 4326 1020 4376 ut
1063 4337 1236 4393 super
1280 4320 1591 4377 memorias
1636 4326 1951 4393 martyrum
1996 4322 2183 4376 missae
2282 4325 2589 4381 lationibus
2628 4327 3015 4383 laborantibus
3058 4326 3189 4381 totis
3225 4324 3571 4381 succurratis
3598 4318 3807 4382 viribus,
3832 4314 3874 4363 et

555 4413 925 4483 celebrentur,
946 4431 1019 4469 ne
1049 4415 1345 4470 memoriae
1371 4431 1573 4470 eorum
1601 4431 1634 4469 a
1658 4414 1866 4470 talibus
1897 4415 2182 4487 exstingui
2202 4427 2261 4499 D
2284 4437 2413 4475 cum
2441 4421 2521 4475 eis
2548 4422 2955 4492 compatientes
3001 4436 3227 4474 crucem
3269 4419 3531 4490 ejusdem
3559 4408 3774 4470 Domini
3796 4403 3873 4458 sal-

556 4512 653 4564 aut
672 4508 961 4564 veneratio
982 4509 1154 4581 possit
1182 4509 1488 4580 prohiberi.
1523 4510 1626 4563 Vos
1650 4526 1803 4580 vero,
1832 4509 2054 4577 fratres,
2080 4526 2179 4564 no-
2279 4515 2489 4568 vatoris
2516 4513 2751 4585 portetis
2775 4518 2840 4567 ut
2864 4514 2983 4567 veri
3008 4513 3186 4584 ipsius
3214 4511 3481 4583 discipuli
3508 4523 3696 4565 coram
3729 4514 3874 4557 omnl-

551 4602 648 4657 lite
678 4604 923 4657 multum
955 4603 1189 4673 turbari,
1218 4603 1395 4659 nolite
1420 4603 1631 4671 vexari,
1656 4604 1752 4658 sed
1781 4603 2181 4658 confortamini
2280 4607 2383 4662 bus
2409 4607 2748 4679 appareatis,
2780 4610 2846 4661 ut
2874 4610 2930 4661 et
2962 4623 3058 4661 vos
3098 4610 3156 4659 et
3188 4605 3287 4676 qui
3314 4605 3609 4659 vobiscum
3648 4600 3769 4654 sunt
3802 4589 3875 4647 hic

551 4695 610 4749 in
642 4695 901 4764 Domino,
932 4702 989 4752 et
1031 4696 1090 4751 in
1133 4697 1386 4769 potentia
1414 4696 1701 4752 charitatis
1739 4697 1878 4767 ejus.
1912 4698 2178 4752 Habetote
2280 4704 2337 4754 et
2356 4701 2414 4755 in
2434 4700 2625 4754 futuro
2648 4700 2883 4755 meliora
2899 4698 3227 4772 possideatis
3246 4714 3377 4769 quas
3401 4698 3601 4753 oculus
3622 4709 3730 4748 non
3744 4686 3871 4750 vidit,

550 4787 781 4844 interim
824 4789 925 4845 ista
958 4791 1030 4845 ad
1071 4790 1408 4862 suffragium
1448 4795 1698 4845 vestrum
1738 4791 2047 4862 apostolica
2084 4808 2179 4846 au-
2278 4810 2383 4848 nec
2414 4794 2566 4849 auris
2592 4793 2829 4864 audivit,
2863 4810 2967 4848 nec
3012 4793 3072 4847 in
3101 4808 3199 4846 cor
3228 4792 3482 4846 hominis
3509 4784 3751 4843 ascendit
3771 4789 3872 4851 qua?

550 4884 808 4940 ctoritate
820 4884 1132 4953 decreta,et
1144 4884 1338 4939 scitote
1349 4901 1451 4939 nos
1465 4901 1691 4956 semper
1704 4901 1770 4955 pa
1778 4890 1931 4939 ratos
1945 4884 2174 4954 habere,

551 4975 724 5031 etiam
756 4975 821 5047 (si
847 4993 1071 5032 necesse
1098 4977 1290 5049 fuerit)
1320 4995 1497 5050 usque
1531 4978 1602 5032 ad
1640 4980 1885 5032 mortem
1917 4978 1990 5032 ad
2024 4995 2177 5050 quae-

549 5085 774 5142 cunque
800 5070 954 5124 vobis
977 5071 1296 5126 necessaria
1327 5072 1540 5127 fuerint
1569 5071 1834 5143 (Domino
1871 5088 2041 5143 opem
2088 5073 2173 5128 fe-

546 5164 727 5235 rente)
753 5163 1115 5236 perﬁcienda.
1137 5165 1220 5220 Illi
1248 5168 1460 5234 tamen,
1480 5168 1706 5220 auctore
1731 5166 1864 5234 Deo,
1881 5166 2172 5237 peribunt,

548 5262 606 5313 et
628 5274 728 5313 vos
748 5257 990 5328 stabitis,
1021 5258 1068 5312 si
1099 5263 1291 5315 tamen
1316 5259 1475 5315 labor
1504 5264 1685 5315 vester
1711 5276 1825 5314 non
1856 5260 2032 5314 fuerit
2059 5261 2175 5316 ina-

543 5351 653 5419 nis,
683 5352 779 5409 sed
815 5353 1021 5424 plenus
1048 5352 1160 5407 ﬁde
1198 5357 1256 5409 et
1283 5353 1578 5409 charitate.
1613 5376 1639 5404 «
1673 5355 1788 5423 Vas,
1823 5352 2007 5427 inquit
2048 5370 2171 5425 pro-

2274 4887 2616 4959 praeparavit
2641 4889 2790 4943 Deus
2820 4886 3188 4957 diligentibus
3221 4902 3298 4940 se.
3341 4886 3453 4940 Per
3482 4882 3778 4940 Dominum
3798 4886 3875 4926 no-

2277 4986 2455 5037 strum
2475 4984 2665 5038 Jesum
2689 4981 2994 5052 Christum,
3017 4997 3122 5053 per
3147 4995 3338 5051 quem,
3364 4984 3578 5033 etcum
3604 4990 3711 5048 quo
3729 4961 3878 5026 οωῡὶο

2273 5076 2490 5149 potenti
2545 5078 2655 5132 Deo
2704 5075 2886 5148 gloria
2933 5074 2992 5128 in
3040 5074 3242 5128 saecula
3294 5072 3664 5127 saeculorum.
3704 5071 3878 5121 Amen.

2276 5172 2471 5225 Valere
2524 5187 2619 5224 vos
2663 5174 2813 5240 opto,
2858 5167 3176 5223 charissimi
3224 5168 3456 5221 fratres.
3519 5166 3665 5219 Data
3707 5175 3736 5212 v
3776 5154 3881 5210 ldus

2270 5264 2506 5335 Augusti
2530 5262 2762 5321 Claudio
2790 5267 2845 5317 et
2868 5263 3111 5317 Paterno
3144 5262 3209 5316 1V
3234 5277 3315 5316 cc.
3343 5258 3693 5315 consulibus.

1291 5534 1501 5602 ITEM
1564 5534 1985 5605 EPISTOLA
2044 5536 2437 5606 EJUSDEM
2495 5536 2616 5605 AD
2679 5532 3150 5606 BENIGNUM.

615 5649 978 5706 Dilectissimo
1018 5648 1180 5706 fratri
1226 5652 1470 5709 BENIGNO
1524 5652 1817 5723 episcopo,
1855 5654 2018 5708 Feux
2065 5653 2179 5725 epi-

539 5757 736 5814 sc0pus
766 5743 819 5797 in
852 5744 1090 5800 Domino
1117 5746 1375 5802 salutem.

2350 5654 2724 5726 Suscipientes
2748 5653 3111 5710 fraternitatis
3140 5657 3251 5708 tua),
3283 5648 3570 5723 epistolas
3596 5644 3797 5716 quibus
3814 5648 3894 5690 me

2278 5764 2446 5824 super
2473 5747 2601 5804 fidei
2628 5747 2984 5805 documentis
3000 5764 3126 5823 quae
3146 5747 3214 5801 ab
3244 5746 3366 5803 aliis
3414 5740 3745 5797 habebatur
3766 5730 3905 5788 aliter
