4026 6166
175 286 257 338 197
1381 281 1850 336 DECRETALIUM
1890 279 2276 335 COLLECTIO.

3408 284 3506 336 198

168 403 318 459 quam
344 389 495 441 recte
530 384 665 440 fidei
696 386 1027 441 contineant
1053 389 1422 455 sacramenta,
1452 390 1621 458 prout
1663 389 1773 443 Do-
1798 398 1858 471 Α
1878 387 2138 442 omnium
2167 392 2494 442 sanctorum
2526 387 2766 442 minimo
2790 388 2921 442 data
2953 390 3037 441 est
3074 386 3256 458 gratia
3296 387 3418 441 haec
3447 388 3508 441 in

168 481 333 535 minus
356 480 536 549 dedit,
557 496 661 551 pro
688 479 1053 535 fraternitatis
1078 497 1273 535 amore
1300 481 1639 552 respondere
1658 498 1778 537 non

167 573 565 627 resultavimus.
595 573 833 644 Semper
857 573 1010 627 enim
1047 572 1219 628 dubia
1265 579 1321 629 et
1357 574 1569 644 majora
1592 591 1774 645 nego-

165 666 225 718 tia
248 665 565 720 terminum
592 665 662 719 ab
690 666 800 720 hac
823 668 1012 720 sancta
1042 666 1173 720 sede
1203 683 1236 719 a
1269 671 1525 738 tempore
1553 670 1775 739 aposto-

162 758 325 812 lorum
356 757 458 830 qui
489 775 616 812 eam
647 759 761 813 suis
801 759 1158 813 documentis
1195 760 1603 827 instruxerunt,
1630 760 1771 814 acci-

162 868 273 922 pere
288 856 737 919 cbnsueverunt,
753 854 810 906 et
826 852 953 907 ideo
977 855 1038 906 tu
1056 855 1211 907 recte
1234 853 1415 907 fecisti
1439 853 1592 924 quod
1608 854 1778 924 hujus

161 947 347 1015 sancta:
391 944 541 1000 sedis
585 945 853 999 consultis
882 948 937 1000 te
973 948 1317 1018 caeterosque
1353 946 1571 1001 ﬁrmari
1603 949 1661 1000 et
1685 946 1775 1000 in-

160 1036 277 1090 strui
292 1037 548 1092 voluisti.
566 1038 945 1093 Continebant
961 1038 1117 1093 enim
1145 1039 1347 1094 litterae
1368 1042 1483 1094 tute
1513 1039 1779 1094 fratrum-

159 1146 249 1201 que
278 1135 516 1185 tuorum
544 1131 701 1203 quod
730 1132 966 1204 quidam
993 1132 1192 1188 dicunt
1225 1132 1429 1187 Filium
1465 1149 1579 1187 non
1614 1148 1777 1204 posse

157 1223 369 1294 proprie
395 1224 586 1279 videre
612 1227 861 1295 Patrem,
890 1226 1024 1297 quia
1063 1226 1338 1298 scriptum
1365 1230 1449 1280 est
1480 1242 1493 1280 :
1528 1248 1555 1275 ‹‹
1594 1226 1774 1280 Deum

156 1316 286 1369 enim
327 1333 507 1371 nemo
537 1317 677 1372 vidit
715 1334 967 1390 unquam
1002 1320 1046 1387 (Ι
1080 1322 1235 1374 Joan.
1266 1336 1342 1389 1v,
1376 1319 1483 1389 l2),
1515 1342 1543 1368 ››
1588 1322 1647 1373 et
1681 1318 1774 1373 alii

156 1409 385 1481 ﬁngunt.
421 1411 550 1465 Ideo
585 1412 774 1466 minor
806 1417 890 1466 est
918 1413 1079 1467 Patre
1116 1412 1285 1467 Filius
1310 1411 1581 1484 quoniam
1610 1413 1777 1466 Pater

156 1502 219 1556 illi
245 1503 517 1573 perhibet
561 1504 972 1561 testimonium.
1001 1505 1244 1569 Quidam
1285 1508 1482 1560 autem
1521 1505 1778 1576 garriunt

156 1597 289 1665 quod
338 1596 475 1651 ideo
522 1598 683 1651 Patre
733 1599 922 1652 minor
982 1602 1086 1666 est,
1135 1598 1269 1670 quia
1312 1598 1608 1654 invisibilis
1654 1598 1776 1669 ipse

157 1686 366 1756 dicitur,
404 1689 578 1743 Filius
607 1706 737 1745 vero
763 1690 993 1745 visibilis
1028 1691 1453 1762 comprobatur.

1878 480 2141 552 gentibus
2170 481 2554 552 evangelizare
2582 480 3002 551 investigabiles
3028 479 3251 535 divitias
3276 479 3505 549 Christi,

1878 578 1934 628 et
1956 573 2285 629 illuminare
2311 590 2508 628 omnes
2537 590 2664 645 quae
2696 574 2767 629 sit
2796 573 3142 644 dispensatio
3165 572 3511 627 sacramenti

1877 667 2191 721 absconditi
2212 684 2244 721 a
2271 667 2490 722 saeculis
2520 665 2579 720 in
2604 667 2813 738 quibus
2839 667 3034 721 omnia
3065 666 3271 721 creavit
3292 666 3505 736 (Ephes.

1876 776 1958 829 ιιι,
1988 763 2041 828 8,
2071 761 2143 830 9).
2175 780 2203 813 »
2228 762 2367 815 ltem
2394 760 2547 831 ipse:
2586 782 2613 809 ί(
2638 759 2739 823 Qui
2768 764 2869 827 est,
2899 759 2998 827 ait,
3020 759 3211 829 imago
3238 758 3335 813 Dei
3362 758 3505 812 invi-

1877 854 2054 908 sibilis
2099 854 2313 924 (Coloss.
2362 854 2537 923 1,15).
2584 874 2612 900 ››
2659 854 2725 907 Et
2766 853 2837 907 ad
2883 853 3236 907 Colossenses
3269 868 3282 905 :
3319 871 3347 900 «
3391 852 3509 922 Ego

1876 947 2080 1002 Paulus
2106 947 2364 1002 minister
2383 932 2483 1019 qui
2498 962 2653 1000 nunc
2669 945 2895 1016 gaudeo
2913 945 2973 999 in
2992 943 3348 1016 passionibus
3368 944 3512 998 meis

1876 1057 1980 1112 pro
2027 1040 2181 1095 vobis
2236 1044 2294 1095 et
2349 1041 2582 1111 suppleo
2638 1055 2765 1111 quas
2822 1039 3026 1093 desunt
3081 1037 3511 1092 tribulationum

1876 1133 2083 1190 Christi
2108 1134 2167 1188 in
2192 1150 2359 1188 carne
2387 1149 2520 1188 mea
2552 1148 2653 1204 pro
2678 1148 2916 1203 corpore
2949 1130 3092 1201 ejus,
3126 1129 3278 1202 quod
3306 1132 3393 1183 est
3418 1131 3535 1184 Ec-‘

1877 1227 2062 1295 clesia,
2086 1226 2244 1297 cujus
2273 1228 2455 1281 factus
2487 1242 2611 1280 sum
2638 1241 2747 1296 ego
2773 1224 3035 1279 minister
3060 1222 3375 1279 secundum
3398 1221 3510 1276 dis-

1875 1320 2270 1393 pensationem
2298 1320 2397 1374 Dei
2425 1320 2482 1374 in
2520 1318 2903 1374 ministerium
2932 1317 3158 1385 Christi,
3183 1316 3339 1388 quod
3383 1315 3510 1369 abs-

1876 1413 2169 1469 conditum
2212 1414 2319 1468 fuit
2364 1431 2398 1468 a
2440 1412 2655 1467 smculis
2705 1418 2761 1467 et
2806 1429 2839 1465 a
2889 1410 3352 1483 generationibus
3396 1408 3510 1479 (Co-

1879 1508 1974 1562 los.
2007 1524 2047 1573 1,
2078 1508 2278 1578 23-26).
2305 1528 2332 1555 η
2367 1509 2503 1561 ltem
2529 1506 2609 1561 ibi
2631 1511 2697 1561 ut
2724 1505 3095 1561 consolentur
3115 1503 3280 1559 corda
3308 1518 3509 1557 eorum

1878 1600 1936 1655 in
1963 1600 2253 1668 charitate,
2282 1600 2343 1655 in
2373 1616 2573 1654 omnes
2600 1599 2825 1654 divitias
2850 1596 3272 1669 adimpletionis
3292 1595 3514 1650 intelle-

1878 1697 1998 1747 ctus
2015 1693 2075 1747 in
2094 1692 2445 1764 agnitionem
2464 1692 2720 1764 mysterii
2739 1692 2894 1764 quod
2919 1694 3003 1746 est
3020 1690 3294 1757 Christus,
3317 1689 3376 1743 in
3397 1705 3510 1760 quo

212 1781 272 1834 Hi
303 1782 466 1836 enim
516 1782 846 1853 ignorantes
891 1783 1213 1838 divinarum
1260 1782 1676 1855 Scripturarum
1723 1786 1854 1858 etB
1878 1791 2008 1841 sunt
2029 1802 2226 1840 omnes
2240 1786 2494 1841 thesauri
2514 1785 2805 1855 sapientiae
2823 1788 2880 1838 et
2899 1784 3151 1839 scientias
3175 1782 3511 1848 absconditi,

152 1876 525 1944 apostolorum
533 1876 556 1945 j
565 1892 663 1930 ura
673 1893 761 1944 ,ex
771 1877 1002 1948 proprio
1021 1881 1119 1932 aut
1134 1877 1453 1931 adulterino
1465 1893 1633 1931 sensu
1643 1875 1778 1932 talia

153 1966 440 2034 fabricant,
472 1972 533 2022 et
561 1968 833 2023 seducere
865 1970 1037 2024 corda
1062 1969 1321 2024 fidelium
1358 1972 1642 2041 quierunt.
1668 1969 1778 2023 Nos

150 2074 267 2113 vero
292 2060 367 2114 ad
397 2061 578 2131 ipsius
602 2061 776 2116 fontis
802 2063 1084 2134 originem
1110 2064 1423 2131 redeamus,
1455 2080 1521 2117 ex
1554 2079 1667 2134 quo
1693 2063 1778 2116 Fi-

146 2150 278 2233 lium
297 2155 533 2207 Patrem
552 2170 778 2226 semper
792 2154 985 2209 videre
1001 2156 1251 2227 potuisse
1265 2156 1353 2210 vel
1372 2172 1534 2227 posse
1557 2154 1778 2210 eviden-

148 2246 371 2299 tioribus
412 2247 756 2301 testimoniis
796 2248 867 2302 de
904 2249 1105 2304 veteris
1149 2252 1206 2302 et
1248 2248 1376 2304 novi
1412 2247 1779 2303 instrumenti

148 2336 339 2392 litteris
365 2339 698 2410 doceamus,
724 2341 1021 2397 Salomone
1046 2342 1300 2396 dicente:
1324 2340 1463 2395 «Est
1489 2344 1674 2396 tecum
1700 2358 1779 2394 sa-

148 2431 349 2502 pientia
366 2450 501 2504 quae
521 2433 680 2488 novit
698 2450 873 2506 Opera
886 2440 1006 2501 tua,
1026 2440 1080 2490 et
1097 2434 1260 2489 affuit
1276 2439 1411 2490 tunc
1428 2451 1559 2489 cum
1580 2434 1779 2489 orbem

149 2529 421 2580 terrarum
478 2527 714 2595 faceres,
752 2533 807 2582 et
852 2528 1064 2583 sciebat
1114 2528 1268 2600 quod
1317 2531 1463 2583 esset
1511 2528 1781 2599 placitum

150 2635 329 2673 coram
387 2621 571 2675 oculis
622 2620 733 2675 tuis
770 2622 919 2692 (Sap.
972 2638 1044 2690 1x,
1098 2622 1170 2691 9).
1221 2644 1247 2670 »
1297 2624 1365 2678 Et
1416 2621 1684 2676 Dominus
1721 2621 1782 2675 in

148 2711 449 2785 Evangelio
484 2731 499 2768 :
534 2716 764 2769 «Nemo
804 2716 957 2770 novit
993 2716 1199 2769 Filium
1235 2715 1347 2769 nisi
1378 2716 1561 2783 Pater,
1595 2730 1783 2785 neque

149 2805 361 2861 Patrem
394 2807 525 2878 quis
555 2809 716 2862 novit
742 2808 850 2861 nisi
890 2808 1060 2863 Filius
1102 2812 1158 2863 et
1198 2808 1290 2863 cui
1335 2808 1579 2879 voluerit
1612 2807 1783 2861 Filius

148 2902 401 2954 revelare
429 2900 651 2971 (Matth.
682 2918 755 2969 x1,
784 2901 895 2972 27).
917 2922 943 2953 ››
969 2903 1037 2956 Et
1064 2903 1313 2957 iterum:
1344 2902 1571 2956 «Nemo
1603 2900 1782 2955 Deum

150 2993 276 3047 vidit
306 3010 591 3066 unquam,
620 2994 728 3048 nisi
760 2994 1088 3066 unigenitus
1129 2995 1302 3050 Filius
1328 2995 1427 3066 qui
1458 2999 1542 3049 est
1565 2994 1624 3048 in
1654 2993 1783 3048 sinu

148 3086 335 3157 Patris,
380 3087 504 3158 ipse
547 3088 795 3143 narravit
839 3089 1015 3160 (Joan.
1050 3106 1087 3158 1,
1121 3089 1227 3160 18).
1266 3110 1294 3139 ››
1338 3090 1405 3144 Et
1431 3088 1640 3143 iterum
1679 3089 1778 3142 Ju-

1878 1883 1933 1934 et
1958 1880 2018 1933 in
2042 1880 2262 1950 psalmo
2293 1878 2712 1951 septuagesimo
2746 1882 2902 1932 sexto
2936 1896 2949 1931 :
2988 1896 3016 1928 ‹‹
3045 1879 3105 1931 In
3137 1875 3279 1929 mari
3309 1880 3396 1930 est
3426 1874 3516 1928 via

1876 1977 1995 2042 tua,
2032 1975 2089 2026 et
2124 1972 2341 2027 semitae
2388 1976 2499 2027 tuae
2536 1972 2596 2026 in
2628 1971 2790 2043 aquis
2815 1970 3029 2038 multis,
3060 1974 3116 2023 et
3152 1968 3387 2038 vestigia
3416 1974 3513 2021 tua

1877 2082 1993 2121 non
2040 2069 2454 2137 cognoscentur
2486 2065 2655 2135 (Psal.
2690 2080 2866 2130 Lxxv1,
2909 2064 3020 2132 20).
3066 2084 3093 2109 ››
3142 2064 3209 2117 Et
3252 2062 3311 2115 in
3356 2061 3509 2115 Salo-

1877 2175 2050 2213 mone
2086 2175 2099 2213 :
2131 2178 2157 2210 (ι
2187 2158 2533 2230 Sapientiam
2565 2157 2660 2211 Dei
2690 2156 3106 2228 praecedentem
3150 2154 3343 2209 omnia
3387 2152 3513 2225 quis

1879 2251 2276 2322 investigabit?
2324 2252 2503 2322 (Eccli.
2554 2267 2593 2319 1,
2641 2252 2714 2321 3.)
2749 2269 2776 2301 »
2825 2252 2966 2303 Item
2993 2248 3070 2302 ibi
3100 2266 3113 2302 :
3147 2268 3174 2299 «
3204 2247 3382 2302 Radix
3423 2264 3511 2300 sa-

1880 2345 2109 2417 pientiae
2139 2344 2228 2399 cui
2255 2345 2499 2400 revelata
2528 2348 2630 2411 est,
2661 2346 2720 2398 et
2742 2342 2971 2397 astutias
2999 2341 3152 2395 illius
3176 2341 3303 2413 quis
3334 2356 3512 2412 agno-

1881 2438 2000 2493 vit?
2045 2460 2073 2487 ››
2128 2439 2305 2506 (Ibid.,
2349 2438 2423 2508 6.)
2450 2440 2592 2493 Item
2635 2436 2757 2491 ibi:
2794 2455 2822 2488 «
2870 2434 3179 2505 Disciplina
3225 2434 3514 2505 sapientiae

1882 2531 1973 2586 cui
2010 2531 2370 2586 manifestata
2418 2534 2525 2598 est,
2554 2532 2612 2583 et
2658 2528 3187 2600 multiplicationem
3233 2528 3516 2598 ingressus

1881 2624 2032 2679 illius
2073 2624 2202 2695 quis
2247 2623 2570 2678 intellexit?
2609 2620 2794 2695 (Ibid.,
2834 2621 2910 2691 7.)
2940 2621 3082 2675 Item
3125 2618 3205 2674 ibi
3237 2636 3250 2673 :
3286 2641 3313 2670 ‹‹
3360 2620 3513 2683 Quo-

1881 2717 2043 2772 niam
2081 2716 2361 2772 mirabilia
2398 2719 2531 2770 sunt
2559 2731 2732 2787 opera
2759 2713 3027 2769 Altissimi
3071 2712 3261 2783 solius,
3290 2717 3346 2768 et
3388 2714 3510 2784 glo-

1883 2810 2033 2865 riosa
2054 2814 2110 2865 et
2132 2809 2422 2879 absconsa,
2440 2812 2497 2862 et
2516 2808 2698 2862 invisa
2716 2823 2889 2879 opera
2909 2806 3057 2861 illius
3082 2805 3268 2876 (1bid.,
3290 2821 3367 2873 xr,
3384 2806 3459 2876 4).
3484 2827 3510 2853 ››

1884 2905 2023 2959 Ecce
2061 2903 2207 2958 sicut
2242 2904 2409 2957 Pater
2433 2901 2725 2956 invisibilis
2752 2904 2855 2967 est,
2888 2900 2968 2955 ita
2992 2905 3048 2955 et
3086 2899 3208 2971 jam
3246 2903 3304 2954 et
3348 2898 3517 2953 Filius

1882 2995 2190 3051 invenitur.
2218 2996 2512 3060 Quomodo
2531 3011 2668 3066 ergo
2688 2994 2757 3049 ab
2776 2994 2889 3049 illis
2904 2993 3005 3066 qui
3025 2993 3134 3048 hoc
3154 2992 3351 3048 dicunt
3365 2992 3518 3063 quod

1882 3090 2193 3144 mandastis
2220 3089 2279 3143 in
2310 3106 2377 3145 eo
2406 3087 2563 3161 quod
2610 3088 2770 3144 nobis
2803 3087 3106 3143 carnaliter
3134 3103 3193 3142 se
3220 3085 3395 3141 videri
3430 3085 3512 3140 di-

149 3178 274 3234 daais
300 3149 449 3234 dixit
479 3198 494 3235 :
532 3182 696 3235 «Vos
735 3149 854 3236 non
893 3149 1257 3249 nostis’eum,
1285 3198 1391 3252 ego
1426 3186 1619 3235 autem
1653 3149 1857 3235 noviC
1885 3187 2088 3256 gnatus
2112 3189 2197 3239 est
2221 3185 2385 3239 Patre
2421 3149 2658 3239 inferior
2687 3181 3027 3253 judicatur?
3071 3180 3298 3235 Talibus
3338 3179 3516 3241 nolite

150 3288 293 3327 eum.
323 3273 488 3340 Quod
512 3274 558 3327 si
585 3274 774 3329 dixero
800 3274 1080 3354 quianon
1108 3275 1241 3329 novi
1274 3291 1427 3345 eum,
1457 3291 1556 3329 ero
1585 3274 1784 3328 similis

149 3366 295 3420 vobis
323 3366 579 3422 mendax
610 3367 783 3439 (Joan.
814 3385 935 3438 v111,
969 3369 1078 3440 55).
1109 3388 1137 3421 »
1171 3371 1310 3424 Item
1347 3367 1425 3422 ibi
1458 3385 1470 3422 :
1506 3390 1531 3417 ‹‹
1565 3368 1670 3432 Qui
1714 3384 1783 3422 ex

152 3458 254 3514 Deo
286 3466 395 3528 est,
420 3460 515 3515 hic
538 3461 694 3515 novit
722 3477 874 3516 eum.
898 3483 926 3512 ››
957 3463 1025 3516 Et
1048 3463 1275 3517 iterum.
1309 3480 1337 3514 ι(
1364 3462 1482 3533 Ego
1508 3461 1624 3516 scio
1651 3477 1785 3516 eum

151 3552 275 3621 quia
313 3553 391 3607 ab
426 3553 553 3624 ipso
577 3571 706 3608 sum
734 3554 911 3627 (Joan.
946 3572 1040 3623 v11,
1064 3557 1172 3628 29).
1215 3576 1244 3608 »

212 3647 355 3700 Ecce
392 3646 714 3718 docuimus,
739 3648 875 3720 quia
898 3648 1055 3704 videt
1081 3665 1309 3721 semper
1336 3649 1509 3703 Filius
1534 3650 1781 3703 Patrem.

149 3739 443 3801 Quomodo
477 3746 746 3795 astruunt
780 3758 912 3796 eum
943 3744 1167 3797 Patrem
1207 3759 1322 3797 non
1369 3759 1532 3813 posse
1575 3742 1780 3810 videre,

149 3830 205 3883 in
250 3833 415 3904 cujus
455 3833 585 3888 sinu
630 3834 883 3890 noscitur
909 3852 1262 3906 permanere.
1293 3836 1349 3891 Si
1385 3851 1582 3891 sereno
1615 3851 1785 3890 sensu

152 3924 365 3980 divinas
394 3944 691 3982 recenseas
717 3928 1049 4000 Scripturas,
1073 3928 1323 3985 invenies
1346 3946 1462 3985 non
1480 3930 1663 3983 solum
1686 3931 1784 3984 Pa-

152 4019 290 4073 trem
318 4020 459 4074 Filio
494 4021 885 4077 testimonium
911 4022 1328 4094 perhibentem,
1353 4023 1452 4078 sed
1490 4026 1665 4077 totam
1706 4022 1781 4077 si-

152 4112 265 4164 mul
304 4113 749 4184 inseparabilem
777 4115 1105 4171 Trinitatem
1152 4116 1274 4188 ipso
1319 4116 1563 4171 Domino
1588 4121 1780 4188 prote-

153 4207 355 4273 stante,
380 4208 481 4278 qui
501 4206 615 4262 ait:
644 4230 671 4257 ‹‹
695 4210 811 4281 Ego
837 4226 964 4263 sum
982 4210 1077 4281 qui
1098 4210 1484 4265 testimonium
1509 4210 1782 4282 perhibeo

156 4296 223 4352 de
242 4300 487 4371 meipso,
513 4304 569 4354 et
592 4302 985 4358 testimonium
1006 4304 1268 4375 perhibet
1289 4304 1358 4360 de
1379 4320 1491 4375 me,
1512 4303 1609 4375 qui
1630 4303 1785 4357 misit

155 4406 263 4457 me,
296 4394 466 4448 Pater
511 4396 685 4460 (Joan.
727 4413 841 4464 v111,
883 4398 986 4468 18).
1019 4419 1047 4448 ››
1102 4399 1169 4452 Et
1212 4397 1422 4453 iterum
1455 4415 1469 4452 :
1502 4416 1529 4449 «
1569 4397 1624 4453 Si
1668 4398 1784 4468 Ego

155 4486 547 4542 testimonium
559 4488 833 4559 perhibeo
846 4490 914 4544 de
929 4490 1040 4544 mei
1047 4507 1169 4562 pso,
1186 4491 1575 4547 testimonium
1590 4507 1783 4545 meum
1802 4513 1861 4586 D

155 4592 347 4633 verum
388 4585 495 4648 est,
522 4582 658 4651 quia
685 4582 799 4637 scio
831 4584 983 4639 unde
1010 4584 1174 4639 venio
1203 4590 1260 4640 et
1286 4601 1399 4656 quo
1427 4584 1571 4639 vado
1605 4584 1778 4655 (Joan.

157 4685 269 4739 v111,
302 4675 401 4743 14).
446 4696 476 4721 ››
530 4676 597 4730 Et
637 4676 710 4730 de
756 4665 970 4749 Spiritu
1013 4681 1208 4733 sancto
1244 4695 1257 4733 :
1307 4701 1335 4727 «
1383 4679 1528 4733 Dum
1567 4678 1787 4733 venerit

161 4768 474 4833 paracletus
501 4769 746 4841 Spiritus
771 4770 1021 4826 veritatis
1048 4772 1144 4826 ille
1170 4772 1565 4827 testimonium
1596 4773 1785 4845 perhi-

160 4855 309 4912 bcbit
350 4861 419 4916 de
471 4878 567 4916 me
601 4864 772 4931 (Joan.
802 4880 897 4932 xv,
927 4864 1039 4935 26);
1073 4887 1102 4915 ››
1156 4864 1411 4934 intende,
1439 4883 1650 4937 quaeso,
1694 4866 1782 4921 in-

162 4952 322 5007 tende
363 4955 637 5026 quoniam
677 4957 735 5011 in
766 4958 970 5029 quibus
1015 4975 1132 5013 una
1170 4958 1581 5014 testiﬁcationis
1608 4960 1785 5015 virtus

168 5046 495 5118 Ostenditur,
516 5050 709 5104 nullus
724 5050 794 5105 ab
812 5051 926 5106 alio
942 5068 1126 5125 neque
1142 5053 1329 5125 potior
1343 5069 1530 5124 neque
1551 5053 1787 5108 inferior

158 5134 451 5204 judicatur.
483 5142 699 5214 Saepius
725 5144 832 5198 ista
852 5145 973 5216 jam
1012 5147 1280 5216 diximus,
1312 5147 1443 5219 quia
1474 5146 1785 5201 secundum

166 5227 396 5288 hominis
445 5235 699 5291 formam
751 5238 918 5294 Filius
946 5239 1178 5296 visibilis
1216 5241 1438 5312 dicitur,
1471 5241 1784 5296 secundum

167 5334 290 5377 vero
302 5326 532 5382 Deitatis
547 5328 921 5386 substantiam
940 5332 1238 5389 invisibilis
1256 5334 1598 5406 praedicatur
1618 5334 1786 5389 Paulo

172 5419 451 5476 attestante
478 5423 738 5494 apostolo
764 5440 778 5478 :
816 5443 844 5477 (ι
872 5426 915 5480 0
948 5426 1203 5496 altitudo,
1232 5427 1437 5500 inquit,
1460 5428 1789 5484 divitiarum

174 5512 449 5579 sapientia:
476 5520 532 5570 et
556 5517 806 5573 scientiae
835 5519 956 5591 Dei,
983 5537 1155 5593 quam
1190 5522 1788 5594 incomprehensibilia

176 5610 291 5659 sunt
321 5608 543 5678 judicia
589 5611 712 5683 ejus
759 5615 817 5668 et
858 5613 1277 5687 investigabiles
1312 5616 1414 5672 viae
1463 5616 1587 5688 ejus
1616 5616 1782 5689 (Rom.

178 5707 246 5764 11,
268 5701 368 5772 33).
399 5728 425 5753 υ
456 5705 526 5759 Et
559 5706 622 5760 in
658 5707 797 5762 Isaia
828 5727 842 5763 :
872 5709 972 5763 Cui
1018 5703 1266 5765 similem
1312 5711 1606 5767 aestimatis
1652 5728 1786 5767 eum

182 5802 293 5846 cum
326 5794 398 5851 sit
424 5796 547 5873 ipse
578 5799 891 5858 invisibilis.
925 5804 990 5858 Et
1032 5804 1168 5860 item
1215 5806 1509 5879 Apostolus
1542 5822 1555 5861 :
1594 5825 1622 5857 «
1654 5805 1788 5861 Mihi

1883 3278 2115 3334 credere
2140 3294 2235 3331 vos
2261 3280 2317 3332 et
2342 3276 2478 3332 alios
2502 3276 2571 3331 ab
2593 3293 2795 3331 eorum
2814 3292 2983 3331 sensu
3003 3279 3256 3331 avertere
3277 3274 3476 3331 docete
3500 3290 3514 3328 :

1882 3373 1992 3426 Vos
2022 3388 2159 3444 ergo
2186 3369 2390 3426 servite
2428 3370 2672 3425 Domino
2714 3370 2774 3424 in
2820 3370 3044 3440 timore,
3074 3373 3131 3424 et
3159 3368 3435 3424 exsultate
3466 3368 3520 3422 ei

1884 3481 2013 3519 cum
2040 3469 2304 3520 tremore.
2333 3463 2756 3536 Apprehendite
2784 3462 3142 3534 disciplinam
3180 3478 3251 3517 ne
3276 3462 3517 3532 pereatis

1884 3558 1956 3613 de
1981 3556 2070 3612 via
2091 3559 2264 3629 justa.

1952 3652 2082 3705 Haec
2106 3667 2242 3705 vero
2265 3650 2650 3722 opostolorum
2684 3654 2770 3704 est
2800 3650 2921 3703 viva
2948 3648 3202 3719 traditio,
3229 3650 3355 3705 haec
3383 3664 3517 3706 vera

1884 3744 2125 3799 Charitas
2156 3760 2284 3815 quae
2309 3743 2667 3815 prtedicanda
2688 3747 2791 3813 est,
2822 3747 2878 3797 et
2907 3742 3181 3798 veraciter
3202 3743 3509 3813 diligenda,

1885 3854 1952 3893 ac
1979 3838 2246 3909 fovenda,
2279 3835 2448 3909 atque
2486 3836 2823 3892 ﬁducialiter
2850 3836 2919 3890 ab
2953 3835 3215 3890 omnibus
3245 3836 3513 3892 tenenda.

1885 3932 2013 3987 Haec
2041 3936 2235 3987 sancta
2279 3935 2337 3986 et
2378 3930 2684 4003 apostolica
2724 3932 2912 3984 mater
2941 3928 3201 3984 omnium
3243 3929 3513 3985 Ecclesia-

1884 4043 2014 4081 rum
2040 4024 2243 4082 Christi
2272 4024 2518 4080 Ecclesia
2541 4041 2669 4097 qum
2699 4040 2802 4096 per
2828 4023 2926 4079 Dei
2953 4023 3361 4095 omnipotentis
3389 4038 3519 4094 gra-

1885 4119 2026 4174 tiam
2051 4137 2084 4173 a
2109 4118 2338 4174 tramite
2381 4117 2702 4190 apostolicae
2743 4116 3064 4173 traditionis
3100 4132 3399 4188 nunquam
3422 4132 3513 4171 er-

1883 4229 2034 4268 rasse
2061 4196 2357 4285 probatur,
2389 4228 2495 4267 nec
2522 4211 2594 4266 ab
2618 4212 2904 4266 hazreticis
2936 4210 3278 4266 novitatibus
3309 4210 3511 4282 depra-

1883 4306 2067 4361 vanda
2095 4305 2388 4361 succubuit
2429 4322 2443 4361 :
2485 4305 2602 4375 sed,
2634 4309 2697 4360 ut
2722 4305 2782 4360 in
2815 4304 3049 4360 exordio
3089 4320 3350 4359 normam
3381 4302 3517 4359 ﬁdei

1883 4399 2217 4456 Christiana:
2245 4398 2502 4471 percepit
2528 4398 2599 4452 ab
2635 4398 2955 4453 auctoribus
2989 4397 3103 4451 suis
3130 4398 3517 4469 apostolorum

1883 4493 2088 4548 Christi
2113 4492 2465 4565 principibus
2493 4491 2723 4559 illibata,
2755 4492 2867 4547 ﬁne
2894 4496 3059 4546 tenus
3084 4495 3296 4558 manet,
3320 4507 3514 4545 secun-

1884 4588 2022 4642 dum
2037 4586 2214 4658 ipsius
2226 4585 2450 4640 Domini
2463 4585 2763 4642 Salvatoris
2782 4584 3033 4639 divinam
3046 4583 3512 4656 pollicitationem

1885 4680 1982 4752 qui
1999 4678 2779 4752 suorum46discipulorum
2793 4678 3037 4751 principi
3054 4677 3112 4733 in
3131 4678 3248 4733 suis
3266 4677 3412 4732 fatus
3431 4682 3516 4734 est
3598 4738 3605 4747 ,

1884 4773 2224 4845 evangeliis:
2257 4793 2284 4825 (ι
2306 4774 2489 4841 Petre,
2522 4772 2805 4845 inquiens,
2835 4788 2965 4827 ecce
2993 4775 3212 4827 satanas
3239 4772 3511 4843 expetivit

1887 4870 1949 4922 ut
1967 4866 2238 4922 cribraret
2257 4883 2352 4920 vos
2380 4866 2524 4921 sicut
2542 4866 2639 4938 qui
2658 4865 2873 4921 cribrat
2890 4865 3160 4921 triticum.
3183 4868 3301 4937 Ego
3322 4870 3513 4922 autem

1885 4961 2078 5033 rogavi
2096 4978 2198 5033 pro
2217 4965 2274 5015 te
2296 4964 2355 5015 ut
2376 4977 2493 5015 non
2510 4959 2736 5015 deﬁciat
2759 4959 2897 5015 fides
2923 4962 3040 5028 tua,
3058 4964 3116 5015 et
3134 4964 3195 5015 tu
3212 4959 3515 5032 aliquando

1886 5071 2187 5110 conversus
2216 5054 2491 5109 conﬁrma
2520 5054 2720 5108 fratres
2748 5058 2874 5109 tuos
2902 5052 3050 5123 (Luc.
3083 5069 3212 5124 xxu,
3238 5056 3326 5121 31,
3351 5053 3459 5127 32).
3482 5075 3510 5105 ››

1885 5148 2212 5206 Consideret
2250 5148 2437 5220 itaque
2468 5154 2652 5202 vestra
2688 5148 2969 5203 excellens
2997 5148 3304 5219 prudentia
3340 5164 3515 5220 quam

1884 5242 2101 5298 bonum
2131 5242 2203 5296 sit
2224 5241 2523 5314 persistere
2548 5241 2609 5295 in
2643 5225 3063 5312 dispensatione
3102 5241 3268 5296 nobis
3297 5241 3511 5296 credita

1887 5341 1945 5392 et
1969 5337 2027 5391 in
2057 5335 2170 5391 ﬁde
2202 5339 2374 5406 recta,
2407 5339 2577 5406 atque
2612 5334 2895 5390 haereticis
2940 5340 2999 5391 et
3043 5333 3264 5390 aemulis
3300 5331 3509 5389 Christi

1885 5446 2233 5502 repugnare,
2248 5432 2306 5484 et
2316 5444 2612 5502 nunquam
2632 5445 2664 5483 a
2680 5428 2929 5484 veritatis
2946 5429 3174 5485 tramite
3193 5426 3507 5483 declinare:

1886 5523 2156 5596 quoniam
2177 5522 2446 5578 Dominus
2467 5527 2524 5578 et
2541 5522 2794 5579 Salvator
2811 5521 3072 5578 omnium
3096 5521 3253 5592 cujus
3269 5519 3412 5575 ﬁdes
3430 5522 3517 5574 est

1888 5617 1987 5689 qui
2004 5634 2109 5690 pro
2131 5616 2296 5673 nobis
2315 5616 2463 5671 mori
2481 5632 2599 5672 non
2628 5615 2924 5686 dubitavit,
2948 5620 3006 5671 et
3028 5612 3262 5687 proprio
3282 5628 3390 5669 nos
3409 5628 3511 5668 suo

1886 5710 2131 5767 redemit
2160 5710 2457 5784 sanguine,
2487 5708 2585 5782 qui
2616 5710 2787 5765 ﬁdem
2822 5709 2974 5764 beati
3000 5707 3153 5764 Petri
3198 5722 3315 5763 non
3355 5706 3520 5765 defe—

1888 5811 2107 5861 cturam
2136 5805 2417 5878 promisit,
2442 5809 2500 5859 et
2522 5803 2855 5859 confirmare
2882 5818 3013 5857 eum
3045 5802 3245 5857 fratres
3272 5819 3400 5859 suos
3428 5802 3525 5861 ad-
