4026 6166
562 271 660 325 199

1446 264 1728 320 ΛΡΡΕΝΙ).
1769 267 1854 318 ΑΙ)
1893 266 2051 320 δλἘΕ.
2095 265 2180 317 IX.

2315 264 2561 319 ISIDORI
2599 264 3023 320 MERCATORIS
3749 281 3825 333 200

560 375 784 431 monuit
807 374 956 446 quod
985 373 1322 444 apostolicos
1357 375 1653 445 pontiﬁces
1685 390 1829 428 meae
1866 374 2188 443 cxiguitatis
2211 387 2268 459 Α
2290 379 2543 445 suscepto
2575 375 2852 429 rationem
2875 374 3060 444 justus
3073 370 3252 442 judex
3277 368 3510 428 Christus
3527 376 3656 432 Deus
3677 389 3830 438 noster

558 469 999 540 praedecessores
1022 468 1372 522 conﬁdenter
1397 468 1593 522 fecisse
1625 484 1851 538 semper
1869 469 2083 521 cunctis
2109 471 2192 521 est

556 561 870 631 cognitum.
901 561 1156 625 Quorum
1195 563 1252 615 et
1281 561 1554 631 pusillitas
1580 577 1726 629 mea,
1756 561 1884 614 licet
1921 561 2108 630 impar
2136 564 2191 614 et

559 654 819 723 minima,
842 671 946 724 pro
967 659 1225 724 suscepto
1253 657 1444 708 tamen
1467 653 1656 707 divina
1675 653 2001 723 dignatione
2027 653 2190 706 mini-

559 748 728 802 sterio
770 747 1108 818 pedissequa
1151 745 1307 816 cupit
1355 745 1591 800 existere
1635 763 1646 800 :
1685 749 1778 800 Vas
1829 747 1984 801 enim
2030 747 2189 800 nobis

557 841 682 908 erit,
714 841 813 911 qui
843 840 1012 909 hujus
1034 839 1334 893 ministerii
1363 856 1503 893 onus
1533 845 1856 910 susceptum
1888 841 2185 908 habemus,

558 934 604 988 si
652 933 948 987 veritatem
1002 932 1299 987 Salvatoris
1355 933 1533 987 nostri
1580 934 1703 987 Jesu
1751 934 1976 1000 Christi,
2015 951 2187 1004 quam

557 1025 796 1097 apostoli
820 1025 1273 1096 praedicaverunt
1293 1025 1605 1096 prmdicare
1629 1027 2066 1094 neglexerimus.
2097 1028 2186 1081 Vae

561 1119 668 1172 erit
692 1117 873 1187 nobis,
897 1119 940 1172 si
964 1118 1184 1172 silentio
1212 1119 1504 1174 veritatem
1532 1119 1995 1190 oppresserimus,
2015 1136 2186 1190 quam

560 1227 800 1282 erogare
841 1211 1243 1266 nummulariis
1286 1212 1578 1282 jubemur,
1609 1211 1668 1265 id
1712 1217 1814 1280 est,
1843 1213 2188 1266 Christianos

555 1305 794 1375 populos
837 1305 1035 1375 juvare
1081 1305 1411 1359 et’docere.
1461 1305 1610 1369 Quid
1659 1305 1716 1358 in
1761 1305 1937 1376 ipsius
1996 1306 2187 1359 futuro

559 1397 770 1451 Christi
790 1397 994 1452 dicturi
1021 1414 1217 1452 sumus
1246 1398 1508 1453 examine
1527 1399 1574 1451 si
1599 1414 1927 1453 sermonum
1955 1399 2075 1468 ejus
2094 1415 2183 1452 ve-

555 1489 784 1544 ritatem
811 1491 1216 1545 confundimur
1241 1491 1550 1562 prasdicare
1569 1491 1596 1544 ?
1629 1490 1774 1554 Quid
1805 1492 1911 1546 erit
1938 1492 2006 1545 de
2028 1491 2187 1546 nobis

557 1598 688 1637 cum
744 1583 813 1637 de
861 1584 1176 1638 commissis
1230 1584 1390 1638 nobis
1439 1583 1739 1639 animabus
1789 1589 1844 1639 et
1886 1585 1955 1640 de
2002 1584 2185 1639 ofﬁcio

2290 467 2602 521 districtam
2620 467 2909 538 exegerit?
2925 466 3074 531 Ideo,
3093 465 3310 531 fratres,
3333 465 3517 520 hortor
3535 469 3830 529 dilectionem

2289 564 2555 628 vestram,
2589 561 2833 614 obtestor
2862 563 2918 612 et
2945 575 3176 623 moneo,
3208 563 3267 611 ut
3293 573 3399 627 qua
3441 562 3648 628 potestis
3681 568 3726 618 et
3764 567 3834 621 de-

2289 654 2430 708 betis
2455 653 2825 707 sollicitudine
2853 652 3096 721 vigiletis
3127 651 3195 704 ad
3226 651 3621 722 investigandos
3649 656 3830 712 hmreti-

2290 764 2384 801 cos
2435 751 2490 801 et
2537 746 2797 800 inimicos
2841 749 3051 799 sancta:
3096 745 3192 798 Dei
3243 745 3510 813 Ecclesize,
3558 752 3609 800 et
3652 765 3680 800 a
3721 752 3837 804 sanis

2289 839 2592 905 mentibus,
2613 855 2684 893 ne
2715 839 2886 910 pestis
2909 839 3031 891 hzec
3063 838 3227 892 latius
3253 838 3572 908 divulgetur,
3599 842 3837 896 severitate

2289 949 2456 1003 quam
2485 933 2715 1003 potestis
2732 949 2836 1002 pro
2854 932 3064 985 viribus
3088 931 3402 1002 extirpetis;
3431 932 3670 1001 quoniam
3689 937 3740 986 ut
3760 934 3835 987 ha-

2288 1026 2444 1080 bebit
2469 1043 2500 1080 a
2528 1026 2634 1080 Deo
2663 1026 2834 1096 digne
2865 1024 3344 1080 remunerationis
3372 1024 3652 1094 praemium
3682 1026 3761 1095 qui
3781 1027 3840 1079 di-

2287 1118 2560 1189 ligentius
2584 1120 2733 1190 quod
2765 1119 2836 1173 ad
2857 1119 3094 1173 salutem
3123 1117 3430 1173 commissae
3456 1117 3553 1170 sibi
3578 1117 3732 1187 plebis
3747 1135 3841 1188 per-

2287 1212 2441 1266 ﬁciat
2482 1213 2656 1267 fuerit
2699 1217 3010 1278 exsecutus,
3047 1212 3122 1265 ita
3148 1217 3276 1265 ante
3311 1211 3545 1265 tribunal
3576 1211 3768 1264 Domini
3790 1210 3840 1265 de

2289 1309 2448 1360 reatu
2469 1306 2840 1377 negligentiae
2864 1322 2922 1361 se
2938 1322 3052 1359 non
3075 1304 3288 1376 poterit
3303 1320 3556 1358 excusare
3579 1303 3843 1374 quicunque

2287 1399 2517 1468 plebem
2546 1417 2708 1454 suam
2729 1403 2923 1454 contra
2943 1398 3232 1470 sacrilegae
3256 1397 3618 1469 persuasionis
3635 1401 3842 1450 auctores

2288 1492 2532 1546 noluerit
2561 1494 2868 1547 custodire.
2903 1495 3036 1548 Data
3062 1494 3246 1546 Nonas
3275 1490 3570 1557 Februarii,
3589 1489 3785 1544 Claudio
3804 1492 3845 1541 et

2286 1586 2529 1640 Paterno
2558 1587 2624 1640 IV
2651 1601 2731 1641 cc.
2755 1586 2972 1641 consul.

1080 1929 1658 2023 INCIPIUNT
1745 1931 2271 2025 DECRETA
2358 1931 2931 2024 EUTICIANI
3025 1929 3394 2021 PAPZE.

1373 2118 1554 2184 (Anno
1584 2117 1810 2172 Domini
1839 2122 1961 2187 276,
1989 2118 2298 2175 Aureliano
2327 2121 2382 2174 et
2407 2118 2599 2174 Tacito
2641 2116 3095 2190 imperantibus.)

623 2425 976 2482 Charissimis
1017 2426 1283 2481 fratribus
1311 2429 1504 2484 JOANNI
1553 2433 1609 2484 et
1653 2429 1918 2484 omnibus
1947 2446 2048 2500 per
2081 2431 2180 2486 Be-
2204 2447 2260 2519 B
2284 2431 2587 2502 profertur.
2614 2429 2701 2484 Ad
2746 2430 2905 2500 cujus
2932 2444 3128 2483 vocem
3157 2423 3496 2519 archangeli.
3519 2425 3674 2492 atque
3705 2413 3848 2519 angeli

557 2520 726 2574 ticam
770 2520 1119 2591 provinciam
1163 2521 1486 2576 constitutis
1533 2523 1827 2594 episcopis,
1861 2525 2183 2579 EUTICIANUS

553 2614 846 2685 episcopus
871 2614 932 2668 in
959 2615 1198 2669 Domino
1225 2615 1486 2670 salutem.

624 2709 892 2762 Hortatur
916 2725 1018 2762 uos
1051 2709 1287 2780 aequitas
1325 2709 1721 2780 postulationis
1752 2711 2032 2765 desiderio
2071 2711 2180 2764 fra-

550 2801 832 2855 ternitatis
864 2806 975 2855 tua:
1018 2805 1314 2872 gratanter
1343 2819 1618 2869 annuere,
1652 2808 1708 2857 et
1757 2804 2027 2858 consultis
2073 2804 2185 2858 tuis

549 2893 799 2948 breviter
825 2895 1187 2965 respondere.
1219 2897 1285 2948 Et
1321 2896 1575 2966 quamvis
1621 2896 1979 2952 dilectionem
2027 2901 2182 2951 tuam

551 2986 727 3040 sciam
757 2987 829 3040 ad
859 3004 1030 3041 omne
1060 3005 1200 3058 opus
1231 3005 1398 3042 omne
1425 2989 1644 3043 bonum
1677 3006 1797 3043 esse
1835 2990 2092 3045 devotam
2123 2995 2186 3046 ut

551 3082 748 3133 tamen
770 3079 1054 3134 efﬁcacior
1084 3080 1181 3135 ﬁat
1223 3081 1294 3135 ad
1338 3081 1462 3135 illos
1500 3081 1596 3152 qui
1625 3099 1757 3137 sane
1799 3100 1913 3137 non
1958 3083 2187 3153 sapiunt

551 3173 796 3244 qualiter
833 3189 928 3228 eos
978 3173 1048 3226 de
1102 3174 1487 3230 Incarnatione
1535 3175 1830 3230 Salvatoris
1874 3176 2054 3231 nostri
2093 3177 2182 3230 in-

551 3269 801 3324 formare
829 3268 1058 3340 debeas,
1088 3270 1452 3325 mandamus.

624 3363 808 3417 Unum
851 3361 1027 3432 igitur
1070 3363 1177 3417 hoc
1221 3363 1510 3418 immobile
1553 3364 2023 3430 fundamentum,
2071 3381 2185 3418 una

552 3457 670 3510 haec
701 3455 834 3510 felix
860 3455 990 3510 ﬁdei
1018 3458 1181 3526 petra
1221 3456 1370 3510 Petri
1402 3472 1498 3511 ore
1542 3459 1816 3513 confessa.
1860 3460 1940 3512 Tu
1983 3474 2061 3526 es,
2094 3458 2181 3512 in-

554 3548 696 3620 quit,
723 3549 976 3603 Christus
1003 3548 1177 3602 Filius
1204 3549 1299 3604 Dei
1325 3549 1453 3618 vivi,
1487 3553 1641 3606 tanta
1666 3551 1724 3604 in
1761 3567 1820 3605 se
1846 3554 2185 3622 argumenta

553 3641 836 3696 sustinens
856 3640 1102 3696 veritatis
1119 3647 1343 3713 quantae
1364 3644 1744 3714 perversitatis
1765 3644 2104 3714 quaestiones
2129 3648 2188 3700 et

554 3733 902 3790 inﬁdelitatis
931 3735 1236 3792 calumniae
1272 3737 1677 3793 movebuntur.
1707 3739 1828 3792 Jam
1865 3738 1924 3794 in
1968 3738 2187 3794 casteria

2284 2528 2560 2591 tremunt,
2590 2524 2796 2579 coelum
2823 2528 2881 2577 et
2907 2527 3058 2577 terra
3095 2525 3153 2575 et
3183 2521 3380 2576 omnia
3404 2517 3568 2588 hujus
3593 2509 3762 2567 mundi
3783 2523 3848 2560 re-

2285 2619 2509 2673 solvunt
2535 2619 2836 2685 elementa,
2865 2615 3088 2686 vagitus
3116 2614 3378 2668 infantiae
3406 2608 3638 2665 auditur.
3666 2602 3756 2668 Qui
3785 2601 3849 2652 in-

2283 2712 2515 2766 visibilis
2561 2717 2618 2766 et
2654 2708 3244 2781 incomprehensibilis
3286 2709 3388 2772 est,
3415 2721 3525 2759 non
3552 2702 3679 2767 visu,
3704 2709 3849 2758 sensu,

2284 2809 2551 2876 tactuque
2587 2803 2998 2876 moderandus,
3031 2803 3192 2856 cunis
3233 2805 3322 2855 est
3366 2798 3678 2860 obvolutus;
3703 2785 3852 2845 haecsi

2284 2899 2412 2970 quis
2439 2898 2674 2969 indigna
2699 2899 2810 2952 Deo
2843 2896 3061 2965 recolit,
3089 2899 3246 2949 tanto
3297 2911 3355 2948 se
3399 2888 3619 2959 majoris
3649 2877 3853 2939 beneﬁcii

2285 2992 2592 3046 obnoxium
2618 2992 2941 3059 conﬁtetur,
2971 2993 3182 3060 quanto
3212 2988 3406 3042 minus
3431 2985 3549 3039 haec
3577 2979 3665 3034 Dei
3696 2987 3852 3030 conve-

2285 3091 2495 3139 nerunt
2510 3084 2810 3155 majestati.
2827 3085 2950 3138 Non
2973 3082 3066 3137 ille
3086 3081 3246 3153 eguit
3267 3081 3444 3136 homo
3467 3075 3604 3131 efﬁci
3626 3079 3854 3143 perquem

2286 3179 2460 3232 homo
2507 3178 2688 3231 factus
2737 3183 2839 3243 est,
2882 3177 2977 3231 sed
3025 3193 3126 3230 nos
3175 3176 3444 3246 eguimus
3488 3174 3547 3224 ut
3591 3170 3719 3222 Deus
3757 3173 3856 3256 cato

2284 3272 2462 3339 ﬁeret,
2479 3274 2535 3326 et
2554 3269 2836 3324 habitaret
2856 3270 2914 3323 in
2937 3269 3121 3338 nobis,
3140 3268 3194 3322 id
3216 3273 3324 3334 est,
3345 3261 3704 3332 assumptione
3716 3265 3857 3308 carnis

2283 3381 2432 3419 unus
2475 3364 2700 3419 interna
2744 3363 3024 3418 universae
3065 3361 3252 3416 carnis
3281 3359 3558 3415 incoleret
3586 3371 3597 3410 :
3627 3345 3858 3406 humilitas

2287 3459 2409 3529 ejus
2457 3461 2650 3512 nostra
2700 3457 2961 3512 nobilitas
3010 3460 3115 3523 est,
3161 3451 3517 3510 contumelia
3567 3447 3678 3518 ejus
3719 3443 3860 3505 11090”

2287 3555 2484 3606 noster
2512 3554 2614 3606 est.
2652 3549 2817 3615 Quod
2844 3551 2937 3604 ille
2979 3550 3121 3603 Deus
3149 3548 3210 3602 in
3243 3563 3418 3602 carne
3466 3540 3761 3599 consistens,
3784 3530 3862 3628 hoc

2283 3662 2390 3700 nos
2413 3645 2656 3700 vicissim
2697 3645 2756 3698 in
2801 3645 2979 3698 Deum
3019 3659 3090 3696 ex
3132 3657 3306 3696 carne
3343 3635 3612 3695 renovati.
3641 3630 3784 3685 Plane
3804 3636 3860 3673 v1-

2284 3744 2405 3794 tam
2443 3755 2606 3794 suam
2658 3737 2835 3793 nescit
2889 3735 2987 3807 qui
3045 3734 3346 3790 Christum
3399 3734 3588 3788 Iesum
3621 3728 3679 3780 ut
3712 3730 3864 3774 verum

553 3828 899 3901 dispensatio
917 3829 1214 3886 voluntatis
1234 3835 1483 3902 paternas
1505 3831 1594 3886 sit.
1612 3834 1759 3903 Ergo
1780 3837 1976 3904 pectus
1995 3838 2052 3887 et
2071 3849 2186 3887 cor—
2206 3824 2260 3899 C
2287 3833 2484 3901 Deum,
2513 3832 2591 3886 ita
2622 3834 2680 3884 et
2709 3846 2906 3885 verum
2955 3829 3177 3900 ignorat
3220 3827 3543 3892 hominem,
3573 3825 3625 3876 et
3661 3811 3861 3886 ejusdem

552 3939 679 3993 pus,
734 3928 1036 3994 postquam
1091 3940 1246 3993 crux,
1304 3941 1458 3980 mors
1512 3925 1745 3993 inferni,
1792 3925 1943 3980 salus
1991 3928 2187 3980 nostra

557 4021 661 4071 est.

627 4109 872 4163 Humani
914 4109 1070 4162 enim
1116 4109 1344 4178 generis
1381 4125 1551 4164 causa
1595 4109 1690 4164 Dei
1733 4108 1901 4164 Filius
1930 4113 2095 4164 natus
2124 4126 2189 4165 ex

561 4200 789 4270 Virgine
817 4203 922 4267 est,
950 4205 1007 4254 et
1050 4200 1264 4271 Spiritu
1291 4207 1485 4257 sancto
1513 4202 1634 4273 ipso
1675 4202 1779 4256 sibi
1812 4203 1872 4257 in
1919 4204 2020 4258 hac
2056 4221 2186 4275 ope-

560 4292 783 4348 ratione
812 4293 1144 4362 famulante,
1173 4299 1230 4348 et
1257 4311 1357 4349 sua
1383 4295 1502 4368 (Dei
1527 4296 1799 4367 videlicet)
1826 4297 2188 4354 inumbrante

562 4386 792 4458 virtute,
812 4385 1064 4458 corporis
1083 4387 1190 4442 sibi
1209 4388 1373 4443 initia
1401 4389 1652 4445 consevit
1677 4395 1733 4444 et
1754 4391 1986 4445 exordia
2007 4393 2192 4446 carnis

561 4481 822 4548 instituit,
850 4486 914 4537 ut
943 4482 1116 4537 homo
1154 4482 1336 4537 factus
1373 4499 1438 4538 ex
1470 4483 1701 4554 Virgine
1739 4489 2000 4540 naturam
2041 4487 2100 4540 in
2133 4504 2191 4541 se

561 4577 744 4631 carnis
791 4576 1086 4648 acciperet,
1126 4594 1228 4648 per
1251 4594 1444 4649 ,quam
1491 4577 1659 4648 hujus
1709 4579 2060 4634 admistionis
2102 4598 2190 4635 so-

561 4670 820 4724 cietatem
870 4670 1278 4726 sanctiﬁcatum
1326 4671 1382 4725 in
1432 4687 1496 4726 eo
1541 4671 1784 4726 universi
1832 4674 2066 4728 humani
2096 4691 2190 4746 ge-

566 4764 718 4819 neris
747 4780 953 4835 corpus
980 4764 1263 4820 existeret.
1290 4767 1374 4835 Et,
1405 4766 1894 4838 quemadmodum
1922 4783 2118 4822 omnes
2137 4769 2194 4822 in

565 4857 689 4928 ipso
701 4857 868 4928 perid
881 4858 1034 4928 quod
1047 4875 1382 4930 corporeum
1401 4877 1460 4914 se
1475 4878 1596 4916 esse
1611 4861 1784 4914 voluit
1799 4861 2192 4926 conderentur,

565 4949 645 5006 ita
674 4967 897 5004 rursum
922 4951 980 5004 in
1005 4968 1202 5006 omnes
1229 4953 1370 5024 ipse,
1391 4971 1492 5025 per
1520 4955 1576 5009 id
1606 4954 1764 5025 quod
1790 4954 1912 5024 ejus
1933 4958 2035 5021 est,
2062 4954 2198 5008 iuvi-

567 5043 730 5098 sibile
757 5044 1087 5099 referretur.
1118 5046 1215 5099 Dei
1245 5045 1421 5116 igitur
1449 5047 1638 5118 imago
1685 5047 1980 5101 invisibilis
2010 5049 2196 5120 pudo-

568 5154 693 5193 rem
721 5137 957 5192 humani
975 5138 1193 5193 exordii
1222 5156 1333 5194 non
1361 5141 1658 5208 recusavit,
1683 5145 1739 5196 et
1765 5159 1868 5213 per
1887 5143 2202 5212 conceptio-

572 5249 706 5288 nem
761 5234 989 5302 patrum
1026 5233 1279 5304 vagitum
1320 5239 1374 5288 et
1417 5251 1610 5303 cunas,
1638 5252 1948 5306 omnesque
1993 5243 2201 5292 nostrae

570 5331 789 5384 naturae
838 5326 1208 5380 contumelias
1253 5329 1608 5383 transcurrit.
1642 5329 1789 5392 Quid
1836 5330 2067 5384 tandem
2114 5330 2200 5384 di-

573 5436 750 5492 gnum
776 5437 808 5473 a
825 5418 986 5474 nobis
1008 5421 1178 5474 tantae
1207 5419 1556 5490 dignationis
1581 5421 1789 5476 affectu
1820 5424 2203 5494 rependetur?

572 5513 974 5570 lnenarrabilis
1005 5530 1141 5584 ergo
1175 5531 1207 5567 a
1238 5514 1350 5568 Deo
1397 5514 1634 5586 originis
1676 5533 1827 5570 unus
1873 5517 2202 5588 unigenitus

575 5608 722 5662 Deus
764 5608 821 5662 in
872 5607 1120 5678 corporis
1162 5607 1402 5662 humani
1433 5609 1676 5662 formam
1719 5613 1925 5664 sanctae
1951 5611 2202 5682 Virginis

575 5704 739 5755 utero
776 5701 1019 5756 insertus
1058 5701 1342 5771 accrescit,
1373 5702 1469 5773 qui
1516 5703 1710 5757 omnia
1750 5704 2022 5772 continet,
2056 5705 2202 5759 intra

579 5807 745 5868 quem
759 5797 812 5845 et
831 5810 933 5865 per
948 5811 1116 5865 quem
1135 5800 1335 5851 cuncta
1350 5801 1482 5851 sunt
1501 5797 1734 5852 humani
1756 5798 2056 5870 profectus,
2072 5799 2198 5870 lege

2285 3924 2523 3996 periculi
2541 3941 2631 3978 res
2648 3928 2731 3978 est
2747 3925 2941 3978 Jesum
2958 3922 3248 3977 Christum
3261 3922 3356 3976 vel
3376 3917 3644 3992 Spiritum
3658 3909 3866 3965 sanctum

2289 4019 2471 4072 Deum
2509 4033 2627 4072 non
2657 4016 2909 4085 credere,
2936 4017 3022 4071 vel
3048 4031 3283 4070 carnem
3317 4012 3500 4070 nostri
3543 4003 3767 4078 corporis
3792 3995 3863 4049 de-

2289 4128 2517 4182 negare.
2549 4130 2577 4162 «
2626 4109 2822 4165 Omnis
2870 4126 3006 4180 ergo
3049 4109 3146 4180 qui
3187 4107 3554 4163 conﬁtebitur
3594 4116 3680 4156 me
3721 4103 3866 4148 coram

2292 4205 2631 4272 hominibus,
2661 4203 2978 4258 conﬁtebor
3005 4208 3062 4257 et
3086 4219 3194 4272 ego
3226 4219 3364 4256 eum
3391 4213 3576 4254 coram
3601 4196 3742 4248 Patre
3767 4195 3864 4238 meo

2293 4299 2390 4370 qui
2418 4299 2478 4352 in
2507 4298 2659 4353 coelis
2703 4301 2806 4351 est.
2855 4297 2963 4360 Qui
3011 4302 3206 4350 autem
3249 4292 3543 4366 negaverit
3591 4303 3675 4342 me
3717 4288 3867 4372 coram

2293 4391 2641 4460 hominibus,
2666 4389 2885 4460 negabo
2906 4395 2962 4444 et
2987 4406 3093 4461 ego
3121 4405 3253 4443 eum
3275 4403 3471 4443 coram
3493 4386 3650 4439 Patre
3667 4388 3776 4431 meo
3793 4381 3865 4438 qm

2293 4487 2354 4540 in
2384 4485 2537 4540 caelis
2573 4488 2657 4538 est
2683 4483 2898 4554 (Matth.
2927 4500 2984 4550 x,
3015 4485 3102 4548 32,
3133 4484 3242 4554 33).
3277 4504 3304 4530 ››
3350 4483 3478 4535 Haec
3518 4474 3735 4530 verbum
3775 4475 3870 4517 Caro

2293 4580 2503 4635 factum
2527 4577 2864 4648 loquebatur
2896 4580 2954 4630 et
2985 4577 3157 4630 homo
3187 4577 3350 4630 Jesus
3377 4571 3631 4630 Christus
3656 4557 3871 4618 Dominus

2294 4672 2601 4743 majestatis
2645 4671 2899 4738 docebat,
2932 4670 3209 4724 mediator
3236 4670 3360 4740 ipse
3393 4669 3456 4722 in
3493 4683 3550 4719 se
3586 4660 3655 4716 ad
3681 4656 3873 4710 salutem

2295 4766 2552 4822 Ecclesiae
2581 4765 2939 4831 constitutus,
2974 4767 3031 4818 et
3066 4764 3186 4834 ipso
3214 4763 3313 4816 illo
3343 4762 3500 4816 inter
3524 4760 3696 4813 Deum
3724 4751 3771 4802 et
3794 4743 3871 4841 he-

2297 4861 2480 4916 mines
2526 4858 2855 4914 mediatoris
2897 4861 3248 4912 sacramento
3290 4862 3601 4925 utrumque
3631 4859 3762 4901 unus
3787 4850 3873 4890 ω’

2298 4958 2453 5009 stens
2491 4954 2627 5008 dum
2668 4954 2786 5024 ipse
2832 4968 2901 5006 ex
2949 4951 3121 5005 unitis
3161 4951 3218 5004 in
3266 4949 3515 5020 idipsum
3558 4937 3875 5000 naturis,na'

2297 5054 2440 5104 turaa
2466 5048 2760 5118 utriusque
2787 5061 2876 5101 res
2919 5043 3119 5100 eadem
3151 5049 3254 5113 est,
3285 5043 3361 5098 ita
3403 5049 3602 5096 tamen
3631 5039 3688 5088 ut
3716 5029 3878 5083 neutro

2301 5147 2514 5197 careret
2574 5140 2633 5195 in
2694 5145 2958 5210 utroque,
3021 5155 3092 5193 ne
3147 5137 3290 5192 forte
3353 5137 3501 5191 Deus
3573 5143 3687 5184 esse
3744 5123 3880 5210 11011ᾎο

2301 5235 2586 5290 nascendo
2602 5233 2904 5301 desineret,
2928 5237 2985 5287 et
3008 5232 3182 5286 homo
3203 5245 3434 5286 rursum
3465 5228 3609 5282 Deus
3637 5208 3881 5276 manendo

2304 5347 2416 5384 non
2456 5333 2616 5383 esset.
2661 5329 2789 5381 Haec
2831 5327 3020 5399 itaque
3064 5326 3328 5380 humanm
3368 5313 3733 5376 beatitudinis
3772 5302 3883 5360 ﬁdes

2302 5439 2434 5478 vera
2445 5426 2547 5492 est,
2564 5423 2745 5476 Deum
2767 5426 2824 5476 et
2839 5420 3137 5476 hominem
3158 5412 3727 5490 praedicare,verbum
3739 5407 3887 5498 etcaf‘

2300 5533 2436 5572 nem
2462 5515 2736 5585 conﬁteri,
2764 5531 2954 5586 neque
2983 5515 3164 5569 Deum
3193 5510 3416 5567 nescire
3455 5506 3604 5579 quod
3634 5505 3787 5557 homo
3811 5492 3884 5596 sit,

2301 5626 2486 5682 neque
2516 5625 2745 5664 carnem
2773 5609 3037 5680 ignorare
3069 5607 3222 5679 quod
3240 5604 3488 5662 Verbum
3513 5601 3606 5655 sit.
3638 5597 3888 5682 Natuslgl'

2300 5711 2394 5759 tur
2422 5703 2750 5774 unigenitus
2780 5703 2926 5756 Deus
2954 5719 3018 5756 ex
3046 5701 3277 5772 Virgine
3306 5700 3506 5764 homo,
3533 5698 3590 5748 et
3621 5680 3890 5778 secundllln

2300 5798 2711 5870 plenitudinem
2740 5801 3063 5868 temporum
3092 5795 3150 5849 in
3184 5790 3494 5863 semetipso
3524 5784 3893 5862 profuturusm
