  <div class='ocr_page' id='page_1' title='image "/cluster/home/n/w/nwhite01/storage/ocr_20150623/130/hvd.32044054759915/130.png"; bbox 0 0 4026 6166; ppageno 0'>
   <div class='ocr_carea' id='block_1_1' title="bbox 165 321 2250 377">
    <p class='ocr_par' dir='ltr' id='par_1_1' title="bbox 165 321 2250 377">
     <span class='ocr_line' id='line_1_1' title="bbox 165 321 2250 377; baseline -0.001 -1"><span class='ocrx_word' id='word_1_1' title='bbox 165 324 252 377; x_wconf 74' lang='lat' dir='ltr'>‘20l</span> <span class='ocrx_word' id='word_1_2' title='bbox 1363 321 1831 377; x_wconf 74' lang='lat' dir='ltr'>DECRETALIUM</span> <span class='ocrx_word' id='word_1_3' title='bbox 1868 321 2250 376; x_wconf 85' lang='lat' dir='ltr'>COLLECTIO.</span> 
     </span>
    </p>
   </div>
   <div class='ocr_carea' id='block_1_2' title="bbox 3405 322 3506 381">
    <p class='ocr_par' dir='ltr' id='par_1_2' title="bbox 3405 322 3506 381">
     <span class='ocr_line' id='line_1_2' title="bbox 3405 322 3506 381; baseline 0 0"><span class='ocrx_word' id='word_1_4' title='bbox 3405 322 3506 381; x_wconf 70' lang='lat'>202</span> 
     </span>
    </p>
   </div>
   <div class='ocr_carea' id='block_1_3' title="bbox 161 423 3506 512">
    <p class='ocr_par' dir='ltr' id='par_1_3' title="bbox 161 423 3506 512">
     <span class='ocr_line' id='line_1_3' title="bbox 161 423 3506 512; baseline 0.002 -29"><span class='ocrx_word' id='word_1_5' title='bbox 161 431 332 484; x_wconf 90' lang='lat' dir='ltr'>Deum</span> <span class='ocrx_word' id='word_1_6' title='bbox 351 423 652 482; x_wconf 85' lang='lat' dir='ltr'>hominem</span> <span class='ocrx_word' id='word_1_7' title='bbox 672 427 825 481; x_wconf 90' lang='lat' dir='ltr'>hunc</span> <span class='ocrx_word' id='word_1_8' title='bbox 847 442 948 498; x_wconf 88' lang='lat' dir='ltr'>per</span> <span class='ocrx_word' id='word_1_9' title='bbox 965 427 1157 482; x_wconf 85' lang='lat' dir='ltr'>omnia</span> <span class='ocrx_word' id='word_1_10' title='bbox 1172 428 1480 498; x_wconf 89' lang='lat' dir='ltr'>evangelici</span> <span class='ocrx_word' id='word_1_11' title='bbox 1499 429 1779 483; x_wconf 91' lang='lat' dir='ltr'>sermonis</span> <span class='ocrx_word' id='word_1_12' title='bbox 1801 428 2172 512; x_wconf 76' lang='lat' dir='ltr'>Adisperdet</span> <span class='ocrx_word' id='word_1_13' title='bbox 2217 435 2292 485; x_wconf 90' lang='lat' dir='ltr'>te.</span> <span class='ocrx_word' id='word_1_14' title='bbox 2340 431 2460 484; x_wconf 89' lang='lat' dir='ltr'>Noli</span> <span class='ocrx_word' id='word_1_15' title='bbox 2501 431 2703 486; x_wconf 86' lang='lat' dir='ltr'>anxius</span> <span class='ocrx_word' id='word_1_16' title='bbox 2745 448 2865 488; x_wconf 89' lang='lat' dir='ltr'>esse</span> <span class='ocrx_word' id='word_1_17' title='bbox 2912 432 2972 487; x_wconf 91' lang='lat' dir='ltr'>in</span> <span class='ocrx_word' id='word_1_18' title='bbox 3013 433 3221 488; x_wconf 82' lang='lat' dir='ltr'>divitiis</span> <span class='ocrx_word' id='word_1_19' title='bbox 3261 434 3506 505; x_wconf 86' lang='lat' dir='ltr'>injustis,</span> 
     </span>
    </p>
   </div>
   <div class='ocr_carea' id='block_1_4' title="bbox 162 520 1783 587">
    <p class='ocr_par' dir='ltr' id='par_1_4' title="bbox 162 520 1783 587">
     <span class='ocr_line' id='line_1_4' title="bbox 162 520 1783 587; baseline -0.001 -11"><span class='ocrx_word' id='word_1_20' title='bbox 162 521 387 576; x_wconf 90' lang='lat' dir='ltr'>modum</span> <span class='ocrx_word' id='word_1_21' title='bbox 433 520 631 586; x_wconf 83' lang='lat' dir='ltr'>tenuit,</span> <span class='ocrx_word' id='word_1_22' title='bbox 675 523 739 573; x_wconf 88' lang='lat' dir='ltr'>ut</span> <span class='ocrx_word' id='word_1_23' title='bbox 777 536 835 574; x_wconf 91' lang='lat' dir='ltr'>se</span> <span class='ocrx_word' id='word_1_24' title='bbox 873 520 972 574; x_wconf 87' lang='lat' dir='ltr'>Dei</span> <span class='ocrx_word' id='word_1_25' title='bbox 1006 520 1211 575; x_wconf 87' lang='lat' dir='ltr'>Filium</span> <span class='ocrx_word' id='word_1_26' title='bbox 1249 521 1404 576; x_wconf 90' lang='lat' dir='ltr'>credi</span> <span class='ocrx_word' id='word_1_27' title='bbox 1443 521 1692 587; x_wconf 86' lang='lat' dir='ltr'>doceret,</span> <span class='ocrx_word' id='word_1_28' title='bbox 1726 525 1783 576; x_wconf 90' lang='lat' dir='ltr'>et</span> 
     </span>
    </p>
   </div>
   <div class='ocr_carea' id='block_1_5' title="bbox 163 613 1780 685">
    <p class='ocr_par' dir='ltr' id='par_1_5' title="bbox 163 613 1780 685">
     <span class='ocr_line' id='line_1_5' title="bbox 163 613 1780 685; baseline 0 -17"><span class='ocrx_word' id='word_1_29' title='bbox 163 614 402 668; x_wconf 83' lang='lat' dir='ltr'>hominis</span> <span class='ocrx_word' id='word_1_30' title='bbox 417 613 598 669; x_wconf 82' lang='lat' dir='ltr'>filium</span> <span class='ocrx_word' id='word_1_31' title='bbox 625 613 976 683; x_wconf 81' lang='lat' dir='ltr'>praedicaret,</span> <span class='ocrx_word' id='word_1_32' title='bbox 1014 617 1071 668; x_wconf 88' lang='lat' dir='ltr'>et</span> <span class='ocrx_word' id='word_1_33' title='bbox 1101 614 1438 670; x_wconf 83' lang='lat' dir='ltr'>admoneret</span> <span class='ocrx_word' id='word_1_34' title='bbox 1459 615 1696 685; x_wconf 90' lang='lat' dir='ltr'>loquens</span> <span class='ocrx_word' id='word_1_35' title='bbox 1723 620 1780 669; x_wconf 91' lang='lat' dir='ltr'>et</span> 
     </span>
    </p>
   </div>
   <div class='ocr_carea' id='block_1_6' title="bbox 161 707 1782 779">
    <p class='ocr_par' dir='ltr' id='par_1_6' title="bbox 161 707 1782 779">
     <span class='ocr_line' id='line_1_6' title="bbox 161 707 1782 779; baseline 0.002 -19"><span class='ocrx_word' id='word_1_36' title='bbox 161 724 378 778; x_wconf 78' lang='lat' dir='ltr'>gerens,</span> <span class='ocrx_word' id='word_1_37' title='bbox 407 707 586 761; x_wconf 92' lang='lat' dir='ltr'>homo</span> <span class='ocrx_word' id='word_1_38' title='bbox 615 707 874 760; x_wconf 88' lang='lat' dir='ltr'>universa</span> <span class='ocrx_word' id='word_1_39' title='bbox 899 723 1027 777; x_wconf 83' lang='lat' dir='ltr'>quae</span> <span class='ocrx_word' id='word_1_40' title='bbox 1054 707 1156 761; x_wconf 91' lang='lat' dir='ltr'>Dei</span> <span class='ocrx_word' id='word_1_41' title='bbox 1182 713 1314 762; x_wconf 90' lang='lat' dir='ltr'>sunt</span> <span class='ocrx_word' id='word_1_42' title='bbox 1342 709 1580 778; x_wconf 91' lang='lat' dir='ltr'>loquens</span> <span class='ocrx_word' id='word_1_43' title='bbox 1607 712 1660 762; x_wconf 88' lang='lat' dir='ltr'>et</span> <span class='ocrx_word' id='word_1_44' title='bbox 1689 724 1782 779; x_wconf 87' lang='lat' dir='ltr'>ge-</span> 
     </span>
    </p>
   </div>
   <div class='ocr_carea' id='block_1_7' title="bbox 159 799 1782 871">
    <p class='ocr_par' dir='ltr' id='par_1_7' title="bbox 159 799 1782 871">
     <span class='ocr_line' id='line_1_7' title="bbox 159 799 1782 871; baseline 0 -16"><span class='ocrx_word' id='word_1_45' title='bbox 159 818 294 868; x_wconf 87' lang='lat' dir='ltr'>rens,</span> <span class='ocrx_word' id='word_1_46' title='bbox 338 800 551 854; x_wconf 89' lang='lat' dir='ltr'>deinde</span> <span class='ocrx_word' id='word_1_47' title='bbox 587 801 733 853; x_wconf 90' lang='lat' dir='ltr'>Deus</span> <span class='ocrx_word' id='word_1_48' title='bbox 775 799 1037 854; x_wconf 91' lang='lat' dir='ltr'>universa</span> <span class='ocrx_word' id='word_1_49' title='bbox 1075 817 1200 871; x_wconf 72' lang='lat' dir='ltr'>quae</span> <span class='ocrx_word' id='word_1_50' title='bbox 1237 801 1484 855; x_wconf 87' lang='lat' dir='ltr'>hominis</span> <span class='ocrx_word' id='word_1_51' title='bbox 1520 807 1669 870; x_wconf 89' lang='lat' dir='ltr'>sunt,</span> <span class='ocrx_word' id='word_1_52' title='bbox 1704 801 1782 856; x_wconf 91' lang='lat' dir='ltr'>ita</span> 
     </span>
    </p>
   </div>
   <div class='ocr_carea' id='block_1_8' title="bbox 159 893 1778 964">
    <p class='ocr_par' dir='ltr' id='par_1_8' title="bbox 159 893 1778 964">
     <span class='ocr_line' id='line_1_8' title="bbox 159 893 1778 964; baseline 0.001 -16"><span class='ocrx_word' id='word_1_53' title='bbox 159 900 337 948; x_wconf 88' lang='lat' dir='ltr'>tamen</span> <span class='ocrx_word' id='word_1_54' title='bbox 359 898 426 947; x_wconf 90' lang='lat' dir='ltr'>ut</span> <span class='ocrx_word' id='word_1_55' title='bbox 441 893 502 946; x_wconf 91' lang='lat' dir='ltr'>in</span> <span class='ocrx_word' id='word_1_56' title='bbox 519 893 642 964; x_wconf 92' lang='lat' dir='ltr'>ipso</span> <span class='ocrx_word' id='word_1_57' title='bbox 671 893 764 946; x_wconf 91' lang='lat' dir='ltr'>illo</span> <span class='ocrx_word' id='word_1_58' title='bbox 786 893 1078 964; x_wconf 89' lang='lat' dir='ltr'>utriusque</span> <span class='ocrx_word' id='word_1_59' title='bbox 1096 894 1321 963; x_wconf 84' lang='lat' dir='ltr'>generis</span> <span class='ocrx_word' id='word_1_60' title='bbox 1341 910 1599 948; x_wconf 88' lang='lat' dir='ltr'>sermone</span> <span class='ocrx_word' id='word_1_61' title='bbox 1629 911 1778 949; x_wconf 91' lang='lat' dir='ltr'>nun-</span> 
     </span>
    </p>
   </div>
   <div class='ocr_carea' id='block_1_9' title="bbox 156 987 1780 1057">
    <p class='ocr_par' dir='ltr' id='par_1_9' title="bbox 156 987 1780 1057">
     <span class='ocr_line' id='line_1_9' title="bbox 156 987 1780 1057; baseline 0.001 -17"><span class='ocrx_word' id='word_1_62' title='bbox 156 1003 314 1057; x_wconf 85' lang='lat' dir='ltr'>quam</span> <span class='ocrx_word' id='word_1_63' title='bbox 339 987 452 1040; x_wconf 90' lang='lat' dir='ltr'>nisi</span> <span class='ocrx_word' id='word_1_64' title='bbox 477 1003 609 1040; x_wconf 91' lang='lat' dir='ltr'>cum</span> <span class='ocrx_word' id='word_1_65' title='bbox 634 987 1046 1057; x_wconf 88' lang='lat' dir='ltr'>signiﬁcatione</span> <span class='ocrx_word' id='word_1_66' title='bbox 1068 987 1315 1041; x_wconf 90' lang='lat' dir='ltr'>hominis</span> <span class='ocrx_word' id='word_1_67' title='bbox 1331 987 1572 1055; x_wconf 89' lang='lat' dir='ltr'>locutus,</span> <span class='ocrx_word' id='word_1_68' title='bbox 1602 992 1659 1041; x_wconf 90' lang='lat' dir='ltr'>et</span> <span class='ocrx_word' id='word_1_69' title='bbox 1683 987 1780 1041; x_wconf 88' lang='lat' dir='ltr'>Dei</span> 
     </span>
    </p>
   </div>
   <div class='ocr_carea' id='block_1_10' title="bbox 154 1079 1782 1151">
    <p class='ocr_par' dir='ltr' id='par_1_10' title="bbox 154 1079 1782 1151">
     <span class='ocr_line' id='line_1_10' title="bbox 154 1079 1782 1151; baseline 0 -17"><span class='ocrx_word' id='word_1_70' title='bbox 154 1081 229 1136; x_wconf 91' lang='lat' dir='ltr'>sit.</span> <span class='ocrx_word' id='word_1_71' title='bbox 271 1082 408 1134; x_wconf 66' lang='lat' dir='ltr'>Haec</span> <span class='ocrx_word' id='word_1_72' title='bbox 454 1080 643 1150; x_wconf 84' lang='lat' dir='ltr'>itaque</span> <span class='ocrx_word' id='word_1_73' title='bbox 671 1079 902 1134; x_wconf 89' lang='lat' dir='ltr'>fallendi</span> <span class='ocrx_word' id='word_1_74' title='bbox 933 1080 1218 1150; x_wconf 84' lang='lat' dir='ltr'>simplices</span> <span class='ocrx_word' id='word_1_75' title='bbox 1246 1083 1419 1151; x_wconf 88' lang='lat' dir='ltr'>atque</span> <span class='ocrx_word' id='word_1_76' title='bbox 1451 1079 1782 1149; x_wconf 82' lang='lat' dir='ltr'>ignorantes</span> 
     </span>
    </p>
   </div>
   <div class='ocr_carea' id='block_1_11' title="bbox 152 1173 1778 1245">
    <p class='ocr_par' dir='ltr' id='par_1_11' title="bbox 152 1173 1778 1245">
     <span class='ocr_line' id='line_1_11' title="bbox 152 1173 1778 1245; baseline -0.001 -16"><span class='ocrx_word' id='word_1_77' title='bbox 152 1174 433 1229; x_wconf 61' lang='lat' dir='ltr'>hareticis</span> <span class='ocrx_word' id='word_1_78' title='bbox 467 1173 687 1228; x_wconf 87' lang='lat' dir='ltr'>occasio</span> <span class='ocrx_word' id='word_1_79' title='bbox 729 1179 831 1240; x_wconf 89' lang='lat' dir='ltr'>est,</span> <span class='ocrx_word' id='word_1_80' title='bbox 861 1179 925 1228; x_wconf 89' lang='lat' dir='ltr'>ut</span> <span class='ocrx_word' id='word_1_81' title='bbox 967 1191 1096 1245; x_wconf 75' lang='lat' dir='ltr'>quas</span> <span class='ocrx_word' id='word_1_82' title='bbox 1121 1174 1190 1227; x_wconf 90' lang='lat' dir='ltr'>ab</span> <span class='ocrx_word' id='word_1_83' title='bbox 1220 1189 1286 1228; x_wconf 90' lang='lat' dir='ltr'>eo</span> <span class='ocrx_word' id='word_1_84' title='bbox 1331 1173 1647 1227; x_wconf 89' lang='lat' dir='ltr'>secundum</span> <span class='ocrx_word' id='word_1_85' title='bbox 1675 1173 1778 1227; x_wconf 91' lang='lat' dir='ltr'>ho-</span> 
     </span>
    </p>
   </div>
   <div class='ocr_carea' id='block_1_12' title="bbox 153 1265 1780 1337">
    <p class='ocr_par' dir='ltr' id='par_1_12' title="bbox 153 1265 1780 1337">
     <span class='ocr_line' id='line_1_12' title="bbox 153 1265 1780 1337; baseline -0.001 -15"><span class='ocrx_word' id='word_1_86' title='bbox 153 1269 360 1322; x_wconf 86' lang='lat' dir='ltr'>minem</span> <span class='ocrx_word' id='word_1_87' title='bbox 389 1268 539 1322; x_wconf 86' lang='lat' dir='ltr'>dicta</span> <span class='ocrx_word' id='word_1_88' title='bbox 568 1272 720 1337; x_wconf 90' lang='lat' dir='ltr'>sunt,</span> <span class='ocrx_word' id='word_1_89' title='bbox 755 1268 903 1322; x_wconf 88' lang='lat' dir='ltr'>dicta</span> <span class='ocrx_word' id='word_1_90' title='bbox 930 1284 1050 1322; x_wconf 89' lang='lat' dir='ltr'>esse</span> <span class='ocrx_word' id='word_1_91' title='bbox 1082 1267 1396 1321; x_wconf 91' lang='lat' dir='ltr'>secundum</span> <span class='ocrx_word' id='word_1_92' title='bbox 1436 1265 1639 1320; x_wconf 60' lang='lat' dir='ltr'>divinae</span> <span class='ocrx_word' id='word_1_93' title='bbox 1679 1284 1780 1321; x_wconf 89' lang='lat' dir='ltr'>na-</span> 
     </span>
    </p>
   </div>
   <div class='ocr_carea' id='block_1_13' title="bbox 150 1359 1782 1431">
    <p class='ocr_par' dir='ltr' id='par_1_13' title="bbox 150 1359 1782 1431">
     <span class='ocr_line' id='line_1_13' title="bbox 150 1359 1782 1431; baseline 0.001 -17"><span class='ocrx_word' id='word_1_94' title='bbox 150 1373 285 1415; x_wconf 52' lang='lat' dir='ltr'>tura!</span> <span class='ocrx_word' id='word_1_95' title='bbox 310 1360 712 1415; x_wconf 81' lang='lat' dir='ltr'>inﬁrmitatem</span> <span class='ocrx_word' id='word_1_96' title='bbox 736 1361 1108 1416; x_wconf 84' lang='lat' dir='ltr'>mentiantur.</span> <span class='ocrx_word' id='word_1_97' title='bbox 1155 1362 1224 1414; x_wconf 92' lang='lat' dir='ltr'>Et</span> <span class='ocrx_word' id='word_1_98' title='bbox 1265 1359 1400 1431; x_wconf 89' lang='lat' dir='ltr'>quia</span> <span class='ocrx_word' id='word_1_99' title='bbox 1435 1377 1580 1414; x_wconf 87' lang='lat' dir='ltr'>unus</span> <span class='ocrx_word' id='word_1_100' title='bbox 1609 1363 1782 1431; x_wconf 88' lang='lat' dir='ltr'>atque</span> 
     </span>
    </p>
   </div>
   <div class='ocr_carea' id='block_1_14' title="bbox 151 1453 1781 1526">
    <p class='ocr_par' dir='ltr' id='par_1_14' title="bbox 151 1453 1781 1526">
     <span class='ocr_line' id='line_1_14' title="bbox 151 1453 1781 1526; baseline -0.001 -18"><span class='ocrx_word' id='word_1_101' title='bbox 151 1455 297 1508; x_wconf 89' lang='lat' dir='ltr'>idem</span> <span class='ocrx_word' id='word_1_102' title='bbox 325 1458 430 1521; x_wconf 88' lang='lat' dir='ltr'>est,</span> <span class='ocrx_word' id='word_1_103' title='bbox 461 1454 700 1526; x_wconf 89' lang='lat' dir='ltr'>loquens</span> <span class='ocrx_word' id='word_1_104' title='bbox 725 1455 915 1509; x_wconf 90' lang='lat' dir='ltr'>omnia</span> <span class='ocrx_word' id='word_1_105' title='bbox 938 1471 1066 1525; x_wconf 69' lang='lat' dir='ltr'>quas</span> <span class='ocrx_word' id='word_1_106' title='bbox 1085 1454 1343 1525; x_wconf 87' lang='lat' dir='ltr'>loquitur</span> <span class='ocrx_word' id='word_1_107' title='bbox 1364 1453 1433 1508; x_wconf 91' lang='lat' dir='ltr'>de</span> <span class='ocrx_word' id='word_1_108' title='bbox 1451 1454 1781 1524; x_wconf 89' lang='lat' dir='ltr'>semetipso,</span> 
     </span>
    </p>
   </div>
   <div class='ocr_carea' id='block_1_15' title="bbox 153 1546 1781 1601">
    <p class='ocr_par' dir='ltr' id='par_1_15' title="bbox 153 1546 1781 1601">
     <span class='ocr_line' id='line_1_15' title="bbox 153 1546 1781 1601; baseline -0.001 0"><span class='ocrx_word' id='word_1_109' title='bbox 153 1547 341 1601; x_wconf 85' lang='lat' dir='ltr'>omnia</span> <span class='ocrx_word' id='word_1_110' title='bbox 368 1563 506 1601; x_wconf 87' lang='lat' dir='ltr'>eum</span> <span class='ocrx_word' id='word_1_111' title='bbox 546 1547 616 1600; x_wconf 92' lang='lat' dir='ltr'>de</span> <span class='ocrx_word' id='word_1_112' title='bbox 655 1546 948 1600; x_wconf 82' lang='lat' dir='ltr'>divinitate</span> <span class='ocrx_word' id='word_1_113' title='bbox 982 1547 1235 1601; x_wconf 91' lang='lat' dir='ltr'>locutum</span> <span class='ocrx_word' id='word_1_114' title='bbox 1261 1563 1384 1600; x_wconf 91' lang='lat' dir='ltr'>esse</span> <span class='ocrx_word' id='word_1_115' title='bbox 1415 1547 1781 1601; x_wconf 82' lang='lat' dir='ltr'>contendant.</span> 
     </span>
    </p>
   </div>
   <div class='ocr_carea' id='block_1_16' title="bbox 151 1639 1785 1711">
    <p class='ocr_par' dir='ltr' id='par_1_16' title="bbox 151 1639 1785 1711">
     <span class='ocr_line' id='line_1_16' title="bbox 151 1639 1785 1711; baseline -0.001 -17"><span class='ocrx_word' id='word_1_116' title='bbox 151 1641 254 1694; x_wconf 75' lang='lat' dir='ltr'>Nec</span> <span class='ocrx_word' id='word_1_117' title='bbox 271 1655 410 1694; x_wconf 88' lang='lat' dir='ltr'>sane</span> <span class='ocrx_word' id='word_1_118' title='bbox 440 1655 725 1710; x_wconf 85' lang='lat' dir='ltr'>negamus</span> <span class='ocrx_word' id='word_1_119' title='bbox 748 1642 934 1694; x_wconf 86' lang='lat' dir='ltr'>totum</span> <span class='ocrx_word' id='word_1_120' title='bbox 957 1639 1116 1694; x_wconf 92' lang='lat' dir='ltr'>illum</span> <span class='ocrx_word' id='word_1_121' title='bbox 1145 1639 1240 1711; x_wconf 92' lang='lat' dir='ltr'>qui</span> <span class='ocrx_word' id='word_1_122' title='bbox 1263 1640 1314 1694; x_wconf 91' lang='lat' dir='ltr'>ei</span> <span class='ocrx_word' id='word_1_123' title='bbox 1344 1643 1540 1694; x_wconf 89' lang='lat' dir='ltr'>manet</span> <span class='ocrx_word' id='word_1_124' title='bbox 1561 1644 1785 1693; x_wconf 80' lang='lat' dir='ltr'>naturae</span> 
     </span>
    </p>
   </div>
   <div class='ocr_carea' id='block_1_17' title="bbox 152 1733 1781 1789">
    <p class='ocr_par' dir='ltr' id='par_1_17' title="bbox 152 1733 1781 1789">
     <span class='ocr_line' id='line_1_17' title="bbox 152 1733 1781 1789; baseline 0.001 -3"><span class='ocrx_word' id='word_1_125' title='bbox 152 1751 263 1789; x_wconf 69' lang='lat' dir='ltr'>suae</span> <span class='ocrx_word' id='word_1_126' title='bbox 291 1750 415 1788; x_wconf 87' lang='lat' dir='ltr'>esse</span> <span class='ocrx_word' id='word_1_127' title='bbox 441 1750 793 1788; x_wconf 89' lang='lat' dir='ltr'>sermonem.</span> <span class='ocrx_word' id='word_1_128' title='bbox 824 1734 933 1788; x_wconf 90' lang='lat' dir='ltr'>Sed</span> <span class='ocrx_word' id='word_1_129' title='bbox 964 1734 1010 1786; x_wconf 89' lang='lat' dir='ltr'>si</span> <span class='ocrx_word' id='word_1_130' title='bbox 1048 1735 1206 1788; x_wconf 90' lang='lat' dir='ltr'>Jesus</span> <span class='ocrx_word' id='word_1_131' title='bbox 1236 1733 1488 1788; x_wconf 88' lang='lat' dir='ltr'>Christus</span> <span class='ocrx_word' id='word_1_132' title='bbox 1516 1736 1574 1787; x_wconf 89' lang='lat' dir='ltr'>et</span> <span class='ocrx_word' id='word_1_133' title='bbox 1606 1733 1781 1787; x_wconf 92' lang='lat' dir='ltr'>homo</span> 
     </span>
    </p>
   </div>
   <div class='ocr_carea' id='block_1_18' title="bbox 1879 523 3505 594">
    <p class='ocr_par' dir='ltr' id='par_1_18' title="bbox 1879 523 3505 594">
     <span class='ocr_line' id='line_1_18' title="bbox 1879 523 3505 594; baseline 0.003 -17"><span class='ocrx_word' id='word_1_134' title='bbox 1879 523 2022 577; x_wconf 89' lang='lat' dir='ltr'>nihil</span> <span class='ocrx_word' id='word_1_135' title='bbox 2050 524 2366 594; x_wconf 89' lang='lat' dir='ltr'>proderunt</span> <span class='ocrx_word' id='word_1_136' title='bbox 2395 523 2496 576; x_wconf 88' lang='lat' dir='ltr'>tibi</span> <span class='ocrx_word' id='word_1_137' title='bbox 2524 524 2581 577; x_wconf 91' lang='lat' dir='ltr'>in</span> <span class='ocrx_word' id='word_1_138' title='bbox 2609 523 2702 577; x_wconf 89' lang='lat' dir='ltr'>die</span> <span class='ocrx_word' id='word_1_139' title='bbox 2738 525 3094 580; x_wconf 91' lang='lat' dir='ltr'>obductionis</span> <span class='ocrx_word' id='word_1_140' title='bbox 3131 529 3186 580; x_wconf 87' lang='lat' dir='ltr'>et</span> <span class='ocrx_word' id='word_1_141' title='bbox 3221 525 3505 583; x_wconf 66' lang='lat' dir='ltr'>vindictae.</span> 
     </span>
    </p>
   </div>
   <div class='ocr_carea' id='block_1_19' title="bbox 1879 616 3507 687">
    <p class='ocr_par' dir='ltr' id='par_1_19' title="bbox 1879 616 3507 687">
     <span class='ocr_line' id='line_1_19' title="bbox 1879 616 3507 687; baseline 0.002 -17"><span class='ocrx_word' id='word_1_142' title='bbox 1879 617 2003 670; x_wconf 90' lang='lat' dir='ltr'>Non</span> <span class='ocrx_word' id='word_1_143' title='bbox 2030 617 2266 671; x_wconf 89' lang='lat' dir='ltr'>ventiles</span> <span class='ocrx_word' id='word_1_144' title='bbox 2314 621 2370 670; x_wconf 88' lang='lat' dir='ltr'>te</span> <span class='ocrx_word' id='word_1_145' title='bbox 2399 616 2458 670; x_wconf 93' lang='lat' dir='ltr'>in</span> <span class='ocrx_word' id='word_1_146' title='bbox 2501 633 2730 670; x_wconf 89' lang='lat' dir='ltr'>omnem</span> <span class='ocrx_word' id='word_1_147' title='bbox 2769 621 3022 687; x_wconf 91' lang='lat' dir='ltr'>ventum,</span> <span class='ocrx_word' id='word_1_148' title='bbox 3067 622 3123 673; x_wconf 89' lang='lat' dir='ltr'>et</span> <span class='ocrx_word' id='word_1_149' title='bbox 3163 635 3279 673; x_wconf 90' lang='lat' dir='ltr'>non</span> <span class='ocrx_word' id='word_1_150' title='bbox 3324 636 3421 674; x_wconf 91' lang='lat' dir='ltr'>eas</span> <span class='ocrx_word' id='word_1_151' title='bbox 3447 620 3507 673; x_wconf 92' lang='lat' dir='ltr'>in</span> 
     </span>
    </p>
   </div>
   <div class='ocr_carea' id='block_1_20' title="bbox 1883 709 3508 784">
    <p class='ocr_par' dir='ltr' id='par_1_20' title="bbox 1883 709 3508 784">
     <span class='ocr_line' id='line_1_20' title="bbox 1883 709 3508 784; baseline 0.002 -20"><span class='ocrx_word' id='word_1_152' title='bbox 1883 710 2041 764; x_wconf 91' lang='lat' dir='ltr'>omni</span> <span class='ocrx_word' id='word_1_153' title='bbox 2061 710 2166 764; x_wconf 89' lang='lat' dir='ltr'>via.</span> <span class='ocrx_word' id='word_1_154' title='bbox 2201 709 2290 764; x_wconf 90' lang='lat' dir='ltr'>Sic</span> <span class='ocrx_word' id='word_1_155' title='bbox 2321 709 2476 764; x_wconf 90' lang='lat' dir='ltr'>enim</span> <span class='ocrx_word' id='word_1_156' title='bbox 2503 709 2693 764; x_wconf 90' lang='lat' dir='ltr'>omnis</span> <span class='ocrx_word' id='word_1_157' title='bbox 2709 714 2969 782; x_wconf 85' lang='lat' dir='ltr'>peccator</span> <span class='ocrx_word' id='word_1_158' title='bbox 2994 712 3267 782; x_wconf 85' lang='lat' dir='ltr'>probatur</span> <span class='ocrx_word' id='word_1_159' title='bbox 3295 713 3508 784; x_wconf 91' lang='lat' dir='ltr'>duplici</span> 
     </span>
    </p>
   </div>
   <div class='ocr_carea' id='block_1_21' title="bbox 1879 802 3511 874">
    <p class='ocr_par' dir='ltr' id='par_1_21' title="bbox 1879 802 3511 874">
     <span class='ocr_line' id='line_1_21' title="bbox 1879 802 3511 874; baseline 0.002 -17"><span class='ocrx_word' id='word_1_160' title='bbox 1879 803 2099 874; x_wconf 87' lang='lat' dir='ltr'>lingua.</span> <span class='ocrx_word' id='word_1_161' title='bbox 2143 804 2272 857; x_wconf 89' lang='lat' dir='ltr'>Esto</span> <span class='ocrx_word' id='word_1_162' title='bbox 2319 803 2518 856; x_wconf 85' lang='lat' dir='ltr'>ﬁrmus</span> <span class='ocrx_word' id='word_1_163' title='bbox 2545 803 2604 856; x_wconf 93' lang='lat' dir='ltr'>in</span> <span class='ocrx_word' id='word_1_164' title='bbox 2624 802 2712 856; x_wconf 88' lang='lat' dir='ltr'>via</span> <span class='ocrx_word' id='word_1_165' title='bbox 2732 803 2848 869; x_wconf 90' lang='lat' dir='ltr'>Dei,</span> <span class='ocrx_word' id='word_1_166' title='bbox 2877 807 2932 858; x_wconf 86' lang='lat' dir='ltr'>et</span> <span class='ocrx_word' id='word_1_167' title='bbox 2959 803 3018 858; x_wconf 93' lang='lat' dir='ltr'>in</span> <span class='ocrx_word' id='word_1_168' title='bbox 3048 805 3281 860; x_wconf 87' lang='lat' dir='ltr'>veritate</span> <span class='ocrx_word' id='word_1_169' title='bbox 3309 822 3511 862; x_wconf 88' lang='lat' dir='ltr'>sensus</span> 
     </span>
    </p>
   </div>
   <div class='ocr_carea' id='block_1_22' title="bbox 1880 896 3509 969">
    <p class='ocr_par' dir='ltr' id='par_1_22' title="bbox 1880 896 3509 969">
     <span class='ocr_line' id='line_1_22' title="bbox 1880 896 3509 969; baseline 0.002 -20"><span class='ocrx_word' id='word_1_170' title='bbox 1880 897 1985 964; x_wconf 90' lang='lat' dir='ltr'>tui,</span> <span class='ocrx_word' id='word_1_171' title='bbox 2017 901 2073 950; x_wconf 89' lang='lat' dir='ltr'>et</span> <span class='ocrx_word' id='word_1_172' title='bbox 2102 896 2354 965; x_wconf 89' lang='lat' dir='ltr'>scientia,</span> <span class='ocrx_word' id='word_1_173' title='bbox 2389 901 2444 950; x_wconf 89' lang='lat' dir='ltr'>et</span> <span class='ocrx_word' id='word_1_174' title='bbox 2485 901 2864 967; x_wconf 85' lang='lat' dir='ltr'>prosequatur</span> <span class='ocrx_word' id='word_1_175' title='bbox 2911 901 2966 951; x_wconf 90' lang='lat' dir='ltr'>te</span> <span class='ocrx_word' id='word_1_176' title='bbox 2997 897 3233 952; x_wconf 86' lang='lat' dir='ltr'>verbum</span> <span class='ocrx_word' id='word_1_177' title='bbox 3267 900 3422 969; x_wconf 90' lang='lat' dir='ltr'>pacis</span> <span class='ocrx_word' id='word_1_178' title='bbox 3450 903 3509 953; x_wconf 87' lang='lat' dir='ltr'>et</span> 
     </span>
    </p>
   </div>
   <div class='ocr_carea' id='block_1_23' title="bbox 1876 988 3510 1060">
    <p class='ocr_par' dir='ltr' id='par_1_23' title="bbox 1876 988 3510 1060">
     <span class='ocr_line' id='line_1_23' title="bbox 1876 988 3510 1060; baseline 0.004 -19"><span class='ocrx_word' id='word_1_179' title='bbox 1876 989 2133 1059; x_wconf 68' lang='lat' dir='ltr'>jnstititr.</span> <span class='ocrx_word' id='word_1_180' title='bbox 2166 991 2295 1043; x_wconf 90' lang='lat' dir='ltr'>Esto</span> <span class='ocrx_word' id='word_1_181' title='bbox 2323 991 2649 1043; x_wconf 86' lang='lat' dir='ltr'>mansuetus</span> <span class='ocrx_word' id='word_1_182' title='bbox 2689 989 2759 1043; x_wconf 90' lang='lat' dir='ltr'>ad</span> <span class='ocrx_word' id='word_1_183' title='bbox 2790 988 3136 1043; x_wconf 89' lang='lat' dir='ltr'>audiendum</span> <span class='ocrx_word' id='word_1_184' title='bbox 3164 991 3420 1060; x_wconf 89' lang='lat' dir='ltr'>verbum,</span> <span class='ocrx_word' id='word_1_185' title='bbox 3449 997 3510 1047; x_wconf 91' lang='lat' dir='ltr'>ut</span> 
     </span>
    </p>
   </div>
   <div class='ocr_carea' id='block_1_24' title="bbox 1884 1081 3512 1153">
    <p class='ocr_par' dir='ltr' id='par_1_24' title="bbox 1884 1081 3512 1153">
     <span class='ocr_line' id='line_1_24' title="bbox 1884 1081 3512 1153; baseline 0.003 -19"><span class='ocrx_word' id='word_1_186' title='bbox 1884 1082 2186 1152; x_wconf 85' lang='lat' dir='ltr'>intelligas,</span> <span class='ocrx_word' id='word_1_187' title='bbox 2221 1087 2276 1136; x_wconf 89' lang='lat' dir='ltr'>et</span> <span class='ocrx_word' id='word_1_188' title='bbox 2315 1098 2446 1136; x_wconf 91' lang='lat' dir='ltr'>cum</span> <span class='ocrx_word' id='word_1_189' title='bbox 2487 1081 2758 1152; x_wconf 88' lang='lat' dir='ltr'>sapientia</span> <span class='ocrx_word' id='word_1_190' title='bbox 2801 1082 2890 1136; x_wconf 90' lang='lat' dir='ltr'>fer</span> <span class='ocrx_word' id='word_1_191' title='bbox 2928 1099 3287 1153; x_wconf 89' lang='lat' dir='ltr'>responsum.</span> <span class='ocrx_word' id='word_1_192' title='bbox 3325 1084 3377 1138; x_wconf 92' lang='lat' dir='ltr'>Si</span> <span class='ocrx_word' id='word_1_193' title='bbox 3429 1090 3512 1139; x_wconf 85' lang='lat' dir='ltr'>est</span> 
     </span>
    </p>
   </div>
   <div class='ocr_carea' id='block_1_25' title="bbox 1885 1175 3510 1246">
    <p class='ocr_par' dir='ltr' id='par_1_25' title="bbox 1885 1175 3510 1246">
     <span class='ocr_line' id='line_1_25' title="bbox 1885 1175 3510 1246; baseline 0.002 -18"><span class='ocrx_word' id='word_1_194' title='bbox 1885 1175 1985 1229; x_wconf 86' lang='lat' dir='ltr'>tibi</span> <span class='ocrx_word' id='word_1_195' title='bbox 2003 1175 2340 1241; x_wconf 88' lang='lat' dir='ltr'>intellectus,</span> <span class='ocrx_word' id='word_1_196' title='bbox 2363 1175 2646 1245; x_wconf 88' lang='lat' dir='ltr'>responde</span> <span class='ocrx_word' id='word_1_197' title='bbox 2668 1175 2962 1246; x_wconf 84' lang='lat' dir='ltr'>proximo;</span> <span class='ocrx_word' id='word_1_198' title='bbox 2985 1175 3073 1230; x_wconf 90' lang='lat' dir='ltr'>sin</span> <span class='ocrx_word' id='word_1_199' title='bbox 3091 1180 3281 1231; x_wconf 89' lang='lat' dir='ltr'>autem</span> <span class='ocrx_word' id='word_1_200' title='bbox 3303 1177 3374 1230; x_wconf 90' lang='lat' dir='ltr'>sit</span> <span class='ocrx_word' id='word_1_201' title='bbox 3394 1193 3510 1231; x_wconf 87' lang='lat' dir='ltr'>ma-</span> 
     </span>
    </p>
   </div>
   <div class='ocr_carea' id='block_1_26' title="bbox 1883 1268 3509 1340">
    <p class='ocr_par' dir='ltr' id='par_1_26' title="bbox 1883 1268 3509 1340">
     <span class='ocr_line' id='line_1_26' title="bbox 1883 1268 3509 1340; baseline 0.002 -19"><span class='ocrx_word' id='word_1_202' title='bbox 1883 1284 1990 1322; x_wconf 91' lang='lat' dir='ltr'>nus</span> <span class='ocrx_word' id='word_1_203' title='bbox 2014 1272 2114 1322; x_wconf 90' lang='lat' dir='ltr'>tua</span> <span class='ocrx_word' id='word_1_204' title='bbox 2136 1285 2307 1340; x_wconf 90' lang='lat' dir='ltr'>super</span> <span class='ocrx_word' id='word_1_205' title='bbox 2332 1285 2394 1322; x_wconf 94' lang='lat' dir='ltr'>os</span> <span class='ocrx_word' id='word_1_206' title='bbox 2419 1272 2581 1322; x_wconf 87' lang='lat' dir='ltr'>tuum</span> <span class='ocrx_word' id='word_1_207' title='bbox 2621 1283 2692 1322; x_wconf 89' lang='lat' dir='ltr'>ne</span> <span class='ocrx_word' id='word_1_208' title='bbox 2723 1268 2968 1340; x_wconf 89' lang='lat' dir='ltr'>capiaris</span> <span class='ocrx_word' id='word_1_209' title='bbox 2995 1269 3054 1323; x_wconf 92' lang='lat' dir='ltr'>in</span> <span class='ocrx_word' id='word_1_210' title='bbox 3085 1269 3258 1326; x_wconf 90' lang='lat' dir='ltr'>verbo</span> <span class='ocrx_word' id='word_1_211' title='bbox 3287 1269 3509 1325; x_wconf 88' lang='lat' dir='ltr'>indisci-</span> 
     </span>
    </p>
   </div>
   <div class='ocr_carea' id='block_1_27' title="bbox 1883 1361 3511 1434">
    <p class='ocr_par' dir='ltr' id='par_1_27' title="bbox 1883 1361 3511 1434">
     <span class='ocr_line' id='line_1_27' title="bbox 1883 1361 3511 1434; baseline 0.001 -17"><span class='ocrx_word' id='word_1_212' title='bbox 1883 1362 2114 1434; x_wconf 89' lang='lat' dir='ltr'>plinato,</span> <span class='ocrx_word' id='word_1_213' title='bbox 2149 1367 2205 1416; x_wconf 91' lang='lat' dir='ltr'>et</span> <span class='ocrx_word' id='word_1_214' title='bbox 2234 1361 2617 1416; x_wconf 81' lang='lat' dir='ltr'>confundaris.</span> <span class='ocrx_word' id='word_1_215' title='bbox 2647 1363 2838 1417; x_wconf 84' lang='lat' dir='ltr'>Honor</span> <span class='ocrx_word' id='word_1_216' title='bbox 2867 1364 2925 1416; x_wconf 89' lang='lat' dir='ltr'>et</span> <span class='ocrx_word' id='word_1_217' title='bbox 2953 1361 3132 1433; x_wconf 83' lang='lat' dir='ltr'>gloria</span> <span class='ocrx_word' id='word_1_218' title='bbox 3155 1363 3214 1418; x_wconf 93' lang='lat' dir='ltr'>in</span> <span class='ocrx_word' id='word_1_219' title='bbox 3251 1379 3511 1419; x_wconf 90' lang='lat' dir='ltr'>sermone</span> 
     </span>
    </p>
   </div>
   <div class='ocr_carea' id='block_1_28' title="bbox 1884 1455 3508 1526">
    <p class='ocr_par' dir='ltr' id='par_1_28' title="bbox 1884 1455 3508 1526">
     <span class='ocr_line' id='line_1_28' title="bbox 1884 1455 3508 1526; baseline 0.001 -16"><span class='ocrx_word' id='word_1_220' title='bbox 1884 1455 2117 1522; x_wconf 87' lang='lat' dir='ltr'>sensati,</span> <span class='ocrx_word' id='word_1_221' title='bbox 2169 1455 2364 1526; x_wconf 84' lang='lat' dir='ltr'>lingua</span> <span class='ocrx_word' id='word_1_222' title='bbox 2405 1471 2538 1509; x_wconf 89' lang='lat' dir='ltr'>vero</span> <span class='ocrx_word' id='word_1_223' title='bbox 2583 1455 2961 1526; x_wconf 90' lang='lat' dir='ltr'>imprudentis</span> <span class='ocrx_word' id='word_1_224' title='bbox 3004 1455 3290 1511; x_wconf 86' lang='lat' dir='ltr'>subversio</span> <span class='ocrx_word' id='word_1_225' title='bbox 3339 1457 3508 1511; x_wconf 90' lang='lat' dir='ltr'>illius.</span> 
     </span>
    </p>
   </div>
   <div class='ocr_carea' id='block_1_29' title="bbox 1883 1548 3513 1621">
    <p class='ocr_par' dir='ltr' id='par_1_29' title="bbox 1883 1548 3513 1621">
     <span class='ocr_line' id='line_1_29' title="bbox 1883 1548 3513 1621; baseline 0.001 -18"><span class='ocrx_word' id='word_1_226' title='bbox 1883 1550 2010 1603; x_wconf 90' lang='lat' dir='ltr'>Non</span> <span class='ocrx_word' id='word_1_227' title='bbox 2034 1548 2334 1619; x_wconf 90' lang='lat' dir='ltr'>appelleris</span> <span class='ocrx_word' id='word_1_228' title='bbox 2357 1564 2609 1618; x_wconf 90' lang='lat' dir='ltr'>susurro,</span> <span class='ocrx_word' id='word_1_229' title='bbox 2640 1551 2696 1602; x_wconf 92' lang='lat' dir='ltr'>et</span> <span class='ocrx_word' id='word_1_230' title='bbox 2721 1548 2914 1619; x_wconf 84' lang='lat' dir='ltr'>lingua</span> <span class='ocrx_word' id='word_1_231' title='bbox 2951 1554 3049 1604; x_wconf 89' lang='lat' dir='ltr'>tua</span> <span class='ocrx_word' id='word_1_232' title='bbox 3079 1565 3149 1605; x_wconf 91' lang='lat' dir='ltr'>ne</span> <span class='ocrx_word' id='word_1_233' title='bbox 3175 1551 3432 1621; x_wconf 90' lang='lat' dir='ltr'>capiaris,</span> <span class='ocrx_word' id='word_1_234' title='bbox 3457 1555 3513 1605; x_wconf 92' lang='lat' dir='ltr'>et</span> 
     </span>
    </p>
   </div>
   <div class='ocr_carea' id='block_1_30' title="bbox 1885 1641 3512 1714">
    <p class='ocr_par' dir='ltr' id='par_1_30' title="bbox 1885 1641 3512 1714">
     <span class='ocr_line' id='line_1_30' title="bbox 1885 1641 3512 1714; baseline 0.001 -18"><span class='ocrx_word' id='word_1_235' title='bbox 1885 1641 2266 1696; x_wconf 83' lang='lat' dir='ltr'>confundaris.</span> <span class='ocrx_word' id='word_1_236' title='bbox 2303 1642 2486 1713; x_wconf 88' lang='lat' dir='ltr'>Super</span> <span class='ocrx_word' id='word_1_237' title='bbox 2513 1643 2702 1696; x_wconf 89' lang='lat' dir='ltr'>furem</span> <span class='ocrx_word' id='word_1_238' title='bbox 2727 1641 2883 1696; x_wconf 90' lang='lat' dir='ltr'>enim</span> <span class='ocrx_word' id='word_1_239' title='bbox 2907 1647 2991 1697; x_wconf 91' lang='lat' dir='ltr'>est</span> <span class='ocrx_word' id='word_1_240' title='bbox 3018 1643 3294 1710; x_wconf 90' lang='lat' dir='ltr'>confusio,</span> <span class='ocrx_word' id='word_1_241' title='bbox 3319 1648 3376 1698; x_wconf 91' lang='lat' dir='ltr'>ct</span> <span class='ocrx_word' id='word_1_242' title='bbox 3401 1661 3512 1714; x_wconf 85' lang='lat' dir='ltr'>poe-</span> 
     </span>
    </p>
   </div>
   <div class='ocr_carea' id='block_1_31' title="bbox 1885 1735 3514 1807">
    <p class='ocr_par' dir='ltr' id='par_1_31' title="bbox 1885 1735 3514 1807">
     <span class='ocr_line' id='line_1_31' title="bbox 1885 1735 3514 1807; baseline 0.001 -17"><span class='ocrx_word' id='word_1_243' title='bbox 1885 1735 2149 1803; x_wconf 90' lang='lat' dir='ltr'>nitentia,</span> <span class='ocrx_word' id='word_1_244' title='bbox 2175 1739 2232 1790; x_wconf 90' lang='lat' dir='ltr'>et</span> <span class='ocrx_word' id='word_1_245' title='bbox 2253 1735 2542 1790; x_wconf 88' lang='lat' dir='ltr'>denotatio</span> <span class='ocrx_word' id='word_1_246' title='bbox 2573 1736 2820 1806; x_wconf 90' lang='lat' dir='ltr'>pessima</span> <span class='ocrx_word' id='word_1_247' title='bbox 2851 1752 3024 1807; x_wconf 88' lang='lat' dir='ltr'>super</span> <span class='ocrx_word' id='word_1_248' title='bbox 3053 1735 3370 1807; x_wconf 88' lang='lat' dir='ltr'>bilinguem</span> <span class='ocrx_word' id='word_1_249' title='bbox 3390 1754 3403 1791; x_wconf 93' lang='lat'><strong>:</strong></span> <span class='ocrx_word' id='word_1_250' title='bbox 3427 1755 3514 1791; x_wconf 90' lang='lat' dir='ltr'>su-</span> 
     </span>
    </p>
   </div>
   <div class='ocr_carea' id='block_1_32' title="bbox 154 1804 3510 1898">
    <p class='ocr_par' dir='ltr' id='par_1_32' title="bbox 154 1804 3510 1898">
     <span class='ocr_line' id='line_1_32' title="bbox 154 1804 3510 1898; baseline 0.001 -18"><span class='ocrx_word' id='word_1_251' title='bbox 154 1834 198 1882; x_wconf 89' lang='lat' dir='ltr'>et</span> <span class='ocrx_word' id='word_1_252' title='bbox 219 1829 393 1896; x_wconf 88' lang='lat' dir='ltr'>Deus,</span> <span class='ocrx_word' id='word_1_253' title='bbox 411 1831 472 1882; x_wconf 88' lang='lat' dir='ltr'>et</span> <span class='ocrx_word' id='word_1_254' title='bbox 491 1843 743 1898; x_wconf 86' lang='lat' dir='ltr'>nequam</span> <span class='ocrx_word' id='word_1_255' title='bbox 764 1843 895 1881; x_wconf 91' lang='lat' dir='ltr'>cum</span> <span class='ocrx_word' id='word_1_256' title='bbox 914 1827 1090 1881; x_wconf 92' lang='lat' dir='ltr'>homo</span> <span class='ocrx_word' id='word_1_257' title='bbox 1105 1827 1193 1893; x_wconf 88' lang='lat' dir='ltr'>sit,</span> <span class='ocrx_word' id='word_1_258' title='bbox 1211 1829 1333 1881; x_wconf 90' lang='lat' dir='ltr'>tum</span> <span class='ocrx_word' id='word_1_259' title='bbox 1352 1827 1604 1898; x_wconf 87' lang='lat' dir='ltr'>primum</span> <span class='ocrx_word' id='word_1_260' title='bbox 1614 1829 1779 1894; x_wconf 89' lang='lat' dir='ltr'>Deus,</span> <span class='ocrx_word' id='word_1_261' title='bbox 1802 1804 1859 1876; x_wconf 83' lang='lat' dir='ltr'><strong>B</strong></span> <span class='ocrx_word' id='word_1_262' title='bbox 1885 1827 2156 1883; x_wconf 88' lang='lat' dir='ltr'>surratori</span> <span class='ocrx_word' id='word_1_263' title='bbox 2175 1831 2368 1883; x_wconf 90' lang='lat' dir='ltr'>autem</span> <span class='ocrx_word' id='word_1_264' title='bbox 2388 1828 2605 1898; x_wconf 89' lang='lat' dir='ltr'>odium,</span> <span class='ocrx_word' id='word_1_265' title='bbox 2639 1833 2694 1883; x_wconf 89' lang='lat' dir='ltr'>et</span> <span class='ocrx_word' id='word_1_266' title='bbox 2717 1827 3033 1897; x_wconf 90' lang='lat' dir='ltr'>inimicitia,</span> <span class='ocrx_word' id='word_1_267' title='bbox 3063 1834 3120 1884; x_wconf 89' lang='lat' dir='ltr'>et</span> <span class='ocrx_word' id='word_1_268' title='bbox 3142 1830 3510 1896; x_wconf 88' lang='lat' dir='ltr'>contumelia,</span> 
     </span>
    </p>
   </div>
   <div class='ocr_carea' id='block_1_33' title="bbox 153 1919 1783 1993">
    <p class='ocr_par' dir='ltr' id='par_1_33' title="bbox 153 1919 1783 1993">
     <span class='ocr_line' id='line_1_33' title="bbox 153 1919 1783 1993; baseline 0 -19"><span class='ocrx_word' id='word_1_269' title='bbox 153 1937 332 1993; x_wconf 86' lang='lat' dir='ltr'>neque</span> <span class='ocrx_word' id='word_1_270' title='bbox 357 1923 484 1975; x_wconf 90' lang='lat' dir='ltr'>tum</span> <span class='ocrx_word' id='word_1_271' title='bbox 511 1936 642 1975; x_wconf 89' lang='lat' dir='ltr'>cum</span> <span class='ocrx_word' id='word_1_272' title='bbox 665 1923 722 1974; x_wconf 93' lang='lat' dir='ltr'>et</span> <span class='ocrx_word' id='word_1_273' title='bbox 747 1921 918 1974; x_wconf 91' lang='lat' dir='ltr'>homo</span> <span class='ocrx_word' id='word_1_274' title='bbox 940 1920 1010 1974; x_wconf 89' lang='lat' dir='ltr'>sit</span> <span class='ocrx_word' id='word_1_275' title='bbox 1040 1924 1098 1975; x_wconf 91' lang='lat' dir='ltr'>et</span> <span class='ocrx_word' id='word_1_276' title='bbox 1129 1921 1293 1987; x_wconf 89' lang='lat' dir='ltr'>Deus,</span> <span class='ocrx_word' id='word_1_277' title='bbox 1325 1923 1450 1974; x_wconf 87' lang='lat' dir='ltr'>tum</span> <span class='ocrx_word' id='word_1_278' title='bbox 1472 1936 1589 1974; x_wconf 92' lang='lat' dir='ltr'>non</span> <span class='ocrx_word' id='word_1_279' title='bbox 1611 1919 1783 1974; x_wconf 88' lang='lat' dir='ltr'>etiam</span> 
     </span>
    </p>
   </div>
   <div class='ocr_carea' id='block_1_34' title="bbox 152 2013 1783 2085">
    <p class='ocr_par' dir='ltr' id='par_1_34' title="bbox 152 2013 1783 2085">
     <span class='ocr_line' id='line_1_34' title="bbox 152 2013 1783 2085; baseline -0.002 -16"><span class='ocrx_word' id='word_1_280' title='bbox 152 2020 200 2069; x_wconf 88' lang='lat' dir='ltr'>et</span> <span class='ocrx_word' id='word_1_281' title='bbox 243 2015 414 2080; x_wconf 89' lang='lat' dir='ltr'>Deus,</span> <span class='ocrx_word' id='word_1_282' title='bbox 463 2031 654 2085; x_wconf 91' lang='lat' dir='ltr'>neque</span> <span class='ocrx_word' id='word_1_283' title='bbox 709 2019 834 2084; x_wconf 85' lang='lat' dir='ltr'>post</span> <span class='ocrx_word' id='word_1_284' title='bbox 868 2013 1166 2069; x_wconf 90' lang='lat' dir='ltr'>hominem</span> <span class='ocrx_word' id='word_1_285' title='bbox 1205 2013 1277 2081; x_wconf 42' lang='lat' dir='ltr'>in,</span> <span class='ocrx_word' id='word_1_286' title='bbox 1308 2014 1425 2068; x_wconf 90' lang='lat' dir='ltr'>Deo</span> <span class='ocrx_word' id='word_1_287' title='bbox 1474 2029 1588 2066; x_wconf 91' lang='lat' dir='ltr'>non</span> <span class='ocrx_word' id='word_1_288' title='bbox 1635 2015 1783 2068; x_wconf 90' lang='lat' dir='ltr'>totus</span> 
     </span>
    </p>
   </div>
   <div class='ocr_carea' id='block_1_35' title="bbox 151 2107 1778 2178">
    <p class='ocr_par' dir='ltr' id='par_1_35' title="bbox 151 2107 1778 2178">
     <span class='ocr_line' id='line_1_35' title="bbox 151 2107 1778 2178; baseline -0.001 -16"><span class='ocrx_word' id='word_1_289' title='bbox 151 2109 337 2174; x_wconf 88' lang='lat' dir='ltr'>homo,</span> <span class='ocrx_word' id='word_1_290' title='bbox 382 2110 538 2162; x_wconf 87' lang='lat' dir='ltr'>totus</span> <span class='ocrx_word' id='word_1_291' title='bbox 580 2109 742 2174; x_wconf 91' lang='lat' dir='ltr'>Deus,</span> <span class='ocrx_word' id='word_1_292' title='bbox 793 2123 971 2161; x_wconf 91' lang='lat' dir='ltr'>unum</span> <span class='ocrx_word' id='word_1_293' title='bbox 1013 2110 1183 2178; x_wconf 88' lang='lat' dir='ltr'>atque</span> <span class='ocrx_word' id='word_1_294' title='bbox 1223 2107 1380 2161; x_wconf 89' lang='lat' dir='ltr'>idem</span> <span class='ocrx_word' id='word_1_295' title='bbox 1416 2121 1646 2161; x_wconf 90' lang='lat' dir='ltr'>necesse</span> <span class='ocrx_word' id='word_1_296' title='bbox 1676 2109 1778 2174; x_wconf 91' lang='lat' dir='ltr'>est,</span> 
     </span>
    </p>
   </div>
   <div class='ocr_carea' id='block_1_36' title="bbox 150 2199 1782 2271">
    <p class='ocr_par' dir='ltr' id='par_1_36' title="bbox 150 2199 1782 2271">
     <span class='ocr_line' id='line_1_36' title="bbox 150 2199 1782 2271; baseline -0.002 -16"><span class='ocrx_word' id='word_1_297' title='bbox 150 2202 363 2255; x_wconf 84' lang='lat' dir='ltr'>dicatur</span> <span class='ocrx_word' id='word_1_298' title='bbox 384 2201 432 2271; x_wconf 87' lang='lat' dir='ltr'>ej</span> <span class='ocrx_word' id='word_1_299' title='bbox 442 2217 510 2254; x_wconf 86' lang='lat' dir='ltr'>us</span> <span class='ocrx_word' id='word_1_300' title='bbox 531 2217 650 2256; x_wconf 91' lang='lat' dir='ltr'>esse</span> <span class='ocrx_word' id='word_1_301' title='bbox 672 2205 1094 2255; x_wconf 88' lang='lat' dir='ltr'>sacramentum</span> <span class='ocrx_word' id='word_1_302' title='bbox 1119 2200 1270 2271; x_wconf 91' lang='lat' dir='ltr'>quod</span> <span class='ocrx_word' id='word_1_303' title='bbox 1299 2199 1544 2271; x_wconf 87' lang='lat' dir='ltr'>generis.</span> <span class='ocrx_word' id='word_1_304' title='bbox 1564 2199 1632 2253; x_wconf 87' lang='lat' dir='ltr'>Et</span> <span class='ocrx_word' id='word_1_305' title='bbox 1651 2215 1782 2252; x_wconf 89' lang='lat' dir='ltr'>cum</span> 
     </span>
    </p>
   </div>
   <div class='ocr_carea' id='block_1_37' title="bbox 151 2291 1782 2364">
    <p class='ocr_par' dir='ltr' id='par_1_37' title="bbox 151 2291 1782 2364">
     <span class='ocr_line' id='line_1_37' title="bbox 151 2291 1782 2364; baseline -0.002 -16"><span class='ocrx_word' id='word_1_306' title='bbox 151 2295 202 2349; x_wconf 92' lang='lat' dir='ltr'>in</span> <span class='ocrx_word' id='word_1_307' title='bbox 221 2311 287 2350; x_wconf 90' lang='lat' dir='ltr'>eo</span> <span class='ocrx_word' id='word_1_308' title='bbox 302 2294 624 2349; x_wconf 89' lang='lat' dir='ltr'>secundum</span> <span class='ocrx_word' id='word_1_309' title='bbox 639 2299 865 2364; x_wconf 90' lang='lat' dir='ltr'>tempus</span> <span class='ocrx_word' id='word_1_310' title='bbox 885 2293 1155 2348; x_wconf 86' lang='lat' dir='ltr'>discernis</span> <span class='ocrx_word' id='word_1_311' title='bbox 1167 2293 1465 2347; x_wconf 90' lang='lat' dir='ltr'>hominem</span> <span class='ocrx_word' id='word_1_312' title='bbox 1483 2309 1512 2346; x_wconf 90' lang='lat' dir='ltr'>a</span> <span class='ocrx_word' id='word_1_313' title='bbox 1527 2293 1662 2359; x_wconf 91' lang='lat' dir='ltr'>Deo,</span> <span class='ocrx_word' id='word_1_314' title='bbox 1681 2291 1782 2346; x_wconf 89' lang='lat' dir='ltr'>Dei</span> 
     </span>
    </p>
   </div>
   <div class='ocr_carea' id='block_1_38' title="bbox 151 2386 1782 2458">
    <p class='ocr_par' dir='ltr' id='par_1_38' title="bbox 151 2386 1782 2458">
     <span class='ocr_line' id='line_1_38' title="bbox 151 2386 1782 2458; baseline -0.001 -18"><span class='ocrx_word' id='word_1_315' title='bbox 151 2393 277 2443; x_wconf 89' lang='lat' dir='ltr'>tunc</span> <span class='ocrx_word' id='word_1_316' title='bbox 289 2393 467 2458; x_wconf 85' lang='lat' dir='ltr'>atque</span> <span class='ocrx_word' id='word_1_317' title='bbox 481 2387 730 2441; x_wconf 90' lang='lat' dir='ltr'>hominis</span> <span class='ocrx_word' id='word_1_318' title='bbox 743 2387 998 2441; x_wconf 90' lang='lat' dir='ltr'>discerne</span> <span class='ocrx_word' id='word_1_319' title='bbox 1015 2403 1362 2441; x_wconf 89' lang='lat' dir='ltr'>sermonem.</span> <span class='ocrx_word' id='word_1_320' title='bbox 1381 2388 1447 2440; x_wconf 89' lang='lat' dir='ltr'>Et</span> <span class='ocrx_word' id='word_1_321' title='bbox 1462 2402 1590 2440; x_wconf 91' lang='lat' dir='ltr'>cum</span> <span class='ocrx_word' id='word_1_322' title='bbox 1603 2386 1782 2439; x_wconf 88' lang='lat' dir='ltr'>Deum</span> 
     </span>
    </p>
   </div>
   <div class='ocr_carea' id='block_1_39' title="bbox 152 2479 1779 2554">
    <p class='ocr_par' dir='ltr' id='par_1_39' title="bbox 152 2479 1779 2554">
     <span class='ocr_line' id='line_1_39' title="bbox 152 2479 1779 2554; baseline -0.003 -18"><span class='ocrx_word' id='word_1_323' title='bbox 152 2486 311 2554; x_wconf 77' lang='lat' dir='ltr'>atque</span> <span class='ocrx_word' id='word_1_324' title='bbox 342 2480 648 2535; x_wconf 89' lang='lat' dir='ltr'>hominem</span> <span class='ocrx_word' id='word_1_325' title='bbox 680 2480 738 2534; x_wconf 91' lang='lat' dir='ltr'>in</span> <span class='ocrx_word' id='word_1_326' title='bbox 771 2483 1027 2550; x_wconf 86' lang='lat' dir='ltr'>tempore</span> <span class='ocrx_word' id='word_1_327' title='bbox 1056 2479 1362 2548; x_wconf 81' lang='lat' dir='ltr'>confiteris,</span> <span class='ocrx_word' id='word_1_328' title='bbox 1395 2479 1498 2532; x_wconf 90' lang='lat' dir='ltr'>Dei</span> <span class='ocrx_word' id='word_1_329' title='bbox 1531 2481 1664 2532; x_wconf 90' lang='lat' dir='ltr'>tunc</span> <span class='ocrx_word' id='word_1_330' title='bbox 1694 2483 1779 2532; x_wconf 89' lang='lat' dir='ltr'>at-</span> 
     </span>
    </p>
   </div>
   <div class='ocr_carea' id='block_1_40' title="bbox 151 2571 1782 2647">
    <p class='ocr_par' dir='ltr' id='par_1_40' title="bbox 151 2571 1782 2647">
     <span class='ocr_line' id='line_1_40' title="bbox 151 2571 1782 2647; baseline -0.002 -18"><span class='ocrx_word' id='word_1_331' title='bbox 151 2591 253 2647; x_wconf 88' lang='lat' dir='ltr'>que</span> <span class='ocrx_word' id='word_1_332' title='bbox 279 2573 539 2628; x_wconf 91' lang='lat' dir='ltr'>hominis</span> <span class='ocrx_word' id='word_1_333' title='bbox 567 2573 624 2626; x_wconf 92' lang='lat' dir='ltr'>in</span> <span class='ocrx_word' id='word_1_334' title='bbox 651 2578 910 2644; x_wconf 89' lang='lat' dir='ltr'>tempore</span> <span class='ocrx_word' id='word_1_335' title='bbox 931 2571 1079 2627; x_wconf 84' lang='lat' dir='ltr'>dicta</span> <span class='ocrx_word' id='word_1_336' title='bbox 1101 2573 1174 2643; x_wconf 84' lang='lat' dir='ltr'>dij</span> <span class='ocrx_word' id='word_1_337' title='bbox 1186 2573 1365 2627; x_wconf 89' lang='lat' dir='ltr'>ndica.</span> <span class='ocrx_word' id='word_1_338' title='bbox 1394 2573 1536 2628; x_wconf 91' lang='lat' dir='ltr'>Cum</span> <span class='ocrx_word' id='word_1_339' title='bbox 1562 2587 1691 2626; x_wconf 89' lang='lat' dir='ltr'>vero</span> <span class='ocrx_word' id='word_1_340' title='bbox 1713 2589 1782 2626; x_wconf 86' lang='lat' dir='ltr'>ex</span> 
     </span>
    </p>
   </div>
   <div class='ocr_carea' id='block_1_41' title="bbox 153 2665 1783 2736">
    <p class='ocr_par' dir='ltr' id='par_1_41' title="bbox 153 2665 1783 2736">
     <span class='ocr_line' id='line_1_41' title="bbox 153 2665 1783 2736; baseline -0.003 -13"><span class='ocrx_word' id='word_1_341' title='bbox 153 2669 380 2723; x_wconf 92' lang='lat' dir='ltr'>homine</span> <span class='ocrx_word' id='word_1_342' title='bbox 411 2673 470 2720; x_wconf 88' lang='lat' dir='ltr'>et</span> <span class='ocrx_word' id='word_1_343' title='bbox 507 2668 622 2720; x_wconf 92' lang='lat' dir='ltr'>Dco</span> <span class='ocrx_word' id='word_1_344' title='bbox 669 2683 895 2720; x_wconf 86' lang='lat' dir='ltr'>rursum</span> <span class='ocrx_word' id='word_1_345' title='bbox 936 2667 1105 2721; x_wconf 90' lang='lat' dir='ltr'>totius</span> <span class='ocrx_word' id='word_1_346' title='bbox 1147 2665 1416 2733; x_wconf 89' lang='lat' dir='ltr'>hominis,</span> <span class='ocrx_word' id='word_1_347' title='bbox 1457 2665 1630 2719; x_wconf 90' lang='lat' dir='ltr'>totius</span> <span class='ocrx_word' id='word_1_348' title='bbox 1661 2665 1783 2736; x_wconf 87' lang='lat' dir='ltr'>jam</span> 
     </span>
    </p>
   </div>
   <div class='ocr_carea' id='block_1_42' title="bbox 153 2758 1779 2831">
    <p class='ocr_par' dir='ltr' id='par_1_42' title="bbox 153 2758 1779 2831">
     <span class='ocr_line' id='line_1_42' title="bbox 153 2758 1779 2831; baseline -0.002 -16"><span class='ocrx_word' id='word_1_349' title='bbox 153 2762 242 2816; x_wconf 89' lang='lat' dir='ltr'>Dei</span> <span class='ocrx_word' id='word_1_350' title='bbox 274 2767 509 2831; x_wconf 89' lang='lat' dir='ltr'>tempus</span> <span class='ocrx_word' id='word_1_351' title='bbox 557 2759 849 2829; x_wconf 88' lang='lat' dir='ltr'>intelligis,</span> <span class='ocrx_word' id='word_1_352' title='bbox 891 2758 934 2812; x_wconf 93' lang='lat' dir='ltr'>si</span> <span class='ocrx_word' id='word_1_353' title='bbox 980 2759 1213 2830; x_wconf 90' lang='lat' dir='ltr'>quidem</span> <span class='ocrx_word' id='word_1_354' title='bbox 1257 2759 1392 2812; x_wconf 90' lang='lat' dir='ltr'>illud</span> <span class='ocrx_word' id='word_1_355' title='bbox 1438 2758 1511 2812; x_wconf 90' lang='lat' dir='ltr'>ad</span> <span class='ocrx_word' id='word_1_356' title='bbox 1537 2758 1779 2812; x_wconf 90' lang='lat' dir='ltr'>demon-</span> 
     </span>
    </p>
   </div>
   <div class='ocr_carea' id='block_1_43' title="bbox 152 2851 1780 2923">
    <p class='ocr_par' dir='ltr' id='par_1_43' title="bbox 152 2851 1780 2923">
     <span class='ocr_line' id='line_1_43' title="bbox 152 2851 1780 2923; baseline -0.002 -15"><span class='ocrx_word' id='word_1_357' title='bbox 152 2854 488 2908; x_wconf 87' lang='lat' dir='ltr'>strationem</span> <span class='ocrx_word' id='word_1_358' title='bbox 514 2852 785 2923; x_wconf 87' lang='lat' dir='ltr'>temporis</span> <span class='ocrx_word' id='word_1_359' title='bbox 824 2852 1039 2906; x_wconf 89' lang='lat' dir='ltr'>dictum</span> <span class='ocrx_word' id='word_1_360' title='bbox 1087 2855 1192 2920; x_wconf 90' lang='lat' dir='ltr'>est,</span> <span class='ocrx_word' id='word_1_361' title='bbox 1226 2851 1470 2922; x_wconf 88' lang='lat' dir='ltr'>tempori</span> <span class='ocrx_word' id='word_1_362' title='bbox 1497 2851 1780 2922; x_wconf 88' lang='lat' dir='ltr'>coaptatio</span> 
     </span>
    </p>
   </div>
   <div class='ocr_carea' id='block_1_44' title="bbox 154 2943 1782 3018">
    <p class='ocr_par' dir='ltr' id='par_1_44' title="bbox 154 2943 1782 3018">
     <span class='ocr_line' id='line_1_44' title="bbox 154 2943 1782 3018; baseline -0.002 -17"><span class='ocrx_word' id='word_1_363' title='bbox 154 2965 274 3018; x_wconf 79' lang='lat' dir='ltr'>quae</span> <span class='ocrx_word' id='word_1_364' title='bbox 323 2946 480 3000; x_wconf 87' lang='lat' dir='ltr'>dicta</span> <span class='ocrx_word' id='word_1_365' title='bbox 527 2951 680 3009; x_wconf 86' lang='lat' dir='ltr'>sunt,</span> <span class='ocrx_word' id='word_1_366' title='bbox 716 2949 776 2999; x_wconf 90' lang='lat' dir='ltr'>ut</span> <span class='ocrx_word' id='word_1_367' title='bbox 823 2962 955 2999; x_wconf 91' lang='lat' dir='ltr'>cum</span> <span class='ocrx_word' id='word_1_368' title='bbox 1004 2945 1162 2998; x_wconf 90' lang='lat' dir='ltr'>aliud</span> <span class='ocrx_word' id='word_1_369' title='bbox 1206 2945 1278 2998; x_wconf 89' lang='lat' dir='ltr'>sit</span> <span class='ocrx_word' id='word_1_370' title='bbox 1310 2948 1441 2998; x_wconf 88' lang='lat' dir='ltr'>ante</span> <span class='ocrx_word' id='word_1_371' title='bbox 1488 2943 1782 2998; x_wconf 88' lang='lat' dir='ltr'>hominem</span> 
     </span>
    </p>
   </div>
   <div class='ocr_carea' id='block_1_45' title="bbox 158 3036 1783 3108">
    <p class='ocr_par' dir='ltr' id='par_1_45' title="bbox 158 3036 1783 3108">
     <span class='ocr_line' id='line_1_45' title="bbox 158 3036 1783 3108; baseline -0.002 -14"><span class='ocrx_word' id='word_1_372' title='bbox 158 3041 310 3108; x_wconf 87' lang='lat' dir='ltr'>Deus,</span> <span class='ocrx_word' id='word_1_373' title='bbox 340 3039 499 3093; x_wconf 90' lang='lat' dir='ltr'>aliud</span> <span class='ocrx_word' id='word_1_374' title='bbox 517 3039 590 3092; x_wconf 88' lang='lat' dir='ltr'>sit</span> <span class='ocrx_word' id='word_1_375' title='bbox 613 3039 824 3092; x_wconf 91' lang='lat' dir='ltr'>homo:</span> <span class='ocrx_word' id='word_1_376' title='bbox 861 3043 915 3092; x_wconf 91' lang='lat' dir='ltr'>et</span> <span class='ocrx_word' id='word_1_377' title='bbox 954 3039 1120 3107; x_wconf 87' lang='lat' dir='ltr'>Deus,</span> <span class='ocrx_word' id='word_1_378' title='bbox 1162 3037 1312 3091; x_wconf 90' lang='lat' dir='ltr'>aliud</span> <span class='ocrx_word' id='word_1_379' title='bbox 1353 3036 1422 3090; x_wconf 86' lang='lat' dir='ltr'>sit</span> <span class='ocrx_word' id='word_1_380' title='bbox 1452 3039 1580 3107; x_wconf 90' lang='lat' dir='ltr'>post</span> <span class='ocrx_word' id='word_1_381' title='bbox 1604 3036 1783 3091; x_wconf 91' lang='lat' dir='ltr'>homi-</span> 
     </span>
    </p>
   </div>
   <div class='ocr_carea' id='block_1_46' title="bbox 155 3131 1779 3200">
    <p class='ocr_par' dir='ltr' id='par_1_46' title="bbox 155 3131 1779 3200">
     <span class='ocr_line' id='line_1_46' title="bbox 155 3131 1779 3200; baseline -0.001 -14"><span class='ocrx_word' id='word_1_382' title='bbox 155 3150 280 3186; x_wconf 90' lang='lat' dir='ltr'>nem</span> <span class='ocrx_word' id='word_1_383' title='bbox 298 3140 355 3186; x_wconf 90' lang='lat' dir='ltr'>et</span> <span class='ocrx_word' id='word_1_384' title='bbox 371 3134 577 3200; x_wconf 90' lang='lat' dir='ltr'>Deum,</span> <span class='ocrx_word' id='word_1_385' title='bbox 601 3136 750 3185; x_wconf 86' lang='lat' dir='ltr'>totus</span> <span class='ocrx_word' id='word_1_386' title='bbox 771 3131 942 3185; x_wconf 91' lang='lat' dir='ltr'>homo</span> <span class='ocrx_word' id='word_1_387' title='bbox 966 3136 1022 3185; x_wconf 90' lang='lat' dir='ltr'>et</span> <span class='ocrx_word' id='word_1_388' title='bbox 1035 3135 1184 3185; x_wconf 86' lang='lat' dir='ltr'>totus</span> <span class='ocrx_word' id='word_1_389' title='bbox 1202 3132 1369 3199; x_wconf 90' lang='lat' dir='ltr'>Deus,</span> <span class='ocrx_word' id='word_1_390' title='bbox 1391 3147 1509 3185; x_wconf 91' lang='lat' dir='ltr'>non</span> <span class='ocrx_word' id='word_1_391' title='bbox 1537 3131 1779 3185; x_wconf 89' lang='lat' dir='ltr'>confun-</span> 
     </span>
    </p>
   </div>
   <div class='ocr_carea' id='block_1_47' title="bbox 158 3224 1784 3297">
    <p class='ocr_par' dir='ltr' id='par_1_47' title="bbox 158 3224 1784 3297">
     <span class='ocr_line' id='line_1_47' title="bbox 158 3224 1784 3297; baseline -0.001 -17"><span class='ocrx_word' id='word_1_392' title='bbox 158 3227 245 3280; x_wconf 84' lang='lat' dir='ltr'>das</span> <span class='ocrx_word' id='word_1_393' title='bbox 255 3224 616 3297; x_wconf 89' lang='lat' dir='ltr'>temporibus</span> <span class='ocrx_word' id='word_1_394' title='bbox 632 3230 688 3279; x_wconf 87' lang='lat' dir='ltr'>et</span> <span class='ocrx_word' id='word_1_395' title='bbox 703 3225 1010 3295; x_wconf 89' lang='lat' dir='ltr'>generibus</span> <span class='ocrx_word' id='word_1_396' title='bbox 1023 3225 1455 3295; x_wconf 85' lang='lat' dir='ltr'>dispensationis</span> <span class='ocrx_word' id='word_1_397' title='bbox 1467 3240 1784 3279; x_wconf 91' lang='lat' dir='ltr'>sacramen-</span> 
     </span>
    </p>
   </div>
   <div class='ocr_carea' id='block_1_48' title="bbox 158 3317 1784 3390">
    <p class='ocr_par' dir='ltr' id='par_1_48' title="bbox 158 3317 1784 3390">
     <span class='ocr_line' id='line_1_48' title="bbox 158 3317 1784 3390; baseline -0.001 -17"><span class='ocrx_word' id='word_1_398' title='bbox 158 3325 291 3387; x_wconf 88' lang='lat' dir='ltr'>tum,</span> <span class='ocrx_word' id='word_1_399' title='bbox 315 3335 450 3373; x_wconf 88' lang='lat' dir='ltr'>cum</span> <span class='ocrx_word' id='word_1_400' title='bbox 468 3335 574 3389; x_wconf 91' lang='lat' dir='ltr'>pro</span> <span class='ocrx_word' id='word_1_401' title='bbox 598 3319 868 3390; x_wconf 88' lang='lat' dir='ltr'>qualitate</span> <span class='ocrx_word' id='word_1_402' title='bbox 888 3335 1165 3388; x_wconf 88' lang='lat' dir='ltr'>generum</span> <span class='ocrx_word' id='word_1_403' title='bbox 1186 3335 1250 3372; x_wconf 91' lang='lat' dir='ltr'>ac</span> <span class='ocrx_word' id='word_1_404' title='bbox 1265 3320 1600 3372; x_wconf 89' lang='lat' dir='ltr'>naturarum</span> <span class='ocrx_word' id='word_1_405' title='bbox 1627 3317 1784 3372; x_wconf 88' lang='lat' dir='ltr'>aliud</span> 
     </span>
    </p>
   </div>
   <div class='ocr_carea' id='block_1_49' title="bbox 163 3411 1781 3467">
    <p class='ocr_par' dir='ltr' id='par_1_49' title="bbox 163 3411 1781 3467">
     <span class='ocr_line' id='line_1_49' title="bbox 163 3411 1781 3467; baseline -0.001 -1"><span class='ocrx_word' id='word_1_406' title='bbox 163 3429 276 3466; x_wconf 82' lang='lat' dir='ltr'>cum</span> <span class='ocrx_word' id='word_1_407' title='bbox 289 3415 650 3467; x_wconf 88' lang='lat' dir='ltr'>sacramento</span> <span class='ocrx_word' id='word_1_408' title='bbox 664 3411 914 3466; x_wconf 89' lang='lat' dir='ltr'>hominis</span> <span class='ocrx_word' id='word_1_409' title='bbox 926 3427 1150 3466; x_wconf 89' lang='lat' dir='ltr'>necesse</span> <span class='ocrx_word' id='word_1_410' title='bbox 1173 3415 1256 3466; x_wconf 83' lang='lat' dir='ltr'>est</span> <span class='ocrx_word' id='word_1_411' title='bbox 1273 3427 1595 3465; x_wconf 89' lang='lat' dir='ltr'>sermonem</span> <span class='ocrx_word' id='word_1_412' title='bbox 1609 3411 1781 3465; x_wconf 88' lang='lat' dir='ltr'>fuisse</span> 
     </span>
    </p>
   </div>
   <div class='ocr_carea' id='block_1_50' title="bbox 164 3504 1777 3573">
    <p class='ocr_par' dir='ltr' id='par_1_50' title="bbox 164 3504 1777 3573">
     <span class='ocr_line' id='line_1_50' title="bbox 164 3504 1777 3573; baseline 0 -14"><span class='ocrx_word' id='word_1_413' title='bbox 164 3523 265 3560; x_wconf 90' lang='lat' dir='ltr'>non</span> <span class='ocrx_word' id='word_1_414' title='bbox 295 3509 456 3572; x_wconf 89' lang='lat' dir='ltr'>nato,</span> <span class='ocrx_word' id='word_1_415' title='bbox 477 3505 628 3558; x_wconf 87' lang='lat' dir='ltr'>aliud</span> <span class='ocrx_word' id='word_1_416' title='bbox 648 3504 834 3558; x_wconf 89' lang='lat' dir='ltr'>adhuc</span> <span class='ocrx_word' id='word_1_417' title='bbox 862 3505 1160 3573; x_wconf 88' lang='lat' dir='ltr'>morituro,</span> <span class='ocrx_word' id='word_1_418' title='bbox 1179 3505 1332 3559; x_wconf 88' lang='lat' dir='ltr'>aliud</span> <span class='ocrx_word' id='word_1_419' title='bbox 1350 3505 1523 3560; x_wconf 91' lang='lat' dir='ltr'>etiam</span> <span class='ocrx_word' id='word_1_420' title='bbox 1543 3508 1777 3560; x_wconf 83' lang='lat' dir='ltr'>aeterno.</span> 
     </span>
    </p>
   </div>
   <div class='ocr_carea' id='block_1_51' title="bbox 160 3597 1783 3670">
    <p class='ocr_par' dir='ltr' id='par_1_51' title="bbox 160 3597 1783 3670">
     <span class='ocr_line' id='line_1_51' title="bbox 160 3597 1783 3670; baseline -0.001 -16"><span class='ocrx_word' id='word_1_421' title='bbox 160 3598 328 3654; x_wconf 72' lang='lat' dir='ltr'>Nostri</span> <span class='ocrx_word' id='word_1_422' title='bbox 351 3599 532 3670; x_wconf 87' lang='lat' dir='ltr'>igitur</span> <span class='ocrx_word' id='word_1_423' title='bbox 543 3613 716 3652; x_wconf 90' lang='lat' dir='ltr'>causa</span> <span class='ocrx_word' id='word_1_424' title='bbox 730 3597 850 3652; x_wconf 82' lang='lat' dir='ltr'>haec</span> <span class='ocrx_word' id='word_1_425' title='bbox 867 3597 1058 3652; x_wconf 90' lang='lat' dir='ltr'>omnia</span> <span class='ocrx_word' id='word_1_426' title='bbox 1067 3599 1094 3652; x_wconf 81' lang='lat' dir='ltr'><strong>J</strong></span> <span class='ocrx_word' id='word_1_427' title='bbox 1099 3615 1226 3651; x_wconf 88' lang='lat' dir='ltr'>esus</span> <span class='ocrx_word' id='word_1_428' title='bbox 1238 3597 1490 3652; x_wconf 87' lang='lat' dir='ltr'>Christus</span> <span class='ocrx_word' id='word_1_429' title='bbox 1503 3613 1706 3668; x_wconf 83' lang='lat' dir='ltr'>gerens</span> <span class='ocrx_word' id='word_1_430' title='bbox 1726 3602 1783 3652; x_wconf 91' lang='lat' dir='ltr'>et</span> 
     </span>
    </p>
   </div>
   <div class='ocr_carea' id='block_1_52' title="bbox 160 3690 1780 3764">
    <p class='ocr_par' dir='ltr' id='par_1_52' title="bbox 160 3690 1780 3764">
     <span class='ocr_line' id='line_1_52' title="bbox 160 3690 1780 3764; baseline -0.001 -19"><span class='ocrx_word' id='word_1_431' title='bbox 160 3691 397 3764; x_wconf 88' lang='lat' dir='ltr'>corporis</span> <span class='ocrx_word' id='word_1_432' title='bbox 423 3691 603 3746; x_wconf 89' lang='lat' dir='ltr'>nostri</span> <span class='ocrx_word' id='word_1_433' title='bbox 615 3692 788 3745; x_wconf 93' lang='lat' dir='ltr'>homo</span> <span class='ocrx_word' id='word_1_434' title='bbox 807 3695 974 3746; x_wconf 90' lang='lat' dir='ltr'>natus</span> <span class='ocrx_word' id='word_1_435' title='bbox 985 3691 1295 3746; x_wconf 90' lang='lat' dir='ltr'>secundum</span> <span class='ocrx_word' id='word_1_436' title='bbox 1309 3690 1780 3746; x_wconf 90' lang='lat' dir='ltr'>consuetudinem</span> 
     </span>
    </p>
   </div>
   <div class='ocr_carea' id='block_1_53' title="bbox 165 3784 1777 3853">
    <p class='ocr_par' dir='ltr' id='par_1_53' title="bbox 165 3784 1777 3853">
     <span class='ocr_line' id='line_1_53' title="bbox 165 3784 1777 3853; baseline -0.001 -15"><span class='ocrx_word' id='word_1_437' title='bbox 165 3790 365 3839; x_wconf 68' lang='lat' dir='ltr'>natura:</span> <span class='ocrx_word' id='word_1_438' title='bbox 390 3790 605 3838; x_wconf 75' lang='lat' dir='ltr'>nostrae</span> <span class='ocrx_word' id='word_1_439' title='bbox 632 3785 851 3839; x_wconf 91' lang='lat' dir='ltr'>locutus</span> <span class='ocrx_word' id='word_1_440' title='bbox 877 3789 978 3853; x_wconf 90' lang='lat' dir='ltr'>est,</span> <span class='ocrx_word' id='word_1_441' title='bbox 1020 3801 1133 3839; x_wconf 89' lang='lat' dir='ltr'>non</span> <span class='ocrx_word' id='word_1_442' title='bbox 1159 3789 1352 3840; x_wconf 90' lang='lat' dir='ltr'>tamen</span> <span class='ocrx_word' id='word_1_443' title='bbox 1382 3784 1651 3838; x_wconf 81' lang='lat' dir='ltr'>amittens</span> <span class='ocrx_word' id='word_1_444' title='bbox 1674 3800 1777 3837; x_wconf 88' lang='lat' dir='ltr'>na-</span> 
     </span>
    </p>
   </div>
   <div class='ocr_carea' id='block_1_54' title="bbox 163 3876 1780 3949">
    <p class='ocr_par' dir='ltr' id='par_1_54' title="bbox 163 3876 1780 3949">
     <span class='ocr_line' id='line_1_54' title="bbox 163 3876 1780 3949; baseline 0 -17"><span class='ocrx_word' id='word_1_445' title='bbox 163 3884 287 3932; x_wconf 59' lang='lat' dir='ltr'>tura</span> <span class='ocrx_word' id='word_1_446' title='bbox 344 3895 461 3932; x_wconf 78' lang='lat' dir='ltr'>suae</span> <span class='ocrx_word' id='word_1_447' title='bbox 505 3894 627 3933; x_wconf 90' lang='lat' dir='ltr'>esse</span> <span class='ocrx_word' id='word_1_448' title='bbox 691 3878 842 3949; x_wconf 93' lang='lat' dir='ltr'>quod</span> <span class='ocrx_word' id='word_1_449' title='bbox 896 3879 1041 3932; x_wconf 87' lang='lat' dir='ltr'>Deus</span> <span class='ocrx_word' id='word_1_450' title='bbox 1095 3881 1198 3932; x_wconf 91' lang='lat' dir='ltr'>est.</span> <span class='ocrx_word' id='word_1_451' title='bbox 1253 3878 1390 3932; x_wconf 87' lang='lat' dir='ltr'>Nam</span> <span class='ocrx_word' id='word_1_452' title='bbox 1441 3876 1667 3931; x_wconf 88' lang='lat' dir='ltr'>tametsi</span> <span class='ocrx_word' id='word_1_453' title='bbox 1720 3876 1780 3932; x_wconf 90' lang='lat' dir='ltr'>in</span> 
     </span>
    </p>
   </div>
   <div class='ocr_carea' id='block_1_55' title="bbox 165 3971 1776 4042">
    <p class='ocr_par' dir='ltr' id='par_1_55' title="bbox 165 3971 1776 4042">
     <span class='ocr_line' id='line_1_55' title="bbox 165 3971 1776 4042; baseline -0.001 -18"><span class='ocrx_word' id='word_1_454' title='bbox 165 3976 334 4041; x_wconf 82' lang='lat' dir='ltr'>partu,</span> <span class='ocrx_word' id='word_1_455' title='bbox 358 3975 416 4025; x_wconf 89' lang='lat' dir='ltr'>et</span> <span class='ocrx_word' id='word_1_456' title='bbox 436 3971 721 4042; x_wconf 90' lang='lat' dir='ltr'>passione,</span> <span class='ocrx_word' id='word_1_457' title='bbox 747 3976 802 4025; x_wconf 92' lang='lat' dir='ltr'>et</span> <span class='ocrx_word' id='word_1_458' title='bbox 828 3975 1012 4025; x_wconf 88' lang='lat' dir='ltr'>morte</span> <span class='ocrx_word' id='word_1_459' title='bbox 1032 3975 1254 4025; x_wconf 80' lang='lat' dir='ltr'>naturae</span> <span class='ocrx_word' id='word_1_460' title='bbox 1273 3973 1482 4025; x_wconf 82' lang='lat' dir='ltr'>nostrae</span> <span class='ocrx_word' id='word_1_461' title='bbox 1497 3986 1619 4024; x_wconf 90' lang='lat' dir='ltr'>rem</span> <span class='ocrx_word' id='word_1_462' title='bbox 1645 3987 1776 4041; x_wconf 88' lang='lat' dir='ltr'>per-</span> 
     </span>
    </p>
   </div>
   <div class='ocr_carea' id='block_1_56' title="bbox 164 4063 1778 4135">
    <p class='ocr_par' dir='ltr' id='par_1_56' title="bbox 164 4063 1778 4135">
     <span class='ocr_line' id='line_1_56' title="bbox 164 4063 1778 4135; baseline 0.001 -19"><span class='ocrx_word' id='word_1_463' title='bbox 164 4065 344 4134; x_wconf 81' lang='lat' dir='ltr'>egerit,</span> <span class='ocrx_word' id='word_1_464' title='bbox 371 4081 465 4118; x_wconf 87' lang='lat' dir='ltr'>res</span> <span class='ocrx_word' id='word_1_465' title='bbox 507 4068 704 4118; x_wconf 89' lang='lat' dir='ltr'>tamen</span> <span class='ocrx_word' id='word_1_466' title='bbox 743 4064 891 4135; x_wconf 85' lang='lat' dir='ltr'>ipsas</span> <span class='ocrx_word' id='word_1_467' title='bbox 932 4080 1127 4119; x_wconf 91' lang='lat' dir='ltr'>omnes</span> <span class='ocrx_word' id='word_1_468' title='bbox 1169 4063 1376 4118; x_wconf 90' lang='lat' dir='ltr'>virtute</span> <span class='ocrx_word' id='word_1_469' title='bbox 1418 4066 1635 4118; x_wconf 56' lang='lat' dir='ltr'>natura;</span> <span class='ocrx_word' id='word_1_470' title='bbox 1663 4080 1778 4118; x_wconf 70' lang='lat' dir='ltr'>suze</span> 
     </span>
    </p>
   </div>
   <div class='ocr_carea' id='block_1_57' title="bbox 167 4156 1780 4228">
    <p class='ocr_par' dir='ltr' id='par_1_57' title="bbox 167 4156 1780 4228">
     <span class='ocr_line' id='line_1_57' title="bbox 167 4156 1780 4228; baseline 0.002 -20"><span class='ocrx_word' id='word_1_471' title='bbox 167 4157 335 4226; x_wconf 78' lang='lat' dir='ltr'>gessit.</span> <span class='ocrx_word' id='word_1_472' title='bbox 368 4157 535 4210; x_wconf 81' lang='lat' dir='ltr'>Vides</span> <span class='ocrx_word' id='word_1_473' title='bbox 563 4175 634 4211; x_wconf 91' lang='lat' dir='ltr'>ne</span> <span class='ocrx_word' id='word_1_474' title='bbox 665 4158 740 4212; x_wconf 88' lang='lat' dir='ltr'>ita</span> <span class='ocrx_word' id='word_1_475' title='bbox 771 4159 949 4212; x_wconf 89' lang='lat' dir='ltr'>Deum</span> <span class='ocrx_word' id='word_1_476' title='bbox 980 4163 1037 4212; x_wconf 88' lang='lat' dir='ltr'>et</span> <span class='ocrx_word' id='word_1_477' title='bbox 1068 4157 1364 4212; x_wconf 88' lang='lat' dir='ltr'>hominem</span> <span class='ocrx_word' id='word_1_478' title='bbox 1391 4156 1687 4228; x_wconf 77' lang='lat' dir='ltr'>praedicari</span> <span class='ocrx_word' id='word_1_479' title='bbox 1719 4162 1780 4212; x_wconf 89' lang='lat' dir='ltr'>ut</span> 
     </span>
    </p>
   </div>
   <div class='ocr_carea' id='block_1_58' title="bbox 166 4249 1774 4320">
    <p class='ocr_par' dir='ltr' id='par_1_58' title="bbox 166 4249 1774 4320">
     <span class='ocr_line' id='line_1_58' title="bbox 166 4249 1774 4320; baseline 0 -16"><span class='ocrx_word' id='word_1_480' title='bbox 166 4266 298 4304; x_wconf 88' lang='lat' dir='ltr'>mors</span> <span class='ocrx_word' id='word_1_481' title='bbox 322 4249 568 4314; x_wconf 91' lang='lat' dir='ltr'>homini,</span> <span class='ocrx_word' id='word_1_482' title='bbox 601 4252 715 4306; x_wconf 88' lang='lat' dir='ltr'>Deo</span> <span class='ocrx_word' id='word_1_483' title='bbox 754 4267 886 4305; x_wconf 86' lang='lat' dir='ltr'>vero</span> <span class='ocrx_word' id='word_1_484' title='bbox 931 4251 1113 4304; x_wconf 90' lang='lat' dir='ltr'>carnis</span> <span class='ocrx_word' id='word_1_485' title='bbox 1152 4250 1407 4304; x_wconf 88' lang='lat' dir='ltr'>excitatio</span> <span class='ocrx_word' id='word_1_486' title='bbox 1448 4251 1774 4320; x_wconf 89' lang='lat' dir='ltr'>deputetur,</span> 
     </span>
    </p>
   </div>
   <div class='ocr_carea' id='block_1_59' title="bbox 165 4341 1778 4425">
    <p class='ocr_par' dir='ltr' id='par_1_59' title="bbox 165 4341 1778 4425">
     <span class='ocr_line' id='line_1_59' title="bbox 165 4341 1778 4425; baseline 0 -29"><span class='ocrx_word' id='word_1_487' title='bbox 165 4358 259 4397; x_wconf 88' lang='lat' dir='ltr'>non</span> <span class='ocrx_word' id='word_1_488' title='bbox 304 4347 496 4397; x_wconf 89' lang='lat' dir='ltr'>tamen</span> <span class='ocrx_word' id='word_1_489' title='bbox 542 4343 686 4397; x_wconf 89' lang='lat' dir='ltr'>alius</span> <span class='ocrx_word' id='word_1_490' title='bbox 725 4343 795 4398; x_wconf 91' lang='lat' dir='ltr'>sit</span> <span class='ocrx_word' id='word_1_491' title='bbox 834 4343 932 4414; x_wconf 90' lang='lat' dir='ltr'>qui</span> <span class='ocrx_word' id='word_1_492' title='bbox 975 4348 1236 4398; x_wconf 90' lang='lat' dir='ltr'>mortuus</span> <span class='ocrx_word' id='word_1_493' title='bbox 1273 4347 1373 4410; x_wconf 89' lang='lat' dir='ltr'>est,</span> <span class='ocrx_word' id='word_1_494' title='bbox 1429 4347 1487 4425; x_wconf 74' lang='lat' dir='ltr'>et</span> <span class='ocrx_word' id='word_1_495' title='bbox 1521 4341 1663 4396; x_wconf 89' lang='lat' dir='ltr'>alius</span> <span class='ocrx_word' id='word_1_496' title='bbox 1708 4343 1778 4397; x_wconf 89' lang='lat' dir='ltr'>sit</span> 
     </span>
    </p>
   </div>
   <div class='ocr_carea' id='block_1_60' title="bbox 167 4435 1776 4508">
    <p class='ocr_par' dir='ltr' id='par_1_60' title="bbox 167 4435 1776 4508">
     <span class='ocr_line' id='line_1_60' title="bbox 167 4435 1776 4508; baseline 0 -18"><span class='ocrx_word' id='word_1_497' title='bbox 167 4453 251 4505; x_wconf 81' lang='lat' dir='ltr'>per</span> <span class='ocrx_word' id='word_1_498' title='bbox 275 4453 450 4508; x_wconf 86' lang='lat' dir='ltr'>quem</span> <span class='ocrx_word' id='word_1_499' title='bbox 495 4441 755 4490; x_wconf 90' lang='lat' dir='ltr'>mortuus</span> <span class='ocrx_word' id='word_1_500' title='bbox 801 4436 1068 4507; x_wconf 88' lang='lat' dir='ltr'>resurgit.</span> <span class='ocrx_word' id='word_1_501' title='bbox 1110 4436 1358 4506; x_wconf 90' lang='lat' dir='ltr'>Spoliata</span> <span class='ocrx_word' id='word_1_502' title='bbox 1404 4435 1560 4490; x_wconf 91' lang='lat' dir='ltr'>enim</span> <span class='ocrx_word' id='word_1_503' title='bbox 1611 4452 1776 4490; x_wconf 83' lang='lat' dir='ltr'>carne</span> 
     </span>
    </p>
   </div>
   <div class='ocr_carea' id='block_1_61' title="bbox 1875 1920 3514 1994">
    <p class='ocr_par' dir='ltr' id='par_1_61' title="bbox 1875 1920 3514 1994">
     <span class='ocr_line' id='line_1_61' title="bbox 1875 1920 3514 1994; baseline 0.001 -19"><span class='ocrx_word' id='word_1_504' title='bbox 1875 1922 2121 1992; x_wconf 87' lang='lat' dir='ltr'>justifica</span> <span class='ocrx_word' id='word_1_505' title='bbox 2148 1920 2424 1992; x_wconf 89' lang='lat' dir='ltr'>pusillum</span> <span class='ocrx_word' id='word_1_506' title='bbox 2447 1923 2505 1974; x_wconf 90' lang='lat' dir='ltr'>et</span> <span class='ocrx_word' id='word_1_507' title='bbox 2530 1937 2803 1992; x_wconf 90' lang='lat' dir='ltr'>magnum</span> <span class='ocrx_word' id='word_1_508' title='bbox 2825 1920 3103 1977; x_wconf 88' lang='lat' dir='ltr'>similiter.</span> <span class='ocrx_word' id='word_1_509' title='bbox 3127 1923 3251 1976; x_wconf 91' lang='lat' dir='ltr'>Noli</span> <span class='ocrx_word' id='word_1_510' title='bbox 3272 1923 3394 1977; x_wconf 84' lang='lat' dir='ltr'>ﬁeri</span> <span class='ocrx_word' id='word_1_511' title='bbox 3412 1939 3514 1994; x_wconf 90' lang='lat' dir='ltr'>pro</span> 
     </span>
    </p>
   </div>
   <div class='ocr_carea' id='block_1_62' title="bbox 1885 2013 3516 2085">
    <p class='ocr_par' dir='ltr' id='par_1_62' title="bbox 1885 2013 3516 2085">
     <span class='ocr_line' id='line_1_62' title="bbox 1885 2013 3516 2085; baseline -0.001 -16"><span class='ocrx_word' id='word_1_512' title='bbox 1885 2015 2071 2069; x_wconf 91' lang='lat' dir='ltr'>amico</span> <span class='ocrx_word' id='word_1_513' title='bbox 2100 2013 2364 2069; x_wconf 90' lang='lat' dir='ltr'>inimicus</span> <span class='ocrx_word' id='word_1_514' title='bbox 2393 2013 2675 2084; x_wconf 86' lang='lat' dir='ltr'>proximo.</span> <span class='ocrx_word' id='word_1_515' title='bbox 2701 2014 3118 2085; x_wconf 89' lang='lat' dir='ltr'>Improperium</span> <span class='ocrx_word' id='word_1_516' title='bbox 3141 2014 3295 2069; x_wconf 91' lang='lat' dir='ltr'>enim</span> <span class='ocrx_word' id='word_1_517' title='bbox 3309 2019 3365 2070; x_wconf 91' lang='lat' dir='ltr'>et</span> <span class='ocrx_word' id='word_1_518' title='bbox 3383 2031 3516 2070; x_wconf 73' lang='lat' dir='ltr'>con~</span> 
     </span>
    </p>
   </div>
   <div class='ocr_carea' id='block_1_63' title="bbox 1885 2105 3512 2177">
    <p class='ocr_par' dir='ltr' id='par_1_63' title="bbox 1885 2105 3512 2177">
     <span class='ocr_line' id='line_1_63' title="bbox 1885 2105 3512 2177; baseline 0.001 -16"><span class='ocrx_word' id='word_1_519' title='bbox 1885 2107 2178 2161; x_wconf 90' lang='lat' dir='ltr'>tumeliam</span> <span class='ocrx_word' id='word_1_520' title='bbox 2201 2106 2387 2161; x_wconf 89' lang='lat' dir='ltr'>malus</span> <span class='ocrx_word' id='word_1_521' title='bbox 2423 2105 2808 2175; x_wconf 85' lang='lat' dir='ltr'>haereditabit,</span> <span class='ocrx_word' id='word_1_522' title='bbox 2840 2109 2898 2162; x_wconf 91' lang='lat' dir='ltr'>et</span> <span class='ocrx_word' id='word_1_523' title='bbox 2922 2107 3108 2162; x_wconf 90' lang='lat' dir='ltr'>omnis</span> <span class='ocrx_word' id='word_1_524' title='bbox 3137 2111 3398 2177; x_wconf 89' lang='lat' dir='ltr'>peccator</span> <span class='ocrx_word' id='word_1_525' title='bbox 3426 2107 3512 2163; x_wconf 89' lang='lat' dir='ltr'>in-</span> 
     </span>
    </p>
   </div>
   <div class='ocr_carea' id='block_1_64' title="bbox 1882 2199 3510 2271">
    <p class='ocr_par' dir='ltr' id='par_1_64' title="bbox 1882 2199 3510 2271">
     <span class='ocr_line' id='line_1_64' title="bbox 1882 2199 3510 2271; baseline 0.001 -17"><span class='ocrx_word' id='word_1_526' title='bbox 1882 2201 2044 2254; x_wconf 87' lang='lat' dir='ltr'>vidus</span> <span class='ocrx_word' id='word_1_527' title='bbox 2066 2205 2126 2255; x_wconf 91' lang='lat' dir='ltr'>et</span> <span class='ocrx_word' id='word_1_528' title='bbox 2143 2199 2437 2271; x_wconf 89' lang='lat' dir='ltr'>bilinguis.</span> <span class='ocrx_word' id='word_1_529' title='bbox 2463 2201 2584 2254; x_wconf 89' lang='lat' dir='ltr'>Non</span> <span class='ocrx_word' id='word_1_530' title='bbox 2607 2203 2662 2254; x_wconf 91' lang='lat' dir='ltr'>te</span> <span class='ocrx_word' id='word_1_531' title='bbox 2682 2200 2918 2254; x_wconf 79' lang='lat' dir='ltr'>extollas</span> <span class='ocrx_word' id='word_1_532' title='bbox 2937 2200 2996 2254; x_wconf 92' lang='lat' dir='ltr'>in</span> <span class='ocrx_word' id='word_1_533' title='bbox 3018 2200 3364 2271; x_wconf 89' lang='lat' dir='ltr'>cogitatione</span> <span class='ocrx_word' id='word_1_534' title='bbox 3385 2201 3510 2256; x_wconf 90' lang='lat' dir='ltr'>ani-</span> 
     </span>
    </p>
   </div>
   <div class='ocr_carea' id='block_1_65' title="bbox 1882 2293 3518 2366">
    <p class='ocr_par' dir='ltr' id='par_1_65' title="bbox 1882 2293 3518 2366">
     <span class='ocr_line' id='line_1_65' title="bbox 1882 2293 3518 2366; baseline 0.001 -18"><span class='ocrx_word' id='word_1_535' title='bbox 1882 2311 1992 2348; x_wconf 84' lang='lat' dir='ltr'>mae</span> <span class='ocrx_word' id='word_1_536' title='bbox 2018 2299 2132 2349; x_wconf 72' lang='lat' dir='ltr'>tute</span> <span class='ocrx_word' id='word_1_537' title='bbox 2147 2294 2301 2348; x_wconf 89' lang='lat' dir='ltr'>velut</span> <span class='ocrx_word' id='word_1_538' title='bbox 2318 2299 2534 2361; x_wconf 88' lang='lat' dir='ltr'>taurus,</span> <span class='ocrx_word' id='word_1_539' title='bbox 2561 2310 2634 2348; x_wconf 91' lang='lat' dir='ltr'>ne</span> <span class='ocrx_word' id='word_1_540' title='bbox 2660 2293 2810 2348; x_wconf 90' lang='lat' dir='ltr'>forte</span> <span class='ocrx_word' id='word_1_541' title='bbox 2836 2293 3085 2349; x_wconf 88' lang='lat' dir='ltr'>elidatur</span> <span class='ocrx_word' id='word_1_542' title='bbox 3104 2294 3280 2348; x_wconf 89' lang='lat' dir='ltr'>virtus</span> <span class='ocrx_word' id='word_1_543' title='bbox 3301 2297 3399 2349; x_wconf 87' lang='lat' dir='ltr'>tua</span> <span class='ocrx_word' id='word_1_544' title='bbox 3415 2312 3518 2366; x_wconf 90' lang='lat' dir='ltr'>per</span> 
     </span>
    </p>
   </div>
   <div class='ocr_carea' id='block_1_66' title="bbox 1883 2386 3514 2460">
    <p class='ocr_par' dir='ltr' id='par_1_66' title="bbox 1883 2386 3514 2460">
     <span class='ocr_line' id='line_1_66' title="bbox 1883 2386 3514 2460; baseline 0.001 -19"><span class='ocrx_word' id='word_1_545' title='bbox 1883 2387 2198 2454; x_wconf 90' lang='lat' dir='ltr'>stultitiam,</span> <span class='ocrx_word' id='word_1_546' title='bbox 2225 2390 2283 2441; x_wconf 90' lang='lat' dir='ltr'>et</span> <span class='ocrx_word' id='word_1_547' title='bbox 2311 2386 2444 2441; x_wconf 89' lang='lat' dir='ltr'>folia</span> <span class='ocrx_word' id='word_1_548' title='bbox 2473 2390 2571 2440; x_wconf 89' lang='lat' dir='ltr'>tua</span> <span class='ocrx_word' id='word_1_549' title='bbox 2603 2387 2882 2453; x_wconf 90' lang='lat' dir='ltr'>comedat,</span> <span class='ocrx_word' id='word_1_550' title='bbox 2915 2390 2973 2441; x_wconf 91' lang='lat' dir='ltr'>et</span> <span class='ocrx_word' id='word_1_551' title='bbox 2996 2388 3212 2442; x_wconf 89' lang='lat' dir='ltr'>fructus</span> <span class='ocrx_word' id='word_1_552' title='bbox 3244 2390 3366 2441; x_wconf 92' lang='lat' dir='ltr'>tuos</span> <span class='ocrx_word' id='word_1_553' title='bbox 3385 2404 3514 2460; x_wconf 84' lang='lat' dir='ltr'>per-</span> 
     </span>
    </p>
   </div>
   <div class='ocr_carea' id='block_1_67' title="bbox 1883 2479 3514 2550">
    <p class='ocr_par' dir='ltr' id='par_1_67' title="bbox 1883 2479 3514 2550">
     <span class='ocr_line' id='line_1_67' title="bbox 1883 2479 3514 2550; baseline 0.001 -16"><span class='ocrx_word' id='word_1_554' title='bbox 1883 2480 1996 2546; x_wconf 87' lang='lat' dir='ltr'>dat,</span> <span class='ocrx_word' id='word_1_555' title='bbox 2025 2483 2082 2533; x_wconf 90' lang='lat' dir='ltr'>et</span> <span class='ocrx_word' id='word_1_556' title='bbox 2120 2479 2460 2550; x_wconf 77' lang='lat' dir='ltr'>relinqueris</span> <span class='ocrx_word' id='word_1_557' title='bbox 2509 2480 2666 2534; x_wconf 91' lang='lat' dir='ltr'>velut</span> <span class='ocrx_word' id='word_1_558' title='bbox 2698 2479 2922 2550; x_wconf 91' lang='lat' dir='ltr'>lignum</span> <span class='ocrx_word' id='word_1_559' title='bbox 2959 2480 3181 2535; x_wconf 89' lang='lat' dir='ltr'>aridum</span> <span class='ocrx_word' id='word_1_560' title='bbox 3209 2480 3270 2534; x_wconf 92' lang='lat' dir='ltr'>in</span> <span class='ocrx_word' id='word_1_561' title='bbox 3303 2497 3514 2536; x_wconf 91' lang='lat' dir='ltr'>eremo.</span> 
     </span>
    </p>
   </div>
   <div class='ocr_carea' id='block_1_68' title="bbox 1882 2572 3512 2644">
    <p class='ocr_par' dir='ltr' id='par_1_68' title="bbox 1882 2572 3512 2644">
     <span class='ocr_line' id='line_1_68' title="bbox 1882 2572 3512 2644; baseline 0.001 -19"><span class='ocrx_word' id='word_1_562' title='bbox 1882 2572 2089 2626; x_wconf 83' lang='lat' dir='ltr'>Anima</span> <span class='ocrx_word' id='word_1_563' title='bbox 2114 2572 2268 2626; x_wconf 91' lang='lat' dir='ltr'>enim</span> <span class='ocrx_word' id='word_1_564' title='bbox 2312 2588 2563 2644; x_wconf 89' lang='lat' dir='ltr'>nequam</span> <span class='ocrx_word' id='word_1_565' title='bbox 2593 2572 2866 2642; x_wconf 86' lang='lat' dir='ltr'>disperdit</span> <span class='ocrx_word' id='word_1_566' title='bbox 2904 2588 3032 2644; x_wconf 81' lang='lat' dir='ltr'>quae</span> <span class='ocrx_word' id='word_1_567' title='bbox 3060 2588 3118 2626; x_wconf 92' lang='lat' dir='ltr'>se</span> <span class='ocrx_word' id='word_1_568' title='bbox 3148 2573 3338 2641; x_wconf 87' lang='lat' dir='ltr'>habet,</span> <span class='ocrx_word' id='word_1_569' title='bbox 3371 2579 3425 2628; x_wconf 90' lang='lat' dir='ltr'>et</span> <span class='ocrx_word' id='word_1_570' title='bbox 3455 2573 3512 2627; x_wconf 90' lang='lat' dir='ltr'>in</span> 
     </span>
    </p>
   </div>
   <div class='ocr_carea' id='block_1_69' title="bbox 1883 2664 3513 2737">
    <p class='ocr_par' dir='ltr' id='par_1_69' title="bbox 1883 2664 3513 2737">
     <span class='ocr_line' id='line_1_69' title="bbox 1883 2664 3513 2737; baseline 0.001 -18"><span class='ocrx_word' id='word_1_571' title='bbox 1883 2665 2158 2737; x_wconf 88' lang='lat' dir='ltr'>gaudium</span> <span class='ocrx_word' id='word_1_572' title='bbox 2185 2665 2398 2719; x_wconf 88' lang='lat' dir='ltr'>inimici</span> <span class='ocrx_word' id='word_1_573' title='bbox 2427 2665 2524 2719; x_wconf 91' lang='lat' dir='ltr'>dat</span> <span class='ocrx_word' id='word_1_574' title='bbox 2549 2664 2733 2734; x_wconf 91' lang='lat' dir='ltr'>illum,</span> <span class='ocrx_word' id='word_1_575' title='bbox 2763 2669 2820 2719; x_wconf 90' lang='lat' dir='ltr'>et</span> <span class='ocrx_word' id='word_1_576' title='bbox 2840 2665 3067 2720; x_wconf 90' lang='lat' dir='ltr'>deducit</span> <span class='ocrx_word' id='word_1_577' title='bbox 3093 2666 3152 2720; x_wconf 92' lang='lat' dir='ltr'>in</span> <span class='ocrx_word' id='word_1_578' title='bbox 3173 2670 3385 2720; x_wconf 88' lang='lat' dir='ltr'>sortem</span> <span class='ocrx_word' id='word_1_579' title='bbox 3405 2666 3513 2720; x_wconf 89' lang='lat' dir='ltr'>im-</span> 
     </span>
    </p>
   </div>
   <div class='ocr_carea' id='block_1_70' title="bbox 1883 2757 3516 2830">
    <p class='ocr_par' dir='ltr' id='par_1_70' title="bbox 1883 2757 3516 2830">
     <span class='ocr_line' id='line_1_70' title="bbox 1883 2757 3516 2830; baseline 0.001 -18"><span class='ocrx_word' id='word_1_580' title='bbox 1883 2757 2111 2830; x_wconf 88' lang='lat' dir='ltr'>piorum</span> <span class='ocrx_word' id='word_1_581' title='bbox 2159 2759 2342 2829; x_wconf 77' lang='lat' dir='ltr'>(Eccli.</span> <span class='ocrx_word' id='word_1_582' title='bbox 2385 2775 2438 2825; x_wconf 88' lang='lat' dir='ltr'>v,</span> <span class='ocrx_word' id='word_1_583' title='bbox 2495 2761 2657 2824; x_wconf 69' lang='lat'>8-18;</span> <span class='ocrx_word' id='word_1_584' title='bbox 2737 2774 2812 2824; x_wconf 84' lang='lat' dir='ltr'>v1,</span> <span class='ocrx_word' id='word_1_585' title='bbox 2873 2759 2997 2829; x_wconf 77' lang='grc'>1-4).</span> <span class='ocrx_word' id='word_1_586' title='bbox 3057 2781 3084 2806; x_wconf 80' lang='grc'><strong>››</strong></span> <span class='ocrx_word' id='word_1_587' title='bbox 3141 2759 3367 2814; x_wconf 85' lang='lat' dir='ltr'>Talibus</span> <span class='ocrx_word' id='word_1_588' title='bbox 3419 2776 3516 2814; x_wconf 91' lang='lat' dir='ltr'>vos</span> 
     </span>
    </p>
   </div>
   <div class='ocr_carea' id='block_1_71' title="bbox 1883 2850 3519 2920">
    <p class='ocr_par' dir='ltr' id='par_1_71' title="bbox 1883 2850 3519 2920">
     <span class='ocr_line' id='line_1_71' title="bbox 1883 2850 3519 2920; baseline 0.002 -15"><span class='ocrx_word' id='word_1_589' title='bbox 1883 2851 2412 2919; x_wconf 84' lang='lat' dir='ltr'>exhortationibus,</span> <span class='ocrx_word' id='word_1_590' title='bbox 2484 2852 2722 2920; x_wconf 86' lang='lat' dir='ltr'>fratres,</span> <span class='ocrx_word' id='word_1_591' title='bbox 2784 2850 3025 2906; x_wconf 89' lang='lat' dir='ltr'>vicissim</span> <span class='ocrx_word' id='word_1_592' title='bbox 3080 2856 3402 2919; x_wconf 87' lang='lat' dir='ltr'>monetote,</span> <span class='ocrx_word' id='word_1_593' title='bbox 3462 2859 3519 2908; x_wconf 88' lang='lat' dir='ltr'>et</span> 
     </span>
    </p>
   </div>
   <div class='ocr_carea' id='block_1_72' title="bbox 1881 2945 3515 3017">
    <p class='ocr_par' dir='ltr' id='par_1_72' title="bbox 1881 2945 3515 3017">
     <span class='ocr_line' id='line_1_72' title="bbox 1881 2945 3515 3017; baseline 0.001 -18"><span class='ocrx_word' id='word_1_594' title='bbox 1881 2945 2032 2999; x_wconf 91' lang='lat' dir='ltr'>bona</span> <span class='ocrx_word' id='word_1_595' title='bbox 2094 2961 2319 3015; x_wconf 89' lang='lat' dir='ltr'>semper</span> <span class='ocrx_word' id='word_1_596' title='bbox 2382 2945 2696 3011; x_wconf 83' lang='lat' dir='ltr'>sectamini,</span> <span class='ocrx_word' id='word_1_597' title='bbox 2768 2945 3032 3016; x_wconf 89' lang='lat' dir='ltr'>malaque</span> <span class='ocrx_word' id='word_1_598' title='bbox 3099 2945 3285 3000; x_wconf 83' lang='lat' dir='ltr'>vitate.</span> <span class='ocrx_word' id='word_1_599' title='bbox 3340 2946 3515 3017; x_wconf 86' lang='lat' dir='ltr'>Magis</span> 
     </span>
    </p>
   </div>
   <div class='ocr_carea' id='block_1_73' title="bbox 1882 3037 3512 3110">
    <p class='ocr_par' dir='ltr' id='par_1_73' title="bbox 1882 3037 3512 3110">
     <span class='ocr_line' id='line_1_73' title="bbox 1882 3037 3512 3110; baseline 0.001 -18"><span class='ocrx_word' id='word_1_600' title='bbox 1882 3038 2037 3092; x_wconf 90' lang='lat' dir='ltr'>enim</span> <span class='ocrx_word' id='word_1_601' title='bbox 2084 3037 2284 3092; x_wconf 90' lang='lat' dir='ltr'>studiis</span> <span class='ocrx_word' id='word_1_602' title='bbox 2332 3038 2643 3092; x_wconf 91' lang='lat' dir='ltr'>secundum</span> <span class='ocrx_word' id='word_1_603' title='bbox 2706 3037 2942 3092; x_wconf 90' lang='lat' dir='ltr'>beatum</span> <span class='ocrx_word' id='word_1_604' title='bbox 2991 3038 3322 3108; x_wconf 82' lang='lat' dir='ltr'>Apostolum</span> <span class='ocrx_word' id='word_1_605' title='bbox 3369 3056 3512 3110; x_wconf 70' lang='lat' dir='ltr'>pra:-</span> 
     </span>
    </p>
   </div>
   <div class='ocr_carea' id='block_1_74' title="bbox 1883 3130 3515 3201">
    <p class='ocr_par' dir='ltr' id='par_1_74' title="bbox 1883 3130 3515 3201">
     <span class='ocr_line' id='line_1_74' title="bbox 1883 3130 3515 3201; baseline 0.001 -16"><span class='ocrx_word' id='word_1_606' title='bbox 1883 3130 2197 3186; x_wconf 87' lang='lat' dir='ltr'>cavendum</span> <span class='ocrx_word' id='word_1_607' title='bbox 2241 3136 2342 3199; x_wconf 85' lang='lat' dir='ltr'>est,</span> <span class='ocrx_word' id='word_1_608' title='bbox 2388 3147 2461 3185; x_wconf 90' lang='lat' dir='ltr'>ne</span> <span class='ocrx_word' id='word_1_609' title='bbox 2509 3130 2648 3184; x_wconf 85' lang='lat' dir='ltr'>ﬁdes</span> <span class='ocrx_word' id='word_1_610' title='bbox 2691 3133 2748 3184; x_wconf 91' lang='lat' dir='ltr'>et</span> <span class='ocrx_word' id='word_1_611' title='bbox 2794 3130 3088 3201; x_wconf 89' lang='lat' dir='ltr'>disciplina</span> <span class='ocrx_word' id='word_1_612' title='bbox 3124 3131 3350 3186; x_wconf 89' lang='lat' dir='ltr'>Domini</span> <span class='ocrx_word' id='word_1_613' title='bbox 3401 3132 3515 3186; x_wconf 91' lang='lat' dir='ltr'>bla-</span> 
     </span>
    </p>
   </div>
   <div class='ocr_carea' id='block_1_75' title="bbox 1884 3223 3512 3296">
    <p class='ocr_par' dir='ltr' id='par_1_75' title="bbox 1884 3223 3512 3296">
     <span class='ocr_line' id='line_1_75' title="bbox 1884 3223 3512 3296; baseline 0.001 -18"><span class='ocrx_word' id='word_1_614' title='bbox 1884 3225 2276 3296; x_wconf 91' lang='lat' dir='ltr'>sphementur.</span> <span class='ocrx_word' id='word_1_615' title='bbox 2317 3225 2386 3278; x_wconf 89' lang='lat' dir='ltr'>Et</span> <span class='ocrx_word' id='word_1_616' title='bbox 2422 3223 2466 3276; x_wconf 91' lang='lat' dir='ltr'>si</span> <span class='ocrx_word' id='word_1_617' title='bbox 2505 3223 2602 3277; x_wconf 89' lang='lat' dir='ltr'>illa</span> <span class='ocrx_word' id='word_1_618' title='bbox 2630 3240 3046 3295; x_wconf 89' lang='lat' dir='ltr'>nonnunquam</span> <span class='ocrx_word' id='word_1_619' title='bbox 3089 3224 3322 3280; x_wconf 89' lang='lat' dir='ltr'>sinenda</span> <span class='ocrx_word' id='word_1_620' title='bbox 3361 3231 3512 3292; x_wconf 90' lang='lat' dir='ltr'>sunt,</span> 
     </span>
    </p>
   </div>
   <div class='ocr_carea' id='block_1_76' title="bbox 1883 3317 3516 3390">
    <p class='ocr_par' dir='ltr' id='par_1_76' title="bbox 1883 3317 3516 3390">
     <span class='ocr_line' id='line_1_76' title="bbox 1883 3317 3516 3390; baseline 0.001 -18"><span class='ocrx_word' id='word_1_621' title='bbox 1883 3334 2011 3390; x_wconf 62' lang='lat' dir='ltr'>quae</span> <span class='ocrx_word' id='word_1_622' title='bbox 2066 3317 2131 3387; x_wconf 90' lang='lat' dir='ltr'>(si</span> <span class='ocrx_word' id='word_1_623' title='bbox 2169 3319 2504 3372; x_wconf 68' lang='lat' dir='ltr'>caeterorum</span> <span class='ocrx_word' id='word_1_624' title='bbox 2556 3320 2772 3372; x_wconf 88' lang='lat' dir='ltr'>constet</span> <span class='ocrx_word' id='word_1_625' title='bbox 2813 3317 3120 3388; x_wconf 88' lang='lat' dir='ltr'>integritas)</span> <span class='ocrx_word' id='word_1_626' title='bbox 3163 3317 3280 3372; x_wconf 90' lang='lat' dir='ltr'>sola</span> <span class='ocrx_word' id='word_1_627' title='bbox 3315 3334 3516 3374; x_wconf 88' lang='lat' dir='ltr'>nocere</span> 
     </span>
    </p>
   </div>
   <div class='ocr_carea' id='block_1_77' title="bbox 1882 3411 3514 3482">
    <p class='ocr_par' dir='ltr' id='par_1_77' title="bbox 1882 3411 3514 3482">
     <span class='ocr_line' id='line_1_77' title="bbox 1882 3411 3514 3482; baseline 0.001 -17"><span class='ocrx_word' id='word_1_628' title='bbox 1882 3428 2000 3466; x_wconf 89' lang='lat' dir='ltr'>non</span> <span class='ocrx_word' id='word_1_629' title='bbox 2025 3412 2267 3476; x_wconf 88' lang='lat' dir='ltr'>valeant,</span> <span class='ocrx_word' id='word_1_630' title='bbox 2291 3411 2383 3464; x_wconf 87' lang='lat' dir='ltr'>illa</span> <span class='ocrx_word' id='word_1_631' title='bbox 2403 3415 2598 3465; x_wconf 89' lang='lat' dir='ltr'>tamen</span> <span class='ocrx_word' id='word_1_632' title='bbox 2619 3414 2750 3465; x_wconf 91' lang='lat' dir='ltr'>sunt</span> <span class='ocrx_word' id='word_1_633' title='bbox 2769 3426 3122 3481; x_wconf 87' lang='lat' dir='ltr'>magnopere</span> <span class='ocrx_word' id='word_1_634' title='bbox 3142 3412 3514 3482; x_wconf 65' lang='lat' dir='ltr'>praecavenda</span> 
     </span>
    </p>
   </div>
   <div class='ocr_carea' id='block_1_78' title="bbox 1883 3503 3510 3576">
    <p class='ocr_par' dir='ltr' id='par_1_78' title="bbox 1883 3503 3510 3576">
     <span class='ocr_line' id='line_1_78' title="bbox 1883 3503 3510 3576; baseline 0 -18"><span class='ocrx_word' id='word_1_635' title='bbox 1883 3521 2010 3575; x_wconf 65' lang='lat' dir='ltr'>quae</span> <span class='ocrx_word' id='word_1_636' title='bbox 2026 3504 2200 3575; x_wconf 88' lang='lat' dir='ltr'>recipi</span> <span class='ocrx_word' id='word_1_637' title='bbox 2226 3503 2345 3558; x_wconf 93' lang='lat' dir='ltr'>sine</span> <span class='ocrx_word' id='word_1_638' title='bbox 2364 3503 2661 3558; x_wconf 90' lang='lat' dir='ltr'>manifesta</span> <span class='ocrx_word' id='word_1_639' title='bbox 2681 3503 3100 3559; x_wconf 88' lang='lat' dir='ltr'>decoloratione</span> <span class='ocrx_word' id='word_1_640' title='bbox 3116 3521 3233 3558; x_wconf 91' lang='lat' dir='ltr'>non</span> <span class='ocrx_word' id='word_1_641' title='bbox 3251 3509 3510 3576; x_wconf 89' lang='lat' dir='ltr'>possunt,</span> 
     </span>
    </p>
   </div>
   <div class='ocr_carea' id='block_1_79' title="bbox 1885 3597 3510 3670">
    <p class='ocr_par' dir='ltr' id='par_1_79' title="bbox 1885 3597 3510 3670">
     <span class='ocr_line' id='line_1_79' title="bbox 1885 3597 3510 3670; baseline 0.001 -18"><span class='ocrx_word' id='word_1_642' title='bbox 1885 3615 1948 3652; x_wconf 90' lang='lat' dir='ltr'>ac</span> <span class='ocrx_word' id='word_1_643' title='bbox 1995 3598 2040 3650; x_wconf 90' lang='lat' dir='ltr'>si</span> <span class='ocrx_word' id='word_1_644' title='bbox 2077 3614 2143 3651; x_wconf 90' lang='lat' dir='ltr'>ea</span> <span class='ocrx_word' id='word_1_645' title='bbox 2178 3597 2301 3667; x_wconf 89' lang='lat' dir='ltr'>ipsa</span> <span class='ocrx_word' id='word_1_646' title='bbox 2336 3613 2461 3667; x_wconf 80' lang='lat' dir='ltr'>quae</span> <span class='ocrx_word' id='word_1_647' title='bbox 2506 3597 2664 3650; x_wconf 90' lang='lat' dir='ltr'>nullo</span> <span class='ocrx_word' id='word_1_648' title='bbox 2702 3597 3044 3652; x_wconf 87' lang='lat' dir='ltr'>detrimento</span> <span class='ocrx_word' id='word_1_649' title='bbox 3079 3597 3376 3670; x_wconf 87' lang='lat' dir='ltr'>aliquoties</span> <span class='ocrx_word' id='word_1_650' title='bbox 3419 3599 3510 3653; x_wconf 88' lang='lat' dir='ltr'>in-</span> 
     </span>
    </p>
   </div>
   <div class='ocr_carea' id='block_1_80' title="bbox 1882 3688 3516 3763">
    <p class='ocr_par' dir='ltr' id='par_1_80' title="bbox 1882 3688 3516 3763">
     <span class='ocr_line' id='line_1_80' title="bbox 1882 3688 3516 3763; baseline 0.001 -18"><span class='ocrx_word' id='word_1_651' title='bbox 1882 3689 2193 3760; x_wconf 87' lang='lat' dir='ltr'>telligenda</span> <span class='ocrx_word' id='word_1_652' title='bbox 2217 3688 2545 3755; x_wconf 90' lang='lat' dir='ltr'>credentur,</span> <span class='ocrx_word' id='word_1_653' title='bbox 2564 3690 2649 3744; x_wconf 90' lang='lat' dir='ltr'>vel</span> <span class='ocrx_word' id='word_1_654' title='bbox 2677 3705 2866 3743; x_wconf 87' lang='lat' dir='ltr'>rerum</span> <span class='ocrx_word' id='word_1_655' title='bbox 2890 3693 3333 3763; x_wconf 90' lang='lat' dir='ltr'>temporumque</span> <span class='ocrx_word' id='word_1_656' title='bbox 3364 3691 3516 3762; x_wconf 70' lang='lat' dir='ltr'>cogit</span> 
     </span>
    </p>
   </div>
   <div class='ocr_carea' id='block_1_81' title="bbox 1881 3781 3510 3853">
    <p class='ocr_par' dir='ltr' id='par_1_81' title="bbox 1881 3781 3510 3853">
     <span class='ocr_line' id='line_1_81' title="bbox 1881 3781 3510 3853; baseline 0 -15"><span class='ocrx_word' id='word_1_657' title='bbox 1881 3783 2141 3850; x_wconf 88' lang='lat' dir='ltr'>intuitus,</span> <span class='ocrx_word' id='word_1_658' title='bbox 2172 3783 2258 3836; x_wconf 83' lang='lat' dir='ltr'>vel</span> <span class='ocrx_word' id='word_1_659' title='bbox 2282 3781 2606 3836; x_wconf 69' lang='lat' dir='ltr'>accelerataa</span> <span class='ocrx_word' id='word_1_660' title='bbox 2631 3781 2968 3851; x_wconf 89' lang='lat' dir='ltr'>provisionis</span> <span class='ocrx_word' id='word_1_661' title='bbox 2998 3787 3319 3853; x_wconf 89' lang='lat' dir='ltr'>respectum</span> <span class='ocrx_word' id='word_1_662' title='bbox 3347 3783 3510 3838; x_wconf 88' lang='lat' dir='ltr'>accu-</span> 
     </span>
    </p>
   </div>
   <div class='ocr_carea' id='block_1_82' title="bbox 1880 3873 3513 3947">
    <p class='ocr_par' dir='ltr' id='par_1_82' title="bbox 1880 3873 3513 3947">
     <span class='ocr_line' id='line_1_82' title="bbox 1880 3873 3513 3947; baseline 0 -17"><span class='ocrx_word' id='word_1_663' title='bbox 1880 3879 1984 3942; x_wconf 91' lang='lat' dir='ltr'>sat,</span> <span class='ocrx_word' id='word_1_664' title='bbox 2036 3880 2248 3947; x_wconf 89' lang='lat' dir='ltr'>quanto</span> <span class='ocrx_word' id='word_1_665' title='bbox 2296 3874 2480 3944; x_wconf 90' lang='lat' dir='ltr'>magis</span> <span class='ocrx_word' id='word_1_666' title='bbox 2517 3874 2616 3928; x_wconf 90' lang='lat' dir='ltr'>illa</span> <span class='ocrx_word' id='word_1_667' title='bbox 2655 3879 2790 3928; x_wconf 88' lang='lat' dir='ltr'>sunt</span> <span class='ocrx_word' id='word_1_668' title='bbox 2837 3873 3154 3929; x_wconf 88' lang='lat' dir='ltr'>nullatenus</span> <span class='ocrx_word' id='word_1_669' title='bbox 3196 3875 3513 3930; x_wconf 87' lang='lat' dir='ltr'>mutilanda</span> 
     </span>
    </p>
   </div>
   <div class='ocr_carea' id='block_1_83' title="bbox 1881 3966 3511 4041">
    <p class='ocr_par' dir='ltr' id='par_1_83' title="bbox 1881 3966 3511 4041">
     <span class='ocr_line' id='line_1_83' title="bbox 1881 3966 3511 4041; baseline -0.001 -18"><span class='ocrx_word' id='word_1_670' title='bbox 1881 3986 2009 4041; x_wconf 56' lang='lat' dir='ltr'>quae</span> <span class='ocrx_word' id='word_1_671' title='bbox 2041 3985 2143 4023; x_wconf 92' lang='lat' dir='ltr'>nec</span> <span class='ocrx_word' id='word_1_672' title='bbox 2191 3969 2303 4022; x_wconf 87' lang='lat' dir='ltr'>ulla</span> <span class='ocrx_word' id='word_1_673' title='bbox 2341 3967 2666 4036; x_wconf 87' lang='lat' dir='ltr'>necessitas,</span> <span class='ocrx_word' id='word_1_674' title='bbox 2705 3983 2810 4022; x_wconf 90' lang='lat' dir='ltr'>nec</span> <span class='ocrx_word' id='word_1_675' title='bbox 2857 3966 3235 4022; x_wconf 86' lang='lat' dir='ltr'>ecclesiastica</span> <span class='ocrx_word' id='word_1_676' title='bbox 3282 3984 3511 4040; x_wconf 90' lang='lat' dir='ltr'>prorsus</span> 
     </span>
    </p>
   </div>
   <div class='ocr_carea' id='block_1_84' title="bbox 1880 4060 3510 4132">
    <p class='ocr_par' dir='ltr' id='par_1_84' title="bbox 1880 4060 3510 4132">
     <span class='ocr_line' id='line_1_84' title="bbox 1880 4060 3510 4132; baseline -0.001 -15"><span class='ocrx_word' id='word_1_677' title='bbox 1880 4065 2183 4132; x_wconf 84' lang='lat' dir='ltr'>extorquet</span> <span class='ocrx_word' id='word_1_678' title='bbox 2213 4060 2464 4115; x_wconf 83' lang='lat' dir='ltr'>utilitas?</span> <span class='ocrx_word' id='word_1_679' title='bbox 2494 4060 2724 4128; x_wconf 87' lang='lat' dir='ltr'>Idcirco,</span> <span class='ocrx_word' id='word_1_680' title='bbox 2763 4061 2981 4127; x_wconf 85' lang='lat' dir='ltr'>fratres,</span> <span class='ocrx_word' id='word_1_681' title='bbox 3017 4060 3121 4114; x_wconf 89' lang='lat' dir='ltr'>ista</span> <span class='ocrx_word' id='word_1_682' title='bbox 3157 4060 3510 4132; x_wconf 65' lang='lat' dir='ltr'>prastulimus</span> 
     </span>
    </p>
   </div>
   <div class='ocr_carea' id='block_1_85' title="bbox 1879 4153 3507 4225">
    <p class='ocr_par' dir='ltr' id='par_1_85' title="bbox 1879 4153 3507 4225">
     <span class='ocr_line' id='line_1_85' title="bbox 1879 4153 3507 4225; baseline -0.001 -15"><span class='ocrx_word' id='word_1_683' title='bbox 1879 4159 1943 4210; x_wconf 87' lang='lat' dir='ltr'>ut</span> <span class='ocrx_word' id='word_1_684' title='bbox 1971 4156 2060 4209; x_wconf 65' lang='lat' dir='ltr'>hae</span> <span class='ocrx_word' id='word_1_685' title='bbox 2102 4154 2312 4225; x_wconf 88' lang='lat' dir='ltr'>species</span> <span class='ocrx_word' id='word_1_686' title='bbox 2355 4171 2494 4225; x_wconf 88' lang='lat' dir='ltr'>quas</span> <span class='ocrx_word' id='word_1_687' title='bbox 2529 4171 2646 4209; x_wconf 91' lang='lat' dir='ltr'>non</span> <span class='ocrx_word' id='word_1_688' title='bbox 2696 4154 2825 4209; x_wconf 88' lang='lat' dir='ltr'>licet</span> <span class='ocrx_word' id='word_1_689' title='bbox 2869 4153 3061 4208; x_wconf 78' lang='lat' dir='ltr'>offerri</span> <span class='ocrx_word' id='word_1_690' title='bbox 3107 4171 3279 4225; x_wconf 91' lang='lat' dir='ltr'>super</span> <span class='ocrx_word' id='word_1_691' title='bbox 3330 4154 3507 4209; x_wconf 86' lang='lat' dir='ltr'>altare</span> 
     </span>
    </p>
   </div>
   <div class='ocr_carea' id='block_1_86' title="bbox 1870 4247 3507 4320">
    <p class='ocr_par' dir='ltr' id='par_1_86' title="bbox 1870 4247 3507 4320">
     <span class='ocr_line' id='line_1_86' title="bbox 1870 4247 3507 4320; baseline -0.001 -17"><span class='ocrx_word' id='word_1_692' title='bbox 1870 4249 2036 4320; x_wconf 88' lang='lat' dir='ltr'>juxta</span> <span class='ocrx_word' id='word_1_693' title='bbox 2065 4247 2528 4303; x_wconf 86' lang='lat' dir='ltr'>constitutionem</span> <span class='ocrx_word' id='word_1_694' title='bbox 2580 4247 2986 4319; x_wconf 88' lang='lat' dir='ltr'>apostolorum,</span> <span class='ocrx_word' id='word_1_695' title='bbox 3026 4264 3341 4319; x_wconf 90' lang='lat' dir='ltr'>eorumque</span> <span class='ocrx_word' id='word_1_696' title='bbox 3380 4264 3507 4303; x_wconf 88' lang='lat' dir='ltr'>suc-</span> 
     </span>
    </p>
   </div>
   <div class='ocr_carea' id='block_1_87' title="bbox 1877 4340 3512 4409">
    <p class='ocr_par' dir='ltr' id='par_1_87' title="bbox 1877 4340 3512 4409">
     <span class='ocr_line' id='line_1_87' title="bbox 1877 4340 3512 4409; baseline -0.001 -13"><span class='ocrx_word' id='word_1_697' title='bbox 1877 4357 2162 4409; x_wconf 77' lang='lat' dir='ltr'>cessorum</span> <span class='ocrx_word' id='word_1_698' title='bbox 2205 4341 2275 4394; x_wconf 88' lang='lat' dir='ltr'>ad</span> <span class='ocrx_word' id='word_1_699' title='bbox 2317 4341 2550 4396; x_wconf 91' lang='lat' dir='ltr'>domum</span> <span class='ocrx_word' id='word_1_700' title='bbox 2591 4341 2952 4396; x_wconf 88' lang='lat' dir='ltr'>sacerdotum</span> <span class='ocrx_word' id='word_1_701' title='bbox 2989 4340 3338 4407; x_wconf 83' lang='lat' dir='ltr'>deferantur,</span> <span class='ocrx_word' id='word_1_702' title='bbox 3386 4344 3444 4395; x_wconf 90' lang='lat' dir='ltr'>ct</span> <span class='ocrx_word' id='word_1_703' title='bbox 3479 4358 3512 4395; x_wconf 90' lang='lat' dir='ltr'>a</span> 
     </span>
    </p>
   </div>
   <div class='ocr_carea' id='block_1_88' title="bbox 1877 4433 3504 4505">
    <p class='ocr_par' dir='ltr' id='par_1_88' title="bbox 1877 4433 3504 4505">
     <span class='ocr_line' id='line_1_88' title="bbox 1877 4433 3504 4505; baseline 0 -17"><span class='ocrx_word' id='word_1_704' title='bbox 1877 4434 2263 4490; x_wconf 88' lang='lat' dir='ltr'>sacerdotibus</span> <span class='ocrx_word' id='word_1_705' title='bbox 2288 4433 2717 4501; x_wconf 89' lang='lat' dir='ltr'>benedicantur,</span> <span class='ocrx_word' id='word_1_706' title='bbox 2760 4438 2817 4488; x_wconf 92' lang='lat' dir='ltr'>et</span> <span class='ocrx_word' id='word_1_707' title='bbox 2853 4450 2959 4505; x_wconf 86' lang='lat' dir='ltr'>per</span> <span class='ocrx_word' id='word_1_708' title='bbox 2987 4433 3302 4505; x_wconf 89' lang='lat' dir='ltr'>simplicem</span> <span class='ocrx_word' id='word_1_709' title='bbox 3329 4433 3504 4488; x_wconf 89' lang='lat' dir='ltr'>bene-</span> 
     </span>
    </p>
   </div>
   <div class='ocr_carea' id='block_1_89' title="bbox 165 4526 3504 4606">
    <p class='ocr_par' dir='ltr' id='par_1_89' title="bbox 165 4526 3504 4606">
     <span class='ocr_line' id='line_1_89' title="bbox 165 4526 3504 4606; baseline -0.001 -24"><span class='ocrx_word' id='word_1_710' title='bbox 165 4529 395 4585; x_wconf 81' lang='lat' dir='ltr'>Christus</span> <span class='ocrx_word' id='word_1_711' title='bbox 427 4534 514 4584; x_wconf 89' lang='lat' dir='ltr'>est</span> <span class='ocrx_word' id='word_1_712' title='bbox 540 4533 820 4598; x_wconf 88' lang='lat' dir='ltr'>mortuus,</span> <span class='ocrx_word' id='word_1_713' title='bbox 864 4535 922 4584; x_wconf 90' lang='lat' dir='ltr'>et</span> <span class='ocrx_word' id='word_1_714' title='bbox 960 4545 1187 4584; x_wconf 88' lang='lat' dir='ltr'>rursum</span> <span class='ocrx_word' id='word_1_715' title='bbox 1227 4529 1515 4584; x_wconf 90' lang='lat' dir='ltr'>Christum</span> <span class='ocrx_word' id='word_1_716' title='bbox 1551 4546 1584 4582; x_wconf 87' lang='lat' dir='ltr'>a</span> <span class='ocrx_word' id='word_1_717' title='bbox 1623 4546 1774 4584; x_wconf 90' lang='lat' dir='ltr'>mor-</span> <span class='ocrx_word' id='word_1_718' title='bbox 1797 4533 1857 4606; x_wconf 78' lang='grc' dir='ltr'>Ι)</span> <span class='ocrx_word' id='word_1_719' title='bbox 1882 4527 2185 4582; x_wconf 89' lang='lat' dir='ltr'>dictionem</span> <span class='ocrx_word' id='word_1_720' title='bbox 2215 4526 2518 4581; x_wconf 91' lang='lat' dir='ltr'>benedicta</span> <span class='ocrx_word' id='word_1_721' title='bbox 2559 4527 2790 4581; x_wconf 89' lang='lat' dir='ltr'>demum</span> <span class='ocrx_word' id='word_1_722' title='bbox 2839 4544 2873 4580; x_wconf 89' lang='lat' dir='ltr'>a</span> <span class='ocrx_word' id='word_1_723' title='bbox 2921 4527 3144 4597; x_wconf 90' lang='lat' dir='ltr'>populis</span> <span class='ocrx_word' id='word_1_724' title='bbox 3185 4531 3504 4594; x_wconf 89' lang='lat' dir='ltr'>sumantur,</span> 
     </span>
    </p>
   </div>
   <div class='ocr_carea' id='block_1_90' title="bbox 165 4621 1772 4695">
    <p class='ocr_par' dir='ltr' id='par_1_90' title="bbox 165 4621 1772 4695">
     <span class='ocr_line' id='line_1_90' title="bbox 165 4621 1772 4695; baseline 0.004 -23"><span class='ocrx_word' id='word_1_725' title='bbox 165 4623 258 4676; x_wconf 87' lang='lat' dir='ltr'>tuis</span> <span class='ocrx_word' id='word_1_726' title='bbox 277 4624 545 4691; x_wconf 84' lang='lat' dir='ltr'>excitans,</span> <span class='ocrx_word' id='word_1_727' title='bbox 576 4623 732 4677; x_wconf 91' lang='lat' dir='ltr'>idem</span> <span class='ocrx_word' id='word_1_728' title='bbox 768 4621 1020 4678; x_wconf 90' lang='lat' dir='ltr'>Christus</span> <span class='ocrx_word' id='word_1_729' title='bbox 1051 4625 1135 4676; x_wconf 91' lang='lat' dir='ltr'>est</span> <span class='ocrx_word' id='word_1_730' title='bbox 1154 4639 1321 4676; x_wconf 91' lang='lat' dir='ltr'>carne</span> <span class='ocrx_word' id='word_1_731' title='bbox 1355 4639 1413 4675; x_wconf 92' lang='lat' dir='ltr'>se</span> <span class='ocrx_word' id='word_1_732' title='bbox 1436 4622 1772 4695; x_wconf 89' lang='lat' dir='ltr'>exspolians.</span> 
     </span>
    </p>
   </div>
   <div class='ocr_carea' id='block_1_91' title="bbox 165 4714 1772 4787">
    <p class='ocr_par' dir='ltr' id='par_1_91' title="bbox 165 4714 1772 4787">
     <span class='ocr_line' id='line_1_91' title="bbox 165 4714 1772 4787; baseline 0.001 -19"><span class='ocrx_word' id='word_1_733' title='bbox 165 4714 410 4771; x_wconf 69' lang='lat' dir='ltr'>Naturam</span> <span class='ocrx_word' id='word_1_734' title='bbox 444 4716 540 4772; x_wconf 90' lang='lat' dir='ltr'>Dei</span> <span class='ocrx_word' id='word_1_735' title='bbox 568 4716 626 4769; x_wconf 92' lang='lat' dir='ltr'>in</span> <span class='ocrx_word' id='word_1_736' title='bbox 661 4717 866 4770; x_wconf 88' lang='lat' dir='ltr'>virtute</span> <span class='ocrx_word' id='word_1_737' title='bbox 892 4716 1317 4771; x_wconf 88' lang='lat' dir='ltr'>resurrectionis</span> <span class='ocrx_word' id='word_1_738' title='bbox 1354 4715 1633 4787; x_wconf 89' lang='lat' dir='ltr'>intellige,</span> <span class='ocrx_word' id='word_1_739' title='bbox 1663 4715 1772 4771; x_wconf 89' lang='lat' dir='ltr'>dis-</span> 
     </span>
    </p>
   </div>
   <div class='ocr_carea' id='block_1_92' title="bbox 165 4808 1780 4881">
    <p class='ocr_par' dir='ltr' id='par_1_92' title="bbox 165 4808 1780 4881">
     <span class='ocr_line' id='line_1_92' title="bbox 165 4808 1780 4881; baseline 0.001 -18"><span class='ocrx_word' id='word_1_740' title='bbox 165 4811 537 4876; x_wconf 79' lang='lat' dir='ltr'>pensationem</span> <span class='ocrx_word' id='word_1_741' title='bbox 564 4808 814 4863; x_wconf 90' lang='lat' dir='ltr'>hominis</span> <span class='ocrx_word' id='word_1_742' title='bbox 837 4810 897 4863; x_wconf 93' lang='lat' dir='ltr'>in</span> <span class='ocrx_word' id='word_1_743' title='bbox 924 4814 1110 4864; x_wconf 89' lang='lat' dir='ltr'>morte</span> <span class='ocrx_word' id='word_1_744' title='bbox 1135 4825 1399 4881; x_wconf 89' lang='lat' dir='ltr'>agnosce.</span> <span class='ocrx_word' id='word_1_745' title='bbox 1424 4811 1492 4862; x_wconf 88' lang='lat' dir='ltr'>Et</span> <span class='ocrx_word' id='word_1_746' title='bbox 1516 4826 1644 4863; x_wconf 93' lang='lat' dir='ltr'>cum</span> <span class='ocrx_word' id='word_1_747' title='bbox 1665 4810 1780 4864; x_wconf 90' lang='lat' dir='ltr'>sint</span> 
     </span>
    </p>
   </div>
   <div class='ocr_carea' id='block_1_93' title="bbox 165 4903 1778 4974">
    <p class='ocr_par' dir='ltr' id='par_1_93' title="bbox 165 4903 1778 4974">
     <span class='ocr_line' id='line_1_93' title="bbox 165 4903 1778 4974; baseline 0.002 -21"><span class='ocrx_word' id='word_1_748' title='bbox 165 4909 380 4974; x_wconf 84' lang='lat' dir='ltr'>utraque</span> <span class='ocrx_word' id='word_1_749' title='bbox 408 4903 525 4956; x_wconf 89' lang='lat' dir='ltr'>suis</span> <span class='ocrx_word' id='word_1_750' title='bbox 557 4907 714 4974; x_wconf 79' lang='lat' dir='ltr'>gesta</span> <span class='ocrx_word' id='word_1_751' title='bbox 757 4903 995 4973; x_wconf 89' lang='lat' dir='ltr'>naturis,</span> <span class='ocrx_word' id='word_1_752' title='bbox 1042 4920 1218 4957; x_wconf 88' lang='lat' dir='ltr'>unum</span> <span class='ocrx_word' id='word_1_753' title='bbox 1252 4907 1447 4957; x_wconf 91' lang='lat' dir='ltr'>tamen</span> <span class='ocrx_word' id='word_1_754' title='bbox 1491 4903 1778 4959; x_wconf 90' lang='lat' dir='ltr'>Christum</span> 
     </span>
    </p>
   </div>
   <div class='ocr_carea' id='block_1_94' title="bbox 162 4995 1775 5068">
    <p class='ocr_par' dir='ltr' id='par_1_94' title="bbox 162 4995 1775 5068">
     <span class='ocr_line' id='line_1_94' title="bbox 162 4995 1775 5068; baseline 0.002 -22"><span class='ocrx_word' id='word_1_755' title='bbox 162 4995 345 5063; x_wconf 77' lang='lat' dir='ltr'>Iesum,</span> <span class='ocrx_word' id='word_1_756' title='bbox 378 5013 514 5052; x_wconf 88' lang='lat' dir='ltr'>eum</span> <span class='ocrx_word' id='word_1_757' title='bbox 541 4999 828 5050; x_wconf 88' lang='lat' dir='ltr'>memento</span> <span class='ocrx_word' id='word_1_758' title='bbox 855 5012 975 5050; x_wconf 90' lang='lat' dir='ltr'>esse</span> <span class='ocrx_word' id='word_1_759' title='bbox 1022 4996 1121 5068; x_wconf 90' lang='lat' dir='ltr'>qui</span> <span class='ocrx_word' id='word_1_760' title='bbox 1159 4998 1467 5066; x_wconf 90' lang='lat' dir='ltr'>utrumque</span> <span class='ocrx_word' id='word_1_761' title='bbox 1499 5000 1604 5050; x_wconf 90' lang='lat' dir='ltr'>est.</span> <span class='ocrx_word' id='word_1_762' title='bbox 1647 4997 1775 5050; x_wconf 70' lang='grc' dir='ltr'>Ηωο</span> 
     </span>
    </p>
   </div>
   <div class='ocr_carea' id='block_1_95' title="bbox 161 5088 1774 5161">
    <p class='ocr_par' dir='ltr' id='par_1_95' title="bbox 161 5088 1774 5161">
     <span class='ocr_line' id='line_1_95' title="bbox 161 5088 1774 5161; baseline 0.002 -22"><span class='ocrx_word' id='word_1_763' title='bbox 161 5088 313 5159; x_wconf 80' lang='lat' dir='ltr'>igitur</span> <span class='ocrx_word' id='word_1_764' title='bbox 340 5090 788 5144; x_wconf 88' lang='lat' dir='ltr'>demonstranda</span> <span class='ocrx_word' id='word_1_765' title='bbox 807 5107 839 5144; x_wconf 89' lang='lat' dir='ltr'>a</span> <span class='ocrx_word' id='word_1_766' title='bbox 856 5105 947 5144; x_wconf 90' lang='lat' dir='ltr'>me</span> <span class='ocrx_word' id='word_1_767' title='bbox 972 5089 1165 5161; x_wconf 89' lang='lat' dir='ltr'>paucis</span> <span class='ocrx_word' id='word_1_768' title='bbox 1193 5089 1445 5157; x_wconf 90' lang='lat' dir='ltr'>fuerunt,</span> <span class='ocrx_word' id='word_1_769' title='bbox 1474 5093 1539 5143; x_wconf 94' lang='lat' dir='ltr'>ut</span> <span class='ocrx_word' id='word_1_770' title='bbox 1563 5089 1774 5143; x_wconf 90' lang='lat' dir='ltr'>utrius-</span> 
     </span>
    </p>
   </div>
   <div class='ocr_carea' id='block_1_96' title="bbox 161 5182 1773 5252">
    <p class='ocr_par' dir='ltr' id='par_1_96' title="bbox 161 5182 1773 5252">
     <span class='ocr_line' id='line_1_96' title="bbox 161 5182 1773 5252; baseline 0.001 -17"><span class='ocrx_word' id='word_1_771' title='bbox 161 5198 251 5252; x_wconf 83' lang='lat' dir='ltr'>que</span> <span class='ocrx_word' id='word_1_772' title='bbox 269 5188 489 5238; x_wconf 60' lang='lat' dir='ltr'>naturae</span> <span class='ocrx_word' id='word_1_773' title='bbox 522 5183 770 5237; x_wconf 90' lang='lat' dir='ltr'>formam</span> <span class='ocrx_word' id='word_1_774' title='bbox 816 5182 1042 5237; x_wconf 88' lang='lat' dir='ltr'>tractari</span> <span class='ocrx_word' id='word_1_775' title='bbox 1083 5183 1140 5236; x_wconf 91' lang='lat' dir='ltr'>in</span> <span class='ocrx_word' id='word_1_776' title='bbox 1181 5182 1420 5237; x_wconf 91' lang='lat' dir='ltr'>Domino</span> <span class='ocrx_word' id='word_1_777' title='bbox 1458 5186 1649 5237; x_wconf 91' lang='lat' dir='ltr'>nostro</span> <span class='ocrx_word' id='word_1_778' title='bbox 1686 5184 1773 5237; x_wconf 87' lang='lat' dir='ltr'>Je-</span> 
     </span>
    </p>
   </div>
   <div class='ocr_carea' id='block_1_97' title="bbox 162 5275 1775 5348">
    <p class='ocr_par' dir='ltr' id='par_1_97' title="bbox 162 5275 1775 5348">
     <span class='ocr_line' id='line_1_97' title="bbox 162 5275 1775 5348; baseline 0.002 -22"><span class='ocrx_word' id='word_1_779' title='bbox 162 5291 214 5328; x_wconf 87' lang='lat' dir='ltr'>su</span> <span class='ocrx_word' id='word_1_780' title='bbox 257 5277 477 5331; x_wconf 88' lang='lat' dir='ltr'>Christo</span> <span class='ocrx_word' id='word_1_781' title='bbox 537 5276 1020 5343; x_wconf 89' lang='lat' dir='ltr'>meminissemus,</span> <span class='ocrx_word' id='word_1_782' title='bbox 1077 5276 1211 5347; x_wconf 92' lang='lat' dir='ltr'>quia</span> <span class='ocrx_word' id='word_1_783' title='bbox 1265 5276 1363 5348; x_wconf 90' lang='lat' dir='ltr'>qui</span> <span class='ocrx_word' id='word_1_784' title='bbox 1421 5292 1661 5330; x_wconf 90' lang='lat' dir='ltr'>manens</span> <span class='ocrx_word' id='word_1_785' title='bbox 1715 5275 1775 5330; x_wconf 91' lang='lat' dir='ltr'>in</span> 
     </span>
    </p>
   </div>
   <div class='ocr_carea' id='block_1_98' title="bbox 159 5367 1773 5441">
    <p class='ocr_par' dir='ltr' id='par_1_98' title="bbox 159 5367 1773 5441">
     <span class='ocr_line' id='line_1_98' title="bbox 159 5367 1773 5441; baseline 0.002 -21"><span class='ocrx_word' id='word_1_786' title='bbox 159 5367 320 5424; x_wconf 84' lang='lat' dir='ltr'>forma</span> <span class='ocrx_word' id='word_1_787' title='bbox 348 5369 473 5437; x_wconf 90' lang='lat' dir='ltr'>Dei,</span> <span class='ocrx_word' id='word_1_788' title='bbox 503 5369 755 5423; x_wconf 87' lang='lat' dir='ltr'>formam</span> <span class='ocrx_word' id='word_1_789' title='bbox 785 5369 929 5425; x_wconf 87' lang='lat' dir='ltr'>servi</span> <span class='ocrx_word' id='word_1_790' title='bbox 964 5368 1227 5441; x_wconf 89' lang='lat' dir='ltr'>suscepit,</span> <span class='ocrx_word' id='word_1_791' title='bbox 1272 5368 1392 5440; x_wconf 87' lang='lat' dir='ltr'>ipse</span> <span class='ocrx_word' id='word_1_792' title='bbox 1419 5368 1773 5424; x_wconf 82' lang='lat' dir='ltr'>divinitatem</span> 
     </span>
    </p>
   </div>
   <div class='ocr_carea' id='block_1_99' title="bbox 159 5462 750 5534">
    <p class='ocr_par' dir='ltr' id='par_1_99' title="bbox 159 5462 750 5534">
     <span class='ocr_line' id='line_1_99' title="bbox 159 5462 750 5534; baseline 0.007 -21"><span class='ocrx_word' id='word_1_793' title='bbox 159 5475 511 5534; x_wconf 86' lang='lat' dir='ltr'>nequaquam</span> <span class='ocrx_word' id='word_1_794' title='bbox 541 5462 750 5518; x_wconf 90' lang='lat' dir='ltr'>amisit.</span> 
     </span>
    </p>
   </div>
   <div class='ocr_carea' id='block_1_100' title="bbox 217 5555 1776 5624">
    <p class='ocr_par' dir='ltr' id='par_1_100' title="bbox 217 5555 1776 5624">
     <span class='ocr_line' id='line_1_100' title="bbox 217 5555 1776 5624; baseline 0.001 -15"><span class='ocrx_word' id='word_1_795' title='bbox 217 5555 515 5622; x_wconf 63' lang='lat' dir='ltr'>Caterum,</span> <span class='ocrx_word' id='word_1_796' title='bbox 537 5556 767 5620; x_wconf 86' lang='lat' dir='ltr'>fratres,</span> <span class='ocrx_word' id='word_1_797' title='bbox 794 5557 1094 5612; x_wconf 78' lang='lat' dir='ltr'>hortamur</span> <span class='ocrx_word' id='word_1_798' title='bbox 1123 5571 1237 5624; x_wconf 92' lang='lat' dir='ltr'>vos,</span> <span class='ocrx_word' id='word_1_799' title='bbox 1277 5559 1339 5611; x_wconf 92' lang='lat' dir='ltr'>ut</span> <span class='ocrx_word' id='word_1_800' title='bbox 1370 5555 1647 5611; x_wconf 91' lang='lat' dir='ltr'>moneatis</span> <span class='ocrx_word' id='word_1_801' title='bbox 1677 5572 1776 5611; x_wconf 90' lang='lat' dir='ltr'>eos</span> 
     </span>
    </p>
   </div>
   <div class='ocr_carea' id='block_1_101' title="bbox 158 5649 1778 5721">
    <p class='ocr_par' dir='ltr' id='par_1_101' title="bbox 158 5649 1778 5721">
     <span class='ocr_line' id='line_1_101' title="bbox 158 5649 1778 5721; baseline 0.002 -22"><span class='ocrx_word' id='word_1_802' title='bbox 158 5649 388 5704; x_wconf 76' lang='lat' dir='ltr'>converti</span> <span class='ocrx_word' id='word_1_803' title='bbox 411 5649 486 5703; x_wconf 92' lang='lat' dir='ltr'>ad</span> <span class='ocrx_word' id='word_1_804' title='bbox 515 5650 720 5705; x_wconf 90' lang='lat' dir='ltr'>Deum.</span> <span class='ocrx_word' id='word_1_805' title='bbox 742 5650 900 5706; x_wconf 87' lang='lat' dir='ltr'>Unde</span> <span class='ocrx_word' id='word_1_806' title='bbox 921 5649 1192 5721; x_wconf 89' lang='lat' dir='ltr'>scriptum</span> <span class='ocrx_word' id='word_1_807' title='bbox 1217 5651 1300 5704; x_wconf 88' lang='lat' dir='ltr'>est</span> <span class='ocrx_word' id='word_1_808' title='bbox 1333 5666 1346 5704; x_wconf 92' lang='lat'>:</span> <span class='ocrx_word' id='word_1_809' title='bbox 1369 5671 1397 5699; x_wconf 85' lang='grc'>‹‹</span> <span class='ocrx_word' id='word_1_810' title='bbox 1424 5649 1547 5717; x_wconf 83' lang='lat' dir='ltr'>Fili,</span> <span class='ocrx_word' id='word_1_811' title='bbox 1575 5666 1646 5705; x_wconf 91' lang='lat' dir='ltr'>ne</span> <span class='ocrx_word' id='word_1_812' title='bbox 1668 5653 1778 5705; x_wconf 84' lang='lat' dir='ltr'>tar-</span> 
     </span>
    </p>
   </div>
   <div class='ocr_carea' id='block_1_102' title="bbox 159 5739 1772 5814">
    <p class='ocr_par' dir='ltr' id='par_1_102' title="bbox 159 5739 1772 5814">
     <span class='ocr_line' id='line_1_102' title="bbox 159 5739 1772 5814; baseline 0.004 -22"><span class='ocrx_word' id='word_1_813' title='bbox 159 5739 239 5794; x_wconf 80' lang='lat' dir='ltr'>des</span> <span class='ocrx_word' id='word_1_814' title='bbox 275 5743 531 5798; x_wconf 85' lang='lat' dir='ltr'>converti</span> <span class='ocrx_word' id='word_1_815' title='bbox 563 5744 637 5798; x_wconf 89' lang='lat' dir='ltr'>ad</span> <span class='ocrx_word' id='word_1_816' title='bbox 674 5746 874 5814; x_wconf 90' lang='lat' dir='ltr'>Deum,</span> <span class='ocrx_word' id='word_1_817' title='bbox 904 5760 976 5800; x_wconf 90' lang='lat' dir='ltr'>ne</span> <span class='ocrx_word' id='word_1_818' title='bbox 1007 5742 1230 5799; x_wconf 73' lang='lat' dir='ltr'>differas</span> <span class='ocrx_word' id='word_1_819' title='bbox 1262 5743 1333 5797; x_wconf 91' lang='lat' dir='ltr'>de</span> <span class='ocrx_word' id='word_1_820' title='bbox 1367 5742 1458 5798; x_wconf 92' lang='lat' dir='ltr'>die</span> <span class='ocrx_word' id='word_1_821' title='bbox 1500 5743 1558 5797; x_wconf 90' lang='lat' dir='ltr'>in</span> <span class='ocrx_word' id='word_1_822' title='bbox 1597 5743 1772 5799; x_wconf 90' lang='lat' dir='ltr'>diem.</span> 
     </span>
    </p>
   </div>
   <div class='ocr_carea' id='block_1_103' title="bbox 158 5830 1775 5910">
    <p class='ocr_par' dir='ltr' id='par_1_103' title="bbox 158 5830 1775 5910">
     <span class='ocr_line' id='line_1_103' title="bbox 158 5830 1775 5910; baseline 0.004 -25"><span class='ocrx_word' id='word_1_823' title='bbox 158 5830 335 5890; x_wconf 85' lang='lat' dir='ltr'>Subito</span> <span class='ocrx_word' id='word_1_824' title='bbox 356 5837 512 5893; x_wconf 88' lang='lat' dir='ltr'>enim</span> <span class='ocrx_word' id='word_1_825' title='bbox 533 5836 722 5894; x_wconf 88' lang='lat' dir='ltr'>veniet</span> <span class='ocrx_word' id='word_1_826' title='bbox 757 5837 841 5894; x_wconf 88' lang='lat' dir='ltr'>ira</span> <span class='ocrx_word' id='word_1_827' title='bbox 862 5837 1032 5906; x_wconf 93' lang='lat' dir='ltr'>illius,</span> <span class='ocrx_word' id='word_1_828' title='bbox 1065 5837 1201 5894; x_wconf 89' lang='lat' dir='ltr'>etin</span> <span class='ocrx_word' id='word_1_829' title='bbox 1231 5841 1487 5910; x_wconf 91' lang='lat' dir='ltr'>tempore</span> <span class='ocrx_word' id='word_1_830' title='bbox 1512 5835 1775 5893; x_wconf 78' lang='lat' dir='ltr'>vindictae</span> 
     </span>
    </p>
   </div>
   <div class='ocr_carea' id='block_1_104' title="bbox 1882 4619 3506 4691">
    <p class='ocr_par' dir='ltr' id='par_1_104' title="bbox 1882 4619 3506 4691">
     <span class='ocr_line' id='line_1_104' title="bbox 1882 4619 3506 4691; baseline -0.001 -16"><span class='ocrx_word' id='word_1_831' title='bbox 1882 4620 2030 4675; x_wconf 66' lang='lat' dir='ltr'>fabas</span> <span class='ocrx_word' id='word_1_832' title='bbox 2055 4621 2279 4674; x_wconf 81' lang='lat' dir='ltr'>tantum</span> <span class='ocrx_word' id='word_1_833' title='bbox 2307 4623 2362 4674; x_wconf 92' lang='lat' dir='ltr'>et</span> <span class='ocrx_word' id='word_1_834' title='bbox 2390 4637 2533 4689; x_wconf 82' lang='lat' dir='ltr'>uvae,</span> <span class='ocrx_word' id='word_1_835' title='bbox 2564 4623 2620 4674; x_wconf 88' lang='lat' dir='ltr'>et</span> <span class='ocrx_word' id='word_1_836' title='bbox 2647 4624 2849 4674; x_wconf 78' lang='lat' dir='ltr'>caetera</span> <span class='ocrx_word' id='word_1_837' title='bbox 2873 4637 2998 4691; x_wconf 64' lang='lat' dir='ltr'>quae</span> <span class='ocrx_word' id='word_1_838' title='bbox 3021 4619 3263 4691; x_wconf 89' lang='lat' dir='ltr'>apostoli</span> <span class='ocrx_word' id='word_1_839' title='bbox 3295 4620 3506 4676; x_wconf 84' lang='lat' dir='ltr'>consti-</span> 
     </span>
    </p>
   </div>
   <div class='ocr_carea' id='block_1_105' title="bbox 1876 4712 2869 4783">
    <p class='ocr_par' dir='ltr' id='par_1_105' title="bbox 1876 4712 2869 4783">
     <span class='ocr_line' id='line_1_105' title="bbox 1876 4712 2869 4783; baseline -0.002 -15"><span class='ocrx_word' id='word_1_840' title='bbox 1876 4716 2116 4768; x_wconf 87' lang='lat' dir='ltr'>tuerunt</span> <span class='ocrx_word' id='word_1_841' title='bbox 2137 4729 2306 4783; x_wconf 84' lang='lat' dir='ltr'>super</span> <span class='ocrx_word' id='word_1_842' title='bbox 2337 4712 2514 4767; x_wconf 89' lang='lat' dir='ltr'>altare</span> <span class='ocrx_word' id='word_1_843' title='bbox 2541 4713 2869 4768; x_wconf 80' lang='lat' dir='ltr'>offerantur.</span> 
     </span>
    </p>
   </div>
   <div class='ocr_carea' id='block_1_106' title="bbox 1949 4805 3505 4878">
    <p class='ocr_par' dir='ltr' id='par_1_106' title="bbox 1949 4805 3505 4878">
     <span class='ocr_line' id='line_1_106' title="bbox 1949 4805 3505 4878; baseline 0 -15"><span class='ocrx_word' id='word_1_844' title='bbox 1949 4809 2220 4878; x_wconf 89' lang='lat' dir='ltr'>Optamus</span> <span class='ocrx_word' id='word_1_845' title='bbox 2246 4806 2440 4877; x_wconf 89' lang='lat' dir='ltr'>igitur,</span> <span class='ocrx_word' id='word_1_846' title='bbox 2465 4809 2665 4861; x_wconf 86' lang='lat' dir='ltr'>fratres</span> <span class='ocrx_word' id='word_1_847' title='bbox 2684 4805 3022 4875; x_wconf 88' lang='lat' dir='ltr'>charissimi,</span> <span class='ocrx_word' id='word_1_848' title='bbox 3060 4809 3116 4861; x_wconf 90' lang='lat' dir='ltr'>et</span> <span class='ocrx_word' id='word_1_849' title='bbox 3150 4806 3279 4861; x_wconf 89' lang='lat' dir='ltr'>totis</span> <span class='ocrx_word' id='word_1_850' title='bbox 3317 4809 3505 4863; x_wconf 89' lang='lat' dir='ltr'>omni-</span> 
     </span>
    </p>
   </div>
   <div class='ocr_carea' id='block_1_107' title="bbox 1878 4898 3504 4971">
    <p class='ocr_par' dir='ltr' id='par_1_107' title="bbox 1878 4898 3504 4971">
     <span class='ocr_line' id='line_1_107' title="bbox 1878 4898 3504 4971; baseline 0.001 -17"><span class='ocrx_word' id='word_1_851' title='bbox 1878 4903 2175 4971; x_wconf 88' lang='lat' dir='ltr'>potentem</span> <span class='ocrx_word' id='word_1_852' title='bbox 2207 4899 2512 4954; x_wconf 91' lang='lat' dir='ltr'>Dominum</span> <span class='ocrx_word' id='word_1_853' title='bbox 2538 4898 2801 4971; x_wconf 88' lang='lat' dir='ltr'>precibus</span> <span class='ocrx_word' id='word_1_854' title='bbox 2835 4915 3131 4954; x_wconf 87' lang='lat' dir='ltr'>exoramus</span> <span class='ocrx_word' id='word_1_855' title='bbox 3156 4902 3222 4954; x_wconf 91' lang='lat' dir='ltr'>ut</span> <span class='ocrx_word' id='word_1_856' title='bbox 3248 4899 3504 4956; x_wconf 87' lang='lat' dir='ltr'>dilectio-</span> 
     </span>
    </p>
   </div>
   <div class='ocr_carea' id='block_1_108' title="bbox 1876 4985 3509 5067">
    <p class='ocr_par' dir='ltr' id='par_1_108' title="bbox 1876 4985 3509 5067">
     <span class='ocr_line' id='line_1_108' title="bbox 1876 4985 3509 5067; baseline 0.001 -20"><span class='ocrx_word' id='word_1_857' title='bbox 1876 5010 2010 5048; x_wconf 92' lang='lat' dir='ltr'>nem</span> <span class='ocrx_word' id='word_1_858' title='bbox 2036 4995 2284 5047; x_wconf 89' lang='lat' dir='ltr'>vestram</span> <span class='ocrx_word' id='word_1_859' title='bbox 2311 4985 2599 5047; x_wconf 38' lang='lat' dir='ltr'>in‘amoris</span> <span class='ocrx_word' id='word_1_860' title='bbox 2620 4992 2707 5046; x_wconf 90' lang='lat' dir='ltr'>sui</span> <span class='ocrx_word' id='word_1_861' title='bbox 2733 4993 3113 5047; x_wconf 85' lang='lat' dir='ltr'>constantiam</span> <span class='ocrx_word' id='word_1_862' title='bbox 3141 4993 3312 5049; x_wconf 88' lang='lat' dir='ltr'>faciat</span> <span class='ocrx_word' id='word_1_863' title='bbox 3329 4996 3509 5067; x_wconf 87' lang='lat' dir='ltr'>magis</span> 
     </span>
    </p>
   </div>
   <div class='ocr_carea' id='block_1_109' title="bbox 1877 5085 3508 5158">
    <p class='ocr_par' dir='ltr' id='par_1_109' title="bbox 1877 5085 3508 5158">
     <span class='ocr_line' id='line_1_109' title="bbox 1877 5085 3508 5158; baseline 0.002 -18"><span class='ocrx_word' id='word_1_864' title='bbox 1877 5086 2171 5158; x_wconf 89' lang='lat' dir='ltr'>magisque</span> <span class='ocrx_word' id='word_1_865' title='bbox 2199 5087 2528 5154; x_wconf 86' lang='lat' dir='ltr'>fervescere,</span> <span class='ocrx_word' id='word_1_866' title='bbox 2550 5088 2720 5157; x_wconf 89' lang='lat' dir='ltr'>atque</span> <span class='ocrx_word' id='word_1_867' title='bbox 2766 5085 2824 5140; x_wconf 93' lang='lat' dir='ltr'>in</span> <span class='ocrx_word' id='word_1_868' title='bbox 2852 5102 2986 5157; x_wconf 89' lang='lat' dir='ltr'>pace</span> <span class='ocrx_word' id='word_1_869' title='bbox 3020 5087 3279 5142; x_wconf 80' lang='lat' dir='ltr'>Ecclesiae</span> <span class='ocrx_word' id='word_1_870' title='bbox 3303 5088 3363 5142; x_wconf 91' lang='lat' dir='ltr'>in</span> <span class='ocrx_word' id='word_1_871' title='bbox 3394 5105 3508 5143; x_wconf 87' lang='lat' dir='ltr'>una</span> 
     </span>
    </p>
   </div>
   <div class='ocr_carea' id='block_1_110' title="bbox 1876 5179 3506 5236">
    <p class='ocr_par' dir='ltr' id='par_1_110' title="bbox 1876 5179 3506 5236">
     <span class='ocr_line' id='line_1_110' title="bbox 1876 5179 3506 5236; baseline 0.002 -4"><span class='ocrx_word' id='word_1_872' title='bbox 1876 5195 1972 5233; x_wconf 91' lang='lat' dir='ltr'>vos</span> <span class='ocrx_word' id='word_1_873' title='bbox 2001 5179 2276 5234; x_wconf 90' lang='lat' dir='ltr'>concedat</span> <span class='ocrx_word' id='word_1_874' title='bbox 2303 5195 2538 5234; x_wconf 90' lang='lat' dir='ltr'>manere</span> <span class='ocrx_word' id='word_1_875' title='bbox 2571 5179 2890 5234; x_wconf 89' lang='lat' dir='ltr'>concordia.</span> <span class='ocrx_word' id='word_1_876' title='bbox 2923 5179 3304 5235; x_wconf 90' lang='lat' dir='ltr'>Admonemus</span> <span class='ocrx_word' id='word_1_877' title='bbox 3336 5182 3506 5236; x_wconf 87' lang='lat' dir='ltr'>etiam</span> 
     </span>
    </p>
   </div>
   <div class='ocr_carea' id='block_1_111' title="bbox 1875 5272 3500 5342">
    <p class='ocr_par' dir='ltr' id='par_1_111' title="bbox 1875 5272 3500 5342">
     <span class='ocr_line' id='line_1_111' title="bbox 1875 5272 3500 5342; baseline -0.001 -14"><span class='ocrx_word' id='word_1_878' title='bbox 1875 5272 2290 5328; x_wconf 85' lang='lat' dir='ltr'>fraternitatem</span> <span class='ocrx_word' id='word_1_879' title='bbox 2316 5278 2582 5342; x_wconf 87' lang='lat' dir='ltr'>vestram,</span> <span class='ocrx_word' id='word_1_880' title='bbox 2614 5276 2680 5327; x_wconf 91' lang='lat' dir='ltr'>ut</span> <span class='ocrx_word' id='word_1_881' title='bbox 2699 5273 2756 5327; x_wconf 93' lang='lat' dir='ltr'>in</span> <span class='ocrx_word' id='word_1_882' title='bbox 2777 5273 3089 5328; x_wconf 89' lang='lat' dir='ltr'>commissis</span> <span class='ocrx_word' id='word_1_883' title='bbox 3109 5273 3261 5328; x_wconf 90' lang='lat' dir='ltr'>vobis</span> <span class='ocrx_word' id='word_1_884' title='bbox 3284 5273 3500 5328; x_wconf 86' lang='lat' dir='ltr'>anima-</span> 
     </span>
    </p>
   </div>
   <div class='ocr_carea' id='block_1_112' title="bbox 1875 5366 3504 5439">
    <p class='ocr_par' dir='ltr' id='par_1_112' title="bbox 1875 5366 3504 5439">
     <span class='ocr_line' id='line_1_112' title="bbox 1875 5366 3504 5439; baseline -0.001 -18"><span class='ocrx_word' id='word_1_885' title='bbox 1875 5367 1980 5421; x_wconf 92' lang='lat' dir='ltr'>bus</span> <span class='ocrx_word' id='word_1_886' title='bbox 2018 5368 2256 5422; x_wconf 87' lang='lat' dir='ltr'>solerter</span> <span class='ocrx_word' id='word_1_887' title='bbox 2291 5366 2618 5438; x_wconf 87' lang='lat' dir='ltr'>invigiletis,</span> <span class='ocrx_word' id='word_1_888' title='bbox 2658 5367 3094 5439; x_wconf 85' lang='lat' dir='ltr'>animarumque</span> <span class='ocrx_word' id='word_1_889' title='bbox 3133 5366 3311 5437; x_wconf 89' lang='lat' dir='ltr'>magis</span> <span class='ocrx_word' id='word_1_890' title='bbox 3335 5367 3504 5420; x_wconf 85' lang='lat' dir='ltr'>lucris</span> 
     </span>
    </p>
   </div>
   <div class='ocr_carea' id='block_1_113' title="bbox 1876 5459 3502 5532">
    <p class='ocr_par' dir='ltr' id='par_1_113' title="bbox 1876 5459 3502 5532">
     <span class='ocr_line' id='line_1_113' title="bbox 1876 5459 3502 5532; baseline -0.002 -17"><span class='ocrx_word' id='word_1_891' title='bbox 1876 5477 2049 5532; x_wconf 91' lang='lat' dir='ltr'>quam</span> <span class='ocrx_word' id='word_1_892' title='bbox 2077 5461 2391 5515; x_wconf 90' lang='lat' dir='ltr'>commodis</span> <span class='ocrx_word' id='word_1_893' title='bbox 2430 5461 2559 5515; x_wconf 58' lang='lat' dir='ltr'>vita}</span> <span class='ocrx_word' id='word_1_894' title='bbox 2588 5460 2887 5531; x_wconf 67' lang='lat' dir='ltr'>praesentis</span> <span class='ocrx_word' id='word_1_895' title='bbox 2927 5459 3252 5516; x_wconf 87' lang='lat' dir='ltr'>intendatis.</span> <span class='ocrx_word' id='word_1_896' title='bbox 3282 5460 3341 5512; x_wconf 86' lang='lat' dir='ltr'>In</span> <span class='ocrx_word' id='word_1_897' title='bbox 3369 5474 3502 5512; x_wconf 91' lang='lat' dir='ltr'>con-</span> 
     </span>
    </p>
   </div>
   <div class='ocr_carea' id='block_1_114' title="bbox 1879 5551 3497 5626">
    <p class='ocr_par' dir='ltr' id='par_1_114' title="bbox 1879 5551 3497 5626">
     <span class='ocr_line' id='line_1_114' title="bbox 1879 5551 3497 5626; baseline -0.001 -18"><span class='ocrx_word' id='word_1_898' title='bbox 1879 5554 2123 5609; x_wconf 91' lang='lat' dir='ltr'>tinendis</span> <span class='ocrx_word' id='word_1_899' title='bbox 2148 5571 2284 5609; x_wconf 89' lang='lat' dir='ltr'>vero</span> <span class='ocrx_word' id='word_1_900' title='bbox 2311 5572 2376 5610; x_wconf 90' lang='lat' dir='ltr'>ac</span> <span class='ocrx_word' id='word_1_901' title='bbox 2413 5554 2774 5626; x_wconf 91' lang='lat' dir='ltr'>disponendis</span> <span class='ocrx_word' id='word_1_902' title='bbox 2802 5553 2974 5608; x_wconf 90' lang='lat' dir='ltr'>rebus</span> <span class='ocrx_word' id='word_1_903' title='bbox 3004 5551 3391 5607; x_wconf 88' lang='lat' dir='ltr'>ecclesiasticis</span> <span class='ocrx_word' id='word_1_904' title='bbox 3415 5552 3497 5606; x_wconf 91' lang='lat' dir='ltr'>di-</span> 
     </span>
    </p>
   </div>
   <div class='ocr_carea' id='block_1_115' title="bbox 1876 5645 3500 5720">
    <p class='ocr_par' dir='ltr' id='par_1_115' title="bbox 1876 5645 3500 5720">
     <span class='ocr_line' id='line_1_115' title="bbox 1876 5645 3500 5720; baseline -0.002 -18"><span class='ocrx_word' id='word_1_905' title='bbox 1876 5648 2116 5720; x_wconf 89' lang='lat' dir='ltr'>ligentes</span> <span class='ocrx_word' id='word_1_906' title='bbox 2145 5648 2405 5704; x_wconf 90' lang='lat' dir='ltr'>custodes</span> <span class='ocrx_word' id='word_1_907' title='bbox 2434 5647 2707 5713; x_wconf 84' lang='lat' dir='ltr'>existatis,</span> <span class='ocrx_word' id='word_1_908' title='bbox 2745 5650 2807 5702; x_wconf 88' lang='lat' dir='ltr'>ut</span> <span class='ocrx_word' id='word_1_909' title='bbox 2831 5663 2899 5701; x_wconf 88' lang='lat' dir='ltr'>ex</span> <span class='ocrx_word' id='word_1_910' title='bbox 2939 5645 3094 5700; x_wconf 91' lang='lat' dir='ltr'>omni</span> <span class='ocrx_word' id='word_1_911' title='bbox 3129 5647 3284 5716; x_wconf 89' lang='lat' dir='ltr'>parte</span> <span class='ocrx_word' id='word_1_912' title='bbox 3314 5661 3500 5701; x_wconf 88' lang='lat' dir='ltr'>susce-</span> 
     </span>
    </p>
   </div>
   <div class='ocr_carea' id='block_1_116' title="bbox 1875 5738 3500 5814">
    <p class='ocr_par' dir='ltr' id='par_1_116' title="bbox 1875 5738 3500 5814">
     <span class='ocr_line' id='line_1_116' title="bbox 1875 5738 3500 5814; baseline -0.001 -18"><span class='ocrx_word' id='word_1_913' title='bbox 1875 5744 2038 5814; x_wconf 89' lang='lat' dir='ltr'>ptum</span> <span class='ocrx_word' id='word_1_914' title='bbox 2061 5759 2157 5797; x_wconf 87' lang='lat' dir='ltr'>vos</span> <span class='ocrx_word' id='word_1_915' title='bbox 2187 5742 2473 5814; x_wconf 89' lang='lat' dir='ltr'>condigne</span> <span class='ocrx_word' id='word_1_916' title='bbox 2494 5741 2730 5813; x_wconf 89' lang='lat' dir='ltr'>gessisse</span> <span class='ocrx_word' id='word_1_917' title='bbox 2744 5739 2983 5811; x_wconf 89' lang='lat' dir='ltr'>pastoris</span> <span class='ocrx_word' id='word_1_918' title='bbox 2999 5738 3274 5806; x_wconf 85' lang='lat' dir='ltr'>ofﬁcium,</span> <span class='ocrx_word' id='word_1_919' title='bbox 3301 5743 3500 5794; x_wconf 88' lang='lat' dir='ltr'>ventu-</span> 
     </span>
    </p>
   </div>
   <div class='ocr_carea' id='block_1_117' title="bbox 1875 5831 3506 5908">
    <p class='ocr_par' dir='ltr' id='par_1_117' title="bbox 1875 5831 3506 5908">
     <span class='ocr_line' id='line_1_117' title="bbox 1875 5831 3506 5908; baseline 0 -18"><span class='ocrx_word' id='word_1_920' title='bbox 1875 5852 1970 5891; x_wconf 90' lang='lat' dir='ltr'>rus</span> <span class='ocrx_word' id='word_1_921' title='bbox 1991 5836 2188 5907; x_wconf 88' lang='lat' dir='ltr'>judex,</span> <span class='ocrx_word' id='word_1_922' title='bbox 2211 5853 2340 5892; x_wconf 91' lang='lat' dir='ltr'>cum</span> <span class='ocrx_word' id='word_1_923' title='bbox 2355 5836 2424 5891; x_wconf 89' lang='lat' dir='ltr'>ad</span> <span class='ocrx_word' id='word_1_924' title='bbox 2437 5833 2807 5906; x_wconf 89' lang='lat' dir='ltr'>judicandum</span> <span class='ocrx_word' id='word_1_925' title='bbox 2828 5831 3064 5898; x_wconf 86' lang='lat' dir='ltr'>venerit,</span> <span class='ocrx_word' id='word_1_926' title='bbox 3086 5832 3286 5889; x_wconf 88' lang='lat' dir='ltr'>debeat</span> <span class='ocrx_word' id='word_1_927' title='bbox 3304 5851 3506 5908; x_wconf 86' lang='lat' dir='ltr'>appro-</span> 
     </span>
    </p>
   </div>
  </div>
