4026 6166
543 251 647 305 203

552 359 709 413 bare.
742 355 1112 425 Omnipotens
1140 357 1331 409 autem
1362 355 1510 409 Deus
1556 370 1657 409 sua
1700 370 1794 407 vos
1833 352 2182 423 protectione
2204 363 2262 437 Α

550 448 830 506 custodiat
859 449 1249 519 honoremque
1294 464 1325 501 a
1358 448 1469 502 Deo
1513 446 1671 502 vobis
1718 446 1979 503 collatum
2019 446 2188 501 mori-

547 544 651 597 bus
677 555 900 595 servare
940 540 1235 608 concedat,
1283 543 1452 611 atque
1494 556 1623 594 cum
1666 538 1962 611 multiplici
2000 538 2186 593 fructu

549 637 765 691 animas
796 633 954 691 vobis
981 633 1307 691 commissas
1340 634 1415 690 ad
1428 630 1649 708 pascua
1674 638 1887 690 aeterna
1907 632 2186 689 adducere

1448 248 1729 302 APPEND.
1773 246 1859 300 ΑΙ)
1897 246 2055 300 SACC.
2098 245 2186 297 IX.
2212 273 2277 283 ——
2320 244 2559 298 lSlDORI
2602 243 3026 299 MERCATORIS
3080 303 3091 311 .

3750 254 3820 312 101

2321 284 2559 298 unus...
2602 284 3026 299 ,ηυμωηυηω
3080 303 3091 311 ,
3753 284 3829 316 ω,

2284 350 2500 423 sibique
2525 351 2806 422 condigne
2842 352 3246 423 reprmsentare
3283 349 3517 422 adjuvet,
3549 369 3730 428 vosque
3764 362 3829 417 in.

2287 448 2375 499 ter
2393 448 2614 499 sanctos
2641 446 2698 499 et
2722 444 2933 499 electos
2968 460 3099 498 suos
3133 443 3406 499 collocare
3443 445 3702 518 dignetur.
3728 453 3833 508 Data

2288 555 2323 592 u
2353 537 2481 593 ldus
2505 537 2711 612 Aprilis
2741 537 3059 608 Aureliano,
3089 540 3145 594 et
3164 534 3413 594 Marcello
3441 540 3501 595 ιν
3523 556 3595 597 cc.
3623 546 3797 600 consul.

621 939 783 1007 ITEM
822 937 1145 1005 EPISTOLA
1184 936 1525 1002 EUTIGIANI
1564 936 1753 1002 PAP/E
1793 935 2151 1001 UNIVERSIS
2189 933 2527 1000 EPISGOPIS
2564 935 2698 1000 PER
2741 934 3035 1001 SICILIAM
3075 934 3492 1001 CONSTITUTIS
3526 936 3787 1003 DIRECTA.

625 1108 747 1182 47
782 1106 1170 1164 Dilectissimis
1193 1104 1463 1161 fratribus
1485 1104 1757 1161 universis
1785 1103 2059 1177 episcopis
2085 1120 2188 1176 per

552 1202 795 1259 Siciliam
820 1201 1137 1257 constitutis
1162 1201 1514 1255 EUTICIANUS.

623 1296 960 1351 Benedictus
1012 1294 1161 1348 Deus
1214 1296 1272 1348 et
1326 1294 1493 1346 Pater
1555 1290 1780 1345 Domini
1838 1290 2015 1345 nostri
2056 1292 2187 1346 Jesu

550 1389 756 1445 Christi
783 1388 879 1460 qui
916 1386 1210 1442 benedixit
1246 1402 1351 1440 nos
1378 1385 1437 1439 in
1468 1384 1626 1439 omni
1651 1384 2046 1438 benedictione
2080 1384 2189 1454 spi-

552 1483 739 1537 rituali
770 1482 830 1536 in
862 1480 1182 1536 coelestibus
1227 1479 1287 1533 in
1329 1478 1574 1547 Christo,
1610 1477 1753 1531 sicut
1794 1477 1965 1547 elegit
1995 1493 2096 1531 nos
2130 1477 2188 1531 in

554 1576 676 1647 ipso
706 1578 837 1629 ante
870 1573 1073 1628 mundi
1119 1571 1604 1639 constitutionem,
1648 1574 1710 1625 ut
1735 1586 1985 1625 essemus
2008 1570 2187 1624 sancti

556 1673 612 1723 et
641 1666 985 1723 immaculati
1012 1666 1070 1720 in
1111 1668 1414 1736 conspectu
1456 1664 1579 1735 ejus
1617 1664 1676 1718 in
1715 1663 2012 1731 charitate,
2040 1679 2184 1734 prae-

561 1761 849 1817 destinans
893 1776 998 1815 nos
1037 1760 1098 1813 in
1148 1757 1518 1829 adoptionem
1560 1756 1809 1811 filiorum
1850 1773 1959 1828 per
1997 1758 2189 1811 Jesum

556 1854 843 1910 Christum
882 1853 941 1907 in
986 1853 1196 1924 ipsum,
1239 1851 1550 1907 secundum
1594 1849 1948 1922 propositum
1990 1851 2186 1905 volun-

556 1947 688 2003 tatis
717 1963 835 2001 suaa
860 1946 919 2001 in
952 1946 1179 2001 laudem
1212 1943 1413 2015 gloriae
1440 1944 1640 2015 gratim
1666 1960 1800 2011 suae,
1828 1943 1887 1997 in
1924 1960 2035 2014 qua
2070 1959 2193 2014 gra-

560 2040 801 2095 tiﬁcatus
828 2043 913 2094 est
939 2039 1103 2094 nobis
1128 2039 1186 2092 in
1222 2037 1425 2092 dilecto
1472 2036 1615 2091 Filio
1651 2054 1751 2091 suo
1777 2037 1836 2091 in
1875 2053 1988 2108 quo
2013 2036 2190 2091 habe-

557 2151 685 2189 mus
700 2132 1158 2203 redemptionem
1170 2145 1273 2200 per
1293 2130 1636 2200 sanguinem
1655 2130 1777 2200 ejus
1796 2129 2193 2185 remissionem

555 2230 942 2298 peccatorum,
993 2223 1304 2278 secundum
1361 2222 1588 2277 divitias
1643 2223 1842 2293 gratias
1888 2223 2010 2292 ejus
2063 2238 2193 2292 quae

560 2317 866 2373 abundavit
893 2317 953 2370 in
1000 2316 1183 2383 nobis,
1223 2315 1281 2369 in
1332 2315 1490 2369 omni
1528 2314 1809 2385 sapientia
1860 2317 1917 2369 et
1950 2314 2195 2385 pruden-

562 2412 659 2479 tia,
699 2417 763 2467 ut
817 2413 1017 2465 notum
1059 2409 1271 2464 faceret
1314 2407 1480 2463 nobis
1529 2412 1946 2463 sacramentum
1988 2383 2271 2461 volun-B

559 2504 688 2560 tatis
701 2520 818 2559 suae
845 2502 1162 2558 secundum
1190 2500 1612 2573 beneplacilum
1635 2501 1775 2571 ejus,
1798 2499 1955 2572 quod
1981 2516 2192 2570 propo-

561 2599 673 2654 suit
698 2598 757 2653 in
781 2614 848 2653 eo
892 2597 950 2652 in
991 2595 1421 2668 dispensatione
1468 2593 1845 2666 plenitudinis
1869 2597 2196 2664 temporum

560 2694 877 2747 instaurare
909 2690 1104 2744 omnia
1132 2690 1191 2744 in
1240 2688 1481 2755 Christo,
1526 2704 1653 2759 quae
1696 2686 1755 2741 in
1794 2685 1946 2742 caelis
1983 2690 2039 2741 et
2066 2702 2195 2757 quae

564 2786 620 2839 in
649 2789 799 2839 terra
825 2788 958 2838 sunt
984 2782 1043 2837 in
1072 2783 1195 2853 ipso
1230 2798 1243 2835 :
1275 2782 1333 2836 in
1363 2797 1477 2853 quo
1506 2780 1679 2835 etiam
1716 2783 1865 2833 sorte
1892 2778 2070 2834 vocati
2100 2796 2193 2833 su-

561 2894 689 2932 mus
732 2875 1118 2949 praedestinati
1156 2874 1469 2929 secundum
1519 2873 1871 2945 propositum
1915 2873 2058 2943 ejus,
2098 2871 2196 2944 qui

565 2970 761 3027 omnia
775 2972 1046 3041 operatur
1060 2968 1373 3024 secundum
1402 2966 1705 3022 consilium
1729 2966 2030 3021 voluntatis
2056 2981 2193 3034 suae,

567 3070 628 3121 ut
653 3064 829 3118 simus
860 3062 919 3117 in
945 3061 1170 3117 laudem
1209 3065 1265 3115 et
1293 3059 1532 3133 gloriam
1566 3060 1687 3131 ejus
1728 3059 1827 3132 qui
1855 3064 1985 3115 ante
2016 3074 2199 3130 Spera-

565 3160 748 3213 vimus
788 3157 848 3211 in
897 3155 1137 3223 Christo,
1200 3154 1258 3211 in
1314 3171 1426 3226 quo
1477 3158 1533 3209 et
1580 3170 1679 3207 vos
1723 3169 1855 3208 cum
1903 3152 2198 3207 audissetis

566 3251 803 3307 verbum
826 3248 1075 3305 veritatis
1091 3248 1457 3319 Evangelium
1484 3246 1682 3301 salutis
1697 3249 1897 3301 vestrae
1918 3245 1978 3300 in
2005 3262 2119 3317 quo
2144 3249 2199 3301 et

567 3346 861 3401 credentes
889 3341 1098 3413 signati
1126 3340 1258 3395 estis
1301 3340 1512 3411 Spiritu
1553 3339 1949 3411 promissionis
1985 3341 2195 3406 sancto,

566 3438 664 3511 qui
695 3442 781 3494 est
811 3436 1017 3509 pignus
1044 3432 1393 3489 haereditatis
1416 3436 1626 3488 nostra:
1654 3433 1713 3487 in
1741 3432 2198 3504 redemptionem

566 3530 953 3604 acquisitionis
979 3528 1039 3583 in
1078 3526 1305 3581 laudem
1346 3527 1544 3597 gloriae
1584 3526 1779 3598 ipsius.
1813 3528 2120 3597 Propterea
2145 3527 2201 3580 et

566 3642 673 3698 ego
703 3623 941 3679 audiens
970 3621 1143 3675 ﬁdem
1173 3624 1419 3675 vestram
1464 3620 1522 3674 in
1552 3619 1789 3675 Domino
1818 3620 1947 3675 Iesu
1983 3619 2200 3674 Christo

569 3722 626 3775 et
653 3717 1014 3774 dilectionem
1040 3715 1097 3770 in
1137 3730 1339 3769 omnes
1370 3718 1611 3783 sanctos,
1657 3730 1771 3768 non
1814 3729 1968 3768 cesso
1993 3713 2199 3785 gratias
2220 3749 2275 3823 Ο

566 3829 741 3887 agens
772 3829 874 3883 pro
901 3810 1078 3877 vobis,
1104 3808 1445 3863 memoriam
1467 3807 1636 3863 vestri
1669 3807 1880 3863 faciens
1915 3807 1975 3861 in
2002 3807 2200 3860 oratio-

565 3908 733 3963 nibus
753 3904 914 3971 meis,
939 3906 1002 3958 ut
1039 3904 1183 3958 Deus
1219 3902 1439 3956 Domini
1474 3901 1653 3956 nostri
1692 3902 1822 3956 Jesu
1860 3899 2067 3954 Christi
2095 3901 2199 3952 Pa-

567 4006 657 4057 ter
675 3999 868 4072 gloriae
885 3998 980 4052 det
994 3996 1153 4050 vobis
1173 3995 1437 4066 spiritum
1466 3994 1753 4064 sapientiae
1768 3995 1825 4048 et
1840 3991 2203 4047 revelationis

568 4095 627 4148 in
659 4092 1016 4164 agnitionem
1046 4088 1167 4159 ejus
1204 4086 1552 4141 illuminatos
1581 4086 1771 4139 oculos
1801 4084 1984 4139 cordis
2011 4084 2201 4152 vestri,

573 4190 635 4240 ut
659 4184 846 4239 sciatis
899 4197 1027 4253 quae
1071 4181 1143 4234 sit
1186 4195 1310 4251 spes
1352 4178 1666 4234 vocationis
1694 4178 1834 4250 ejus,
1864 4183 1922 4234 et
1956 4194 2085 4250 quae
2114 4178 2200 4233 di-

570 4277 720 4333 vitiae
752 4275 948 4348 gloria:
987 4272 1339 4331 haereditatis
1381 4272 1501 4343 ejus
1536 4272 1597 4326 in
1633 4271 1856 4339 sanctis,
1890 4274 1946 4326 et
1974 4287 2103 4343 quas
2132 4271 2206 4325 sit

573 4368 1006 4444 supereminens
1048 4366 1386 4437 magnitudo
1424 4364 1647 4421 virtutis
1684 4364 1805 4436 ejus
1844 4364 1904 4419 in
1942 4380 2067 4432 nos,
2106 4365 2204 4437 qui

573 4464 919 4522 credidimus
949 4461 1260 4517 secundum
1285 4458 1682 4531 operationem
1698 4458 1966 4530 potentiae
1982 4458 2204 4512 virtutis

572 4561 694 4631 ejus
722 4574 894 4631 quam
923 4559 1188 4627 operatus
1215 4557 1300 4607 est
1340 4552 1399 4606 in
1424 4552 1642 4608 Christo
1681 4552 1953 4607 suscitans
1980 4551 2145 4606 illum
2171 4568 2204 4606 a

573 4653 830 4719 mortuis,
870 4655 927 4707 et
969 4648 1319 4704 constituens
1355 4646 1424 4700 ad
1465 4646 1759 4701 dexteram
1803 4663 1960 4700 suam
2000 4645 2061 4700 in
2094 4662 2200 4701 coe-

572 4746 805 4801 lestibus
837 4760 1009 4817 super
1050 4757 1285 4798 omnem
1316 4739 1720 4811 principatum,
1753 4743 1807 4795 et
1844 4742 2201 4811 potestatem,

575 4845 631 4895 et
656 4840 949 4906 virtutem,
971 4840 1027 4892 et
1049 4834 1520 4901 dominationem,
1549 4838 1605 4889 et
1629 4850 1799 4889 omne
1828 4849 2036 4888 nomen
2055 4833 2205 4904 quod

574 4932 910 4989 nominatur
947 4947 1061 4985 non
1089 4930 1273 4983 solum
1313 4928 1373 4982 in
1408 4927 1515 4982 hoc
1543 4927 1748 4982 saeculo
1771 4926 1867 4981 sed
1890 4925 1949 4980 in
1987 4925 2201 4980 futuro.

574 5028 642 5081 Et
671 5025 865 5081 omnia
893 5023 1131 5096 subjecit
1165 5022 1269 5077 sub
1305 5021 1544 5093 pedibus
1578 5020 1719 5091 ejus,
1757 5023 1814 5075 et
1837 5019 2025 5091 ipsum
2051 5018 2207 5075 dedit

2288 1103 2718 1176 cogitationum,
2765 1106 2821 1158 et
2865 1119 3090 1158 eramus
3133 1106 3333 1158 natura
3380 1102 3479 1158 ﬁlii
3523 1103 3614 1160 ira:
3653 1106 3771 1160 sicut
3804 1110 3846 1161 et

2287 1198 2495 1253 caeteri.
2519 1198 2698 1263 Modo,
2727 1196 2951 1265 fratres,
2982 1197 3115 1268 quia
3140 1213 3209 1252 ex
3235 1196 3362 1251 ﬁliis
3391 1196 3485 1252 ira:
3514 1215 3604 1252 sua
3639 1200 3789 1270 gratia
3804 1203 3846 1255 et

2289 1292 2539 1363 gratuita
2584 1292 2948 1346 miseratione
2987 1291 3122 1345 fecit
3163 1308 3264 1345 nos
3305 1292 3451 1345 Deus
3488 1291 3620 1345 ﬁlios
3657 1309 3781 1361 suos,
3808 1299 3847 1347 et

2289 1403 2412 1455 nos,
2433 1385 2531 1457 qui
2550 1385 2710 1456 digni
2730 1385 2874 1440 servi
2900 1400 3013 1439 non
3032 1400 3261 1439 eramus
3282 1384 3445 1439 nullis
3469 1384 3670 1439 meritis
3686 1402 3848 1456 prazce-

2290 1479 2579 1547 dentibus,
2602 1478 2697 1533 sed
2719 1495 2837 1545 sua,
2860 1483 2924 1533 ut
2943 1478 3210 1544 diximus,
3234 1478 3410 1549 gratia
3442 1478 3566 1532 facti
3593 1494 3761 1531 sumus
3774 1478 3848 1532 ﬁlii

2290 1573 2431 1642 ejus,
2465 1572 2523 1626 in
2554 1588 2667 1642 quo
2697 1571 3012 1625 clamamus
3045 1588 3058 1624 :
3092 1570 3237 1626 abba
3266 1575 3445 1641 pater,
3472 1573 3738 1641 sequentes
3760 1571 3851 1640 ejus

2290 1666 2566 1735 exempla,
2600 1664 2776 1719 simus
2806 1663 2904 1718 ﬁlii
2952 1663 3355 1718 misericordiae
3385 1668 3441 1718 et
3458 1663 3694 1734 justitiaa,
3720 1668 3849 1734 atque

2290 1757 2725 1839 dilectionis,‘ut
2744 1757 2862 1811 veri
2893 1757 2993 1811 11111
3013 1756 3111 1811 Dei
3132 1761 3187 1811 et
3208 1757 3319 1811 dici
3361 1760 3417 1811 et
3449 1772 3563 1811 esse
3590 1756 3699 1828 ipso
3726 1755 3848 1810 auxi-

2290 1851 2466 1905 liante
2484 1851 3192 1921 valeamus.uDeponentes
3203 1849 3397 1920 igitur,
3409 1849 3562 1920 juxta
3574 1849 3850 1920 apostolum,

2292 1961 2524 2000 omnem
2553 1943 2854 2012 malitiam,
2902 1946 2960 1997 et
3002 1958 3233 1997 omnem
3266 1942 3478 2009 dolum,
3520 1946 3573 1997 et
3608 1940 3854 1995 simulatio-

2291 2054 2412 2106 nes,
2451 2043 2507 2093 et
2544 2037 2795 2103 invidias,
2832 2040 2890 2090 et
2920 2052 3116 2091 omnes
3136 2034 3529 2103 detractiones,
3558 2039 3655 2089 etc.
3683 2034 3722 2103 (Ι
3742 2036 3851 2088 Patr.

2292 2148 2353 2199 11,
2387 2132 2455 2201 1).
2496 2150 2523 2181 »
2556 2131 2620 2185 Hi
2648 2146 2784 2185 vero
2812 2130 2911 2201 qui
2942 2131 3077 2184 talia
3107 2135 3289 2201 agunt
3306 2146 3421 2184 non
3449 2128 3543 2183 ﬁlii
3570 2127 3660 2181 Dei
3677 2125 3759 2180 sed
3781 2141 3853 2195 po-

2291 2224 2403 2278 tius
2432 2222 2528 2277 ﬁlii
2563 2239 2809 2295 nequam
2839 2240 2959 2277 esse
2989 2224 3452 2294 comprobantur,
3493 2222 3624 2275 sicut
3650 2219 3777 2273 idem
3801 2217 3857 2270 ait

2294 2317 2590 2388 Apostolus
2618 2333 2631 2371 :
2673 2338 2700 2366 «
2732 2316 3021 2371 Manifesta
3051 2320 3185 2370 sunt
3215 2333 3390 2387 Opera
3420 2313 3599 2369 carnis
3624 2328 3735 2384 qua:
3760 2313 3857 2363 sunt

2294 2409 2613 2476 fornicatio,
2644 2408 3027 2475 immunditia,
3070 2409 3316 2479 luxuria,
3354 2408 3626 2464 idolorum
3652 2403 3856 2463 servitus,

2294 2503 2589 2569 veneﬁcia,
2647 2502 2992 2570 inimicitias,
3047 2502 3470 2569 contentiones,
3510 2497 3857 2555 aemulationes,

2294 2596 2413 2665 iraa,
2443 2595 2601 2663 rixae,
2634 2595 3036 2663 dissensiones,
3078 2598 3269 2663 sectas,
3317 2594 3557 2661 invidite,
3596 2587 3857 2654 homicidia,

2297 2688 2618 2757 ebrietates,
2649 2688 3111 2755 comessationes,
3141 2691 3199 2743 et
3236 2688 3331 2742 his
3361 2686 3580 2755 similia,
3618 2699 3728 2756 quia
3752 2695 3857 2752 prte-

2298 2781 2423 2836 dico
2450 2781 2606 2835 vobis
2642 2782 2788 2835 sicut
2825 2781 3086 2851 praedixi,
3134 2781 3409 2852 quoniam
3448 2779 3543 2851 qui
3573 2778 3691 2833 talia
3726 2775 3862 2843 agunt

2298 2891 2544 2946 regnum
2594 2874 2691 2929 Dei
2752 2890 2863 2928 non
2909 2876 3337 2945 consequentur
3380 2874 3518 2943 (Gal.
3556 2888 3608 2939 ν,
3654 2868 3813 2936 lii-'21).
3842 2884 3861 2912 υ

2296 2969 2493 3037 Grave,
2522 2967 2743 3035 fratres,
2766 2966 3003 3021 verbum
3047 2969 3104 3021 et
3149 2967 3503 3022 horrendum
3541 2963 3711 3028 nimis,
3749 2956 3863 3030 quod

2299 3062 2398 3129 ait,
2427 3061 2698 3133 quoniam
2715 3059 2813 3131 qui
2836 3059 2965 3114 talia
2987 3064 3169 3130 agunt
3184 3076 3436 3131 regnum
3465 3058 3558 3113 Dei
3588 3072 3693 3112 non
3720 3066 3865 3109 conse-

2298 3158 2565 3227 quentur.
2585 3155 2655 3207 Et
2674 3153 2799 3225 ipsa
2830 3169 2932 3224 per
2957 3170 3014 3208 se
3039 3153 3256 3207 Veritas
3279 3154 3414 3209 dicit
3437 3170 3451 3207 :
3480 3174 3507 3202 ‹‹
3530 3150 3667 3215 Quid
3684 3144 3865 3220 prodest

2298 3246 2520 3302 homini
2540 3246 2865 3301 universum
2886 3247 3170 3301 mundum
3188 3246 3423 3313 lucrari,
3441 3245 3637 3300 animae
3652 3257 3763 3296 vero
3779 3252 3865 3291 suae

2301 3340 2713 3395 detrimentum
2756 3339 3042 3411 patiatur?
3087 3362 3115 3388 »
3179 3341 3371 3407 (Marc.
3423 3355 3536 3404 vm,
3576 3338 3671 3405 36).
3713 3330 3866 3386 Gravia

2300 3438 2433 3489 sunt
2479 3433 2650 3489 nimis
2690 3449 2817 3506 quas
2860 3432 3215 3505 praztulimus
3257 3437 3318 3488 et
3359 3432 3615 3505 pervalde
3650 3423 3866 3482 cavenda.

2298 3527 2512 3593 Quibus
2533 3527 2690 3581 enim
2717 3543 2963 3598 regnum
2984 3526 3085 3581 Dei
3111 3526 3435 3582 excluditur
3460 3523 3649 3597 procul
3674 3518 3817 3576 dubio
3833 3519 3872 3567 et

2298 3621 2545 3676 Ecclesia
2573 3622 2909 3692 denegatur,
2937 3620 3007 3674 de
3035 3619 3239 3692 quibus
3261 3620 3541 3675 Dominus
3579 3617 3635 3671 in
3667 3616 3872 3681 Evange-

2299 3716 2377 3769 lio
2406 3717 2743 3786 potestatem
2787 3713 3172 3785 apostolorum
3202 3729 3523 3786 eorumque
3554 3716 3875 3766 successorum

2299 3807 2667 3875 annuntians,
2698 3806 2777 3861 ait
2805 3823 2817 3861 :
2850 3807 3102 3871 Quorum
3132 3806 3465 3863 dimiseritis
3489 3808 3700 3879 peccata
3725 3794 3873 3853 dimit-

2298 3903 2499 3956 tuntur
2529 3900 2629 3969 eis,
2662 3904 2719 3953 et
2744 3916 2991 3971 quorum
3016 3899 3386 3971 alligaveritis
3406 3901 3631 3971 alligata
3659 3894 3814 3958 erunt,
3838 3887 3877 3940 id

2303 3997 2405 4061 est,
2436 3992 2640 4063 quibus
2666 3993 2952 4047 ecclesiam
2989 3992 3408 4050 interdixeritis
3449 3993 3554 4047 nisi
3590 3977 3878 4046 reconciliati

2302 4102 2407 4157 per
2434 4085 2870 4141 satisfactionem
2895 4086 3112 4141 fuerint
3146 4087 3282 4159 ipsis
3335 4093 3389 4144 et
3416 4090 3594 4159 janua
3626 4079 3769 4153 regni
3792 4092 3877 4130 co?-

2302 4179 2455 4234 lestis
2481 4179 2672 4235 clausa
2697 4179 2822 4235 erit.

2374 4273 2531 4329 Unde
2560 4273 2667 4328 ista
2689 4276 3074 4345 praecaventes
3114 4277 3170 4327 et
3195 4273 3503 4330 stultorum
3544 4272 3747 4327 animos
3770 4276 3880 4337 prte-

2301 4366 2575 4435 videntes,
2622 4383 2759 4421 cura
2795 4367 3080 4439 pastorali,
3122 4384 3251 4422 cum
3281 4368 3554 4423 omnibus
3581 4357 3821 4440 episcopis
3842 4356 3883 4407 εἴ

2305 4465 2509 4516 sancta:
2538 4462 2809 4516 Romana:
2856 4463 3029 4532 atque
3072 4460 3413 4516 universalis
3454 4457 3704 4515 Ecclesia:
3727 4450 3884 4507 utrius-

2304 4571 2415 4627 que
2455 4553 2667 4607 ordinis
2703 4554 2980 4622 fidelibus,
3039 4554 3337 4609 statuimus
3380 4571 3496 4610 non
3544 4553 3619 4607 ita
3655 4550 3709 4604 in
3743 4542 3883 4601 eccle-

2306 4646 2536 4701 siasticis
2556 4647 2844 4717 agendum
2864 4664 2986 4702 esse
3022 4648 3265 4719 negotiis
3300 4648 3447 4704 sicut
3462 4648 3522 4702 in
3553 4637 3883 4700 saecularibus.

2304 4740 2446 4795 Nam
2473 4739 2531 4794 in
2552 4740 2916 4795 saecularibus
2947 4740 3166 4811 legibus
3206 4745 3520 4813 postquam
3555 4738 3764 4793 vocatus
3790 4724 3886 4800 quis

2302 4832 2543 4901 venerit,
2572 4837 2628 4888 et
2670 4833 2730 4889 in
2776 4834 2897 4889 foro
2945 4834 3235 4890 decertare
3275 4835 3530 4906 coeperit,
3570 4848 3678 4887 non
3715 4826 3825 4881 licet
3847 4817 3886 4871 ci

2304 4931 2433 4982 ante
2485 4932 2769 4998 peractam
2818 4944 3045 4984 causam
3098 4929 3380 4984 recedere.
3431 4931 3493 4983 In
3551 4911 3889 4981 ecclesiasticis

2304 5037 2437 5076 vero
2467 5021 2623 5076 dicta
2653 5037 2823 5077 causa
2850 5022 3119 5079 recedere
3139 5022 3271 5078 licet
3301 5021 3344 5077 si
3370 5036 3599 5077 necesse
3620 5014 3789 5080 fuerit,
3815 5007 3891 5061 allt

574 5122 744 5193 caput
764 5135 937 5192 super
953 5134 1182 5173 omnem
1206 5131 1333 5188 quae
1353 5120 1437 5171 est
1456 5120 1663 5187 corpus
1683 5114 1805 5186 ejus
1831 5118 1887 5170 et
1912 5113 2206 5185 plenitudo
2224 5116 2284 5189 D
2307 5114 2352 5171 si
2380 5115 2705 5187 pergravari
2731 5115 2956 5171 viderit.

577 5214 700 5285 ejus
726 5213 826 5287 qui
852 5212 1043 5267 omnia
1071 5211 1130 5266 in
1159 5210 1426 5265 omnibus
1455 5209 1821 5280 adimpletur.
1852 5209 1921 5262 Et
1954 5224 2051 5261 vos
2078 5223 2208 5263 cum

575 5307 773 5364 essetis
798 5306 1010 5361 mortui
1048 5304 1267 5360 delictis
1292 5308 1350 5360 et
1384 5304 1628 5376 peccatis
1669 5301 1885 5370 vestris,
1917 5301 1975 5356 in
2002 5300 2207 5374 quibus

576 5400 883 5474 aliquando
940 5398 1269 5465 ambulastis
1333 5396 1648 5453 secundum
1694 5395 1962 5450 saeculum
2002 5394 2205 5449 mundi

574 5495 766 5566 hujus,
805 5492 1120 5550 secundum
1158 5490 1471 5562 principem
1518 5488 1809 5561 potestatis
1850 5488 1993 5543 aeris
2013 5488 2202 5560 hujus,

574 5586 805 5659 spiritus
851 5586 950 5659 qui
989 5601 1143 5640 nunc
1178 5585 1449 5655 operatur
1494 5583 1553 5637 in
1598 5582 1729 5638 ﬁliis
1764 5581 2115 5650 difﬁdentiae,
2146 5582 2206 5638 in

576 5678 781 5747 quibus
810 5682 868 5734 et
900 5695 1008 5734 nos
1044 5675 1349 5749 aliquando
1397 5675 1709 5732 conversati
1753 5692 1945 5732 sumus
1975 5678 2033 5731 in
2061 5676 2205 5731 desi-

578 5767 748 5824 deriis
775 5771 956 5826 carnis
986 5772 1215 5833 nostrae,
1247 5769 1513 5825 facientes
1552 5768 1897 5825 voluntatem
1930 5769 2117 5826 carnis
2147 5772 2201 5824 et

2378 5207 2775 5263 Accusationes
2801 5224 2933 5264 vero
2961 5208 3221 5265 ordinem
3246 5208 3424 5264 talem
3461 5210 3520 5263 et
3556 5200 3827 5260 didicimus
3850 5193 3891 5244 et

2307 5301 2519 5357 servari
2556 5301 2847 5372 debemus,
2892 5301 2951 5357 id
2980 5306 3082 5369 est,
3111 5302 3155 5357 si
3194 5302 3318 5374 quis
3360 5298 3698 5356 clericorum
3722 5293 3777 5347 in
3804 5283 3889 5341 cri-

2305 5395 2461 5452 mine
2512 5396 2808 5468 impetitur
2856 5412 2972 5452 non
3014 5396 3201 5451 statim
3258 5410 3390 5451 reus
3438 5392 3758 5455 aestimetur,
3786 5378 3893 5453 (Ῑιιίθ

2306 5490 2561 5546 accusari
2578 5490 2763 5563 potuit
2791 5505 2860 5545 ne
2881 5489 3188 5561 subjectam
3215 5487 3606 5545 innocentiam
3638 5478 3893 5538 faciamus-

2303 5582 2415 5639 Sed
2436 5584 2679 5657 quisque
2697 5584 2792 5640 ille
2814 5588 2899 5640 est
2924 5583 3022 5656 qui
3039 5583 3259 5640 crimen
3286 5579 3557 5649 intendit,
3581 5579 3640 5633 in
3651 5570 3897 5646 judicium

2301 5678 2509 5745 veniat,
2554 5694 2767 5733 nomen
2813 5680 2897 5734 rei
2936 5677 3168 5747 indicet,
3223 5672 3517 5732 vinculum
3560 5657 3899 5739 inscriptionis

2300 5770 2550 5843 arripiat,
2598 5771 2892 5840 custodiat,
2925 5771 3379 5838 similitudinem,
3410 5766 3605 5824 habita
3635 5766 3812 5818 tamen
3836 5750 3899 5805 di-
