4026 6166
190 270 297 326 205

1386 268 1858 325 DECRETALIUM
1895 269 2275 324 COLLECTIO.

3445 270 3547 327 206

190 378 421 452 gnitatis
456 377 854 447 aestimatione,
883 378 1149 449 patiatur.
1186 379 1297 433 Nec
1327 378 1448 432 fore
1476 377 1584 432 sibi
1608 377 1825 433 noverit
1845 376 2091 460 Adilexi
2132 393 2231 431 eos
2275 377 2417 431 sicut
2464 392 2558 432 me
2601 378 2863 434 dilexisti.
2915 381 3095 447 Pater,
3152 395 3295 451 quos
3338 378 3548 434 dedisti

191 473 481 530 licentiam
498 472 815 528 mentiendi
836 490 963 527 cum
984 471 1393 527 calumniantes
1420 472 1490 527 ad
1510 471 1819 526 vindictam

191 572 380 639 poscat
411 566 725 621 similitudo
756 566 1032 638 supplicii.
1065 565 1323 620 Haeretici
1351 565 1505 619 enim
1533 582 1733 619 omnes
1763 570 1821 619 et

190 662 456 731 suspecti,
474 664 535 713 et
549 659 1043 725 excommunicati,
1061 658 1359 713 homicidae
1380 674 1627 729 quoque,
1643 660 1815 729 atque

189 754 449 822 maleﬁci,
477 754 648 821 fures,
672 753 946 823 sacrilegi,
973 755 1249 831 raptores,
1267 750 1526 818 veneﬁci,
1549 750 1813 819 adulteri,

188 854 237 902 et
291 848 394 919 qui
450 853 678 917 raptum
730 846 987 911 fecerint,
1035 846 1125 898 vel
1174 845 1374 899 falsum
1429 844 1817 900 testimonium

186 941 449 1005 dixerint,
478 956 577 993 seu
615 939 713 1010 qui
746 939 819 993 ad
846 939 1140 1009 sortilegos
1167 953 1479 1009 magosque
1509 953 1813 992 concurre-

183 1035 318 1099 rint,
351 1033 681 1087 nullatenus
718 1032 791 1085 ad
830 1032 1249 1086 accusationem
1288 1034 1421 1085 sunt
1452 1030 1812 1085 admittendi.

86 1175 91 1179 .
184 1126 330 1181 Nulli
356 1126 567 1179 infami
590 1141 842 1196 unquam
870 1130 1037 1196 atque
1064 1123 1339 1194 sacrilego
1367 1124 1437 1178 de
1471 1140 1816 1194 quocunque

184 1220 420 1289 negotio
479 1219 647 1272 liceat
697 1219 964 1273 adversus
1020 1216 1351 1287 religiosum
1409 1216 1813 1285 Christianum,

184 1312 445 1384 quamvis
465 1311 698 1366 humilis
722 1312 1049 1382 servilisque
1070 1326 1315 1381 persona
1329 1311 1399 1365 sit
1422 1310 1815 1366 testimonium

184 1406 391 1471 dicere,
426 1421 534 1458 nec
563 1405 632 1459 de
669 1404 925 1475 qualibet
955 1420 1016 1459 re
1057 1404 1281 1458 actione
1325 1404 1411 1457 vel
1450 1404 1815 1475 inscriptione

186 1498 574 1553 Christianum
619 1498 917 1568 impetere.
959 1497 1238 1552 Omnibus
1280 1513 1511 1567 quoque
1559 1497 1817 1551 similiter

185 1591 486 1646 accusandi
536 1591 622 1645 vel
672 1590 1008 1645 testiﬁcandi
1054 1588 1282 1645 licentia
1341 1590 1664 1661 denegetur
1718 1590 1815 1660 qui

181 1684 515 1741 Christianae
548 1684 839 1754 religionis
870 1688 927 1738 et
962 1684 1211 1737 nominis
1242 1684 1580 1755 dignitatem
1614 1685 1671 1736 et
1699 1699 1815 1737 suae

1916 472 2081 541 mihi,
2119 472 2264 537 volo,
2295 474 2361 525 ut
2403 471 2499 526 ubi
2539 487 2646 542 ego
2689 488 2815 526 sum
2853 476 2909 526 et
2938 472 3019 526 illi
3059 472 3173 526 sint
3202 487 3450 542 mecum,
3482 475 3548 527 ut

1917 565 2148 619 videant
2179 564 2495 618 claritatem
2529 580 2719 618 meam
2759 574 2941 635 quam'
2965 566 3166 621 dedisti
3196 565 3370 634 mihi,
3413 566 3547 638 quia

1920 658 2163 712 dilexisti
2180 674 2274 711 me
2298 661 2431 712 ante
2453 657 2915 712 constitutionem
2937 658 3159 713 mundi.
3187 661 3355 713 Pater
3368 659 3543 729 juste,

1915 751 2167 806 mundus
2190 755 2247 805 te
2281 768 2397 805 non
2428 750 2713 822 cognovit,
2747 767 2856 821 ego
2885 755 3079 805 autem
3109 754 3165 806 te
3197 752 3458 824 cognovi,
3488 756 3545 807 et

1916 845 1979 899 hi
2018 848 2425 916 cognoverunt,
2468 844 2601 915 quia
2632 848 2693 898 tu
2733 860 2825 897 me
2856 843 3086 913 misisti;
3117 849 3173 899 et
3198 848 3397 900 notum
3437 846 3544 901 feci

1917 938 1998 992 eis
2025 954 2234 992 nomen
2260 943 2444 1003 tuum,
2487 942 2543 991 et
2574 940 2775 991 notum
2808 936 3031 1005 faciam,
3073 944 3135 990 ut
3179 937 3404 993 dilectio
3435 956 3545 1010 qua

1919 1030 2163 1084 dilexisti
2194 1046 2286 1085 me
2320 1031 2379 1084 in
2414 1029 2552 1101 ipsis
2583 1030 2655 1084 sit
2693 1033 2750 1084 et
2785 1046 2893 1100 ego
2936 1029 2994 1083 in
3030 1029 3166 1101 ipsis
3201 1030 3372 1098 (Joan.
3406 1047 3541 1097 xvn,

1918 1125 2081 1194 6-26).
2108 1145 2135 1173 ››
2165 1126 2233 1178 Et
2259 1124 2411 1177 idem
2435 1124 2677 1177 Joannes
2708 1124 2999 1193 apostolus
3024 1126 3081 1178 et
3104 1122 3448 1195 evangelista
3486 1124 3544 1177 in

1915 1217 2100 1288 prima
2137 1216 2375 1286 epistola
2409 1232 2511 1270 sua
2546 1217 2819 1287 loquitur,
2853 1216 3045 1271 dicens
3076 1233 3089 1271 :
3129 1236 3155 1264 ‹‹
3195 1216 3544 1285 Charissimi,

1917 1310 2220 1380 diligamus
2246 1310 2509 1377 invicem,
2539 1309 2670 1381 quia
2696 1309 2937 1363 charitas
2965 1326 3031 1364 ex
3057 1310 3170 1363 Deo
3195 1311 3299 1364 est.
3324 1310 3393 1363 Et
3417 1325 3545 1364 om-

1918 1405 2005 1457 nis
2034 1403 2130 1474 qui
2158 1403 2363 1474 diligit,
2392 1419 2461 1457 ex
2483 1403 2599 1457 Deo
2625 1409 2790 1458 natus
2818 1407 2922 1471 est,
2951 1408 3008 1457 et
3029 1402 3320 1473 cognoscit
3338 1403 3544 1457 Deum.

1918 1496 2024 1561 Qui
2051 1513 2164 1551 non
2191 1496 2392 1567 diligit,
2421 1513 2537 1551 non
2564 1496 2717 1551 novit
2738 1498 2935 1565 Deum,
2965 1496 3097 1568 quia
3126 1497 3277 1552 Deus
3299 1494 3546 1551 charitas

1916 1593 2016 1644 est.
2049 1591 2108 1643 In
2134 1590 2241 1643 hoc
2268 1589 2532 1662 apparuit
2559 1590 2807 1645 charitas
2838 1590 2941 1643 Dei
2970 1589 3030 1643 in
3062 1589 3242 1659 nobis,
3274 1588 3546 1660 quoniam

1915 1681 2118 1736 Filium
2149 1698 2317 1736 suum
2341 1683 2707 1753 unigenitum
2728 1682 2886 1737 misit
2904 1684 3049 1737 Deus
3072 1682 3133 1737 in
3160 1682 3460 1753 mundum,
3484 1685 3549 1736 ut

180 1778 315 1849 legis
337 1779 428 1831 vel
459 1777 549 1831 sui
575 1776 866 1848 praepositi
894 1792 1157 1830 normam
1184 1781 1282 1831 aut
1318 1777 1655 1848 regulariter
1678 1793 1812 1847 pro-
1836 1749 1892 1820 B
1916 1775 2169 1830 vivamus
2194 1792 2295 1845 per
2319 1791 2470 1830 eum.
2496 1777 2555 1829 In
2586 1776 2691 1829 hoc
2717 1781 2800 1831 est
2825 1775 3091 1843 charitas,
3117 1792 3231 1830 non
3258 1777 3417 1847 quasi
3440 1792 3545 1830 nos

182 1871 355 1925 hibita
396 1870 783 1941 neglexerint.
817 1869 1089 1924 Similiter
1128 1870 1498 1940 prohibemus
1534 1873 1600 1923 ut
1643 1870 1814 1925 nulla:

180 1981 359 2019 causa:
396 1980 430 2017 a
461 1962 752 2033 judicibus
781 1961 1179 2017 Ecclesiasticis
1207 1962 1528 2028 audiantur,
1570 1979 1699 2034 quae
1726 1963 1810 2016 le-

158 2053 336 2127 gibus
364 2073 483 2111 non
522 2056 910 2121 continentur,
943 2055 1032 2108 vel
1063 2071 1190 2125 qua:
1225 2054 1525 2125 prohibitze
1561 2071 1683 2109 esse
1714 2073 1814 2109 no-

176 2154 430 2204 scuntur.
453 2150 588 2202 Haec
615 2164 729 2202 non
756 2149 941 2201 solum
972 2147 1392 2214 Ecclesiasticse,
1422 2147 1521 2201 sed
1543 2151 1599 2202 et
1623 2149 1811 2202 saeculi

170 2244 323 2314 leges
350 2242 659 2296 observare
682 2240 1039 2311 praecipiunt.
1069 2241 1189 2293 Non
1219 2240 1375 2294 enim
1406 2240 1619 2310 passim
1646 2257 1811 2311 vage-

176 2352 279 2405 que
300 2333 665 2388 sacerdotum
691 2333 974 2387 accusatio
1003 2332 1175 2387 debet
1199 2331 1342 2386 fieri.
1375 2333 1537 2402 Nam,
1569 2333 1614 2386 si
1644 2332 1808 2387 facile

174 2428 594 2489 admitteretur,
618 2426 885 2497 perpauci
910 2425 1082 2479 nimis
1100 2425 1511 2492 invenirentur,
1535 2425 1667 2496 quia
1691 2442 1809 2480 οω-

173 2537 270 2574 nes
296 2520 396 2591 qui
423 2522 523 2591 pie
548 2520 745 2573 volunt
777 2519 966 2573 vivere
996 2519 1055 2572 in
1085 2518 1329 2587 Christo,
1353 2518 1809 2589 persecutionem

175 2614 487 2684 patiuntur.
514 2613 670 2667 Beati
692 2615 884 2665 tamen
913 2611 1009 2682 qui
1033 2611 1489 2683 persecutionem
1514 2612 1809 2682 patiuntur

174 2710 405 2777 propter
429 2705 741 2776 justitiam.
772 2705 930 2759 Unde
963 2711 1018 2759 et
1051 2705 1175 2775 ipsa
1208 2721 1313 2775 per
1345 2721 1403 2758 se
1442 2704 1655 2759 Veritas
1683 2705 1761 2758 ait
1789 2722 1801 2759 :

175 2820 199 2851 α
232 2801 411 2865 Pater,
443 2798 808 2852 manifestavi
840 2814 1044 2851 nomen
1088 2801 1255 2852 tuum
1294 2798 1625 2851 hominibus
1667 2814 1807 2868 quos

174 2892 373 2947 dedisti
401 2892 549 2945 mihi
580 2892 650 2946 de
677 2892 893 2945 mundo
918 2908 931 2945 :
959 2892 1059 2945 'l‘ui
1091 2895 1255 2945 erant
1279 2893 1336 2946 et
1362 2890 1501 2944 mihi
1525 2907 1619 2946 eos
1647 2891 1801 2945 dedi-

174 2987 258 3052 sti,
281 2991 335 3040 et
366 3000 699 3039 sermonem
730 2988 892 3038 tuum
923 2986 1308 3038 servaverunt.
1337 2984 1497 3038 Nunc
1523 3000 1803 3053 cognove-

173 3085 301 3133 runt
324 3079 467 3149 quia
499 3077 697 3130 omnia
725 3094 851 3149 qua:
877 3076 1083 3131 dedisti
1116 3076 1255 3131 mihi
1282 3075 1380 3130 abs
1406 3079 1461 3130 te
1491 3080 1642 3146 sunt,
1674 3076 1807 3148 quia

174 3173 337 3226 verba
367 3188 502 3243 quae
533 3170 732 3225 dedisti
765 3169 865 3237 eis,
895 3175 952 3224 et
985 3169 1094 3241 ipsi
1123 3172 1469 3240 acceperunt
1499 3175 1554 3223 et
1588 3186 1803 3240 cogno-

176 3269 371 3319 verunt
396 3280 536 3318 vere
566 3264 703 3333 quia
730 3280 763 3316 a
792 3268 847 3318 te
875 3262 1040 3329 exivi,
1074 3267 1132 3316 et
1160 3262 1539 3329 crediderunt,
1574 3262 1709 3334 quia
1744 3268 1806 3317 tu

176 3375 259 3413 me
282 3357 512 3413 misisti.
544 3358 662 3427 Ego
691 3373 794 3426 pro
824 3355 903 3410 eis
930 3372 1095 3426 rogo,
1125 3372 1238 3410 non
1270 3372 1372 3426 pro
1402 3356 1616 3409 mundo
1646 3372 1800 3429 rogo,

176 3453 263 3507 sed
294 3469 399 3523 pro
427 3451 511 3504 eis
539 3466 684 3521 quos
710 3449 910 3504 dedisti
940 3449 1101 3516 mihi,
1130 3450 1263 3521 quia
1288 3449 1372 3502 tui
1403 3453 1553 3503 sunt.
1586 3451 1653 3504 Et
1678 3467 1804 3506 mea

174 3546 356 3600 omnia
383 3549 485 3599 tua
511 3546 663 3609 sunt,
690 3545 747 3597 et
776 3546 875 3596 tua
896 3558 1025 3597 mea
1054 3546 1202 3611 sunt,
1234 3548 1289 3596 et
1317 3542 1650 3596 clariﬁcatus
1676 3560 1803 3597 sum

174 3639 226 3692 in
263 3640 362 3693 eis.
396 3639 465 3692 Et
487 3638 613 3708 jam
649 3652 766 3690 non
802 3652 930 3689 sum
964 3636 1023 3690 in
1056 3636 1291 3702 mundo,
1321 3640 1377 3690 et
1410 3635 1470 3689 hi
1502 3635 1560 3689 in
1588 3636 1802 3691 mundo

174 3736 314 3800 sunt,
350 3736 407 3785 et
437 3747 548 3802 ego
578 3730 650 3784 ad
683 3732 739 3782 te
772 3728 956 3783 venio.
986 3731 1148 3784 Pater
1177 3731 1390 3795 sancte,
1422 3744 1580 3781 serva
1612 3745 1710 3783 eos
1739 3729 1799 3783 in

172 3824 389 3878 nomine
422 3827 522 3877 tuo
567 3839 707 3893 quos
748 3821 953 3876 dedisti
992 3822 1151 3891 mihi,
1183 3825 1249 3875 ut
1286 3838 1467 3875 unum
1513 3822 1626 3875 sint
1657 3822 1802 3876 sicut

1915 1868 2283 1923 dilexerimus
2312 1870 2511 1937 Deum,
2543 1869 2641 1922 sed
2667 1868 2939 1939 quoniam
2965 1868 3086 1939 ipse
3115 1869 3307 1923 dilexit
3332 1886 3455 1935 nos,
3490 1874 3547 1923 et

1914 1962 2072 2015 misit
2099 1960 2302 2015 Filium
2329 1977 2497 2015 suum
2525 1961 2985 2032 propitiationem
3014 1978 3120 2032 pro
3151 1962 3397 2032 peccatis
3434 1978 3542 2016 no-

1914 2055 2035 2110 tris.
2091 2053 2433 2120 Charissimi,
2492 2054 2537 2107 si
2588 2054 2665 2107 sic
2711 2055 2857 2107 Deus
2911 2053 3109 2108 dilexit
3159 2070 3283 2121 nos,
3335 2059 3391 2109 et
3442 2071 3544 2109 nos

1915 2148 2187 2201 debemus
2217 2148 2562 2200 alterutrum
2587 2146 2846 2217 diligere.
2871 2148 3052 2201 Deum
3081 2162 3252 2201 nemo
3277 2147 3421 2201 vidit
3448 2164 3548 2202 un-

1913 2256 2106 2309 quam.
2137 2239 2195 2293 Si
2231 2238 2535 2309 diligamus
2570 2238 2836 2307 invicem,
2870 2239 3014 2292 Deus
3051 2239 3112 2293 in
3140 2238 3304 2293 nobis
3328 2243 3541 2307 manet,
3565 2254 3579 2265 δ

1912 2338 1968 2387 et
1992 2331 2236 2386 charitas
2266 2332 2387 2401 ejus
2416 2331 2475 2385 in
2506 2331 2666 2385 nobis
2692 2332 2943 2402 perfecta
2974 2336 3076 2385 est.
3109 2333 3169 2385 In
3200 2332 3304 2386 hoc
3334 2348 3542 2403 cogno-

1912 2425 2140 2492 scimus,
2169 2425 2440 2497 quoniam
2470 2424 2529 2478 in
2557 2440 2625 2478 eo
2664 2441 2988 2494 manemus,
3019 2429 3077 2479 et
3116 2426 3236 2496 ipse
3264 2425 3322 2480 in
3358 2426 3540 2493 nobis,

1912 2518 2185 2589 quoniam
2211 2518 2279 2572 de
2306 2517 2519 2589 Spiritu
2548 2534 2648 2572 suo
2675 2517 2830 2572 dedit
2856 2518 3041 2573 nobis.
3074 2519 3140 2573 Et
3166 2534 3268 2572 nos
3296 2518 3541 2573 vidimus

1910 2614 1965 2667 et
1998 2611 2385 2679 testiﬁcamur,
2418 2611 2692 2681 quoniam
2728 2612 2894 2666 Pater
2928 2611 3085 2665 misit
3131 2611 3338 2666 Filium
3374 2628 3543 2667 suum

1908 2705 2246 2760 salvatorem
2287 2705 2502 2759 mundi.
2545 2704 2809 2775 Quisquis
2851 2704 3138 2759 confessus
3179 2705 3371 2774 fuerit,
3404 2722 3546 2777 quo-

1906 2798 2061 2852 niam
2087 2800 2246 2853 Jesus
2271 2800 2355 2852 est
2379 2798 2555 2852 Filius
2581 2798 2704 2866 Dei,
2736 2799 2880 2853 Deus
2910 2798 2969 2852 in
2995 2814 3062 2852 eo
3092 2801 3304 2868 manet,
3337 2801 3393 2853 et
3420 2798 3540 2871 ipse

1906 2890 1965 2944 in
1997 2892 2131 2945 Deo.
2162 2892 2227 2945 Et
2262 2907 2362 2945 nos
2393 2891 2788 2962 cognovimus,
2818 2896 2873 2945 et
2910 2891 3251 2945 credidimus
3281 2891 3539 2946 charitati

1906 3000 2079 3054 quam
2107 2984 2280 3039 habet
2303 2985 2446 3038 Deus
2478 2985 2536 3038 in
2572 2984 2758 3039 nobis.
2790 2985 2940 3039 Deus
2966 2984 3210 3039 charitas
3238 2989 3322 3040 est
3350 2988 3407 3040 et
3442 2985 3541 3056 qui

1906 3080 2099 3132 manet
2136 3077 2194 3130 in
2233 3077 2532 3145 charitate,
2574 3078 2632 3131 in
2672 3079 2786 3132 Deo
2826 3080 3041 3143 manet,
3074 3084 3131 3133 et
3165 3079 3312 3132 Deus
3348 3079 3407 3133 in
3449 3095 3535 3134 eo.

1906 3172 1966 3224 In
2004 3170 2108 3225 hoc
2140 3172 2393 3240 perfecta
2425 3175 2511 3225 est
2549 3171 2793 3226 charitas
2828 3171 3148 3239 nobiscum,
3182 3174 3245 3226 ut
3273 3171 3537 3227 ﬁduciam

1906 3263 2227 3318 habeamus
2254 3264 2314 3318 in
2351 3264 2443 3319 die
2467 3263 2688 3334 judicii,
2727 3264 2859 3335 quia
2892 3264 3036 3319 sicut
3074 3265 3168 3320 ille
3206 3270 3309 3335 est,
3343 3268 3400 3320 et
3437 3282 3539 3320 nos

1906 3372 2102 3410 sumus
2133 3357 2191 3410 in
2221 3356 2329 3410 hoc
2366 3357 2602 3412 mundo.
2645 3357 2838 3412 Timor
2876 3374 2988 3412 non
3025 3362 3111 3413 est
3144 3358 3203 3413 in
3238 3358 3532 3427 charitate,

1905 3448 2007 3502 sed
2034 3450 2287 3519 perfecta
2313 3450 2561 3504 charitas
2585 3451 2736 3505 foras
2755 3451 2929 3506 mittit
2956 3451 3241 3518 timorem,
3265 3451 3534 3522 quoniam

1903 3540 2077 3595 timor
2103 3558 2334 3611 pcenam
2358 3542 2547 3596 habet.
2578 3542 2687 3605 Qui
2715 3548 2907 3598 autem
2939 3543 3121 3612 timet,
3151 3560 3269 3599 non
3300 3548 3386 3599 est
3410 3561 3535 3616 pen

1902 3635 2082 3687 fectus
2125 3633 2183 3686 in
2224 3634 2518 3689 charitate.
2566 3637 2672 3688 Nos
2716 3651 2853 3705 ergo
2896 3636 3199 3708 diligamus
3237 3638 3435 3704 Deum,
3479 3642 3533 3693 et

1904 3726 2176 3796 quoniam
2203 3728 2350 3781 Deus
2376 3727 2532 3798 prior
2562 3727 2757 3782 dilexit
2781 3744 2904 3782 nos.
2925 3728 2980 3782 Si
3004 3729 3132 3801 quis
3159 3730 3364 3786 dixerit
3388 3748 3527 3802 quo-

1902 3819 2057 3873 niam
2089 3820 2262 3890 diligo
2288 3822 2469 3874 Deum
2500 3824 2558 3875 et
2590 3821 2827 3876 fratrem
2859 3838 3024 3875 suum
3055 3822 3256 3891 oderit,
3282 3824 3529 3877 mendax

172 3920 221 3970 et
253 3933 374 3971 nos.
426 3918 573 3971 Cum
616 3931 799 3969 essem
835 3930 963 3968 cum
1005 3914 1083 3968 eis
1125 3931 1231 3985 ego
1274 3914 1568 3968 servabam
1609 3932 1705 3969 eos
1740 3916 1795 3969 in
1901 3912 2131 3977 est.Qui
2153 3916 2343 3967 autem
2368 3931 2478 3967 non
2502 3914 2687 3985 diligit
2714 3915 2947 3969 fratrem
2974 3932 3141 3969 suum
3162 3932 3333 3988 quem
3351 3917 3525 3983 videt,

172 4010 389 4063 nomine
418 4013 545 4062 tuo.
586 4008 737 4072 Quos
766 4007 975 4061 dedisti
1005 4007 1166 4075 mihi,
1197 4007 1498 4075 custodivi,
1532 4012 1590 4062 et
1612 3995 1798 4063 'nemo
1900 4007 2079 4060 Deum
2112 4023 2285 4077 quem
2309 4023 2427 4062 non
2457 4008 2609 4061 videt
2642 4008 2925 4079 quomodo
2956 4011 3139 4079 potest
3170 4008 3447 4080 diligere?
3471 4014 3528 4066 et

179 4119 236 4154 ex
276 4102 361 4155 his
401 4101 597 4173 periit,
641 4099 749 4153 nisi
793 4099 943 4153 illius
990 4100 1358 4170 perditionis,
1400 4104 1466 4154 ut
1508 4101 1798 4171 Scriptura
1898 4100 2004 4154 hoc
2029 4101 2366 4154 mandatum
2386 4100 2662 4154 habemus
2690 4102 2964 4170 aDeo,ut
2990 4102 3088 4173 qui
3114 4102 3298 4172 diligit
3322 4104 3521 4171 Deum,

178 4194 484 4267 impleatur.
515 4195 675 4247 Nunc
709 4197 901 4247 autem
937 4194 1007 4248 ad
1043 4197 1099 4247 te
1135 4194 1315 4261 venio,
1348 4197 1405 4248 et
1440 4194 1561 4248 haec
1596 4195 1797 4265 loquor
1898 4196 1955 4246 et
1984 4194 2183 4263 diligat
2216 4194 2448 4247 fratrem
2478 4209 2665 4248 suum.
2691 4193 2884 4248 Omnis
2916 4194 3013 4265 qui
3050 4195 3227 4249 credit
3252 4197 3523 4268 quoniam

181 4286 233 4339 in
257 4286 494 4354 mundo,
524 4288 587 4340 ut
611 4287 863 4340 habeant
889 4286 1163 4358 gaudium
1188 4303 1383 4341 meum
1407 4286 1707 4358 impletum
1734 4287 1793 4340 in
1893 4287 2049 4341 Jesus
2081 4289 2165 4340 est
2196 4286 2450 4341 Christus
2476 4303 2544 4341 ex
2568 4288 2679 4341 Deo
2705 4291 2889 4357 natus,
2919 4291 2978 4342 et
3006 4288 3192 4342 omnis
3217 4289 3314 4361 qui
3339 4291 3524 4362 diligit

184 4380 501 4451 semetipsis.
524 4380 645 4448 Ego
668 4379 796 4434 dedi
824 4380 906 4434 eis
925 4397 1252 4434 sermonem
1277 4383 1440 4434 tuum
1463 4385 1520 4435 et
1545 4380 1793 4435 mundus
1895 4395 2028 4433 cum
2064 4378 2159 4450 qui
2191 4379 2407 4450 genuit,
2439 4379 2624 4450 diligit
2656 4396 2789 4434 eum
2818 4381 2915 4451 qui
2946 4386 3110 4435 natus
3140 4386 3223 4436 est
3249 4400 3317 4437 ex
3347 4400 3431 4438 eo.
3458 4387 3518 4439 In

178 4473 291 4526 odio
323 4473 528 4527 habuit
556 4488 669 4539 eos,
708 4473 840 4544 quia
876 4489 989 4526 non
1018 4478 1152 4527 sunt
1181 4473 1249 4527 de
1284 4473 1520 4542 mundo,
1555 4473 1699 4527 sicut
1736 4472 1870 4543 etD
1894 4472 1999 4525 hoc
2017 4472 2722 4542 cognoscimus,quoniam
2747 4473 3037 4543 diligimus
3060 4477 3226 4528 natos
3249 4476 3366 4544 Dei,
3390 4493 3519 4531 cum

177 4580 272 4634 ego
296 4583 411 4621 non
446 4583 576 4620 sum
604 4565 673 4620 de
704 4566 939 4620 mundo.
973 4568 1096 4621 Non
1135 4583 1273 4637 rogo
1303 4569 1364 4620 ut
1398 4568 1560 4621 tollas
1588 4583 1682 4620 eos
1722 4566 1792 4621 de
1891 4565 2073 4619 Deum
2101 4564 2423 4635 diligamus,
2447 4568 2502 4619 et
2530 4566 2797 4620 mandata
2825 4566 2946 4636 ejus
2965 4566 3257 4637 faciamus,
3286 4568 3409 4623 haec
3435 4574 3521 4625 est

178 4658 394 4721 mundo,
432 4659 532 4713 sed
582 4662 644 4711 ut
677 4675 861 4713 serves
901 4674 993 4713 eos
1034 4676 1067 4713 a
1106 4660 1276 4713 malo.
1312 4661 1384 4713 De
1416 4660 1635 4713 mundo
1674 4676 1788 4714 non
1892 4657 2045 4711 enim
2076 4657 2323 4711 charitas
2350 4657 2471 4725 Dei,
2502 4661 2564 4712 ut
2593 4657 2861 4712 mandata
2888 4658 3009 4729 ejus
3032 4660 3434 4730 custodiamus,
3464 4670 3519 4719 et

177 4754 310 4817 sunt,
340 4754 485 4806 sicut
526 4768 637 4822 ego
672 4768 790 4807 non
823 4768 946 4805 sum
978 4752 1048 4807 de
1086 4752 1321 4806 mundo.
1356 4752 1653 4806 Sanctiﬁca
1693 4769 1789 4807 eos

175 4842 225 4895 in
249 4846 501 4900 veritate.
534 4845 734 4900 Sermo
764 4850 895 4899 tuus
922 4845 1128 4899 veritas
1157 4850 1257 4900 est.
1289 4844 1445 4899 Sicut
1469 4860 1558 4899 me
1586 4844 1789 4899 misisti

174 4936 222 4990 in
244 4938 543 5004 mundum,
573 4943 628 4993 et
655 4955 760 5010 ego
788 4938 918 4992 misi
946 4955 1039 4992 eos
1065 4937 1125 4991 in
1150 4938 1453 4992 mundum.
1482 4939 1549 4991 Et
1578 4954 1679 5008 pro
1706 4938 1786 4992 eis

174 5045 264 5099 ego
290 5032 576 5087 sanctiﬁco
595 5032 900 5103 meipsum,
929 5037 992 5086 ut
1018 5031 1128 5086 sint
1156 5035 1212 5086 et
1240 5031 1343 5103 ipsi
1372 5031 1701 5085 sanctiﬁcati
1726 5032 1785 5085 in

172 5125 417 5191 veritate;
442 5142 557 5180 non
584 5143 686 5197 pro
717 5126 797 5179 eis
820 5130 1011 5180 autem
1038 5142 1180 5197 rogo
1211 5129 1455 5191 tantum,
1480 5124 1575 5179 sed
1602 5129 1657 5179 et
1679 5142 1784 5196 pro

172 5216 238 5269 eis
263 5219 357 5289 qui
387 5218 664 5274 credituri
703 5221 836 5272 sunt
864 5235 967 5289 per
992 5219 1231 5273 verbum
1262 5234 1461 5273 eorum
1489 5218 1549 5271 in
1580 5234 1691 5286 me,
1727 5221 1787 5272 ut

169 5325 348 5367 omnes
384 5328 571 5366 unum
607 5311 742 5381 sint,
786 5311 928 5365 sicut
959 5316 1021 5367 tu
1060 5313 1225 5366 Pater
1252 5312 1313 5365 in
1342 5327 1457 5379 me,
1496 5316 1551 5366 et
1586 5327 1693 5382 ego
1724 5312 1784 5366 in

163 5406 228 5471 te,
258 5410 317 5458 ut
342 5409 401 5459 et
429 5404 541 5477 ipsi
576 5405 635 5459 in
669 5404 830 5459 nobis
854 5421 1037 5460 unum
1076 5405 1206 5475 sint,
1237 5410 1298 5459 ut
1321 5405 1565 5459 mundus
1593 5404 1785 5460 credat

164 5497 282 5566 quia
310 5504 371 5553 tu
398 5514 493 5554 me
530 5497 755 5553 misisti.
784 5500 854 5553 Et
883 5515 992 5571 ego
1023 5497 1334 5554 claritatem
1370 5514 1541 5570 quam
1582 5497 1782 5553 dedisti

162 5589 309 5661 mihi,
335 5592 470 5648 dedi
499 5592 603 5660 eis,
638 5595 705 5647 ut
734 5593 847 5649 sint
878 5609 1057 5647 unum
1082 5592 1229 5647 sicut
1256 5595 1314 5646 et
1340 5608 1444 5647 nos
1471 5607 1651 5647 unum
1685 5609 1778 5646 su-

161 5698 294 5741 mus.
323 5687 443 5760 Ego
468 5687 533 5742 in
566 5685 650 5740 eis
679 5691 737 5743 et
760 5689 823 5742 tu
852 5687 910 5740 in
940 5703 1051 5756 me,
1083 5689 1149 5742 ut
1176 5686 1288 5741 sint
1315 5685 1692 5741 consummati
1720 5685 1781 5740 in

162 5792 349 5851 unum,
378 5785 447 5837 ut
475 5783 782 5853 cognoscat
817 5781 1082 5853 mundus,
1114 5779 1246 5855 quia
1274 5763 1337 5837 tu
1367 5797 1458 5836 me
1495 5779 1696 5835 misisti
1726 5783 1783 5834 et

1889 4750 2156 4805 mandata
2194 4751 2313 4822 ejus
2362 4751 2553 4821 gravia
2595 4767 2707 4805 non
2762 4756 2892 4806 sunt
2928 4750 2992 4822 (Ι
3022 4755 3177 4808 Joan.
3233 4772 3304 4825 Iv,
3356 4760 3514 4827 7-21;

1888 4860 1941 4911 ν,
1980 4844 2103 4915 1-4).
2135 4863 2162 4890 ν)

1959 4939 2025 4991 Et
2043 4953 2146 5008 per
2169 4938 2512 5010 prephetam
2536 4938 2805 4993 Dominus
2831 4940 3116 4995 monendo
3140 4959 3211 4996 ne
3232 4941 3518 5000 laedantur

1889 5028 2150 5101 discipuli
2200 5031 2307 5101 sui,
2360 5047 2673 5104 eorumque
2713 5048 3084 5103 successores,
3130 5033 3359 5108 inquit:
3405 5037 3516 5092 Cir-

1887 5123 2117 5177 cumdat
2149 5124 2383 5194 angelus
2420 5124 2650 5178 Domini
2696 5125 2753 5180 in
2797 5142 2939 5198 gyro
2976 5126 3241 5183 timentes
3277 5146 3427 5196 eum,
3462 5135 3516 5184 et

1887 5219 2047 5271 eruet
2072 5233 2188 5271 eos.
2223 5217 2452 5272 Gustata
2480 5221 2536 5272 et
2559 5218 2744 5274 videte
2770 5220 3043 5291 quoniam
3075 5221 3259 5277 bonus
3289 5226 3374 5276 est
3401 5222 3509 5276 Do-

1884 5310 2093 5365 minus.
2119 5311 2317 5365 Beatus
2336 5312 2423 5365 vir
2441 5312 2537 5384 qui
2563 5316 2752 5383 sperat
2771 5314 2831 5368 in
2858 5330 2943 5370 eo.
2970 5314 3185 5370 Timete
3210 5314 3510 5369 Dominum

1885 5420 2082 5460 omnes
2112 5404 2293 5459 sancti
2318 5405 2459 5476 ejus,
2488 5406 2762 5477 quoniam
2785 5423 2903 5463 non
2934 5413 3018 5464 est
3040 5408 3231 5479 inopia
3255 5407 3509 5461 timenti-

1881 5498 1988 5553 bus
2010 5514 2163 5552 eum.
2185 5497 2399 5554 Leones
2418 5499 2792 5572 indiguerunt
2812 5506 2869 5556 et
2882 5501 3220 5568 esurierunt,
3244 5516 3507 5573 quaren-

1881 5591 2032 5646 tibus
2079 5596 2272 5647 autem
2322 5593 2629 5648 Dominum
2672 5611 2788 5649 non
2838 5594 3018 5650 deerit
3058 5609 3227 5649 omne
3271 5594 3504 5650 bonum.

1879 5685 2200 5757 Ambulate,
2236 5686 2356 5755 filii,
2389 5687 2581 5742 audite
2606 5704 2719 5759 me,
2745 5687 3010 5743 timorem
3044 5686 3271 5743 Domini
3297 5688 3509 5745 docebo

1878 5795 1999 5835 vos.
2026 5780 2157 5845 Quis
2192 5784 2274 5836 est
2312 5780 2396 5835 vir
2426 5780 2521 5852 qui
2557 5780 2691 5838 velit
2727 5780 2920 5847 vitam,
2955 5778 3140 5853 diligit
3168 5782 3285 5839 dies
3317 5783 3508 5840 videre
