4026 6166
595 297 694 351 '207

1488 296 1769 349 APPEND.
1810 297 1895 350 AD
1933 296 2092 351 SAL'C.
2139 297 2223 351 IX.
2254 325 2321 335 —-
2360 295 2602 351 ISIDORI
2639 295 3062 351 MERCATORIS
3779 313 3858 368 203

589 404 810 459 bonos?
838 401 1067 479 custodi
1101 401 1362 472 linguam
1402 405 1561 455 tuam
1588 417 1621 455 a
1653 403 1825 471 malo,
1853 407 1910 457 et
1942 402 2093 457 labia
2119 406 2219 457 tua
2237 414 2298 489 Α
2317 419 2517 457 vorum
2545 418 2797 470 suorum,
2840 406 2897 458 et
2929 401 3194 457 liberabit
3228 418 3338 458 eos.
3372 404 3476 461 Vos
3507 422 3650 479 ergo,
3677 410 3857 485 fratres,

590 514 661 552 ne
696 495 1002 566 loquantur
1025 493 1241 549 dolum.
1276 493 1497 550 Recede
1525 510 1559 548 a
1585 494 1737 549 malo
1770 498 1828 549 et
1856 496 1945 550 fac
1978 496 2214 564 bonum,

589 604 782 659 quaere
802 602 999 657 pacem
1019 590 1079 641 et
1097 602 1438 657 persequere
1459 602 1607 642 eam.
1622 587 1779 643 Oculi
1801 588 2026 643 Domini
2047 605 2219 661 super

580 682 785 751 justos,
826 683 883 733 et
924 694 1089 733 aures
1129 678 1252 748 ejus
1292 678 1364 733 ad
1405 680 1718 734 clamorem
1764 696 1983 736 eorum.
2023 682 2217 736 Vultus

587 777 782 829 autem
802 770 1024 826 Domini
1044 771 1104 825 in
1124 770 1400 826 facientes
1420 773 1662 841 malum,
1682 777 1743 828 ut
1757 774 1960 845 perdat
1978 775 2049 829 de
2070 779 2217 829 terra

584 865 925 921 memoriam
961 880 1184 919 eorum.
1231 864 1635 919 Clamaverunt
1668 865 1808 936 justi
1852 871 1907 922 et
1945 867 2217 922 Dominus

582 957 865 1015 exaudivit
889 974 1001 1024 eos,
1040 961 1096 1011 et
1124 972 1189 1011 ex
1230 957 1497 1011 omnibus
1527 956 1986 1014 tribulationibus
2014 976 2213 1015 eorum

582 1051 843 1106 liberavit
876 1067 970 1106 eos
1007 1049 1302 1104 Dominus.
1334 1051 1499 1105 Juxta
1532 1055 1618 1105 est
1651 1052 1928 1107 Dominus
1959 1053 2213 1109 contritis

585 1145 775 1211 corde,
821 1146 879 1199 et
920 1142 1238 1197 confractos
1287 1143 1492 1213 spiritu
1547 1144 1800 1198 salvabit.
1850 1145 2018 1200 Multa
2060 1146 2213 1201 mala

576 1238 751 1307 justo,
802 1240 859 1291 et
898 1254 966 1292 ex
1008 1237 1272 1292 omnibus
1305 1236 1414 1291 illis
1451 1236 1712 1292 liberavit
1738 1238 1883 1292 'eum
1923 1239 2212 1295 Dominus.

583 1329 841 1385 Custodit
862 1329 1134 1385 Dominus
1160 1329 1353 1384 omnia
1373 1345 1497 1384 ossa
1526 1329 1668 1401 ejus,
1692 1347 1874 1385 unum
1900 1347 1967 1385 ex
1994 1331 2081 1386 his
2099 1348 2214 1387 non

584 1423 994 1495 confringatur.
1023 1424 1331 1479 Interficiet
1354 1423 1596 1493 impium
1624 1423 1860 1494 malitia,
1884 1429 1941 1480 et
1958 1424 2215 1481 odientes

575 1517 799 1587 justum
828 1516 1231 1589 culpabuntur.
1256 1515 1517 1572 Redimet
1544 1517 1815 1572 Dominus
1843 1517 2065 1573 animas
2095 1535 2209 1574 ser-

2318 511 2490 567 super
2507 494 2812 550 Dominum
2834 495 3027 566 ponite
3054 494 3225 550 corda
3251 500 3443 565 vestra,
3464 502 3517 553 et
3538 499 3643 570 ipse
3662 508 3862 562 enutriet

2315 606 2431 656 vos,
2455 588 2590 660 quia
2611 605 2726 643 non
2747 588 2903 643 dabit
2922 588 2981 643 in
3004 591 3284 643 aeternum
3304 589 3695 649 ﬂuctuationem
3712 596 3860 666 justis.

2317 683 2465 737 Deus
2494 686 2683 736 autem
2723 681 3001 736 Dominus
3033 686 3222 736 noster
3261 682 3493 738 deducet
3519 684 3635 757 48
3660 687 3867 745 inimicos

2315 778 2538 830 nostros
2561 775 2731 845 juxta
2755 775 3053 845 prophetae
3078 790 3276 829 vocem
3304 792 3317 830 :
3349 798 3375 823 «
3400 778 3458 830 In
3485 780 3702 848 puteum
3724 781 3865 836 inter-

2313 867 2446 935 itus,
2474 867 2746 939 quoniam
2765 867 2870 922 viri
2894 867 3241 937 sanguinum
3262 872 3316 922 et
3340 869 3514 923 dolosi
3533 887 3638 924 non
3663 871 3872 930 dimidia-

2313 960 2458 1015 bunt
2488 960 2609 1016 dies
2639 977 2772 1016 suos
2812 960 2974 1031 (Psal.
3010 977 3115 1029 LIV,
3146 960 3252 1031 24).
3294 982 3320 1009 ››
3352 962 3458 1016 Vos
3485 966 3660 1017 autem
3692 981 3872 1038 semper

2313 1057 2536 1124 sperate
2561 1055 2622 1108 in
2654 1053 2891 1108 Domino
2919 1056 2975 1109 et
2998 1053 3270 1108 ﬁduciam
3305 1054 3558 1109 habetote
3582 1056 3637 1109 in
3664 1072 3738 1125 eo,
3768 1061 3873 1128 quia

2312 1145 2432 1217 ipse
2456 1146 2719 1202 liberabit
2744 1163 2868 1215 nos,
2896 1147 3014 1218 ipse
3042 1151 3127 1202 est
3152 1147 3302 1202 enim
3326 1147 3641 1202 benedictus
3662 1165 3692 1202 a
3714 1152 3872 1205 saeculo

2315 1255 2492 1311 usque
2520 1239 2581 1294 in
2604 1241 2894 1309 szeculum,
2929 1243 2984 1295 et
3010 1239 3178 1311 regni
3207 1241 3330 1311 ejus
3356 1256 3469 1295 non
3493 1240 3592 1296 erit
3613 1241 3744 1295 ﬁnis.
3769 1243 3873 1296 Data

2312 1348 2413 1387 xm
2454 1332 2689 1389 Kalend.
2731 1333 3009 1401 Octobris,
3052 1334 3193 1389 Caro
3232 1334 3373 1389 Vero
3414 1338 3470 1389 et
3505 1333 3692 1390 Carino
3727 1336 3783 1390 IV
3811 1352 3871 1389 cc.

2314 1426 2534 1480 consul.

1312 1814 1888 1910 INCIPIUNT
1956 1817 2478 1910 DECRETA
2548 1819 2781 1911 GAII
2856 1819 3220 1910 PAPZE.

1889 1995 2071 2061 (Anno
2096 1992 2327 2048 Domini
2356 1996 2636 2064 283-295.)

644 2260 1018 2317 Dilectissimo
1040 2261 1201 2315 fratri
1230 2262 1414 2317 FELICI
1440 2263 1701 2332 episcOpo
1727 2262 1918 2317 Guus.

645 2353 892 2408 Directas
918 2352 991 2407 ad
1011 2369 1117 2407 nos
1141 2357 1256 2409 tuae
1279 2352 1572 2409 charitatis
1599 2353 1866 2424 epistolas
1894 2354 2090 2426 plenas
2109 2370 2205 2409 ca-

570 2447 797 2503 tholicae
824 2446 1207 2518 inquisitionis
1243 2445 1625 2502 sollicitudine
1654 2450 1947 2519 gratanter
1981 2447 2205 2519 accepi-

571 2557 719 2607 mus,
732 2538 1135 2595 benedicentes
1154 2539 1378 2595 Domini
1391 2539 1569 2594 nostri
1583 2539 2116 2611 clementiam,quia
2129 2543 2208 2594 ta-

569 2634 650 2690 les
671 2632 937 2688 extremis
960 2633 1161 2688 mundi
1182 2633 1440 2704 partibus
1457 2632 1727 2704 dignatur
1743 2632 1857 2687 suis
1874 2632 2069 2687 ovibus
2082 2649 2207 2704 pro-

570 2726 761 2782 videre
785 2728 1040 2797 pastores
1060 2742 1166 2797 per
1193 2742 1335 2798 quos
1361 2730 1417 2781 et
1443 2726 1667 2797 pascuis
1690 2726 1914 2780 valeant
1944 2726 2203 2780 salutari-

568 2820 676 2874 bus
704 2819 1011 2888 abundare,
1045 2822 1102 2872 et
1135 2819 1207 2873 ab
1246 2818 1429 2890 iniqui
1469 2819 1589 2890 lupi
1620 2819 1929 2890 rapacitate
1968 2818 2202 2889 servari,

570 2914 633 2966 ut
678 2910 910 2966 insidias
959 2918 1250 2982 nequeant
1292 2913 1414 2983 ejus
1464 2911 1848 2983 subreptionis
1894 2913 2201 2968 incurrere.

566 3004 722 3060 Unde
775 3008 995 3058 certum
1041 3007 1126 3059 est
1174 3004 1309 3074 quia
1353 3004 1645 3075 promissae
1693 3021 1790 3059 vos
1842 3005 2205 3060 beatitudinis

565 3097 746 3170 gratia
782 3097 1182 3168 subsequatur,
1216 3097 1446 3169 quando
1477 3114 1510 3152 a
1546 3098 1703 3153 vobis
1728 3097 2043 3153 caelestium
2080 3114 2205 3170 per-

562 3191 729 3247 fectio
761 3190 1153 3245 doctrinarum
1189 3193 1307 3245 tam
1346 3190 1529 3245 votiva
1564 3190 1941 3247 sciscitatione
1971 3192 2199 3264 perqui-

560 3284 725 3352 ritur,
762 3282 1036 3355 scriptum
1064 3288 1149 3338 est
1183 3283 1375 3338 enim:
1405 3304 1433 3335 ‹‹
1462 3283 1615 3338 Beati
1641 3283 1739 3355 qui
1768 3288 2092 3339 scrutantur
2116 3287 2200 3339 te-

562 3377 826 3432 stimonia
876 3377 1035 3447 ejus,
1091 3382 1148 3431 et
1197 3377 1256 3430 in
1310 3380 1430 3431 toto
1486 3376 1659 3432 corde
1713 3377 2021 3448 exquirunt
2070 3393 2201 3433 eum

561 3472 706 3540 (Isai.
735 3486 920 3539 CXVIII,
955 3470 1032 3541 2).
1063 3492 1090 3519 ››
1124 3471 1239 3525 Hoc
1271 3486 1428 3541 ergo,
1464 3469 1644 3525 frater
1674 3470 2025 3541 charissime,
2064 3487 2200 3542 pro-

562 3563 813 3635 positum
835 3566 948 3617 tuae
968 3562 1395 3618 consultationis
1422 3565 1540 3617 tota
1566 3565 1755 3618 mente
1778 3566 2107 3632 tractantes,
2130 3564 2199 3619 de

2226 2273 2284 2345 B
2308 2261 2569 2328 accusati,
2607 2259 2935 2332 quicunque
2964 2259 3153 2328 fuerit,
3184 2260 3304 2315 sive
3332 2259 3429 2315 ille
3461 2257 3700 2314 sublimis
3721 2256 3792 2311 vir
3813 2256 3883 2309 ha

2307 2353 2480 2421 noris,
2520 2352 2634 2408 sive
2669 2353 2840 2407 ullius
2876 2353 3108 2409 alterius
3142 2353 3444 2424 dignitatis
3481 2352 3577 2424 qui
3614 2352 3707 2405 hoc
3744 2365 3881 2420 genus

2307 2445 2642 2501 illaudabilis
2660 2446 2991 2501 intentionis
3006 2446 3332 2517 arripuerit,
3354 2444 3576 2502 noverit
3590 2440 3883 2516 probationis

2307 2538 2643 2593 documenta
2671 2555 2729 2593 se
2756 2539 2965 2595 debere
2997 2538 3229 2595 inferre.
3260 2539 3325 2595 Si
3351 2539 3477 2611 quis
3504 2554 3635 2607 ergo
3661 2536 3786 2590 circa
3801 2534 3882 2586 hu-

2299 2631 2551 2703 jusmodi
2587 2648 2857 2703 personas
2892 2649 3007 2686 non
3042 2632 3347 2703 probanda
3387 2630 3662 2697 detulerit,
3693 2624 3884 2683 auctori-

2305 2728 2421 2779 tate
2449 2725 2620 2795 hujus
2648 2725 2954 2780 sanctionis
2983 2725 3267 2796 intelligat
3303 2743 3364 2780 se
3387 2726 3661 2796 jacturam
3686 2720 3886 2775 infamia:

2306 2818 2601 2885 sustinere,
2623 2821 2688 2872 ut
2713 2819 2921 2873 damno
2948 2818 3178 2888 pudoris
3206 2817 3597 2873 aestimationis
3620 2813 3885 2886 dispendio,

2306 2911 2483 2966 discat
2519 2911 2628 2966 sibi
2666 2912 2866 2965 alienae
2897 2911 3256 2967 verecundiae
3290 2912 3529 2984 impune
3558 2906 3783 2964 insidiari
3808 2905 3885 2958 sal-

2303 3009 2423 3060 tem
2442 3005 2511 3059 de
2536 3008 2738 3059 caetero
2763 3020 2881 3059 non
2902 3004 3089 3059 licere.
3114 3005 3255 3058 Nam
3279 3004 3529 3077 qualiter
3549 3004 3616 3058 ad
3639 3000 3888 3056 concilium

2304 3097 2584 3167 veniatur,
2613 3100 2714 3152 aut
2744 3097 2992 3167 qualiter
3019 3098 3088 3152 de
3126 3097 3241 3151 suis
3269 3098 3445 3153 rebus
3482 3094 3797 3168 exspoliatis,
3822 3090 3891 3143 vel

2303 3190 2494 3262 ejectis
2521 3207 2555 3244 a
2594 3189 2821 3244 sedibus
2852 3190 3118 3261 propriis,
3154 3195 3259 3255 aut,
3295 3191 3394 3262 qui
3438 3194 3768 3245 accusatores
3794 3186 3891 3239 sunt

2302 3282 2634 3354 recipiendi,
2663 3282 2829 3355 quive
2858 3299 2974 3338 non
3000 3283 3135 3350 sint,
3161 3287 3263 3338 aut
3288 3284 3539 3355 qualiter
3563 3280 3738 3351 ejectis
3759 3283 3807 3333 et
3825 3293 3891 3330 cx-

2300 3376 2555 3448 spoliatis
2598 3374 2710 3431 sint
2745 3376 2937 3430 omnia
2978 3376 3205 3446 legibus
3234 3376 3678 3448 redintegranda
3704 3389 3813 3444 qua:
3836 3368 3895 3424 eis

2303 3469 2486 3525 ablata
2511 3472 2663 3538 sunt,
2694 3469 2830 3541 quia
2860 3468 3190 3540 priusquam
3217 3469 3337 3524 hoc
3376 3470 3590 3525 factum
3616 3466 3774 3522 fuerit
3795 3462 3896 3518 nul-

2300 3563 2423 3617 lum
2452 3562 2672 3617 crimen
2702 3561 2782 3616 eis
2811 3561 3053 3632 objicere
3079 3562 3308 3632 poterit,
3353 3568 3410 3618 et
3441 3562 3681 3635 qualiter
3714 3558 3807 3614 illis
3834 3558 3899 3610 in-

563 3662 618 3711 te
648 3672 878 3728 quoque
904 3656 1200 3728 provenire
1223 3654 1580 3723 conﬁdimus,
1603 3656 1702 3727 qui
1726 3658 1989 3727 regulam
2015 3657 2200 3712 catho-
2219 3633 2273 3707 C
2299 3656 2480 3712 ducite
2525 3661 2655 3727 post
2692 3656 2977 3727 integram
3026 3654 3515 3711 restaurationem
3552 3649 3899 3710 anniversaria!

562 3749 684 3805 lices
705 3748 837 3805 ﬁdei
867 3749 1072 3805 iisdem
1102 3749 1294 3805 studes
1320 3752 1520 3805 tenere
1546 3749 1817 3822 vestigiis,
1841 3749 2048 3821 quibus
2070 3766 2200 3806 eam

560 3844 620 3899 in
671 3843 976 3915 apostolica
1044 3844 1176 3900 sede
1241 3842 1533 3915 cognoscis
1590 3859 1709 3898 esse
1764 3843 2080 3898 fundatam.
2132 3845 2201 3898 Et

562 3938 822 4010 quamvis
861 3954 1031 3992 sonus
1071 3952 1268 3993 eorum
1306 3941 1425 3992 toto
1459 3936 1596 3991 orbe
1636 3935 1892 4004 diffusus,
1925 3941 1982 3991 et
2017 3952 2198 4006 usque

558 4031 633 4086 ad
661 4031 805 4086 ﬁnes
837 4030 991 4085 orbis
1013 4034 1180 4084 terrae.
1204 4029 1373 4083 verba
1392 4045 1590 4084 eorum
1610 4029 1863 4084 distensa
1885 4028 2197 4083 dilectionis

560 4128 672 4177 tuae
703 4122 876 4177 corda
914 4122 1137 4178 Christo
1180 4121 1567 4191 probaverunt
1605 4136 1724 4175 esse
1756 4120 1964 4188 ﬁdelia,
1997 4123 2196 4175 tamen

561 4210 605 4263 si
635 4209 770 4280 quid
800 4226 869 4263 ex
899 4210 987 4263 his
1012 4209 1067 4263 in
1096 4208 1342 4263 Ecclesia
1366 4225 1495 4280 quae
1516 4212 1627 4263 tuae
1656 4207 2071 4281 gubernationi,
2097 4210 2198 4263 Do-

560 4302 720 4357 mino
750 4302 1076 4369 auxiliante,
1107 4302 1408 4356 commissa
1434 4306 1537 4371 est,
1572 4318 1676 4357 nec
1702 4302 1835 4356 dum
1866 4301 2037 4373 plena
2069 4303 2197 4357 luce

559 4394 845 4462 claruerit,
882 4395 953 4449 ad
995 4395 1261 4450 eumdem
1298 4395 1514 4451 fontem
1553 4395 1622 4451 de
1659 4412 1772 4467 quo
1811 4394 1909 4449 illa
1938 4395 2196 4450 salutaris

557 4491 824 4545 manarat
845 4489 1079 4561 lympha
1096 4488 1407 4556 recurritis,
1434 4487 1490 4543 id
1509 4491 1613 4558 est,
1631 4489 1784 4560 quod
1806 4488 1998 4543 debita
2018 4489 2195 4543 chari-

558 4587 672 4639 tate
688 4599 885 4638 sumus
901 4582 1166 4654 amplexi,
1186 4582 1320 4654 quia
1336 4581 1670 4637 ﬁducialiter
1685 4582 1755 4637 de
1773 4581 1861 4636 his
1878 4582 2030 4636 unde
2042 4582 2195 4653 apud

2298 3750 2385 3805 vel
2424 3765 2519 3804 sex
2563 3749 2851 3803 mensium
2892 3748 3257 3819 indulgeudus
3288 3749 3435 3819 sint,
3477 3753 3535 3804 et
3574 3748 3795 3822 qualiter
3825 3758 3902 3796 sua

2300 3840 2495 3896 omnia
2521 3841 2761 3896 licenter
2789 3845 2846 3896 et
2869 3840 3104 3912 paciﬁce
3127 3841 3349 3913 absque
3381 3843 3554 3898 ullius
3583 3840 3730 3914 gravi
3756 3838 3897 3907 impc—

2299 3933 2554 3989 dimento
2591 3933 2915 4005 disponere,
2947 3938 3003 3989 et
3040 3950 3278 3990 suorum
3315 3938 3643 3992 amicorum
3676 3938 3728 3989 et
3758 3929 3899 3986 eccle-

2298 4026 2658 4082 siasticorum
2679 4029 2911 4082 Patrum
2939 4028 3192 4083 conciliis
3214 4029 3295 4084 uti
3321 4031 3577 4087 debeant
3599 4025 3901 4083 sufﬁcienter

2297 4120 2367 4174 ab
2398 4120 2666 4191 apostolis
2690 4138 3038 4193 suorumque
3059 4122 3462 4178 decessoribus
3488 4140 3555 4178 ac
3583 4121 3775 4178 nostris
3792 4132 3905 4189 pra:-

2298 4213 2686 4269 decessoribus
2714 4218 2991 4269 statutum
3029 4231 3150 4269 esse
3188 4218 3467 4286 putamus
3492 4234 3505 4283 ;
3540 4232 3705 4287 super
3732 4212 3808 4266 his
3829 4224 3903 4261 au-

2297 4309 2417 4361 tem
2448 4323 2564 4362 non
2595 4323 2724 4362 reor
2754 4307 2998 4379 amplius
3027 4324 3180 4362 nunc
3213 4308 3335 4362 fore
3367 4308 3790 4381 disputandum,
3820 4299 3904 4357 nisi

2296 4400 2343 4455 si
2368 4400 2721 4456 surrexerint
2747 4400 2884 4455 talia
2914 4417 3043 4472 quae
3069 4400 3259 4456 adhuc
3291 4418 3413 4456 non
3444 4408 3583 4457 sunt
3621 4397 3902 4455 manifesta.

2296 4494 2351 4550 Si
2383 4510 2581 4548 eorum
2608 4496 2800 4549 autem
2829 4496 3038 4548 statuta
3064 4510 3178 4548 non
3204 4494 3552 4564 habueritis,
3570 4494 3772 4549 mittite
3800 4487 3911 4542 ﬁde-

2294 4582 2539 4637 lissimos
2575 4581 2877 4652 scriptores
2900 4582 2997 4653 qui
3036 4583 3160 4637 haec
3186 4599 3382 4638 coram
3406 4584 3675 4640 ﬁdelibus
3708 4576 3906 4635 testibus

557 4694 653 4731 eos
689 4676 1108 4731 observantiam
1153 4692 1271 4730 esse
1313 4674 1534 4730 dixistis
1572 4674 1901 4746 ambiguam
1934 4679 2192 4729 nostram
2296 4674 2589 4746 excipere,
2626 4674 2899 4746 vobisque
2939 4678 3233 4747 reportare
3274 4677 3381 4731 sub
3427 4676 3794 4750 stipulatione
3832 4684 3909 4720 Va-

555 4768 812 4824 voluistis
830 4768 1198 4841 responsione
1218 4767 1819 4839 firmari.Quapropter
1832 4767 2193 4823 dilectionem
2294 4768 2466 4823 leant.

559 4865 718 4918 tuam
748 4862 807 4918 in
838 4863 1082 4918 Domino
1111 4861 1439 4929 salutantes,
1476 4862 1545 4917 de
1581 4861 1823 4933 singulis
1852 4861 2006 4933 quod
2032 4860 2194 4931 juxta
2366 4864 2644 4918 Caeterum
2684 4865 2746 4916 ut
2772 4861 2904 4916 satis
2938 4861 3139 4916 faciam
3181 4862 3463 4918 consultis
3505 4863 3641 4931 tuis,
3675 4862 3741 4916 de
3770 4854 3911 4911 verbo

556 4956 896 5012 catholicam
936 4956 1293 5027 disciplinam
1335 4959 1529 5010 teneat
1561 4954 1886 5026 apostolica:
1919 4954 2065 5010 sedis
2094 4972 2189 5010 au-
2213 4996 2272 5027 η
2293 4955 2701 5010 incarnationis
2726 4958 2779 5009 et
2805 4954 3070 5025 veritatis,
3099 4956 3431 5027 quicunque
3462 4957 3549 5011 illi
3575 4958 3707 5010 sunt
3734 4954 3803 5006 ita
3828 4947 3908 5003 ob-

556 4996 896 5012 w...u...,.....
936 4996 1293 5027 ωυωνιηηω.
1340 4996 1529 5010 mw...
1561 4996 1886 5026 arvum“...
1919 4996 2065 5010 ws..-
2094 4996 2164 5010 υ...
2293 4996 2701 5010 ...νμηηηηηηυ
2726 4996 2779 5009 ι.
2814 4996 3070 5025 .υ...,.....,,
3100 4996 3430 5027 Tunna“
3462 4996 3549 5011 μη
3575 4996 3707 5010 ,πων
3734 4996 3803 5006 ,ν-
3830 4996 3883 5003 --

555 5049 802 5121 ctoritas,
836 5049 1100 5121 subjectis
1131 5048 1416 5120 aliquibus
1461 5048 1636 5103 etiam
1681 5051 2004 5102 sanctarum
2048 4996 2273 5120 capi-D
2296 5048 2488 5103 caecati
2524 5051 2582 5103 et
2616 5065 2650 5103 a
2688 5048 2905 5103 lumine
2950 5047 3205 5103 veritatis
3244 5048 3442 5119 alieni,
3475 5053 3546 5103 ut
3583 5048 3738 5102 verbi
3771 5043 3858 5101 Dei
3890 5057 3915 5091 ξι

556 5143 687 5198 tulis
733 5143 1063 5217 regularum
1112 5147 1165 5199 te
1210 5142 1498 5198 credimus
1549 5140 1969 5196 instruendum.
2005 5141 2194 5197 Primo
2296 5143 2553 5213 tempore
2571 5141 2974 5197 incarnationis
2990 5136 3916 5211 denegentveritatem,ostendant

558 5238 790 5309 quidem
817 5238 956 5292 scias
986 5253 1239 5309 paganos
1268 5241 1325 5291 et
1358 5235 1654 5291 haereticos
1682 5251 1801 5290 non
1838 5251 2001 5307 posse
2031 5234 2192 5290 Chri-
2293 5235 2353 5289 in
2396 5251 2510 5306 quo
2555 5234 2664 5289 sibi
2697 5234 3082 5289 Christianum
3118 5250 3331 5289 nomen
3370 5239 3683 5305 usurpent,
3717 5237 3771 5286 et
3806 5242 3915 5282 cum

554 5332 767 5386 stianos
805 5347 1098 5401 accusare,
1144 5335 1243 5385 aut
1285 5346 1482 5385 vocem
1520 5328 1909 5383 infamationis
1946 5326 2153 5383 inferre
2175 5370 2190 5398 ,
2292 5327 2596 5398 Evangelio
2624 5327 2878 5382 veritatis
2904 5344 3067 5399 aequa
3095 5327 3312 5382 ratione
3338 5327 3722 5382 concordent.
3751 5324 3801 5379 Si
3828 5334 3917 5392 per

555 5425 764 5480 deinde
786 5440 955 5480 nemo
980 5440 1234 5497 unquam
1261 5420 1585 5495 episcopum
1610 5422 1761 5493 apud
1780 5421 2002 5494 judices
2022 5438 2193 5476 saecu-
2290 5421 2537 5493 Virginis
2558 5425 2789 5494 partum
2813 5425 2911 5476 aut
2934 5436 3064 5475 caro
3091 5420 3210 5475 sine
3236 5419 3487 5487 Deitate,
3511 5425 3617 5475 aut
3640 5418 3823 5474 Deitas
3849 5414 3919 5468 est

555 5518 701 5573 lares
746 5520 847 5573 aut
891 5517 1031 5573 alios
1074 5516 1310 5572 clericos
1356 5531 1624 5571 accusare
1669 5517 1993 5586 praesumat.
2034 5516 2103 5570 Et
2145 5514 2191 5569 si
2291 5518 2412 5570 orta
2442 5514 2562 5570 sine
2589 5530 2776 5583 carne,
2806 5514 2949 5569 sicut
2981 5513 3134 5568 enim
3162 5512 3358 5585 negari
3388 5529 3518 5568 non
3550 5515 3738 5585 potest
3765 5522 3915 5563 evan-

555 5609 681 5679 quis
709 5611 1029 5683 episcopus,
1058 5609 1353 5682 presbyter
1380 5612 1479 5664 aut
1507 5608 1799 5677 diaconus,
1827 5609 1912 5664 vel
1948 5608 2191 5681 quilibet
2291 5608 2488 5680 gelista
2517 5608 2742 5664 dicente
2781 5607 2932 5681 quod
2964 5625 2992 5659 «
3028 5607 3276 5663 Verbum
3315 5622 3455 5661 caro
3491 5607 3715 5661 factum
3741 5607 3838 5671 est,
3876 5602 3923 5651 et

552 5700 741 5755 clerici
767 5703 920 5775 apud
946 5703 1240 5776 episcopos
1267 5702 1418 5774 (quia
1444 5701 1580 5757 alibi
1608 5715 1723 5757 non
1750 5706 1971 5774 oportet
1995 5719 2030 5757 a
2054 5718 2187 5774 qua-
2287 5701 2561 5756 habitavit
2590 5702 2646 5757 in
2673 5701 2832 5757 nobis
2853 5702 3027 5774 (Joan.
3052 5718 3090 5770 1,
3124 5702 3191 5773 l),
3218 5720 3246 5753 )›
3270 5701 3344 5755 ita
3365 5700 3581 5771 negari
3612 5715 3729 5753 non
3753 5695 3921 5769 potest

546 5788 687 5843 libet
722 5809 982 5865 persona,
1037 5802 1092 5852 et
1134 5812 1263 5871 quae
1308 5796 1414 5854 rite
1458 5794 1779 5869 recipienda
1824 5796 1924 5867 est)
1973 5795 2183 5853 fuerint
2288 5794 2472 5867 (beato
2490 5797 2744 5867 apostolo
2767 5796 2935 5852 Paulo
2961 5795 3318 5870 praedicante)
3335 5810 3362 5844 «
3388 5793 3677 5864 quoniam
3703 5789 3921 5865 quidem
