4026 6166
222 280 319 336 209

1447 276 1918 334 DECRETALIUM
1955 278 2342 336 COLLECTIO.

3468 282 3569 343 210

217 391 356 445 Deus
404 391 526 443 erat
578 385 636 442 in
685 382 908 443 Christo
974 386 1259 442 mundum
1312 387 1679 443 reconcilians
1734 385 1839 443 sibi
1858 396 2050 469 Aquo
2080 387 2221 442 mihi
2240 388 2576 459 complacui,
2600 389 2789 461 ipsum
2815 390 3009 446 audite
3030 391 3247 463 (Matth.
3280 408 3413 460 xvu,
3436 396 3511 465 5);
3536 415 3564 451 ι)

216 486 284 549 (ΙΙ
301 483 427 539 Cor.
447 498 504 549 v,
528 482 635 552 t9);
659 502 688 531 »
721 498 850 553 qua
876 483 1071 535 autem
1096 480 1481 536 reconciliatio
1509 485 1699 552 posset
1721 498 1839 537 esse

212 594 317 649 qna
344 577 602 630 humano
622 575 820 646 generi
846 574 1315 646 repropitiaretur
1335 576 1503 644 Deus,
1522 575 1568 629 si
1593 575 1840 630 hominis

211 686 438 725 causam
467 669 750 725 mediator
772 668 873 724 Dei
897 668 1318 740 hominumque
1344 685 1462 723 non
1489 668 1839 740 susciperet?

212 763 327 828 Qua
350 779 493 817 vero
518 762 740 818 ratione
766 761 1059 817 veritatem
1080 761 1406 817 mediatoris
1426 761 1707 832 impleret,
1729 762 1841 816 nisi

211 857 302 928 qui
331 856 396 910 in
425 856 615 911 forma
643 855 740 912 Dei
776 855 1010 926 aqualis
1038 858 1124 910 est
1167 854 1338 923 Patri,
1368 854 1427 908 in
1462 856 1652 909 forma
1693 854 1837 910 servi

208 949 490 1021 particeps
522 954 671 1004 esset
711 953 770 1004 et
810 949 992 1004 nostri
1019 954 1086 1003 ut
1123 948 1324 1003 mortis
1348 948 1641 1003 vinculum
1671 948 1839 1002 unius

208 1042 667 1113 pravaricatione
710 1046 1085 1109 contractum,
1118 1040 1286 1095 unius
1327 1044 1510 1096 morte
1546 1040 1648 1112 qui
1688 1041 1841 1095 solus

206 1136 381 1190 morti
404 1134 552 1188 nihil
572 1135 772 1189 debuit
796 1135 1144 1190 solveretur?
1163 1133 1371 1189 Effusio
1392 1134 1546 1189 enim
1558 1134 1697 1205 justi
1716 1150 1841 1189 san-

207 1228 394 1298 guinis
421 1228 631 1283 Christi
659 1230 774 1282 tam
799 1227 908 1282 fuit
944 1228 1098 1282 dives
1134 1228 1205 1282 ad
1242 1227 1512 1298 pretium,
1540 1230 1604 1281 ut
1634 1228 1679 1282 si
1704 1227 1835 1282 uni-
1858 1274 1867 1281 .

204 1320 434 1376 versitas
459 1322 818 1392 captivorum
840 1321 899 1374 in
917 1321 1354 1391 Redemptorem
1373 1337 1541 1375 suum
1560 1321 1837 1388 crederet,

204 1415 423 1468 nullum
461 1414 676 1469 diaboli
712 1415 937 1469 vincula
992 1415 1328 1481 retinerent,
1369 1414 1641 1485 quoniam
1696 1414 1840 1469 sicut

203 1507 508 1578 Apostolus
558 1506 637 1561 ait
679 1524 693 1561 :
749 1529 776 1556 «
818 1507 920 1562 Ubi
970 1509 1164 1561 autem
1209 1506 1518 1561 abundavit
1568 1506 1838 1562 delictum

204 1599 682 1670 superabundavit
724 1600 905 1671 gratia
935 1601 1099 1668 (Rom.
1141 1616 1192 1666 v,
1239 1602 1348 1669 20).
1395 1621 1423 1647 ››
1452 1600 1523 1653 Et
1562 1616 1692 1654 cum
1736 1600 1839 1654 sub

202 1693 415 1763 peccati
424 1692 764 1764 prajudicio
780 1692 897 1747 nati
909 1694 1247 1762 potestatem
1265 1691 1586 1763 acceperint
1596 1692 1667 1747 ad
1676 1691 1840 1762 justi-

1938 484 1997 533 et
2034 480 2155 535 sine
2197 480 2432 536 veritate
2474 482 2656 537 carnis
2688 499 2801 538 non
2838 487 3250 554 protestaretur
3276 486 3520 542 Joannes
3549 504 3563 543 :

1942 593 1969 621 ‹‹
2008 575 2147 628 Ecce
2185 576 2378 645 Agnus
2424 575 2543 643 Dei,
2588 591 2716 630 ecce
2761 576 2859 647 qui
2905 577 3051 631 tollit
3093 583 3321 649 peccata
3363 579 3567 635 mundi

1939 666 2112 738 (Joan.
2143 684 2182 730 ι,
2211 666 2298 738 29)
2324 684 2338 721 :
2367 690 2394 716 ››
2419 666 2540 722 sine
2562 667 2725 722 Verbi
2745 669 3000 739 potentia
3024 686 3142 725 non
3169 671 3333 726 ﬁeret
3360 673 3567 729 reinte-

1940 759 2124 828 gratio
2151 759 2423 815 debilium
2448 762 2505 816 et
2524 759 2821 816 viviﬁcatio
2848 765 3228 833 mortuorum,
3250 768 3307 820 et
3338 765 3459 820 sine
3480 782 3566 822 ve-

1936 852 2100 908 ritate
2140 853 2345 922 carnis,
2384 870 2488 908 nec
2523 852 2680 908 cibus
2712 854 2958 924 jejunio,
2997 872 3101 910 nec
3146 872 3377 912 somnus
3420 863 3568 913 esset

1938 946 2287 1001 necessarius
2331 946 2584 1018 fatigato,
2617 952 2902 1018 postremo
2949 947 3069 1003 sine
3103 949 3271 1003 Verbi
3311 950 3567 1021 potentia

1939 1056 2056 1093 non
2087 1056 2145 1093 se
2170 1039 2442 1095 Dominus
2464 1040 2614 1094 Patri
2642 1039 3011 1111 proﬁteretur
3037 1042 3337 1113 aqualem,
3360 1048 3417 1099 et
3445 1043 3566 1099 sine

1936 1132 2175 1187 veritate
2228 1132 2411 1186 carnis
2455 1149 2571 1187 non
2614 1132 2767 1189 idem
2810 1133 3025 1188 diceret
3075 1135 3299 1189 Patrem
3344 1152 3402 1190 se
3444 1152 3565 1192 esse

1937 1225 2240 1296 majorem,
2272 1242 2403 1280 cum
2444 1225 2724 1281 catholica
2758 1226 2901 1281 ﬁdes
2939 1231 3249 1299 utrumque
3275 1228 3564 1300 suscipiat,

1935 1322 2248 1389 utrumque
2308 1318 2595 1386 defendat,
2641 1334 2771 1390 qua
2807 1320 3119 1375 secundum
3154 1321 3568 1377 confessionem

1936 1411 2087 1466 beati
2116 1411 2264 1466 Petri
2297 1412 2537 1483 apostoli
2578 1429 2757 1467 unum
2798 1412 3081 1468 Christum
3121 1414 3217 1469 Dei
3259 1414 3465 1470 Filium
3512 1419 3569 1470 et

1938 1504 2230 1559 hominem
2248 1505 2428 1559 credit
2448 1509 2507 1559 et
2521 1505 2779 1560 verbum.
2804 1507 3071 1571 Quamvis
3092 1506 3283 1578 itaque
3302 1507 3363 1562 in
3382 1508 3481 1562 illo
3498 1524 3567 1562 ex

1937 1612 2051 1668 quo
2080 1597 2141 1651 in
2174 1600 2336 1652 utero
2363 1598 2608 1669 Virginis
2635 1598 2885 1654 Verbum
2907 1614 3037 1654 caro
3062 1599 3277 1654 factum
3303 1605 3407 1668 est,
3426 1600 3567 1655 nihil

1939 1705 2195 1761 unquam
2220 1689 2279 1744 in
2307 1694 2547 1761 utraque
2572 1691 2756 1745 forma
2780 1692 2994 1763 aliquid
3024 1692 3314 1748 divisionis
3333 1693 3565 1749 exstite-

203 1756 333 1840 tiam
360 1756 721 1852 renascendi,
751 1756 988 1839 validius
1014 1785 1228 1840 factum
1254 1789 1339 1840 est
1363 1756 1580 1840 donum
1603 1756 1834 1840 liberta-
1858 1756 1915 1828 B
1940 1756 2104 1850 rit,et
2122 1799 2226 1853 per
2244 1784 2441 1838 omnia
2452 1756 2819 1840 incrementa
2838 1756 3108 1857 corporea
3126 1786 3292 1841 unius
3311 1802 3567 1858 persona

204 1878 269 1932 tis
294 1895 472 1950 quam
500 1878 755 1933 debitum
792 1877 1100 1933 servitutis.
1133 1878 1317 1943 Quam
1350 1879 1543 1949 itaque
1579 1878 1639 1933 in
1669 1878 1839 1949 hujus

206 1972 541 2026 sacramenti
582 1971 845 2042 prasidio
882 1987 1041 2042 spem
1070 1971 1408 2043 relinquunt
1432 1971 1532 2042 qui
1555 1971 1616 2025 in
1644 1972 1834 2027 Salva-

206 2068 322 2119 tore
348 2069 548 2119 nostro
566 2068 785 2135 negant
803 2064 1042 2119 humani
1063 2064 1318 2135 corporis
1336 2064 1670 2119 veritatem?
1698 2063 1837 2129 Quis

203 2162 298 2221 est,
339 2162 405 2211 ut
458 2157 543 2211 ait
595 2156 913 2227 Apostolus,
955 2155 1053 2227 qui
1096 2177 1123 2206 «
1172 2156 1406 2212 tradidit
1468 2156 1837 2226 semetipsum

202 2266 299 2319 pro
323 2248 493 2303 nobis
510 2248 860 2304 oblationem
889 2254 947 2304 et
970 2249 1215 2303 hostiam
1245 2250 1357 2303 Deo
1383 2248 1445 2304 in
1464 2248 1698 2304 odorem
1717 2265 1838 2303 sua-

204 2342 417 2396 vitatis?
457 2341 677 2411 (Ephes.
709 2359 762 2411 v,
794 2341 870 2411 2.)
894 2364 922 2391 ››
964 2344 1077 2397 Aut
1120 2342 1277 2412 quod
1318 2357 1574 2412 unquam
1621 2341 1833 2395 sacriﬁ-

203 2435 347 2489 cium
379 2434 659 2489 sacratius
688 2433 797 2488 fuit
823 2450 994 2505 quam
1022 2434 1180 2505 quod
1206 2450 1373 2488 verus
1417 2439 1659 2489 aternus
1687 2436 1832 2488 Pon-

203 2528 335 2581 tifex
361 2527 531 2581 altari
560 2527 743 2581 crucis
768 2544 874 2598 per
898 2526 1352 2582 immolationem
1379 2543 1495 2581 sua
1521 2526 1706 2581 carnis
1731 2527 1838 2581 im-

204 2621 407 2690 posuit.
433 2619 592 2673 Licet
611 2620 671 2674 in
696 2624 1005 2691 conspectu
1034 2619 1261 2674 Domini
1289 2620 1535 2691 pretiosa
1546 2620 1837 2690 justorum

208 2730 353 2767 mors
378 2712 512 2779 fuit,
540 2713 752 2767 nullius
780 2715 975 2767 tamen
1010 2712 1247 2767 insontis
1275 2713 1476 2767 occisio
1514 2712 1836 2783 redemptio

205 2806 307 2859 fuit
331 2805 556 2859 mundi.
581 2808 934 2875 Acceperunt
954 2805 1116 2876 justi,
1137 2821 1253 2859 non
1274 2805 1557 2859 dederunt
1576 2820 1830 2859 coronas.

208 2899 280 2951 De
304 2897 647 2953 fortitudine
676 2897 933 2952 fidelium
964 2898 1221 2968 exempla
1241 2898 1376 2952 nata
1401 2901 1533 2951 sunt
1552 2897 1835 2968 patientia

211 3007 317 3045 non
336 2991 490 3045 dona
503 2990 762 3060 justitia,
784 2990 1098 3061 singulares
1118 2989 1329 3061 quippe
1356 2989 1415 3043 in
1436 2989 1671 3060 singulis
1690 3005 1836 3044 mor-

208 3088 285 3137 tes
312 3085 572 3149 fuerunt,
593 3098 702 3137 nec
720 3083 952 3137 alterius
976 3082 1281 3153 quisquam
1301 3081 1561 3137 debitum
1593 3099 1696 3137 suo
1717 3082 1832 3138 ﬁne
1855 3115 1909 3187 Ο

212 3176 487 3246 persolvit,
514 3191 647 3229 cum
682 3174 856 3229 Filius
901 3174 1154 3230 hominis
1186 3191 1329 3229 unus
1370 3174 1518 3229 solus
1561 3175 1835 3230 Dominus

210 3274 386 3324 noster
409 3270 571 3324 Iesus
605 3268 859 3323 Christus
889 3268 988 3339 qui
1014 3284 1146 3323 vere
1186 3272 1309 3322 erat
1340 3284 1521 3339 agnus
1559 3268 1830 3323 immacu-

209 3361 339 3416 latus
363 3361 673 3431 exstiterit,
699 3361 761 3415 in
790 3378 903 3432 quo
932 3377 1135 3416 omnes
1155 3360 1428 3428 cruciﬁxi,
1460 3377 1659 3416 omnes
1689 3377 1835 3416 mor-

212 3455 311 3523 tui,
367 3471 575 3509 omnes
639 3454 879 3525 sepulti,
939 3469 1141 3509 omnes
1204 3458 1337 3509 sunt
1406 3453 1581 3510 etiam
1658 3455 1832 3509 susci-

210 3549 316 3602 tati.
340 3549 423 3603 De
450 3547 660 3618 quibus
696 3548 819 3618 ipse
865 3546 1090 3602 dicebat
1118 3564 1132 3600 :
1165 3568 1192 3594 «
1221 3546 1275 3603 Si
1306 3547 1577 3602 exaltatus
1606 3548 1769 3602 fuero
1800 3565 1834 3603 a

212 3644 367 3707 terra,
396 3642 600 3695 omnia
630 3640 855 3694 traham
898 3639 967 3694 ad
996 3640 1283 3710 meipsum
1314 3640 1484 3710 (Joan.
1519 3657 1621 3709 χιι,
1658 3640 1766 3711 32).
1802 3661 1829 3690 ››

211 3733 354 3788 Fides
380 3733 599 3788 etenim
618 3732 940 3803 justiﬁcans
982 3732 1213 3802 impios,
1245 3737 1301 3787 et
1327 3749 1524 3787 creans
1546 3733 1731 3802 justos
1758 3732 1833 3786 ad

210 3826 570 3881 humanitatis
599 3829 841 3879 retracta
870 3824 1237 3895 perticipium
1264 3824 1325 3879 in
1352 3825 1449 3879 illo
1476 3825 1718 3896 acquirit
1743 3842 1830 3879 sa-

213 3918 393 3987 lutem,
430 3918 487 3973 in
529 3935 644 3989 quo
680 3918 835 3972 solus
874 3918 1046 3973 homo
1079 3934 1137 3971 se
1179 3918 1397 3973 invenit
1438 3918 1830 3987 innocentem,

214 4011 435 4066 liberum
479 4011 701 4065 habens
747 4026 851 4081 per
897 4011 1143 4081 gratiam
1183 4011 1283 4065 Dei
1311 4010 1381 4064 de
1410 4011 1532 4081 ejus
1578 4012 1835 4082 potentia

214 4104 451 4173 gloriari,
473 4103 570 4175 qui
588 4107 791 4158 contra
817 4103 1043 4158 hostem
1061 4103 1301 4158 humani
1324 4103 1553 4175 generis
1566 4103 1626 4158 in
1648 4103 1835 4158 carnis

212 4203 403 4253 nostra
452 4196 777 4251 humilitate
824 4212 1180 4267 congressus,
1212 4197 1299 4250 his
1339 4196 1632 4250 victoriam
1675 4213 1834 4251 suam

214 4291 413 4357 tribuit,
446 4290 505 4344 in
557 4306 808 4361 quorum
837 4305 1073 4360 corpore
1113 4289 1514 4360 triumphavit;
1542 4289 1675 4344 licet
1698 4305 1834 4360 ergo

215 4383 263 4435 in
292 4400 403 4438 uno
439 4383 680 4437 Domino
708 4386 901 4437 nostro
930 4385 1062 4438 Jesu
1091 4382 1311 4437 Christo
1345 4398 1477 4436 vero
1518 4382 1621 4436 Dei
1661 4386 1832 4452 atque

1935 1875 2147 1931 fuerint
2172 1876 2343 1931 totius
2373 1876 2651 1948 temporis
2676 1878 2948 1934 actiones.
2970 1881 3049 1935 Ea
3067 1879 3189 1950 ipsa
3206 1896 3482 1950 namque,
3502 1885 3569 1934 ut

1937 1970 2015 2024 ita
2042 1968 2246 2037 dicam,
2274 1986 2405 2040 qua
2428 1969 2883 2041 inseparabiliter
2902 1972 3051 2027 facta
3078 1976 3213 2027 sunt
3236 1972 3390 2027 nulla
3413 1988 3568 2027 com-

1937 2060 2203 2116 mistione
2239 2062 2662 2131 contundimus,
2702 2063 2805 2118 sed
2842 2065 2997 2134 quod
3042 2064 3314 2136 cujusque
3365 2065 3564 2119 forma

1936 2154 2008 2209 sit
2040 2170 2107 2209 ex
2138 2170 2379 2225 operum
2410 2154 2685 2225 qualitate
2734 2156 3028 2212 sentimus.
3060 2156 3259 2212 Dicant
3299 2173 3435 2228 ergo
3476 2157 3567 2212 isti

1936 2247 2248 2318 hypocrita
2266 2248 2365 2318 qui
2384 2248 2546 2303 cacis
2564 2248 2850 2304 mentibus
2870 2251 3068 2304 lumen
3093 2251 3296 2304 nolunt
3312 2250 3565 2321 recipere

1936 2340 2184 2395 veritatis
2208 2340 2269 2394 in
2297 2357 2411 2411 qua
2441 2341 2628 2395 forma
2655 2342 2833 2396 crucis
2870 2342 3027 2412 ligno
3068 2342 3343 2398 Dominus
3385 2343 3565 2413 maje-

1936 2433 2097 2488 statis
2126 2433 2378 2488 Christus
2403 2434 2607 2488 afﬁxus
2634 2434 2724 2501 sit,
2753 2435 2903 2504 quod
2927 2434 3171 2505 jacuerit
3196 2436 3253 2490 in
3287 2437 3565 2507 sepulcro,

1936 2530 1994 2580 et
2034 2526 2285 2580 revoluto
2331 2526 2519 2597 lapide
2566 2528 2928 2582 monumenti
2959 2545 3089 2598 qua
3128 2529 3293 2583 tertia
3319 2528 3409 2584 die
3438 2544 3567 2583 caro

1936 2618 2285 2673 resurrexit?
2315 2620 2380 2673 Et
2423 2618 2558 2690 quia
2582 2624 2711 2690 post
2740 2620 3212 2675 resurrectionem
3256 2637 3420 2675 suam
3452 2637 3565 2675 non

1935 2711 2233 2765 credentes
2264 2712 2536 2782 quosdam
2577 2711 2880 2783 discipulos
2915 2713 3209 2783 arguebat,
3245 2718 3300 2768 et
3341 2712 3565 2767 hasita-

1936 2802 2153 2858 tionem
2179 2804 2574 2860 cunctantium
2609 2806 2939 2860 confutabat
2958 2822 3088 2861 cum
3113 2805 3359 2861 diceret:
3386 2828 3412 2855 ‹‹
3440 2806 3565 2860 ΡειΙ-

1934 2899 2064 2967 pate
2092 2899 2149 2951 et
2178 2897 2365 2951 videte
2392 2897 2528 2968 quia
2554 2897 2786 2969 spiritus
2828 2915 3059 2954 carnem
3091 2902 3149 2953 et
3174 2915 3297 2953 ossa
3323 2915 3432 2953 non
3467 2899 3565 2953 ha-

1932 2988 2046 3056 bet,
2079 2989 2224 3044 sicut
2262 3007 2357 3043 me
2384 2990 2649 3045 videbitis
2691 2991 2901 3046 habere
2935 2994 3082 3061 (Luc.
3116 3008 3262 3059 xxxv,
3292 2991 3401 3061 39),
3437 3014 3463 3040 ››
3512 2995 3569 3045 et

1933 3082 2183 3152 apostolo
2221 3083 2457 3137 Thema
2499 3100 2511 3137 :
2560 3106 2587 3131 ‹‹
2627 3084 2779 3138 lnfer
2827 3100 3064 3139 manum
3102 3088 3256 3139 tuam
3305 3085 3364 3138 in
3419 3085 3567 3138 latus

1933 3190 2154 3242 meum,
2214 3180 2272 3230 et
2337 3176 2463 3230 vide
2522 3192 2725 3230 manus
2782 3194 2940 3231 meas
2992 3180 3049 3231 et
3102 3178 3296 3248 pedes,
3337 3182 3395 3232 et
3450 3177 3567 3231 noli

1934 3284 2055 3323 esse
2098 3268 2445 3337 incredulus,
2495 3270 2591 3324 sed
2635 3269 2813 3325 ﬁdelis
2859 3270 3033 3341 (Joan.
3085 3287 3175 3337 xx,
3216 3272 3324 3340 27),
3358 3294 3384 3321 ››
3432 3272 3568 3342 quia

1934 3360 2131 3432 utique
2154 3362 2611 3418 manifestatione
2638 3364 2891 3434 corporis
2918 3363 3004 3417 sui
3024 3363 3146 3433 jam
3172 3364 3567 3417 hareticorum

1934 3454 2235 3509 mendacia
2280 3455 2626 3522 destruebat,
2654 3461 2717 3510 ut
2765 3455 3028 3511 universa
3076 3456 3316 3511 Ecclesia
3358 3456 3567 3510 Christi

1932 3547 2257 3601 innovanda
2286 3547 2531 3602 doctoris
2565 3549 2675 3602 hoc
2704 3564 2823 3604 non
2847 3549 2956 3603 sibi
3002 3548 3286 3604 dubitaret
3323 3548 3564 3603 creden-

1933 3639 2093 3706 dum,
2119 3640 2275 3710 quod
2299 3641 2543 3711 apostoli
2573 3645 2943 3711 susceperant
2966 3642 3411 3712 pradicandum,
3430 3659 3495 3697 ac
3521 3642 3567 3696 si

1934 3732 1992 3785 in
2039 3736 2258 3786 tantam
2302 3733 2489 3788 lucem
2527 3733 2780 3787 veritatis
2824 3734 3089 3788 tenebras
3132 3751 3259 3788 suas
3298 3735 3565 3789 haretica

1932 3824 2213 3879 obturatio
2255 3841 2373 3879 non
2413 3825 2706 3896 relinquit,
2737 3826 3038 3880 ostendant
3073 3827 3226 3881 unde
3254 3826 3359 3880 sibi
3405 3843 3565 3897 spem

1932 3917 2062 3971 vita
2096 3916 2470 3989 polliceantur
2495 3922 2743 3985 aterna,
2771 3918 2844 3972 ad
2877 3935 3051 3989 quam
3079 3918 3189 3973 nisi
3216 3935 3317 3990 per
3341 3919 3563 3974 media-

1933 4015 2116 4065 torem
2158 4010 2257 4064 Dei
2300 4014 2358 4065 et
2394 4010 2692 4065 hominum
2735 4010 3032 4065 hominem
3062 4013 3253 4066 Iesum
3276 4010 3563 4066 Christum

1936 4119 2049 4157 non
2074 4106 2262 4174 potest
2289 4103 2592 4174 perveniri.
2623 4104 2779 4158 Sicut
2817 4103 2971 4158 enim
3013 4104 3092 4158 ait
3131 4105 3332 4159 beatus
3368 4106 3567 4158 Petrus

1934 4197 2219 4267 apostolus
2249 4212 2263 4250 :
2289 4217 2317 4244 «
2338 4197 2449 4251 Nec
2475 4200 2561 4253 est
2582 4197 2737 4251 aliud
2758 4213 2973 4252 nomen
3000 4196 3195 4251 datum
3211 4197 3564 4265 hominibus,

1934 4288 2039 4342 sub
2075 4288 2214 4343 c0310
2246 4288 2306 4342 in
2340 4306 2453 4360 quo
2491 4294 2752 4360 oporteat
2792 4306 2899 4344 nos
2945 4290 3124 4344 salvos
3160 4290 3285 4344 ﬁeri
3315 4290 3456 4359 (Act.
3492 4306 3564 4357 ιν,

1939 4383 2043 4450 12),
2074 4402 2100 4429 ››
2124 4397 2232 4435 nec
2260 4384 2345 4437 est
2370 4382 2688 4454 redemptio
2712 4382 3045 4454 captivitatis
3070 4382 3355 4451 humana,
3378 4383 3487 4437 nisi
3506 4383 3563 4436 iu

215 4475 449 4531 hominis
475 4476 595 4530 ﬁlio
626 4476 790 4531 Verbi
833 4479 890 4529 et
927 4474 1116 4529 carnis
1161 4482 1271 4529 una
1313 4491 1557 4545 persona
1584 4476 1674 4544 sit,
1710 4491 1835 4545 qua
1853 4477 1913 4550 D
1936 4473 2209 4544 sanguine
2238 4474 2361 4544 ejus
2387 4475 2487 4546 qui
2516 4474 2673 4531 dedit
2697 4475 3069 4546 semetipsum
3112 4474 3567 4545 redemptionem

215 4568 655 4640 inseparabiliter
711 4573 881 4640 atque
936 4567 1195 4622 indivisa
1243 4584 1576 4623 communes
1628 4567 1838 4622 habeat

215 4662 474 4728 actiones,
506 4660 901 4731 intelligenda
928 4665 1121 4735 tamen
1148 4664 1280 4714 sunt
1312 4659 1567 4730 ipsorum
1598 4676 1834 4731 operum

212 4756 518 4824 qualitates.
560 4755 631 4808 Et
656 4753 734 4808 sie
766 4770 913 4809 vera
938 4752 1072 4808 ﬁdei
1096 4752 1577 4823 contemplatione
1607 4769 1837 4808 cernen-

211 4846 334 4901 dum
359 4851 445 4902 est
474 4848 550 4901 ad
578 4863 707 4917 qua
748 4848 1092 4918 provehatur
1117 4845 1407 4900 humilitas
1441 4845 1648 4915 carnis,
1678 4849 1735 4901 et
1762 4845 1836 4900 ad

207 4956 321 5010 qua
346 4941 657 4996 inclinetur
682 4940 920 4995 altitudo
951 4939 1199 5007 Deitatis,
1233 4939 1385 5009 quod
1417 4938 1489 4993 sit
1524 4939 1675 5009 quod
1703 4955 1834 4992 caro

210 5034 322 5088 sine
354 5035 539 5089 Verbo
571 5050 686 5088 non
716 5033 856 5105 agit,
885 5038 941 5088 et
966 5032 1120 5104 quod
1149 5033 1222 5086 sit
1257 5031 1406 5102 quod
1438 5031 1684 5086 Verbum
1713 5031 1834 5086 sine

208 5141 365 5182 carne
394 5143 513 5182 non
542 5127 736 5181 efﬁcit.
760 5125 895 5181 Sine
926 5125 1094 5180 Verbi
1114 5124 1270 5178 enim
1294 5124 1553 5195 potentia
1582 5140 1685 5178 nec
1707 5140 1836 5178 con-

205 5219 407 5288 ciperet
431 5220 629 5290 Virgo,
654 5236 757 5274 nec
776 5221 1027 5290 pareret,
1050 5220 1107 5272 et
1127 5217 1250 5271 sine
1271 5217 1510 5272 veritate
1537 5216 1719 5271 carnis
1739 5217 1834 5272 ob—

204 5312 389 5367 voluta
413 5312 621 5383 pannis
654 5312 891 5367 infantia
916 5328 1033 5366 non
1052 5312 1293 5382 jaceret.
1319 5310 1455 5365 Sine
1481 5310 1649 5365 Verbi
1673 5310 1829 5365 enim

203 5407 444 5473 potentia
471 5421 593 5460 non
621 5406 927 5460 adorarent
958 5404 1102 5475 Magi
1147 5419 1393 5474 puerum
1438 5403 1600 5458 stella
1645 5402 1831 5459 indice

204 5495 580 5569 declaratum;
602 5500 720 5554 sine
734 5500 970 5554 veritate
990 5496 1176 5552 carnis
1200 5513 1312 5551 non
1327 5495 1633 5567 juberetur
1652 5500 1833 5551 trans-

202 5588 331 5645 ferri
354 5593 415 5647 in
440 5595 751 5664 .i-Lgyptum
789 5609 935 5663 puer
960 5595 1017 5646 et
1052 5590 1123 5645 ab
1162 5589 1398 5645 Herodis
1440 5589 1832 5661 persecutione

205 5684 433 5741 subduci
462 5704 477 5741 :
511 5686 633 5741 sine
662 5685 830 5741 Verbi
857 5684 1122 5757 potentia
1145 5700 1264 5738 non
1289 5682 1500 5739 diceret
1524 5700 1631 5739 vox
1656 5684 1832 5739 Patris

209 5776 372 5833 missa
405 5779 477 5836 de
516 5780 699 5836 calo:
736 5802 764 5829 ‹‹
796 5778 892 5835 Hic
943 5780 1029 5834 est
1071 5776 1241 5832 Filius
1289 5792 1451 5831 meus
1491 5776 1729 5832 dilectus
1774 5777 1832 5833 in

1936 4582 2040 4637 pro
2071 4566 2353 4636 omnibus,
2384 4570 2442 4621 et
2476 4568 2595 4638 qui,
2630 4568 2775 4622 sicut
2802 4568 3070 4638 pradicet
3097 4568 3382 4639 apostolus
3421 4569 3564 4621 Pau-

1937 4660 2026 4712 lus
2048 4676 2060 4713 :
2091 4681 2117 4708 «
2137 4660 2280 4715 Cum
2298 4659 2358 4714 in
2376 4659 2560 4715 forma
2577 4660 2671 4715 Dei
2695 4664 2840 4714 esset
2857 4676 2971 4714 non
2991 4659 3251 4731 rapinam
3266 4659 3567 4715 arbitratus

1935 4756 2021 4806 est
2043 4768 2101 4806 se
2130 4769 2251 4807 esse
2274 4754 2553 4823 aqualem
2578 4755 2712 4820 Deo,
2736 4753 2834 4807 sed
2857 4753 3229 4823 semetipsum
3259 4752 3571 4808 exinanivit

1935 4843 2179 4899 formam
2205 4845 2352 4901 servi
2376 4846 2678 4917 accipiens,
2709 4846 2768 4900 in
2799 4846 3237 4901 similitudinem
3263 4847 3565 4901 hominum

1934 4937 2111 4992 factus
2132 4942 2189 4992 et
2215 4938 2411 4994 habitu
2432 4938 2695 4993 inventus
2714 4942 2775 4992 ut
2800 4939 2994 4994 homo.
3015 4939 3345 4994 Humiliavit
3367 4943 3571 4994 semet-

1934 5030 2121 5101 ipsum
2141 5032 2323 5086 factus
2345 5032 2618 5087 obediens
2644 5032 2795 5086 Patri
2821 5048 3001 5103 usque
3026 5033 3097 5087 ad
3122 5037 3391 5101 mortem,
3418 5048 3566 5086 mor-

1934 5126 2050 5177 tem
2079 5128 2273 5178 autem
2300 5124 2511 5195 crucis;
2546 5128 2778 5196 propter
2810 5125 2963 5196 quod
3007 5129 3064 5180 et
3110 5126 3259 5180 Deus
3304 5124 3568 5179 exaltavit

1932 5216 2117 5285 illum,
2151 5222 2209 5272 et
2237 5217 2468 5272 donavit
2504 5218 2585 5272 illi
2626 5234 2837 5273 nomen
2877 5219 3029 5290 quod
3071 5222 3154 5273 est
3196 5234 3369 5289 super
3396 5230 3565 5270 omne

1933 5326 2163 5378 nomen,
2210 5314 2276 5365 ut
2321 5311 2382 5365 in
2430 5311 2664 5366 nomine
2706 5313 2837 5367 Iesu
2874 5328 3058 5375 _omne
3107 5327 3260 5381 genu
3309 5310 3565 5364 ﬂectatur

1932 5403 2265 5472 caelestium,
2316 5404 2674 5459 terrestrium
2728 5408 2785 5459 et
2832 5404 3211 5460 infernarum.
3258 5404 3327 5456 Et
3376 5399 3562 5455 omnis

1931 5496 2127 5569 lingua
2168 5497 2506 5553 conﬁteatur
2531 5498 2663 5569 quia
2699 5498 2973 5553 Dominus
3012 5498 3170 5552 Iesus
3206 5493 3457 5549 Christus
3501 5493 3559 5547 in

1931 5591 2119 5662 gloria
2185 5596 2271 5647 est
2331 5591 2433 5646 Dei
2496 5591 2675 5646 Patris
2736 5592 2954 5660 (Philip.
3013 5606 3072 5656 II,
3122 5587 3296 5657 6-H).
3343 5606 3373 5639 »
3419 5586 3560 5642 Cum

1932 5699 2068 5755 ergo
2125 5701 2274 5740 unus
2329 5685 2403 5741 sit
2454 5684 2732 5739 Dominus
2795 5684 2952 5737 Iesus
3008 5680 3263 5738 Christus
3314 5682 3372 5736 et
3416 5695 3561 5736 vera

1932 5778 2161 5834 Deitatis
2215 5794 2476 5849 veraque
2534 5774 2898 5831 humanitatis
2953 5773 3010 5827 in
3060 5773 3182 5844 ipso
3236 5790 3351 5829 una
3398 5789 3557 5846 pror-
