4026 6166
516 291 617 349 211
1415 293 1695 348 ΑΡΡΕΝΙ).
1738 294 1824 347 AD
1863 294 2021 348 SiEC.
2064 294 2106 346 11

2206 321 2250 331 -
2289 292 2535 347 lSlDORl
2574 292 2995 349 MERCATORIS
3715 305 3796 363 2l‘2

519 416 615 456 sus
672 397 988 470 eademque
1050 415 1289 470 persona
1345 399 1434 467 sit,
1494 401 1899 455 exaltationem
1954 404 2147 455 tamen
2170 410 2228 484 Α
2248 401 2443 455 omnia
2468 401 2675 455 saecula
2704 403 3138 471 percurrentem
3168 400 3406 456 mundus
3428 402 3495 458 sit
3520 405 3620 461 Deo
3641 425 3798 466 recon-

518 510 694 566 quam
734 493 913 560 illum,
948 493 1093 548 sicut
1125 493 1322 549 doctor
1351 493 1651 564 gentilium
1696 493 1856 563 dixit,
1887 494 2149 548 exaltavit
2248 494 2464 548 ciliatus
2499 493 2558 548 in
2583 493 2822 563 Christo,
2855 497 2934 561 ut,
2965 492 3073 547 nisi
3101 494 3345 549 Verbum
3374 496 3674 567 dignaretur
3696 519 3798 559 caro

520 589 665 642 Deus
695 590 752 643 et
776 587 1005 642 donavit
1034 586 1117 642 illi
1148 603 1359 642 nomen
1385 586 1537 658 quod
1566 591 1648 642 est
1673 603 1842 658 super
1865 604 2033 642 omne
2051 604 2147 641 no-
2245 586 2385 655 ﬁeri,
2401 588 2558 641 nulla
2580 592 2771 658 posset
2790 603 2918 641 caro
2940 587 3156 641 salvari.
3181 589 3352 643 Omne
3372 589 3516 644 enim
3539 608 3800 650 sacramen-

518 696 671 747 men,
697 680 769 735 ad
791 696 917 735 eam
940 679 1311 750 intelligimus
1340 679 1627 751 pertinere
1653 681 1902 735 formam
1921 697 2049 752 quas
2067 680 2148 735 di-
2245 685 2369 736 tum
2389 680 2722 736 Christianae
2741 679 2872 735 ﬁdei
2887 696 3101 752 magno
3115 679 3195 750 (ut
3212 681 3453 736 haeretici
3467 685 3661 754 volunt)
3672 686 3804 742 deco-

518 774 695 830 tanda
723 778 844 831 erat
868 777 1040 828 tantae
1071 772 1491 844 gloriﬁcationis
1513 777 1837 845 augmento.
1867 776 1931 830 In
1963 774 2146 828 forma
2244 774 2464 829 loratur
2481 773 2737 843 obscuro,
2762 773 2807 827 si
2825 775 2917 827 lux
2937 773 3187 829 veritatis
3205 774 3305 828 sub
3324 776 3599 831 mendacio
3618 783 3805 848 putatur

517 868 729 939 quippe
758 866 854 922 Dei
883 866 1120 938 aequalis
1158 868 1279 920 erat
1320 865 1492 921 Filius
1520 865 1690 936 Patri,
1720 869 1778 921 et
1802 866 1954 921 inter
1981 867 2143 937 geni-
2243 866 2471 921 latuisse
2487 867 2923 937 phantasmatis.
2944 868 3066 921 Non
3079 882 3216 938 ergo
3237 867 3528 939 quisquam
3540 869 3633 923 sibi
3646 871 3806 925 erube-

513 965 695 1015 torem
714 964 883 1031 atque
904 959 1268 1030 unigenitum
1288 960 1442 1014 nulla
1463 958 1659 1014 eratin
1681 960 1923 1015 essentia
1943 960 2145 1014 discre—
2245 958 2513 1013 scendum
2545 959 2831 1013 existimet
2853 958 3201 1013 Christianus
3225 958 3294 1013 de
3333 960 3505 1015 nostri
3542 961 3597 1015 in
3626 962 3806 1017 Christo

517 1053 618 1122 tio,
653 1052 810 1107 nulla
846 1052 905 1106 in
950 1053 1245 1123 majestate
1271 1052 1583 1121 diversitas,
1618 1068 1721 1107 nec
1747 1069 1849 1123 per
1884 1053 2140 1107 incarna-
2244 1051 2495 1122 corporis
2519 1052 2776 1119 veritate,
2806 1051 2939 1123 quia
2964 1067 3162 1107 omnes
3186 1052 3423 1123 apostoli
3447 1054 3806 1124 apostolorum-

516 1145 686 1200 tionis
710 1145 1048 1217 mysterium
1079 1145 1290 1216 aliquid
1329 1145 1647 1201 decesserat
1673 1145 1866 1212 verbo,
1900 1146 2054 1216 quod
2091 1145 2143 1200 ei
2246 1162 2357 1217 que
2403 1144 2677 1216 discipuli,
2706 1149 2762 1199 et
2805 1144 3059 1215 praeclari
3102 1145 3469 1200 Ecclesiarum
3512 1146 3699 1216 quique
3736 1146 3809 1201 do-

515 1238 693 1294 Patris
722 1254 965 1293 munere
995 1237 1348 1292 redderetur.
1386 1240 1588 1293 Forma
1622 1241 1811 1293 autem
1845 1238 2009 1307 servi,
2042 1255 2145 1309 per
2245 1242 2427 1294 ctores
2449 1239 2545 1310 qui
2571 1238 2643 1293 ad
2672 1238 2928 1310 martyrii
2959 1254 3231 1294 coronam
3254 1239 3343 1292 vel
3386 1238 3455 1292 ad
3495 1238 3812 1293 confessionis

516 1348 688 1403 quam
715 1330 1079 1401 impassibilis
1109 1331 1292 1385 Deitas
1317 1336 1739 1386 sacramentum
1764 1348 1992 1402 magnae
2022 1332 2140 1401 pie-
2245 1336 2582 1387 meruerunt
2608 1332 2846 1403 gloriam
2876 1331 3191 1402 pervenire,
3221 1331 3280 1385 in
3307 1331 3473 1401 hujus
3496 1330 3619 1385 ﬁdei
3636 1331 3814 1384 lumine

515 1424 647 1479 tatis
660 1424 933 1496 implevit,
948 1424 1202 1479 humana
1224 1424 1521 1479 humilitas
1535 1429 1639 1495 est,
1656 1425 1715 1479 in
1734 1426 1917 1496 gloria
1938 1425 2144 1479 divinae
2243 1425 2658 1496 splenduerunt
2682 1424 2946 1479 consonis
2976 1424 3171 1495 utique
3198 1423 3490 1478 sententiis
3514 1423 3810 1490 intonantes,

514 1516 739 1588 pietatis
764 1521 958 1572 evecta
986 1520 1088 1585 est,
1118 1518 1175 1571 in
1198 1520 1360 1573 tanta
1380 1517 1601 1573 unitate
1621 1518 1693 1572 ab
1721 1518 1842 1589 ipso
1868 1520 2144 1588 conceptu
2246 1518 2393 1588 quod
2426 1518 2485 1571 in
2514 1517 2755 1572 Domino
2783 1519 2913 1572 Jesu
2943 1516 3163 1572 Christo
3203 1515 3424 1570 deitatis
3452 1520 3505 1571 et
3528 1516 3696 1569 carnis
3724 1532 3814 1568 una

516 1608 759 1680 Virginis
785 1611 994 1666 deitate
1021 1612 1079 1665 et
1104 1611 1455 1665 humanitate
1485 1614 1764 1680 conserta,
1796 1614 1862 1665 ut
1887 1627 1992 1666 nec
2022 1610 2142 1665 sine
2245 1611 2318 1664 sit
2337 1610 2654 1665 conﬁtenda
2683 1626 2948 1680 persona.
2974 1609 3093 1674 Qua
3124 1612 3320 1665 autem
3350 1609 3576 1663 rationis
3599 1607 3816 1662 similitu-

514 1703 745 1757 homine
793 1703 1000 1772 divina,
1028 1720 1133 1759 nec
1178 1704 1299 1758 sine
1344 1705 1460 1759 Deo
1508 1708 1818 1776 agerentur
1863 1704 2139 1758 humana.
2163 1772 2204 1776 _
2244 1703 2396 1771 dine,
2425 1720 2539 1774 qua
2564 1703 2885 1757 divinorum
2910 1703 3267 1758 voluminum
3308 1701 3561 1772 portione
3591 1690 3816 1755 heretica

586 1797 824 1866 Propter
860 1796 1014 1866 quod
1050 1796 1192 1851 sicut
1242 1797 1515 1851 Dominus
1550 1772 1885 1868 'majestatis
1939 1772 2220 1851 diciturB
2242 1772 2507 1866 impietas
2534 1812 2591 1851 se
2628 1795 2873 1850 aestimat
2913 1795 3186 1866 adjuvari,
3211 1810 3341 1866 qum
3370 1794 3649 1849 veritatem
3680 1795 3818 1862 negat

516 1887 835 1957 cruciﬁxus,
864 1889 941 1943 ita
965 1890 1061 1960 qui
1088 1906 1153 1944 ex
1174 1890 1624 1961 sempiternitate
1655 1889 1891 1961 aequalis
1918 1893 2003 1944 est
2029 1890 2140 1944 Deo
2242 1889 2492 1959 corporis
2530 1888 2759 1955 Christi,
2783 1905 2913 1943 cum
2954 1889 3101 1942 hanc
3146 1903 3261 1942 non
3306 1888 3396 1942 lex
3422 1884 3702 1951 testiﬁcari,
3723 1899 3816 1937 non

482 2048 491 2059 ί
515 1980 723 2036 dicitur
751 1982 1043 2049 exaltatus,
1075 1983 1209 2053 quia
1237 1982 1689 2053 inseparabiliter
1717 1986 1984 2037 manente
2011 1982 2139 2035 uui-
2241 1982 2517 2052 propheta
2545 1982 2872 2052 praecinere,
2900 1998 3017 2036 non
3036 1981 3347 2052 Evangelia
3367 1979 3583 2046 docere,
3603 1993 3707 2032 non
3722 1976 3816 2046 ipse

515 2077 627 2128 tate
657 2090 916 2145 persona:
945 2092 1094 2128 unus
1121 2080 1291 2144 atque
1322 2076 1470 2130 idem
1511 2079 1595 2130 est
1622 2080 1679 2129 et
1705 2081 1854 2130 totus
1894 2075 2143 2130 hominis
2244 2074 2521 2128 destiterit
2543 2073 2797 2129 Christus
2826 2074 3165 2129 ostendere?
3193 2073 3466 2137 Quaerant
3501 2087 3596 2142 per
3627 2084 3815 2124 omnem

514 2167 662 2221 ﬁlius
699 2174 936 2237 propter
978 2183 1236 2234 carnem,
1269 2170 1326 2220 et
1366 2172 1518 2221 totus
1559 2168 1655 2222 Dei
1703 2168 1875 2221 Filius
1912 2172 2144 2238 propter
2244 2166 2447 2221 seriem
2505 2167 2925 2238 Scripturarum
2979 2183 3093 2238 quo
3144 2167 3413 2221 tenebras
3460 2164 3688 2236 fugiant,
3728 2177 3818 2214 non

515 2275 690 2313 unam
715 2274 845 2312 cum
871 2260 1034 2312 Patre
1070 2258 1356 2312 deitatem.
1389 2259 1675 2330 Quidquid
1706 2260 1860 2313 enim
1890 2259 1952 2313 in
1993 2265 2139 2315 tem-
2242 2277 2353 2332 quo
2378 2276 2573 2314 verum
2614 2260 2808 2314 lumen
2836 2260 3168 2328 obscurent;
3205 2264 3265 2313 et
3292 2276 3395 2331 per
3431 2259 3613 2314 omnia
3644 2254 3818 2309 saecula

513 2367 653 2420 pore
683 2350 898 2421 accepit
922 2350 1175 2405 Christus
1219 2352 1533 2406 secundum
1584 2351 1875 2406 hominem
1906 2352 2138 2422 accepit,
2242 2354 2321 2408 ita
2336 2353 2635 2407 veritatem
2658 2353 2954 2408 inveniunt
2973 2357 3368 2408 coruscantem
3391 2355 3452 2406 ut
3466 2365 3718 2421 magnum
3735 2348 3819 2400 hoc

513 2442 601 2495 cui
628 2459 755 2514 qua:
795 2459 910 2497 non
954 2443 1158 2498 habuit
1197 2443 1620 2513 conferrentur;
1652 2461 1788 2498 nam
1831 2445 2143 2499 secundum
2241 2446 2498 2501 mirabile
2537 2449 2955 2501 sacramentum
2991 2447 3060 2500 ab
3096 2446 3261 2500 initio
3303 2446 3528 2500 videant
3564 2441 3818 2503 creditum,

512 2535 827 2604 potentiam
853 2536 1160 2591 divinitatis
1186 2536 1581 2591 indifferenter
1603 2538 1799 2591 omnia
1825 2554 1951 2608 quae
1971 2538 2143 2592 habet
2244 2539 2392 2609 quod
2412 2543 2496 2593 est
2521 2539 2579 2593 in
2604 2538 2718 2593 ﬁne
2746 2539 3115 2610 completum.
3140 2540 3216 2593 De
3244 2556 3361 2611 quo
3388 2554 3516 2593 cum
3545 2539 3821 2590 sanctarum

511 2629 695 2698 Pater,
728 2628 903 2683 etiam
929 2629 1121 2700 Filius,
1153 2634 1209 2684 et
1236 2646 1364 2702 quae
1400 2631 1458 2684 in
1493 2630 1681 2684 forma
1720 2630 1866 2684 servi
1907 2647 1941 2685 a
1983 2632 2141 2685 Patre
2241 2632 2557 2685 litterarum
2575 2632 2729 2686 nulla
2744 2649 2878 2704 pars
2899 2631 3080 2702 sileat,
3099 2630 3311 2687 sufﬁcit
3340 2630 3594 2703 quaedam
3615 2640 3822 2682 consona

509 2721 727 2791 accepit
753 2722 953 2776 eadem
980 2723 1162 2777 forma
1187 2722 1285 2778 Dei
1312 2723 1487 2778 etiam
1509 2724 1629 2795 ipse
1661 2722 1909 2792 donavit,
1940 2739 2137 2778 secun-
2241 2723 2495 2778 veritatis
2541 2723 2703 2795 signa
2746 2724 3004 2795 posuisse
3045 2724 3253 2796 quibus
3299 2722 3589 2795 diligentia
3624 2718 3738 2773 ﬁdei
3776 2716 3820 2769 in

513 2812 648 2867 dum
667 2813 767 2869 Dei
789 2814 944 2868 enim
964 2817 1208 2870 formam
1235 2816 1352 2887 ipse
1384 2820 1442 2870 et
1461 2818 1623 2872 Pater
1653 2833 1833 2871 unum
1863 2820 2011 2871 sunt.
2038 2816 2138 2871 Se-
2240 2815 2758 2888 splendidissimam
2779 2816 3137 2871 latitudinem
3163 2816 3447 2888 dirigatur
3470 2820 3525 2869 et
3551 2814 3746 2868 sincera
3760 2809 3823 2863 in-

512 2905 763 2960 eundum
789 2906 1036 2962 formam
1068 2908 1210 2962 servi
1241 2926 1355 2963 non
1381 2910 1534 2963 venit
1576 2910 1764 2964 facere
1790 2910 2140 2964 voluntatem
2240 2909 2691 2980 telligentialuce
2710 2909 3033 2980 prospiciat,
3049 2909 3201 2980 quod
3222 2909 3284 2964 in
3302 2909 3443 2964 Filio
3460 2907 3579 2970 Dei,
3600 2905 3747 2977 quise
3762 2901 3823 2955 in-

510 3014 689 3066 suam,
713 3000 809 3054 sed
827 3001 1172 3056 voluntatem
1199 3002 1323 3071 ejus
1348 3002 1444 3072 qui
1462 3002 1617 3057 misit
1646 3020 1797 3069 eum,
1823 3003 2139 3057 secundum
2240 3002 2588 3057 cessabiliter
2612 3001 2794 3057 filium
2814 3003 3060 3057 hominis
3085 3002 3387 3057 hominem
3421 3000 3713 3073 proﬁtetur,
3734 3009 3822 3048 non

510 3092 754 3147 formam
795 3093 944 3147 servi
987 3094 1161 3148 tristis
1187 3100 1271 3150 est
1299 3096 1492 3149 anima
1524 3097 1648 3165 ejus
1674 3112 1852 3168 usque
1881 3096 1955 3149 ad
1980 3113 2135 3150 mor-
2158 3132 2209 3168 ρ
2237 3096 2308 3150 sit
2324 3095 2657 3150 Christianis
2677 3095 3263 3165 erubescendum,sed
3285 3091 3715 3151 constantissime
3732 3088 3825 3159 glo-

512 3188 645 3239 tem.
663 3186 731 3239 Et
746 3186 903 3240 idem
926 3187 1065 3258 ipse,
1083 3187 1227 3241 sicut
1246 3189 1542 3259 Apostolus
1560 3189 1851 3259 praedicat,
1871 3192 1955 3244 est
1981 3189 2136 3243 dives
2160 3180 2213 3206 υ
2237 3189 2525 3258 riandum,
2549 3188 2818 3259 quoniam
2838 3188 3002 3259 (sicut
3022 3188 3102 3242 ait
3120 3188 3325 3243 beatus
3344 3186 3683 3259 Apostolus):
3704 3202 3727 3230 ‹‹
3741 3180 3825 3235 Ma-

511 3279 568 3330 et
609 3295 851 3349 pauper;
899 3280 1052 3334 dives
1100 3281 1235 3351 quia
1278 3281 1634 3351 Evangelista
1681 3282 1903 3336 dicente
1948 3299 1961 3336 :
2007 3303 2034 3330 ‹‹
2075 3283 2136 3337 In
2235 3298 2415 3353 gnum
2441 3286 2523 3336 est
2541 3281 2766 3352 pietatis
2799 3286 3219 3336 sacramentum
3252 3281 3414 3352 quod
3445 3277 3824 3335 manifestatum

507 3370 786 3443 principio
814 3377 935 3428 erat
959 3374 1206 3428 Verbum
1250 3377 1305 3428 et
1331 3374 1578 3429 Verbum
1612 3378 1733 3428 erat
1759 3374 1914 3446 apud
1957 3375 2136 3429 Deum
2235 3379 2321 3430 est
2339 3373 2396 3428 in
2418 3391 2581 3429 carne
2591 3375 2964 3445 justiﬁcatum
2985 3379 3088 3441 est,
3112 3374 3170 3428 in
3192 3374 3403 3445 spiritu
3422 3371 3673 3444 apparuit
3690 3380 3828 3436 ange-

506 3466 565 3517 et
607 3465 754 3519 Deus
803 3470 925 3520 erat
957 3466 1203 3521 Verbum
1246 3467 1419 3537 (Joa‘n.
1471 3484 1509 3530 ι,
1558 3471 1628 3537 l),
1676 3489 1703 3516 »
1748 3468 1858 3522 hoc
1907 3472 2027 3522 erat
2080 3468 2137 3522 in
2232 3467 2320 3534 lis,
2350 3467 2721 3537 praedicatum
2760 3470 2845 3521 est
2883 3466 3175 3537 gentibus,
3219 3467 3509 3521 creditum
3560 3461 3715 3518 estin
3746 3459 3831 3512 hoc

506 3557 789 3628 principio
826 3560 979 3629 apud
1009 3561 1206 3628 Deum,
1238 3550 1428 3614 omnia
1452 3578 1556 3632 per
1585 3561 1772 3632 ipsum
1803 3560 1955 3615 facta
1981 3565 2133 3631 sunt,
2234 3561 2471 3630 mundo,
2502 3564 2858 3631 assumptum
2905 3564 2989 3614 est
3016 3559 3075 3614 in
3103 3558 3285 3629 gloria
3325 3560 3369 3627 (1
3398 3560 3530 3615 Tim.
3572 3573 3647 3623 ιιι,
3689 3553 3775 3624 l6).
3811 3568 3831 3597 ι)

508 3652 566 3703 et
602 3650 723 3705 sine
770 3650 891 3721 ipso
940 3652 1155 3707 factum
1213 3657 1297 3707 est
1361 3653 1523 3709 nihil.
1565 3655 1789 3726 Pauper
1824 3670 1961 3709 vero
1999 3654 2135 3726 quia
2304 3654 2384 3708 De
2414 3653 2811 3725 episcoporum
2837 3669 2994 3718 vero,
3019 3655 3076 3707 et
3100 3651 3594 3723 presbyterorum,
3616 3648 3834 3703 diacono-

505 3748 738 3814 propter
765 3760 868 3799 nos
890 3745 1127 3800 verbum
1159 3763 1285 3801 caro
1315 3747 1530 3801 factum
1561 3750 1663 3815 est,
1689 3750 1746 3802 et
1771 3747 2047 3802 habitavit
2073 3747 2134 3801 in
2233 3762 2473 3817 rumque
2512 3749 2570 3800 et
2606 3745 2965 3819 sequentium
3023 3744 3372 3799 clericorum
3424 3738 3835 3798 ordinationibus

506 3836 688 3892 nobis.
716 3839 851 3903 Quas
879 3842 1072 3895 autem
1115 3843 1199 3895 est
1240 3841 1550 3895 exinanitio
1591 3841 1713 3911 ejus
1758 3856 1955 3911 quaeve
2000 3855 2136 3910 pau-
2234 3843 2454 3892 sanctos
2481 3838 2761 3909 apostolos
2791 3842 2848 3892 et
2875 3853 3221 3892 successores
3250 3854 3477 3905 eorum,
3500 3853 3562 3891 ac
3588 3831 3834 3906 prascipue

504 3933 712 4000 pertas,
748 3931 856 3986 nisi
886 3932 1085 3988 forma:
1114 3933 1330 3987 servilis
1358 3933 1610 4004 acceptio
1640 3948 1742 4003 per
1775 3949 1950 4003 quam
1976 3931 2132 3986 verbi
2230 3931 2590 3999 Anacletum,
2610 3933 2667 3985 et
2680 3935 2958 4001 prasterea
2972 3930 3112 3985 alios
3130 3929 3485 3986 sufﬁcienter
3507 3927 3747 3983 statuisse
3763 3938 3834 3976 co~

503 4023 798 4094 majestate
835 4026 1082 4080 revelata
1113 4026 1454 4096 dispensatio
1500 4027 1766 4079 humanae
1798 4024 2133 4096 redemptio-
2232 4023 2591 4095 gnoscimus;
2623 4028 2680 4078 et
2702 4023 2910 4078 idcirco
2953 4040 3071 4078 non
3099 4026 3183 4077 est
3211 4039 3450 4079 necesse
3493 4038 3642 4077 nunc
3688 4014 3831 4089 repli-

501 4115 588 4168 nis
619 4116 853 4186 impleta
881 4118 1011 4171 est?
1059 4119 1200 4172 Nam
1242 4118 1377 4189 quia
1416 4117 1755 4189 captivitatis
1796 4121 2007 4172 nostrae
2051 4133 2133 4172 re-
2231 4117 2367 4184 cari,
2399 4116 2507 4172 nisi
2536 4116 2688 4189 quod
2720 4116 2804 4171 illi
2831 4133 2945 4171 non
2972 4120 3317 4172 statuerunt.
3356 4116 3504 4172 Illud
3535 4120 3719 4169 tamen
3752 4123 3835 4163 nos

504 4208 643 4261 solvi
683 4208 987 4280 originalia
1012 4210 1232 4264 vincula
1258 4226 1376 4264 non
1402 4214 1684 4281 poterant,
1717 4211 1828 4264 nisi
1868 4211 2135 4266 existeret
2233 4212 2565 4278 statuentes,
2599 4210 2756 4264 vobis
2786 4213 2843 4265 et
2870 4209 3134 4265 omnibus
3165 4225 3392 4265 servare
3420 4208 3764 4269 mandamus,
3786 4202 3837 4254 ut

503 4301 677 4354 homo
715 4302 895 4356 nostri
937 4304 1162 4374 generis
1204 4318 1374 4375 quem
1424 4306 1659 4373 naturas,
1691 4320 1867 4374 quem
1911 4303 2132 4375 peccati
2231 4304 2303 4357 ad
2353 4304 2579 4359 ordines
2630 4304 3036 4359 ecclesiasticos
3082 4303 3161 4358 sic
3199 4303 3498 4370 accedant,
3537 4302 3596 4356 in
3631 4294 3835 4354 ecclesia

500 4394 839 4466 preejudicia
875 4412 993 4450 non
1031 4400 1309 4465 tenerent,
1343 4401 1400 4451 et
1443 4397 1541 4469 qui
1594 4396 1956 4451 immaculato
2000 4414 2128 4451 san-
2232 4396 2329 4468 qui
2354 4397 2610 4451 ordinari
2635 4401 2948 4463 merentur,
2972 4397 3029 4451 id
3057 4402 3143 4452 est
3167 4413 3181 4449 :
3207 4396 3253 4450 si
3273 4397 3405 4468 quis
3430 4394 3716 4468 episcopus
3735 4401 3836 4444 esse

501 4487 677 4557 guine
720 4505 821 4543 suo
864 4488 1312 4561 chirographum
1360 4490 1547 4545 laetale
1594 4489 1858 4558 dilueret,
1893 4490 2036 4546 sicut
2062 4490 2210 4562 abD
2234 4494 2548 4545 mereretur
2567 4489 2639 4544 sit
2666 4491 2856 4560 primo
2889 4488 3168 4559 ostiarius,
3198 4489 3410 4544 deinde
3452 4489 3644 4555 lector,
3672 4486 3838 4556 postea

499 4580 662 4635 initio
690 4584 812 4636 erat
824 4581 1092 4637 divinitus
1118 4582 1584 4654 praeordinatum,
1602 4583 1680 4637 ita
1705 4585 1791 4637 est
1818 4583 1874 4638 in
1892 4584 2130 4655 plenitu-
2230 4582 2528 4649 exorcista,
2552 4582 2687 4637 inde
2716 4586 2971 4637 sacretur
2996 4581 3287 4652 accolitus,
3311 4582 3554 4638 demum
3582 4593 3707 4633 vero
3733 4572 3839 4629 sub-

502 4672 633 4728 dine
661 4675 931 4745 temporis
950 4675 1289 4746 perfectum,
1312 4681 1377 4730 ut
1400 4676 1595 4731 multis
1615 4675 1796 4731 modis
1817 4676 2130 4748 signiﬁcata
2229 4675 2520 4743 diaconus,
2554 4675 2761 4730 deinde
2807 4675 3095 4742 diaconus,
3125 4678 3182 4729 et
3222 4679 3421 4746 postea
3466 4672 3765 4745 presbyter,
3793 4668 3837 4719 et

501 4765 627 4839 49
653 4768 956 4839 promissio
978 4769 1037 4823 in
1066 4769 1163 4823 diu
1184 4773 1565 4840 exspectatum
1592 4769 1812 4825 veniret
1839 4769 2125 4840 effectum,
2228 4768 2448 4835 exinde,
2469 4768 2515 4822 si
2534 4772 2808 4835 meretur,
2829 4768 3126 4839 episcopus
3152 4767 3474 4822 ordinetur.
3491 4768 3556 4821 Et
3579 4764 3837 4836 regiones,

499 4876 603 4915 nec
627 4865 816 4931 posset
844 4878 963 4917 esse
991 4862 1328 4933 ambiguum
1354 4863 1505 4934 quod
1546 4863 1832 4918 continuis
1862 4863 2123 4917 testiﬁca-
2225 4862 2371 4917 sicut
2402 4862 2461 4916 in
2490 4862 2598 4916 hac
2642 4862 2779 4916 urbe
2810 4861 3067 4929 fecimus,
3095 4878 3200 4933 per
3224 4861 3483 4932 singulas
3526 4860 3693 4914 urbes
3730 4866 3839 4925 quw

497 4952 747 5008 tionibus
772 4971 997 5026 semper
1021 4956 1207 5012 fuerat
1231 4957 1578 5011 nuntiatum.
1610 4958 1672 5010 In
1700 4972 1907 5026 magno
1933 4960 2125 5010 autem
2222 4955 2513 5027 pOpulosae
2542 4954 2752 5010 fuerint
2778 4952 3104 5009 diaconibus
3130 4953 3481 5021 dividentur,
3510 4955 3579 5008 Et
3600 4960 3840 5023 quaecun—

497 5046 791 5118 sacrilegio
816 5065 873 5103 se
899 5040 1111 5104 versari
1136 5050 1539 5105 haereticorum
1570 5049 1893 5103 manifestat
1918 5048 2121 5120 impie-
2224 5066 2335 5121 que
2382 5049 2638 5104 difficiles
2690 5047 3031 5120 quaestiones
3084 5064 3187 5119 per
3234 5047 3497 5117 singulas
3552 5040 3839 5117 provincias

496 5142 602 5210 tas,
618 5158 748 5195 cum
766 5142 952 5213 specie
969 5142 1274 5198 divinitatis
1294 5143 1645 5198 honorandae
1665 5143 1928 5196 humanas
1943 5141 2124 5196 carnis
2226 5148 2437 5200 exortae
2469 5144 2708 5215 fuerint,
2733 5158 2956 5213 semper
2982 5140 3055 5196 ad
3081 5140 3272 5197 sedem
3314 5140 3684 5210 apostolicam
3708 5133 3837 5189 refe-

494 5233 554 5287 in
595 5235 816 5291 Christo
864 5236 1149 5308 denegant
1190 5236 1510 5303 veritatem,
1546 5240 1602 5290 et
1632 5235 1895 5307 religiose
1939 5235 2126 5290 existi-
2224 5242 2442 5294 rantur.
2485 5241 2632 5294 Bene
2674 5236 2819 5303 vale,
2870 5236 3063 5305 frater,
3110 5239 3166 5297 et
3202 5250 3294 5289 ora
3340 5250 3449 5304 pro
3496 5233 3676 5287 nobis.
3722 5229 3840 5283 Data

493 5331 656 5384 mant
678 5329 852 5398 credi,
875 5330 921 5385 si
942 5329 1238 5385 dicaturin
1261 5329 1548 5384 Salvatore
1578 5334 1772 5384 nostro
1790 5345 1986 5383 verum
2010 5345 2124 5382 non
2224 5333 2456 5388 Kalend.
2498 5329 2702 5397 Martii,
2743 5328 3088 5385 Diocletiano
3134 5333 3189 5383 et
3232 5326 3570 5385 Constantio
3604 5326 3741 5379 Vero
3775 5318 3845 5373 1V

496 5437 617 5477 esse
657 5423 810 5494 quod
837 5424 1030 5493 salvat,
1060 5440 1189 5479 cum
1217 5422 1298 5478 ita
1324 5423 1638 5479 secundum
1685 5421 2126 5494 promissionem
2225 5443 2305 5481 cc.
2338 5442 2471 5481 cons

1729 5641 2617 5679 ς--ψ-α-σ
