4026 6166
207 321 306 374 2l3

1440 318 1909 373 DECRETALIUM
1946 294 2334 371 construe.

3458 320 3560 375 214

707 617 1281 713 INCIPIUNT
1350 616 1871 710 DECRETA
1941 613 2626 707 MARCELLINI
2697 616 3062 709 PAPIE.

1209 808 1386 875 (Anno
1414 803 1638 861 Domini
1662 805 1786 870 295,
1817 801 2161 873 imperatore
2188 800 2566 873 Maximiano.)

261 1082 671 1154 Mancnunvs,
692 1084 986 1156 episcopus
1002 1088 1213 1140 sanctae
1243 1084 1502 1140 Ecclesiae
1532 1083 1824 1139 catholica:
1845 1091 1906 1165 Α
1926 1083 2009 1135 est
2033 1096 2131 1136 rex
2148 1081 2477 1136 Judzeorum
2506 1082 2720 1152 (Matth.
2754 1099 2814 1149 ιι,
2844 1086 2864 1137 1
2902 1088 2953 1137 et
2973 1081 3048 1152 2).
3074 1102 3101 1131 »
3135 1083 3203 1137 Et
3221 1082 3401 1138 infra:
3434 1103 3463 1135 α
3492 1085 3559 1140 Et

197 1175 353 1230 urbis
410 1178 707 1247 Romanis,
761 1178 1043 1236 SALOMONI
1092 1178 1421 1251 coepiscopo
1469 1177 1528 1232 in
1586 1177 1829 1233 Domino

197 1269 467 1325 salutem.

264 1363 455 1426 Quam
476 1363 837 1419 laudabiliter
856 1382 960 1437 pro
979 1366 1275 1421 catholicae
1304 1364 1437 1419 ﬁdei
1456 1364 1695 1419 veritate
1711 1380 1831 1419 mo-

196 1457 375 1510 rearis
407 1460 469 1511 et
496 1458 595 1527 qui
643 1458 877 1513 sollicite
920 1459 1217 1513 Dominico
1255 1458 1418 1528 gregi
1463 1458 1829 1512 devotionem

195 1550 365 1604 ofﬁcii
396 1551 635 1620 pastoris
664 1550 983 1621 impendas,
1004 1552 1210 1607 tradita
1229 1551 1389 1606 nobis
1408 1568 1512 1621 per
1527 1551 1829 1606 diaconum

194 1648 357 1696 tuum
393 1644 771 1698 fraternitatis
799 1647 911 1698 tua:
939 1645 1143 1715 scripta
1174 1645 1592 1713 demonstrant,
1626 1643 1829 1714 quibus

191 1737 411 1790 notitiae
445 1740 657 1791 nostra;
684 1736 973 1791 insinuare
1002 1738 1205 1792 curasti
1237 1738 1335 1808 qui
1355 1753 1615 1792 errorum
1640 1736 1830 1791 morbi

195 1828 251 1881 in
289 1829 631 1899 regionibus
670 1830 866 1884 vestris
900 1830 1070 1884 modo
1111 1831 1289 1885 exorti
1329 1835 1478 1883 sunt.
1523 1832 1666 1883 Nam
1705 1828 1826 1900 epi-

194 1922 352 1976 stolae
374 1939 589 1989 sermo,
613 1925 672 1976 et
695 1922 1121 1977 commonitorii
1148 1923 1318 1977 series
1342 1922 1582 1977 etlibelli
1605 1921 1683 1976 tui
1705 1926 1826 1975 tex-

198 2018 282 2067 tus
310 2015 603 2085 eloquitur
636 2015 791 2087 quod
836 2015 1092 2086 quidam,
1130 2032 1318 2070 errore
1356 2015 1597 2085 decepti,
1636 2015 1831 2068 dicunt

196 2108 320 2163 ideo
350 2110 585 2162 Patrem
607 2108 882 2179 majorem
903 2109 1040 2163 Filio
1060 2125 1202 2176 esse,
1225 2108 1356 2180 quia
1383 2109 1464 2162 illi
1480 2108 1586 2161 soli
1612 2106 1825 2161 sacriﬁ-

195 2201 341 2254 cium
361 2201 695 2255 immolatur
710 2201 927 2271 etquod
940 2201 1112 2255 Filius
1126 2201 1341 2255 nullam
1360 2216 1489 2255 cum
1506 2201 1666 2255 Patre
1680 2216 1828 2254 com-

1932 1174 2206 1229 intrantes
2226 1174 2461 1229 domum
2482 1175 3085 1248 inveneruntpuerum
3102 1191 3232 1229 cum
3250 1176 3421 1230 Maria
3438 1193 3557 1231 ma-

1931 1271 2017 1321 tre
2039 1268 2180 1338 ejus,
2204 1272 2261 1323 et
2282 1269 2640 1338 procidentes
2667 1269 3046 1324 adoraverunt
3074 1284 3227 1338 eum,
3262 1273 3318 1323 et
3350 1269 3558 1340 apertis

1928 1360 2209 1415 thesauris
2239 1362 2354 1415 suis
2391 1362 2719 1416 obtulerunt
2753 1364 2804 1416 ei
2842 1378 3102 1429 munera,
3146 1378 3371 1429 aurum,
3403 1363 3555 1429 thus,

1928 1470 2179 1523 myrram
2200 1454 2382 1524 (Ibid.,
2408 1459 2511 1523 11).
2534 1476 2561 1503 ››
2584 1454 2935 1510 Sacriﬁcium
2959 1455 3155 1526 itaque
3175 1455 3324 1527 quod
3343 1471 3375 1509 a
3393 1454 3555 1509 Chri-

1929 1546 2130 1601 stianis
2168 1548 2339 1602 sacris
2384 1548 2654 1602 altaribus
2697 1549 3033 1603 admovetur
3058 1564 3174 1603 non
3217 1548 3405 1602 solum
3448 1551 3557 1603 Deo

1928 1641 2078 1693 Patri
2116 1640 2215 1695 sed
2246 1641 2419 1695 etiam
2462 1641 2597 1696 Filio
2641 1641 2930 1695 communi
2968 1641 3265 1695 devotione
3299 1641 3553 1707 offertur,

1928 1734 2202 1805 quoniam
2230 1750 2334 1789 nec
2363 1735 2529 1789 Pater
2563 1734 2683 1788 sine
2718 1734 2857 1789 Filio
2894 1737 3085 1806 potest
3122 1735 3333 1805 offerri,
3371 1750 3555 1808 neque

1929 1843 1962 1880 a
1991 1826 2127 1881 Filio
2153 1827 2272 1882 sine
2302 1829 2467 1882 Patre
2495 1827 2709 1882 sentiri.

1998 1920 2156 1984 Quod
2180 1924 2371 1974 autem
2388 1935 2753 1975 communem
2772 1936 3007 1990 operam
3037 1920 3281 1975 habeant
3304 1923 3471 1975 Pater
3500 1924 3558 1976 et

1930 2012 2117 2079 Filius,
2140 2012 2246 2066 hoc
2265 2013 2437 2066 modo
2466 2013 2698 2067 docetur
2714 2012 2849 2067 dum
2870 2012 3039 2082 primi
3069 2012 3321 2067 hominis
3342 2014 3557 2083 plasma

1928 2107 2070 2159 Deus
2091 2105 2161 2159 ad
2186 2105 2504 2176 imaginem
2523 2105 2623 2159 Dei
2654 2105 2947 2159 communi
2983 2105 3326 2175 operationis
3349 2105 3551 2160 virtute

1928 2197 2122 2252 fecisse
2136 2198 2338 2265 fertur,
2357 2197 2644 2268 Scriptura
2658 2198 2874 2252 dicente
2890 2214 2939 2252 ει(
2958 2197 3248 2251 Faciamus
3261 2198 3555 2252 hominem

195 2294 732 2365 munionisoperam
744 2294 1183 2365 habeat,etquod
1195 2294 1332 2348 illud
1350 2293 1745 2365 propheticum
1758 2294 1826 2347 de
1929 2290 1999 2344 ad
2030 2290 2340 2362 imaginem
2358 2294 2414 2344 et
2443 2290 2871 2345 similitudinem
2894 2295 3149 2344 nostram
3170 2292 3320 2355 (Gen.
3339 2292 3499 2360 1,26).
3526 2310 3550 2341 »

194 2388 309 2441 solo
320 2389 491 2440 Patre
506 2386 722 2441 dictum
738 2387 835 2441 sit:
855 2409 883 2436 «
900 2387 1089 2441 Sciant
1103 2386 1604 2458 gentes,quoniam
1614 2401 1824 2440 nomen
1845 2455 1883 2458 _
1927 2385 2067 2437 Item
2088 2383 2165 2437 ibi
2184 2400 2197 2438 :
2217 2405 2243 2431 ‹‹
2256 2384 2680 2438 Descendamus
2701 2387 2758 2437 et
2772 2383 3190 2438 confundamus
3208 2382 3287 2437 ibi
3300 2383 3555 2453 linguam

193 2480 292 2533 tibi
309 2482 500 2547 .Deus,
535 2483 595 2533 tu
624 2480 773 2534 solus
795 2455 1127 2535 Altissimus
1148 2496 1320 2551 super
1350 2455 1585 2534 omnem
1614 2482 1825 2532 terram
1844 2455 1901 2526 B
1926 2478 2287 2533 eorum(Gen.
2304 2475 2484 2543 II,7).»
2503 2496 2530 2527 «
2545 2478 2610 2530 Et
2621 2475 3050 2546 pluitDominus
3065 2476 3552 2545 aDominoignem

194 2574 357 2639 (Psal.
395 2590 611 2640 Lxxxu,
650 2574 753 2643 19),
797 2574 911 2627 sive
953 2573 1105 2644 quod
1135 2573 1263 2627 ideo
1302 2572 1493 2626 minor
1519 2575 1603 2626 est
1632 2571 1821 2638 Filius,

194 2667 320 2736 quia
345 2666 469 2737 ipse
496 2666 554 2719 in
585 2683 749 2721 cruce
774 2666 1034 2738 pendens
1055 2666 1232 2720 dixit:
1254 2688 1281 2715 ι(
1301 2666 1466 2731 Deus,
1482 2666 1627 2719 Deus
1640 2681 1820 2733 meus,

194 2777 365 2830 quare
395 2776 491 2813 me
533 2758 883 2830 dereliquisti
923 2759 1139 2829 (Matth.
1180 2775 1351 2826 xxvu,
1398 2760 1495 2825 46;
1537 2760 1704 2812 Marc.
1734 2773 1822 2824 xv,

194 2853 300 2909 34).
322 2851 584 2916 nQuibus
616 2855 949 2922 competens
978 2854 1035 2907 et
1064 2867 1383 2922 congruum
1414 2850 1687 2905 reddatur
1714 2866 1826 2904 res-

195 2962 464 3017 ponsum,
487 2945 622 3015 quia
651 2944 794 2999 sicut
824 2946 1007 3013 Patre,
1022 2945 1097 2999 ita
1123 2944 1293 2999 etiam
1324 2944 1464 2999 Filio
1490 2960 1606 2998 non
1639 2943 1824 2998 solum

196 3038 529 3093 Christianis
570 3038 941 3108 temporibus,
982 3038 1357 3092 verumetiam
1396 3053 1429 3090 a
1457 3036 1652 3107 priscis
1678 3040 1820 3091 tem-

198 3132 428 3202 poribus
470 3130 875 3198 sacerdotibus,
909 3130 1075 3185 variis
1115 3130 1422 3202 multisque
1467 3130 1652 3184 modis
1696 3146 1826 3201 pro-

196 3225 394 3279 bamus
416 3223 758 3278 sacriﬁcium
785 3224 951 3279 fuisse
974 3224 1250 3293 oblatum,
1273 3223 1525 3291 Daniele,
1546 3223 1826 3293 propheta

197 3318 411 3372 dicente
447 3335 461 3371 :
494 3340 521 3367 «
553 3318 671 3371 Non
704 3323 786 3371 est
808 3317 966 3371 locus
992 3316 1278 3388 (inquiunt
1305 3322 1417 3371 tres
1438 3315 1615 3387 pueri)
1648 3316 1720 3369 ad
1741 3332 1824 3369 sa-

195 3410 568 3465 criﬁcandum
607 3409 827 3464 nomini
851 3415 949 3465 tuo
978 3416 1035 3464 et
1063 3409 1319 3464 invenire
1348 3408 1821 3475 misericordiam,

196 3504 287 3559 sed
316 3504 373 3558 in
402 3503 601 3558 anima
627 3503 873 3558 contrita
911 3507 967 3559 et
993 3503 1049 3557 in
1092 3503 1293 3574 spiritu
1322 3502 1662 3557 humilitatis
1697 3518 1821 3555 sus-

196 3598 493 3668 cipiamur.
536 3598 606 3651 Et
634 3598 790 3652 sicut
823 3598 1310 3651 holocaustomata
1340 3596 1583 3650 arietum
1613 3599 1671 3649 et
1693 3599 1820 3649 tau-

198 3707 386 3745 rorum
431 3707 830 3761 agnorumque
872 3690 1197 3762 pinguium,
1243 3690 1321 3744 ita
1350 3690 1446 3743 ﬁat
1482 3688 1822 3743 sacriﬁcium

196 3788 449 3839 nostrum
479 3784 540 3838 in
571 3787 874 3855 conspectu
905 3788 1003 3838 tuo
1030 3784 1197 3839 hodie
1216 3788 1281 3838 ut
1299 3784 1523 3854 placeat
1546 3782 1648 3836 tibi
1664 3783 1818 3843 (Dan.

201 3890 273 3940 Ill,
297 3878 362 3929 38
393 3879 447 3928 et
462 3874 620 3944 seq.),
657 3895 686 3922 ››
721 3879 778 3927 et
804 3878 870 3927 ut
901 3873 1100 3927 Filium
1129 3872 1304 3926 fuisse
1329 3888 1623 3943 agnoscas,
1644 3870 1733 3924 cui
1762 3871 1822 3924 hi

199 3970 305 4022 tres
332 3968 499 4039 pueri
534 3966 870 4021 sacriﬁcium
896 3982 952 4020 se
988 3965 1231 4020 confessi
1258 3971 1391 4020 sunt
1416 3965 1731 4034 obtulissse,
1753 3982 1824 4019 ex

200 4060 365 4131 ipsius
389 4060 544 4131 regis
563 4076 628 4113 ac
651 4059 872 4130 tyranni
893 4059 991 4130 qui
1014 4075 1108 4112 eos
1122 4059 1181 4112 in
1202 4060 1494 4113 fornacem
1512 4057 1661 4129 ignis
1674 4058 1824 4112 mitti

200 4158 541 4225 praeceperat
566 4152 926 4208 confessione
965 4152 1187 4207 addisce
1226 4152 1326 4223 qui
1354 4168 1414 4205 se
1453 4167 1582 4205 cum
1617 4151 1819 4219 tribus,

203 4252 462 4316 quartum
486 4247 548 4300 in
576 4245 700 4317 ipso
728 4245 1016 4300 aestuantis
1037 4245 1242 4299 camini
1272 4244 1534 4299 incendio
1548 4244 1823 4299 sociatum

202 4340 441 4410 prodidit
469 4338 849 4408 conspexisse.
883 4361 909 4387 «
945 4340 1163 4403 Nonne,
1196 4339 1403 4409 inquit,
1426 4343 1540 4391 tres
1555 4336 1704 4391 viros
1720 4338 1825 4391 mi-

204 4434 371 4486 simus
389 4434 449 4486 in
472 4433 763 4486 fornacem
783 4431 1034 4486 vinctos?
1061 4432 1403 4485 Etdixerunt
1425 4430 1476 4484 ei
1498 4447 1511 4484 :
1536 4432 1675 4485 Vere
1694 4447 1819 4497 rex;

205 4530 253 4578 et
277 4526 413 4580 dixit
448 4544 461 4580 :
503 4527 647 4579 Ecce
684 4541 793 4595 ego
835 4524 999 4579 video
1037 4528 1281 4596 quatuor
1313 4523 1460 4577 viros
1500 4524 1730 4589 solutos,
1768 4529 1824 4578 et

208 4618 630 4674 deambulantes
642 4618 699 4672 in
714 4618 902 4672 medio
913 4618 1145 4689 ignis,et
1158 4622 1416 4688 aspectus
1428 4616 1616 4687 quarti
1626 4616 1823 4670 similis

206 4711 326 4767 Filio
351 4713 454 4768 Dei
488 4717 577 4766 est
604 4712 786 4774 (Ibid.,
818 4714 877 4765 91
911 4716 961 4765 et
989 4714 1095 4781 92).
1129 4730 1156 4761 »
1200 4710 1355 4764 Idem
1392 4709 1491 4763 Dei
1518 4709 1686 4764 Filius
1718 4726 1823 4781 per

208 4807 537 4878 proPhetam
559 4805 809 4876 loquitur
822 4805 1014 4859 dicens
1034 4820 1047 4858 :
1076 4826 1101 4852 ‹‹
1118 4802 1240 4857 Tibi
1261 4803 1503 4857 offerent
1522 4819 1688 4874 reges
1700 4819 1823 4857 mu-

208 4914 323 4951 nera
356 4899 525 4960 (Psal.
565 4914 730 4967 1.xvu,
773 4901 879 4967 30).
908 4916 954 4973 Δ››
1000 4898 1066 4951 Et
1093 4900 1154 4950 ut
1194 4896 1317 4950 haec
1358 4895 1428 4949 de
1466 4896 1604 4950 Filio
1633 4896 1731 4950 Dei
1762 4912 1821 4949 se

207 4989 393 5045 dixisse
423 4992 673 5060 doceret,
693 4990 833 5045 dixit
858 5006 871 5044 :
896 5010 923 5041 «
952 4990 1135 5060 Reges
1154 4988 1375 5043 Tharsis
1396 4992 1454 5041 et
1471 4988 1672 5043 insulae
1700 5006 1823 5043 mu-

205 5099 325 5138 nera
351 5085 619 5151 offerent,
640 5100 803 5156 reges
818 5084 1067 5138 Arabum
1088 5086 1145 5137 et
1175 5082 1320 5138 Saba
1346 5081 1497 5136 dona
1514 5081 1819 5152 adducent,

1926 2569 2234 2639 etsulphur
2246 2585 2416 2639 super
2432 2568 3200 2639 Sodomam(Gcn.x1x,24).»
3220 2568 3357 2622 Etin
3373 2569 3556 2622 Evan-

1926 2662 2072 2732 gelio
2088 2663 2305 2716 :«Pater
2314 2677 2474 2716 meus
2491 2678 2667 2732 usque
2686 2662 2857 2716 modo
2876 2664 3145 2732 operatur
3155 2666 3209 2715 et
3225 2677 3332 2731 ego
3348 2677 3555 2732 operor

1926 2754 2101 2825 (Joan.
2122 2771 2174 2823 ν,
2201 2755 2305 2825 17).
2331 2774 2357 2806 ››
2382 2753 2651 2809 Similiter
2677 2759 2734 2809 et
2756 2776 2782 2804 «
2805 2771 2980 2826 Opera
2997 2771 3122 2826 qua:
3147 2771 3252 2825 ego
3272 2754 3416 2809 facio
3436 2771 3550 2808 non

1925 2850 2058 2903 sunt
2082 2864 2229 2916 mea,
2258 2848 2353 2903 sed
2387 2848 2509 2919 ejus
2534 2848 2633 2919 qui
2662 2848 2815 2902 misit
2840 2865 2933 2902 me
2966 2848 3145 2903 Patris
3170 2848 3348 2917 (lbid.,
3381 2848 3489 2919 36),
3521 2869 3548 2896 »

1927 2958 2054 3012 qua:
2086 2940 2275 2995 omnia
2317 2957 2432 2994 non
2465 2940 2763 2996 discretam
2797 2941 2971 2996 Patris
2998 2947 3054 2996 et
3082 2941 3205 2995 Filii
3235 2940 3551 3013 potentiam

1924 3038 2264 3101 monstrant,
2282 3034 2380 3088 sed
2404 3050 2576 3089 unam
2599 3034 2910 3090 divinitatis
2934 3034 3320 3106 operationem
3334 3051 3552 3088 annun-

1923 3128 2086 3181 tiant.
2116 3128 2181 3181 Et
2206 3126 2253 3180 is
2283 3125 2379 3196 qui
2400 3130 2705 3197 paternum
2721 3143 2861 3198 opus
2886 3128 3279 3198 exsequitur,a
3300 3125 3550 3198 paternis

1924 3220 2190 3291 operibus
2209 3220 2427 3273 alienus
2443 3236 2563 3273 esse
2585 3236 2703 3274 non
2723 3220 2990 3275 creditur.
3010 3220 3067 3275 Si
3088 3224 3281 3274 autem
3301 3236 3363 3274 ex
3378 3236 3548 3274 evan-

1926 3313 2072 3386 gelio
2105 3314 2306 3368 Filium
2333 3311 2434 3366 Dei
2466 3329 2839 3384 cognosceres
2863 3314 3213 3368 Altissimum
3252 3330 3547 3384 nuncupa-
3613 3324 3631 3348 ι·

1923 3412 2067 3474 tum,
2090 3423 2387 3477 nunquam
2413 3407 2549 3462 Filio
2580 3408 2862 3478 derogans
2888 3408 2993 3461 hoc
3018 3407 3087 3462 de
3113 3408 3228 3462 solo
3250 3408 3367 3461 Deo
3388 3408 3549 3461 Patre
3620 3460 3627 3467 ,

1924 3500 2139 3554 dictum
2160 3516 2401 3570 poneres
2418 3500 2824 3567 testimonium,
2841 3517 2970 3556 cum
2984 3500 3255 3570 scriptum
3279 3500 3375 3553 sit:
3402 3500 3545 3566 «Tu,

1922 3609 2086 3663 puer,
2116 3592 2394 3662 propheta
2427 3592 2695 3647 Altissimi
2722 3592 3004 3648 vocaberis
3034 3593 3179 3664 (Luc.
3212 3610 3250 3662 I,
3282 3592 3393 3663 '76).
3429 3614 3456 3641 »
3484 3594 3551 3646 Et

1924 3690 1993 3739 ut
2038 3684 2207 3739 Filius
2255 3701 2386 3738 cum
2430 3687 2594 3739 Patre
2648 3686 2949 3740 indiscrete
3001 3686 3062 3740 in
3116 3684 3400 3741 altissimis
3457 3686 3551 3739 ha-

1922 3778 2127 3832 bitasse
2186 3777 2471 3844 credatur,
2532 3777 2851 3832 Salomonis
2911 3778 3239 3833 testimonio
3289 3793 3547 3849 compro-

1922 3872 2087 3925 batur
2118 3888 2129 3924 :
2164 3891 2192 3918 «
2220 3871 2337 3940 Ego
2365 3869 2678 3940 (Sapientia
2715 3870 2921 3941 inquit)
2964 3871 3215 3925 habitavi
3241 3872 3298 3924 in
3339 3871 3544 3924 altissi-

1923 3964 2032 4018 mis
2061 3968 2119 4018 et
2142 3964 2383 4018 thronus
2409 3979 2571 4017 meus
2596 3963 2657 4017 in
2682 3963 2946 4017 columna
2972 3962 3141 4017 nubis
3171 3964 3373 4033 (Eccli.,
3397 3980 3545 4030 xxiv,

1924 4057 1995 4129 7).
2027 4076 2055 4108 »
2078 4059 2146 4111 Et
2166 4056 2224 4111 in
2245 4056 2468 4127 psalmo
2496 4056 2867 4127 nonagesimo
2887 4056 3134 4111 secundo
3156 4074 3168 4111 :
3195 4077 3224 4105 ‹‹
3254 4057 3335 4111 Tu
3354 4059 3547 4110 autem

1922 4150 2239 4205 Altissimus
2257 4166 2315 4203 es
2331 4150 2390 4204 in
2413 4154 2711 4215 aeternum,
2732 4149 2991 4217 Domine,
3014 4149 3283 4221 quoniam
3306 4166 3432 4204 ecce
3445 4150 3549 4204 ini-

1924 4243 2058 4297 mici
2076 4243 2160 4297 tui
2176 4242 2501 4313 peribunt.»
2522 4243 2664 4297 Nam
2678 4259 2808 4297 cum
2826 4242 3079 4297 diabolus
3092 4243 3361 4297 thronum
3379 4259 3547 4297 suum

1924 4340 2118 4391 contra
2161 4335 2439 4391 Creatoris
2486 4336 2569 4389 sui
2610 4336 2887 4390 thronum
2941 4336 3002 4390 iu
3045 4336 3331 4390 altissimis
3378 4336 3546 4390 collo-

1923 4433 2095 4495 caret,
2125 4429 2302 4483 elatus
2346 4427 2633 4499 superbia,
2676 4429 2796 4483 haec
2837 4446 3006 4483 ausus
3047 4433 3132 4483 est
3172 4429 3418 4484 nefando
3451 4445 3547 4483 ore

1923 4523 2259 4594 depromere
2293 4537 2306 4575 :
2342 4541 2369 4570 ‹‹
2409 4523 2623 4575 Ponam
2660 4522 2853 4576 sedem
2880 4538 3069 4577 meam
3107 4523 3176 4577 ad
3207 4523 3549 4594 Aquilonem

1924 4615 2176 4687 (inquit);
2204 4615 2507 4669 ascendam
2541 4631 2711 4687 super
2750 4615 2929 4670 sidera
2959 4615 3104 4685 coeli,
3136 4616 3338 4670 sedebo
3377 4631 3549 4686 super

1920 4713 2148 4763 montes
2173 4707 2437 4774 excelsos,
2478 4711 2537 4762 et
2585 4725 2683 4762 ero
2715 4709 2910 4762 similis
2953 4709 3236 4762 Altissimo
3279 4709 3402 4778 (Isa.
3431 4726 3545 4776 xw,

1925 4804 1988 4857 13
2011 4806 2060 4855 et
2092 4802 2194 4871 14).
2221 4822 2249 4849 ››
2280 4803 2421 4855 Item
2444 4801 2829 4856 in‘VSalomone
2854 4818 2867 4855 :
2900 4822 2925 4852 (ι
2949 4803 3026 4856 Ne
3055 4801 3277 4869 dixeris,
3301 4802 3547 4873 peccavi,

1924 4898 1982 4948 et
2027 4894 2165 4966 quid
2215 4894 2415 4948 accidit
2464 4893 2605 4947 mihi
2651 4895 2807 4949 triste
2834 4937 2847 4962 ,
2893 4895 3212 4949 Altissimus
3256 4895 3408 4949 enim
3458 4913 3551 4967 pa-

1922 4988 2070 5041 tiens
2097 4990 2181 5041 est
2206 4986 2559 5041 redditorum
2584 4989 2768 5058 (Eccli.
2802 5004 2855 5053 ν,
2886 4988 2961 5058 4).
2990 5009 3018 5037 ››
3049 4988 3107 5043 Si
3139 4988 3397 5043 auditum
3427 5006 3547 5043 cor-

1923 5079 2008 5134 dis
2028 5079 2111 5134 tui
2137 5079 2437 5151 Scripturis
2456 5096 2569 5134 non
2598 5079 2679 5134 vis
2699 5081 3135 5136 accommodare
3169 5081 3391 5150 divinis,
3421 5099 3548 5155 qua:

208 5181 254 5231 et
263 5178 579 5232 adorabunt
591 5193 725 5231 eum
741 5193 939 5231 omnes
956 5193 1015 5231 re
1022 5192 1346 5247 ges,omnes
1365 5180 1564 5247 gentes
1579 5175 1825 5230 servient
1841 5176 1901 5248 Ι)
1924 5172 2129 5227 Filium
2153 5173 2390 5228 doceant
2407 5173 2751 5229 Altissimum
2776 5178 3191 5246 nuncupatum,
3214 5177 3303 5230 vel
3323 5175 3549 5230 diabolo

208 5269 251 5321 ei
274 5272 433 5338 (Psal.
468 5286 613 5338 Lxxi,
649 5273 713 5325 10
742 5274 793 5325 et
826 5271 930 5336 11).
957 5292 983 5319 ››
1007 5271 1073 5325 Et
1100 5274 1160 5324 ut
1188 5270 1306 5324 htec
1337 5269 1531 5325 omnia
1561 5269 1823 5340 superius

209 5361 490 5435 designata
527 5364 750 5418 Christo
782 5362 919 5418 Filio
956 5362 1051 5418 Dei
1078 5363 1382 5417 doceamus
1414 5362 1585 5417 fuisse
1610 5362 1819 5430 oblata,

208 5453 257 5507 in
292 5457 583 5511 nativitate
630 5456 894 5527 ejusdem
924 5456 1024 5511 Dei
1071 5472 1200 5528 quas
1231 5456 1544 5511 secundum
1590 5470 1823 5510 carnem

207 5547 336 5603 facta
361 5554 447 5604 est
469 5550 779 5622 probamus
813 5550 982 5605 fuisse
1013 5550 1295 5622 completa
1332 5548 1632 5620 Evangelio
1666 5564 1821 5603 com-

208 5642 467 5710 probante
491 5659 504 5697 :
528 5666 557 5693 «
579 5646 722 5700 Cum
738 5646 900 5697 natus
916 5649 1065 5699 esset
1079 5643 1301 5699 Jesusin
1314 5642 1649 5698 Betlilehem
1667 5641 1822 5697 Iudae

212 5734 263 5787 in
290 5736 478 5791 diebus
510 5737 665 5809 regis
698 5737 957 5807 Herodis,
1001 5754 1130 5793 ecce
1169 5738 1325 5809 magi
1359 5737 1429 5792 ab
1465 5736 1691 5792 Oriente
1729 5751 1823 5790 ve-

216 5832 402 5884 nerunt
432 5830 899 5903 Hierosolymam,
931 5831 1182 5887 dicentes
1215 5851 1228 5885 :
1274 5831 1377 5886 Ubi
1418 5833 1499 5885 est
1532 5829 1628 5901 qui
1660 5832 1825 5883 natus

1924 5266 2088 5321 crede
2127 5265 2225 5337 qui
2271 5271 2469 5321 contra
2512 5265 2737 5340 Opiﬁcis
2761 5268 2847 5321 sui
2885 5267 3159 5323 thronum
3203 5268 3396 5322 sedem
3442 5267 3547 5320 sibi

1921 5360 2101 5415 voluit
2124 5359 2420 5414 collocare.
2448 5361 2519 5415 Ut
2548 5376 2683 5414 eum
2721 5361 3041 5431 agnoscatis
3078 5362 3279 5415 Filium
3325 5377 3357 5413 a
3384 5360 3544 5413 Patre

1928 5454 2009 5523 (ut
2037 5469 2136 5507 vos
2160 5452 2547 5523 suspicamini)
2573 5469 2692 5507 non
2726 5453 2895 5509 fuisse
2935 5454 3158 5525 penitus
3190 5452 3543 5519 derelictum,

1924 5546 2032 5601 hoc
2062 5545 2131 5599 de
2158 5560 2218 5599 se
2242 5544 2301 5599 in
2331 5545 2635 5617 Evangelia
2662 5547 2852 5618 posuit
2868 5545 3257 5601 testimonium
3281 5560 3294 5597 :
3325 5564 3353 5593 ‹‹
3379 5546 3548 5599 Pater

1924 5638 2021 5711 qui
2048 5654 2141 5693 me
2167 5637 2341 5708 misit,
2372 5655 2599 5694 mecum
2620 5646 2704 5694 est
2733 5643 2789 5694 et
2814 5654 2932 5693 non
2965 5638 3197 5709 reliquit
3220 5651 3313 5692 me
3338 5638 3543 5708 solum,

1925 5731 2060 5805 quia
2078 5748 2207 5804 qua:
2223 5731 2427 5804 placita
2442 5732 2637 5787 suntei
2649 5731 2794 5787 facio
2807 5747 3031 5803 semper
3046 5732 3219 5802 (Joan.
3242 5748 3357 5801 vm,
3384 5733 3492 5795 29).
3515 5753 3542 5784 »

1926 5825 2085 5880 Unde
2110 5841 2213 5896 pro
2238 5825 2592 5897 surreptione
2633 5824 2984 5892 mandamus,
3013 5828 3079 5878 ut
3104 5826 3286 5881 omnis
3310 5842 3443 5882 cura
3463 5831 3542 5882 at-
