4026 6166
534 304 640 363 215

1431 272 1712 362 tremo.
1756 310 1841 361 AD
1879 310 2037 364 sam.
2082 309 2167 362 1x.
2202 336 2267 346 -
2306 308 2549 363 lSlDORl
2587 306 3010 363 MERCATORIS
3739 312 3818 367 2m

540 431 649 487 que
676 414 991 469 sollicitudo
1016 413 1291 484 invigilet,
1315 429 1419 468 nec
1439 414 1579 469 ﬁdes
1597 419 1914 470 temeretur
1936 421 2034 471 aut
2054 416 2166 470 vio—
2185 428 2243 500 Α
2264 416 2538 487 scriptum
2568 418 2653 469 est
2675 431 2688 469 :
2721 435 2749 465 ι(
2780 416 3087 469 Narremus
3102 429 3168 467 ea
3182 411 3307 468 ﬁliis
3331 414 3544 481 nostris,
3572 419 3706 471 utea
3721 434 3817 474 me-

539 509 706 562 letur.
726 509 848 562 Iam
874 506 1062 561 nullus
1084 510 1170 560 est
1198 505 1731 583 ignorantiaelocus,
1760 508 1947 562 nullus
1972 512 2165 563 utatur

538 600 912 672 simplicitatis
956 599 1318 655 excusatione
1345 601 1651 672 praeterita.
1689 600 1901 655 Scienti
1930 617 2164 673 peccare

534 692 854 748 necessaria
894 695 978 747 est
1024 693 1296 760 confusio,
1347 699 1403 747 et
1451 694 1602 764 quod
1652 710 1845 749 errore
1885 694 2164 749 contraxit

537 785 769 841 scientia
794 786 1159 841 reformetur.
1191 788 1319 853 Ista,
1355 786 1551 854 frater,
1579 791 1734 854 tene,
1767 791 1822 843 et
1846 788 1970 842 haec
2001 787 2158 842 doce.

536 880 764 936 Utinam
811 880 883 934 ad
934 878 1209 950 plenioris
1247 878 1447 933 affatus
1487 880 1805 935 satietatem
1847 880 2163 951 praesentiae

532 977 647 1027 ture
667 972 832 1027 nobis
863 972 1066 1043 gaudia
1094 971 1483 1042 contigissent,
1514 977 1577 1027 ut
1608 974 2029 1044 gratularemur
2059 990 2163 1028 nos

534 1069 590 1121 et
618 1065 891 1137 colloquio
917 1068 973 1121 et
1000 1063 1305 1135 praesentia
1343 1064 1426 1118 tui
1468 1064 1581 1119 frui
1618 1082 1789 1137 quam
1816 1082 2010 1120 sumus
2030 1070 2162 1120 ante

534 1158 736 1233 scripta
762 1158 1059 1228 complexi.
1083 1159 1494 1212 Verumtamen
1512 1158 1783 1228 probasti,
1799 1158 2161 1214 dilectissime

536 1252 727 1319 frater,
750 1268 862 1322 quo
887 1250 1253 1306 christianam
1273 1250 1445 1305 ﬁdem
1463 1251 1754 1306 veneraris
1769 1251 1994 1318 affectu,
2023 1252 2162 1307 dum

536 1361 601 1400 ea
626 1361 755 1415 qua:
781 1344 853 1398 ad
880 1344 1104 1415 regulas
1132 1346 1363 1398 Patrum
1386 1344 1694 1414 pertinent,
1726 1347 1783 1399 et
1801 1344 1873 1399 ad
1899 1344 2166 1400 mandata

536 1437 816 1492 catholica
845 1437 965 1492 sine
1019 1436 1205 1508 aliqua
1236 1438 1416 1508 culpae
1453 1437 1898 1508 transgressione
1943 1454 2167 1493 servare

538 1536 611 1600 et,
645 1537 831 1604 spreta
856 1532 1121 1587 haeretica
1148 1536 1205 1588 et
1243 1533 1444 1587 nociva
1485 1532 1765 1601 doctrina,
1803 1533 2082 1588 catholica
2110 1536 2167 1587 ct

534 1626 846 1696 apostolica
883 1630 1077 1680 tenere
1116 1629 1421 1697 praecepta,
1462 1630 1518 1680 et
1562 1628 1730 1681 rectas
1771 1626 1905 1681 ﬁdei
1942 1626 2167 1697 regulas

537 1717 740 1773 docere
770 1723 956 1789 atquae
983 1734 1227 1773 servare.
1253 1720 1401 1785 Hmc,
1422 1718 1602 1773 frater
1620 1718 1969 1789 charissime,
1992 1718 2169 1773 etalia

538 1826 665 1880 qum
686 1812 920 1866 Patrum
947 1811 1160 1883 regulis
1180 1811 1551 1867 continentur
1565 1811 1625 1865 in
1648 1810 1813 1866 labiis
1832 1816 1888 1867 et
1903 1811 2169 1866 cordibus

538 1902 741 1958 nostris
779 1902 1014 1958 indivisa
1065 1903 1461 1959 retractatione
1509 1903 1878 1972 meditemur,
1922 1908 1977 1959 et
2022 1904 2170 1959 sicut

2265 508 2518 563 ditentur
2547 507 2607 561 in
2629 506 2893 561 cordibus
2918 506 3051 574 suis,
3080 506 3336 561 sedentes
3360 507 3416 561 in
3449 506 3625 574 domo,
3655 510 3820 565 ambu-

2262 602 2440 655 lantes
2463 600 2523 654 in
2548 600 2770 669 itinere,
2802 599 3147 654 dormientes
3176 603 3343 670 atque
3371 604 3647 670 surgentes
3678 601 3821 671 (Deut.

2262 710 2333 760 v1,
2364 698 2435 760 7),
2457 712 2484 744 »
2505 692 2639 764 quia
2664 692 2907 747 «beatus
2928 692 2988 747 in
3007 691 3265 761 Domino,
3284 692 3381 763 qui
3400 692 3458 746 in
3476 693 3595 763 lege
3615 692 3720 763 ejus
3732 711 3827 749 me-

2262 784 2533 840 ditabitur
2563 784 2653 838 die
2682 801 2761 839 ac.
2775 787 2939 839 nocte
2971 784 3134 855 (Psal.
3163 801 3200 851 ι,
3228 785 3302 855 2).
3335 803 3361 835 ››
3403 785 3509 838 Hoc
3537 788 3589 839 et
3611 785 3829 856 Magister

2263 877 2520 949 gentium
2535 883 2760 932 secutus
2772 877 3109 948 discipulum
3121 893 3287 931 suum
3300 876 3568 932 instruens
3576 877 3825 933 admonet:

2266 991 2293 1023 ‹‹
2322 973 2446 1025 Haec
2472 970 2770 1037 meditare,
2796 970 2859 1024 in
2879 970 2967 1024 his
2988 972 3073 1024 est
3089 969 3139 1041 (Ι
3167 972 3301 1025 Tim.
3335 986 3408 1036 ιν,
3437 970 3537 1039 15,)
3561 991 3586 1019 ››
3616 970 3831 1041 subjicies

2263 1063 2937 1135 plenitudinem,attende
2956 1062 3226 1117 doctrinas
3238 1061 3628 1133 tibi,quoniam
3642 1063 3683 1117 si
3691 1063 3833 1118 ﬁdeli-

2262 1158 2369 1212 bus
2382 1157 2504 1211 sine
2526 1156 2676 1211 inter
2684 1156 2954 1210 missione
2968 1155 3348 1210 incumbimus
3360 1155 3633 1224 institutis,
3655 1172 3834 1226 separa-

2263 1266 2395 1304 mur
2413 1266 2447 1304 a
2468 1248 2633 1319 vitiis,
2653 1249 2791 1303 dum
2806 1248 3063 1318 impensa
3079 1265 3212 1303 cura
3228 1248 3416 1303 divino
3435 1248 3601 1319 operi,
3621 1248 3833 1303 humano

2263 1343 2451 1398 locum
2482 1360 2596 1397 non
2624 1342 2898 1413 relinquit
2918 1341 3119 1397 errori.
3149 1342 3303 1405 Quod
3326 1341 3369 1395 si
3391 1357 3457 1395 ea
3476 1357 3598 1412 qum
3609 1341 3836 1412 praedicta

2265 1439 2400 1490 sunt
2423 1435 2620 1491 validis
2646 1437 2954 1489 teneantur
2978 1433 3089 1490 ﬁxa
3114 1434 3418 1502 radicibus,
3449 1449 3547 1488 nec
3584 1449 3616 1487 a
3640 1438 3838 1504 paterna

2267 1530 2563 1584 traditione
2589 1528 2893 1595 receditur,
2925 1530 2982 1583 et
3006 1531 3329 1583 constanter
3359 1526 3736 1599 qumstionibus
3757 1526 3835 1580 ob-

2265 1624 2451 1678 viatur
2473 1639 2537 1677 ac
2568 1638 2876 1693 pravorum
2915 1620 3157 1677 intentio
3186 1625 3455 1688 cassatur,
3490 1619 3836 1689 bonorumque

2266 1716 2409 1770 ﬁdes
2439 1720 2497 1771 et
2535 1714 2853 1770 constantia
2895 1714 3218 1769 roboratur.
3263 1715 3402 1769 Data
3443 1729 3536 1768 vm
3573 1711 3690 1766 ldus
3729 1711 3837 1781 Sep-

2269 1808 2469 1876 temb.,
2494 1806 2837 1863 Diocletiano
2869 1811 2925 1863 et
2947 1806 3321 1863 Constantino
3347 1808 3405 1862 C.
3437 1822 3514 1862 cc.
3542 1803 3836 1861 consulibus.

1400 2126 1611 2194 ITEM
1674 2126 2100 2195 EPISTOLA
2161 2124 2693 2194 MARCELLINI
2757 2124 3041 2192 PAP/E.

595 2264 985 2321 Dilectissimis
997 2267 1266 2322 fratribus
1281 2268 1553 2324 universis
1564 2268 2165 2340 episcOpis,perorien-
2184 2284 2240 2355 B
2262 2268 2413 2324 ferre
2442 2269 2622 2324 ullum
2642 2270 2902 2341 possunt.
2924 2266 3084 2332 Quod
3110 2265 3157 2320 si
3181 2267 3594 2338 praesumptum
3606 2262 3755 2318 fuisse
3777 2278 3843 2316 co-

537 2359 678 2412 tales
696 2358 1013 2428 provincias
1031 2360 1372 2428 constitutis,
1398 2362 1777 2418 MARCELLINUS
1794 2361 2113 2433 episcopus.

607 2450 751 2515 Quid
774 2456 892 2505 tam
925 2452 1088 2507 dulce
1116 2453 1356 2509 sollicito
1401 2471 1576 2525 quam
1609 2455 1763 2526 quod
1802 2454 1943 2509 mihi
1967 2455 2036 2510 de
2063 2472 2148 2510 vo-

536 2542 621 2597 bis
642 2543 999 2599 innotescunt
1030 2545 1126 2600 illa
1151 2563 1281 2617 quas
1312 2547 1517 2619 cupio?
1560 2548 1700 2612 Quid
1734 2553 1853 2602 tam
1885 2548 2166 2619 religiosis

538 2636 877 2692 conveniens
919 2638 1190 2695 institutis
1232 2657 1402 2711 quam
1451 2644 1514 2694 ut
1563 2640 1713 2696 inter
1748 2657 1808 2696 se
1845 2642 2166 2697 sacerdotes

539 2746 739 2800 pacem
764 2730 953 2801 (quam
974 2748 1200 2786 necesse
1224 2736 1311 2787 est
1328 2732 1449 2788 aliis
1474 2750 1577 2804 pro
1600 2733 1787 2788 ofﬁcio
1804 2735 2163 2805 annuntiare)

540 2823 911 2878 conservent?
947 2824 1118 2878 Plena
1134 2823 1335 2895 fateor,
1366 2826 1742 2896 gratulatione
1764 2827 1983 2897 suscepi
2013 2827 2166 2898 quod

540 2916 728 2969 votiva
757 2916 897 2970 mihi
924 2916 992 2971 de
1022 2917 1300 2972 charitate
1332 2934 1460 2989 qua:
1487 2919 1636 2973 inter
1658 2936 1759 2973 vos
1788 2922 1874 2974 est
1896 2919 2163 2975 Ecclesia-

541 3023 668 3063 rum
698 3024 899 3081 pacem
935 3009 995 3064 in
1028 3009 1230 3064 litteris
1255 3010 1565 3079 indicastis,
1607 3016 1808 3083 sponte
1836 3011 1979 3067 mihi
2003 3012 2166 3084 quid-

541 3102 678 3172 quid
693 3102 909 3158 hortari
928 3105 1210 3173 poteram,
1230 3104 1510 3175 quidquid
1530 3121 1767 3160 monere
1789 3105 2040 3160 delatum
2061 3110 2164 3176 est,

545 3216 572 3243 ι(
607 3196 906 3250 conﬁrmet
932 3197 1044 3250 hoc
1081 3196 1248 3265 Deus,
1285 3197 1441 3268 quod
1485 3201 1569 3252 est
1608 3200 1873 3268 operatus
1905 3198 1965 3252 in
2007 3199 2168 3253 nobis

541 3286 707 3354 (Psal.
739 3304 906 3358 van,
936 3290 1045 3360 29),
1076 3310 1103 3339 »
1137 3293 1195 3344 et
1226 3306 1355 3361 quae
1396 3291 1666 3361 praecepit
1701 3306 1806 3361 pro
1847 3291 2167 3346 animarum

540 3380 719 3434 salute
744 3380 1026 3451 facienda,
1056 3382 1176 3436 haac
1205 3382 1346 3454 ipse,
1381 3382 1477 3453 qui
1506 3383 1799 3455 praecepit,
1839 3400 1942 3454 pro
1967 3400 2035 3438 ea
2060 3402 2170 3455 qua

538 3490 640 3527 nos
667 3473 910 3529 redemit
934 3475 1164 3545 pietate,
1193 3475 1377 3530 faciat.
1408 3477 1475 3530 Et
1503 3476 1593 3530 his
1623 3480 1741 3530 tam
1767 3476 1932 3531 bonis
1957 3477 2171 3532 nuntiis

538 3584 643 3621 nos
667 3584 892 3639 quoque
927 3568 1250 3639 religiosam
1281 3572 1612 3623 sanctorum
1654 3568 1835 3624 vicem
1876 3570 2170 3625 reddimus

2265 2362 2570 2433 gnoscitur,
2598 2361 2812 2416 viribus
2839 2376 3030 2415 carere
3060 2376 3175 2415 non
3200 2358 3440 2414 dubium
3471 2363 3570 2426 est,
3591 2372 3687 2410 nec
3713 2370 3841 2426 posse

2264 2455 2414 2509 inter
2442 2453 2815 2510 ecclesiastica
2832 2453 2947 2507 ullo
2969 2453 3137 2507 modo
3156 2455 3369 2509 statuta
3388 2449 3626 2516 censeri;
3651 2448 3843 2502 clericus

2264 2564 2397 2602 vero
2416 2547 2718 2618 cujuslibet
2736 2546 2951 2602 ordinis
2974 2546 3188 2617 absque
3207 2543 3489 2616 pontiﬁcis
3508 2541 3591 2597 sui
3613 2540 3841 2613 permissu

2268 2640 2618 2713 50nullum
2628 2638 3324 2711 praasumat'adsmcularej
3334 2636 3577 2692 udicium
3587 2634 3841 2697 attrahere,

2266 2750 2371 2789 nec
2397 2734 2537 2788 laico
2566 2732 2879 2804 quemlibet
2898 2730 3165 2787 clericum
3194 2730 3365 2786 liceat
3395 2744 3663 2797 accusare,
3689 2726 3841 2780 detra-

2266 2827 2480 2881 ctiones
2515 2829 2708 2881 tamen
2748 2830 2805 2881 et
2848 2824 3231 2880 accusationes
3266 2828 3439 2895 atque
3482 2819 3845 2894 persecutiones

2266 2918 2416 2975 inter
2462 2919 2804 2977 Christianos
2840 2918 3049 2990 Oppido
3095 2916 3345 2972 vitandae
3379 2922 3540 2983 sunt;
3576 2914 3697 2986 quia
3743 2911 3845 2965 licet

2224 3012 2430 3084 «pauci
2482 3012 2658 3068 simus
2707 3012 2767 3066 in
2821 3011 3251 3083 comparatione
3295 3009 3554 3076 aliorum,
3606 3007 3652 3061 si
3694 3010 3844 3061 tamen

2269 3105 2566 3160 unanimes
2602 3105 2879 3159 fuerimus
2921 3104 3142 3159 facilius
3175 3103 3507 3158 adversariis
3548 3100 3842 3156 resistemus.

2268 3200 2508 3254 Sanctus
2545 3198 2702 3252 enim
2746 3201 3135 3269 protomartyr
3170 3197 3496 3267 Stephanus
3524 3192 3845 3266 lapidabatur,

2268 3293 2368 3347 sed
2392 3294 2550 3346 Iesus
2577 3291 2918 3362 suscipiebat
2951 3292 3168 3362 plagas,
3212 3290 3343 3345 ideo
3386 3289 3673 3359 unicuique
3704 3280 3847 3357 provi-

2268 3385 2517 3439 dendum
2548 3388 2651 3452 est,
2685 3401 2757 3439 ne
2783 3383 3029 3455 aliquem
3068 3383 3276 3453 injuste
3308 3383 3526 3455 judicet
3548 3386 3639 3436 aut
3669 3376 3843 3450 puniat,

2267 3494 2340 3533 ne
2364 3479 2553 3533 Jesum
2576 3476 2793 3548 judicet
2827 3481 2928 3532 aut
2968 3476 3191 3547 puniat.
3223 3477 3290 3530 Et
3322 3476 3593 3531 Dominus
3626 3473 3679 3527 in
3702 3472 3845 3526 Evan-

2272 3570 2419 3641 gelio
2438 3570 2516 3625 ait
2538 3588 2551 3625 :
2578 3593 2605 3620 «
2627 3570 2808 3625 Nolite
2821 3570 3096 3641 judicare,
3116 3573 3182 3623 ut
3200 3585 3314 3623 non
3328 3567 3674 3640 judicemini,
3696 3565 3745 3618 in
3761 3574 3849 3632 quo

538 3659 893 3715 nuntiorum.
922 3660 1211 3731 Quidquid
1238 3678 1368 3716 cum
1399 3661 1779 3718 Orientalibus
1804 3663 1957 3734 quod
1982 3664 2055 3718 ad
2074 3665 2171 3718 Ec-
2190 3644 2245 3719 Ο
2270 3664 2425 3719 enim
2448 3664 2665 3736 judicio
2684 3663 3096 3735 judicaveritis,
3122 3661 3527 3733 judicabimini
3556 3657 3748 3731 (Matth.
3777 3668 3851 3719 vn,

536 3753 718 3808 clesiae
760 3770 966 3826 corpus
1017 3753 1413 3827 unitatemque
1457 3758 1748 3810 revocatos
1788 3756 2007 3811 dudum
2069 3758 2167 3812 Dei

535 3847 718 3902 nostri
754 3864 861 3919 Ope
902 3847 1106 3903 litteris
1143 3848 1587 3920 signiﬁcavimus
1624 3848 1933 3918 destinatis,
1979 3850 2166 3906 denuo

535 3956 666 3994 cum
695 3946 957 4011 apertum
979 3940 1157 3996 fuerit
1176 3941 1433 4012 repetitis
1453 3925 1741 3997 vobiscum
1766 3942 2169 4014 participamus

536 4032 777 4088 indiciis.
798 4034 921 4088 Mox
946 4050 1051 4105 pro
1084 4037 1279 4088 nostro
1300 4033 1485 4088 edicto
1506 4034 1577 4088 ab
1597 4034 1977 4090 Orientalibus
2001 4035 2169 4090 missa

534 4126 743 4195 legatio
782 4128 885 4194 est,
936 4130 1089 4181 certa
1126 4127 1391 4198 speravit,
1433 4131 1588 4182 certa
1624 4128 1929 4196 consuluit,
1966 4128 2064 4182 sed
2088 4128 2169 4184 fa-

535 4217 718 4271 cimus
736 4217 806 4271 de
827 4217 918 4272 his
945 4235 1071 4289 qua:
1096 4219 1330 4275 fuerunt
1351 4220 1590 4276 dicenda
1609 4220 1966 4292 compendia.
1987 4221 2168 4292 Ipsius

532 4309 723 4381 potius
740 4310 811 4365 ad
832 4310 1229 4367 instruendam
1254 4313 1516 4369 notitiam
1544 4317 1786 4368 vestram
1807 4330 1935 4385 quae
1955 4331 1989 4370 a
2007 4315 2167 4370 nobis

535 4406 667 4457 sunt
705 4418 977 4475 responsa
1024 4404 1356 4476 dirigentes,
1396 4422 1469 4461 ne
1508 4407 1663 4478 quod
1700 4406 1804 4461 sibi
1837 4407 1941 4462 sub
1981 4408 2164 4479 spatio

532 4496 836 4566 prolixiore
876 4499 1161 4553 terrarum
1201 4502 1301 4554 aut
1337 4499 1529 4571 opinio
1564 4498 1828 4570 vindicet,
1872 4503 1973 4555 aut
2008 4517 2168 4556 error

533 4593 800 4658 assumat,
831 4607 960 4645 cum
989 4591 1061 4646 ad
1086 4608 1283 4647 rerum
1309 4592 1477 4649 ﬁdem
1503 4592 1684 4664 ipsam
1710 4592 1895 4647 teneri
1922 4593 2167 4650 sufﬁciat

535 4682 851 4738 veritatem.
884 4684 1025 4749 Quid
1053 4689 1268 4755 autem,
1305 4686 1374 4741 ad
1402 4685 1812 4741 continentiam
1838 4692 2165 4743 nostrarum

531 4776 779 4847 pertinet
796 4777 1138 4847 litterarum,
1169 4778 1420 4850 oportuit
1459 4778 1697 4850 quidem
1731 4779 2013 4835 desideria
2041 4782 2160 4852 ple-

534 4868 661 4924 nius
687 4870 976 4941 expedirc.
998 4871 1356 4944 Quapropter
1370 4871 1566 4927 scitote
1590 4889 1689 4928 vos
1712 4890 1746 4927 a
1769 4874 2163 4945 persecutione

531 4964 771 5018 fratrum
805 4966 862 5019 et
892 4965 962 5019 ab
985 4966 1143 5020 omni
1164 4965 1350 5036 litigio
1374 4966 1659 5021 abstinere
1688 4966 1916 5035 debere,
1936 4967 2161 5024 dicente

529 5056 849 5128 Scriptura:
872 5080 900 5107 «
920 5058 1159 5114 Servum
1178 5058 1277 5113 Dei
1300 5042 1419 5114 non
1439 5063 1664 5131 oportet
1684 5059 1907 5131 litigare
1935 5061 2003 5132 (Π
2026 5064 2161 5117 Tim.

532 5166 591 5219 ιι,
619 5152 729 5221 2i),
768 5170 796 5202 »
828 5167 933 5206 nec
959 5152 1268 5224 quidquam
1298 5168 1523 5222 nocere,
1550 5152 1651 5207 sed
1677 5169 1873 5209 omnes
1900 5170 2162 5226 persecu-

530 5245 681 5298 tores
707 5244 968 5299 Ecclesia:
995 5261 1401 5317 servorumque
1432 5246 1554 5316 ejus
1574 5246 1775 5301 vestris
1802 5247 2161 5320 redargutio-

527 5337 694 5391 nibus
722 5337 1028 5408 corrigere,
1073 5341 1319 5393 testante
1355 5340 1621 5409 Apostolo
1652 5356 1665 5394 :
1698 5361 1725 5389 «
1761 5357 1959 5413 argue,
2000 5341 2159 5397 obse-

526 5446 640 5498 cra,
670 5429 900 5501 increpa
928 5430 1001 5502 (Il
1028 5433 1163 5488 Tim.
1198 5447 1271 5500 ιν,
1300 5434 1370 5493 2).
1408 5452 1435 5481 »
1467 5431 1832 5505 Qumcunque
1860 5449 1997 5506 ergo
2023 5450 2158 5490 con-

528 5524 815 5578 tentiones
836 5522 988 5579 inter
1006 5524 1359 5580 Christianos
1379 5530 1518 5581 ortae
1536 5525 1753 5581 fuerint
1765 5526 1837 5582 ad
1854 5526 2162 5584 Ecclesiam

530 5615 867 5672 deferantur
884 5622 942 5673 et
960 5616 1032 5672 ab
1047 5618 1445 5674 Ecclesiasticis
1460 5619 1594 5674 viris
1618 5619 2020 5676 terminentur.
2043 5622 2156 5678 Ma-

522 5706 616 5775 jor
635 5711 827 5763 autem
849 5726 966 5767 non
991 5715 1180 5783 potest
1198 5730 1230 5767 a
1245 5713 1465 5769 minore
1486 5713 1753 5785 judicari,
1776 5730 1881 5771 nec
1911 5714 2162 5788 episcopi

526 5796 786 5867 pontiﬁci
800 5817 957 5873 aquo
977 5806 1293 5861 consecrari
1312 5806 1646 5879 probantur,
1662 5807 1799 5880 prsej
1808 5808 2056 5865 udicium
2078 5808 2161 5865 in-

2183 5011 2243 5084 D

2274 3761 2292 3811 l
2326 3763 2377 3812 et
2407 3758 2479 3827 2).
2515 3779 2542 3807 »
2572 3757 2731 3813 Unde
2762 3762 2818 3811 et
2847 3758 3055 3811 Doctor
3092 3754 3360 3826 gentium
3388 3754 3634 3827 loquitur
3654 3750 3845 3806 dicens:

2273 3873 2299 3901 ‹‹
2328 3853 2440 3906 Hoc
2470 3851 2643 3922 igitur
2668 3850 2794 3905 dico
2820 3854 2876 3905 et
2901 3848 3168 3906 testiﬁcor
3188 3848 3248 3902 in
3274 3848 3544 3914 Domino,
3560 3849 3621 3901 ut
3637 3845 3743 3917 jam
3761 3853 3853 3894 non

2269 3948 2590 4017 ambuletis,
2624 3947 2767 4001 sicut
2797 3950 2995 4018 gentes
3019 3946 3333 4013 ambulant,
3363 3946 3423 4000 in
3445 3945 3677 4000 vanitate
3694 3950 3853 3995 sensus

2268 4041 2353 4095 sui
2381 4040 2628 4096 tenebris
2653 4040 3015 4095 obscuratum
3043 4039 3318 4095 habentes
3356 4038 3717 4100 intellectum,
3748 4030 3855 4086 alie-

2269 4133 2387 4188 nati
2435 4150 2471 4188 a
2512 4132 2625 4187 vita
2672 4132 2771 4188 Dei
2817 4149 2923 4204 per
2964 4131 3352 4204 ignorantiam
3398 4148 3524 4204 quas
3570 4132 3651 4185 est
3687 4126 3738 4180 in
3769 4120 3854 4178 illis

2266 4230 2501 4298 propter
2530 4224 2842 4281 caecitatem
2868 4225 3053 4281 cordis
3095 4224 3372 4297 ipsorum.
3405 4224 3509 4290 Qui
3537 4220 3853 4293 desperantes

2267 4320 2600 4392 semetipsos
2628 4317 2988 4375 tradiderunt
3011 4317 3389 4389 impudicitiae
3418 4317 3479 4372 in
3510 4312 3851 4387 operationem

2265 4411 2650 4467 immunditias
2709 4410 3007 4482 omnisque
3046 4410 3317 4465 avaritiae.
3377 4411 3484 4464 Vos
3536 4411 3717 4462 autem
3758 4413 3851 4455 non

2266 4504 2344 4559 ita
2373 4504 2647 4559 didicistis
2695 4503 3001 4573 Christum,
3034 4503 3082 4557 si
3120 4506 3313 4557 tamen
3354 4502 3516 4557 illum
3560 4494 3787 4558 audistis,
3812 4492 3856 4544 et

2266 4597 2324 4653 in
2344 4598 2465 4669 ipso
2486 4597 2670 4653 edocti
2690 4597 2843 4665 estis,
2872 4596 3015 4651 sicut
3038 4600 3122 4651 est
3150 4595 3355 4650 veritas
3378 4596 3438 4650 in
3457 4595 3483 4650 J
3488 4609 3588 4649 esu
3608 4591 3853 4661 deponere

2265 4707 2360 4746 vos
2399 4690 2715 4746 secundum
2763 4689 3066 4762 pristinam
3113 4688 3596 4743 conversationem
3642 4685 3853 4737 veterem

2264 4783 2556 4840 hominem
2586 4782 2685 4856 qui
2707 4782 3096 4855 corrumpitur
3122 4781 3438 4837 secundum
3455 4776 3721 4836 desideria
3734 4784 3855 4827 erro-

2264 4878 2364 4933 ris.
2393 4876 2767 4933 Renovamini
2794 4880 2987 4931 autem
3018 4874 3221 4947 spiritu
3247 4874 3456 4930 mentis
3492 4875 3683 4928 vestra:
3708 4869 3760 4921 et
3782 4864 3853 4917 in-

2266 4971 2422 5025 duite
2456 4986 2665 5025 novum
2694 4969 2989 5025 hominem
3010 4968 3107 5039 qui
3135 4967 3448 5023 secundum
3480 4967 3654 5021 Deum
3672 4960 3856 5015 creatus

2268 5067 2373 5133 est,
2407 5063 2465 5117 in
2488 5063 2706 5135 justitia
2736 5065 2793 5117 et
2818 5060 3114 5116 sanctitate
3160 5060 3428 5115 veritatis.
3475 5060 3700 5129 Propter
3731 5045 3855 5122 quod

2266 5156 2618 5228 deponentes
2642 5154 3006 5209 mendacium
3047 5153 3349 5225 loquimini
3388 5151 3678 5207 veritatem
3718 5155 3855 5198 unus'

2265 5250 2506 5323 quisque
2533 5265 2664 5303 cum
2694 5247 2949 5319 proximo
2974 5263 3098 5315 suo,
3127 5247 3400 5319 quoniam
3423 5260 3618 5299 sumus
3642 5237 3852 5295 invicem

2266 5343 2547 5399 membra.
2577 5341 2888 5396 lrascimini
2908 5346 2965 5396 et
2990 5341 3163 5396 nolite
3181 5355 3438 5412 peccare.
3468 5337 3556 5393 Sol
3590 5350 3695 5390 non
3729 5324 3853 5384 occi-

2263 5437 2362 5492 dat
2399 5452 2571 5507 super
2606 5433 2957 5490 iracundiam
2995 5437 3270 5500 vestram;
3316 5431 3490 5489 nolite
3531 5431 3708 5485 locum
3742 5421 3855 5477 dare

2263 5529 2510 5598 diabolo,
2532 5527 2629 5600 qui
2648 5527 2943 5583 furabatur
2953 5527 3073 5598 jam
3093 5543 3208 5581 non
3234 5527 3475 5594 furetur,
3494 5519 3669 5594 magis
3693 5517 3856 5572 autem

2262 5622 2485 5678 laboret
2511 5620 2802 5695 operando
2831 5620 3089 5676 manibus
3117 5619 3233 5674 suis
3258 5616 3413 5692 quod
3450 5616 3661 5671 bonum
3685 5612 3778 5705 est,
3802 5603 3858 5705 ιξι

2261 5716 2472 5772 habeat
2515 5715 2667 5771 unde
2717 5714 2930 5770 tribuat
2971 5713 3356 5769 necessitatem
3393 5706 3648 5781 patienti.

2262 5825 2450 5865 sermo
2473 5809 2655 5865 malus
2673 5825 2743 5865 ex
2766 5825 2868 5866 ore
2888 5811 3072 5865 vestro
3090 5823 3207 5864 non
3234 5802 3521 5880 procedat.
3539 5799 3665 5868 Sed,
3687 5794 3729 5851 si
3749 5794 3858 5864 quis
