4026 6166
193 267 281 317 217

1421 252 1892 312 DECRETALIUM
1931 246 2314 309 CULLECTIO.

3435 261 3536 316 “218

185 370 359 422 bonus
400 369 484 421 est
521 367 592 421 ad
636 364 1071 421 aedificationem
1113 364 1572 436 opportunitatis,
1609 366 1675 417 ut
1712 362 1809 416 det
1829 360 2049 444 Amini
2095 360 2307 430 Spiritu
2341 362 2632 432 loquentes
2668 362 3080 435 vobismetipsis
3111 364 3169 418 in
3207 365 3438 435 psalmis
3479 371 3536 421 et

183 462 422 532 gratiam
450 460 829 514 audientibus.
863 461 929 514 Et
965 459 1138 513 nolite
1176 459 1506 513 contristare
1537 456 1804 526 Spiritum

181 557 434 607 sanctum
454 553 572 619 Dei,
597 553 654 606 in
681 569 794 623 quo
822 552 1023 621 signati
1046 551 1176 606 estis
1197 551 1255 604 in
1285 551 1435 606 diem
1462 549 1808 619 redemptio-

179 647 273 700 nis.
304 647 506 700 Omnis
545 645 887 713 amaritudo,
919 649 974 698 et
1012 644 1117 711 ira,
1157 649 1212 698 et
1242 642 1580 713 indignatio,
1616 645 1673 695 et
1702 641 1806 695 cla-

181 755 316 805 mor,
351 743 410 793 et
434 739 792 809 blasphemia
815 739 1039 792 tollatur
1066 755 1099 791 a
1125 737 1284 791 vobis
1311 753 1440 791 cum
1469 735 1627 790 omni
1652 736 1804 789 mali-

180 833 260 886 tia.
303 834 498 886 Estote
531 838 722 887 autem
750 831 991 886 invicem
1024 830 1280 901 benigni,
1319 833 1377 884 et
1409 827 1805 884 misericordes

179 925 454 979 donantes
490 925 747 991 invicem,
783 925 925 979 sicut
955 928 1012 978 et
1039 925 1186 978 Deus
1225 924 1282 977 in
1320 923 1540 979 Christo
1579 922 1806 977 donavit

177 1019 350 1072 vobis.
394 1020 585 1072 Estote
631 1034 768 1088 ergo
806 1017 1118 1072 imitatores
1154 1017 1256 1070 Dei
1288 1017 1433 1071 sicut
1461 1015 1560 1070 ﬁlii
1597 1015 1805 1070 charis-

177 1112 317 1180 simi,
352 1115 412 1164 et
441 1111 731 1165 ambulate
761 1111 820 1164 in
847 1110 1150 1165 dilectione
1178 1110 1324 1164 sicut
1349 1113 1406 1163 et
1436 1109 1690 1164 Christus
1716 1108 1799 1162 di-

176 1205 304 1258 lexit
331 1221 458 1269 nos,
489 1208 546 1257 et
577 1203 809 1258 tradidit
834 1205 1199 1274 semetipsum
1234 1219 1334 1272 pro
1363 1202 1524 1257 nobis
1561 1201 1799 1256 oblatio-

177 1313 300 1351 nem
324 1301 385 1350 et
409 1297 660 1351 hostiam
681 1297 790 1350 Deo
817 1297 876 1350 in
903 1296 1140 1350 odorem
1162 1295 1468 1350 suavitatis.
1491 1293 1802 1349 Fornicatio

177 1395 364 1444 autem
399 1394 459 1444 et
491 1389 676 1443 omnis
712 1389 1096 1455 immunditia,
1129 1393 1226 1443 aut
1252 1388 1483 1442 avaritia
1513 1404 1615 1442 nec
1648 1392 1804 1443 note-

179 1488 262 1536 tur
315 1483 375 1536 in
419 1482 607 1550 vobis,
655 1481 796 1536 sicut
845 1481 1008 1536 decet
1051 1486 1298 1550 sanctos,
1344 1486 1442 1535 aut
1486 1481 1798 1552 turpitudo,

180 1579 267 1630 aut
302 1575 745 1645 stultiloquium,
777 1577 875 1628 aut
915 1574 1224 1628 scurrilitas
1262 1591 1389 1645 qua:
1426 1574 1494 1628 ad
1535 1590 1655 1628 rem
1689 1591 1801 1628 non

179 1669 440 1738 pertinet,
462 1668 562 1722 sed
580 1668 761 1739 magis
779 1667 1089 1739 gratiarum
1109 1667 1282 1733 actio;
1306 1667 1415 1721 hoc
1437 1666 1593 1720 enim
1609 1668 1803 1722 scitote

1907 454 2136 524 hymnis
2159 460 2215 508 et
2233 454 2461 509 canticis
2483 455 2884 526 spiritualibus,
2908 463 3201 512 cantantes
3221 461 3278 512 et
3296 459 3532 528 psallen-

1905 549 1990 600 tes
2040 547 2097 600 in
2151 548 2416 602 cordibus
2464 549 2690 617 vestris,
2745 550 2984 604 Domino
3039 551 3243 622 gratias
3296 557 3533 622 agentes

1907 656 2134 710 semper
2161 657 2262 711 pro
2291 641 2556 695 omnibus
2583 643 2640 695 in
2676 644 2907 696 nomine
2941 644 3160 697 Domini
3194 645 3376 698 nostri
3401 647 3532 699 Jesu

1905 733 2128 800 Christi,
2181 735 2298 789 Deo
2343 737 2399 788 et
2441 735 2594 789 Patri
2642 736 2878 806 subjecti
2925 737 3168 790 invicem
3222 737 3281 792 in
3324 737 3530 791 timore

1904 826 2108 880 Christi
2149 829 2302 896 (Eph.
2338 845 2411 894 1v,
2447 831 2633 895 l7-32,
2657 846 2708 895 v,
2738 829 2897 898 1-21).
2929 851 2955 878 ››
2987 831 3164 884 Omne
3193 831 3346 884 enim
3377 831 3532 901 quod

1902 919 2398 989 irreprehensibile
2449 925 2563 987 est,
2625 922 2900 976 catholica
2948 922 3206 976 defendit
3270 924 3529 977 Ecclesia.

1903 1012 2024 1066 Non
2053 1013 2182 1068 licet
2208 1031 2344 1084 ergo
2372 1015 2710 1085 imperatori
2739 1017 2825 1068 vel
2849 1015 3114 1086 cuiquam
3145 1015 3418 1086 pietatem
3442 1033 3533 1070 cu-

1903 1106 2171 1161 stodienti
2191 1107 2408 1178 aliquid
2435 1111 2632 1162 contra
2653 1109 2924 1162 mandata
2947 1108 3142 1162 divina
3162 1125 3530 1179 praesumere,

1901 1215 2007 1252 nec
2019 1200 2332 1270 quidquam
2345 1202 2496 1272 quod
2511 1201 2848 1271 evangelicis
2861 1201 3324 1271 propheticisque
3339 1204 3395 1255 et
3405 1218 3534 1272 apo-

1903 1292 2114 1346 stolicis
2131 1294 2343 1363 regulis
2365 1294 2556 1348 obviat
2575 1311 2767 1365 agere.
2787 1295 3064 1364 Injustum
3083 1295 3238 1350 enim
3251 1294 3534 1364 judicium

1905 1388 1960 1438 et
1980 1385 2234 1439 deﬁnitio
2255 1387 2309 1440 in
2309 1386 2462 1456 justa
2478 1387 2626 1457 regis
2645 1390 2803 1441 metu
2818 1388 2906 1440 vel
2918 1388 3080 1458 jussu
3097 1404 3130 1441 a
3139 1387 3431 1458 judicibus
3449 1405 3534 1442 or-

1903 1478 2095 1532 dinata
2119 1495 2235 1533 non
2263 1479 2462 1547 valeat,
2487 1496 2589 1535 nec
2609 1480 2885 1552 quidquid
2905 1481 3054 1551 quod
3075 1485 3268 1536 contra
3286 1497 3530 1551 evange-

1903 1571 2046 1639 lica),
2079 1573 2168 1625 vel
2206 1573 2573 1643 propheticus,
2607 1579 2704 1628 aut
2743 1574 3058 1645 apostolicae
3091 1575 3363 1629 doctrina:
3393 1591 3532 1628 con-

1905 1665 2278 1732 stitutionem,
2311 1682 2765 1721 successorumve
2801 1683 3028 1735 eorum,
3058 1668 3172 1721 sive
3204 1672 3531 1722 sanctorum

178 1735 577 1831 intelligentes,
606 1735 759 1830 qued
779 1735 962 1814 omnis
985 1759 1310 1827 fornicator,
1334 1763 1432 1813 aut
1449 1759 1801 1827 immundus,
1824 1735 1882 1807 B
1907 1759 2138 1830 Patrum
2170 1763 2359 1813 actum
2387 1759 2576 1827 fuerit,
2606 1759 2791 1814 stabit.
2821 1762 2889 1813 Et
2926 1761 3081 1832 quod
3111 1762 3180 1813 ab
3208 1760 3534 1814 inﬁdelibus

179 1857 263 1906 aut
302 1870 534 1921 avarus,
568 1853 719 1924 quod
748 1856 833 1907 est
873 1852 1157 1907 idolorum
1197 1852 1454 1918 servitus,
1497 1868 1610 1906 non
1640 1852 1808 1907 habet

181 1946 572 2002 hwreditatem
592 1947 650 2000 in
671 1962 849 2016 regno
871 1945 1076 2002 Christi
1098 1949 1154 1999 et
1174 1944 1303 2010 Dei;
1333 1961 1502 2000 nemo
1525 1961 1623 1999 vos
1644 1946 1805 2000 sedu-

182 2045 262 2094 cat
291 2039 563 2093 inanibus
589 2039 796 2105 verbis,
825 2043 1059 2110 propter
1089 2038 1207 2092 haec
1236 2037 1389 2092 enim
1412 2037 1568 2092 venit
1593 2038 1676 2092 ira
1705 2039 1804 2091 Dei

180 2133 232 2186 in
254 2133 399 2187 ﬁlios
427 2131 784 2198 difﬁdentiae,
811 2131 988 2186 nolite
1017 2147 1155 2202 ergo
1183 2130 1327 2185 efﬁci
1364 2130 1670 2202 participes
1703 2147 1802 2185 eo-

181 2243 320 2281 rum.
360 2226 545 2281 Eratis
583 2225 738 2279 enim
771 2224 1074 2296 aliquando
1107 2224 1376 2293 tenebrae,
1422 2240 1572 2278 nunc
1614 2229 1805 2279 autem

183 2321 267 2373 lux
300 2321 360 2373 in
388 2318 652 2385 Domino,
679 2322 747 2372 ut
773 2317 870 2371 ﬁlii
897 2317 1036 2372 lucis
1060 2317 1365 2372 ambulate.
1395 2317 1626 2372 Fructus
1651 2318 1804 2372 enim

182 2413 309 2466 lucis
334 2418 420 2466 est
447 2411 506 2466 in
532 2411 688 2465 omni
713 2410 962 2464 bonitate
990 2415 1048 2464 et
1066 2410 1286 2480 justitia
1313 2415 1370 2464 et
1401 2409 1652 2476 veritate,
1681 2427 1808 2480 pro-

182 2506 370 2560 bantes
395 2504 539 2576 quid
561 2505 632 2558 sit
653 2503 1070 2574 beneplacitum
1099 2505 1230 2557 Deo.
1254 2505 1321 2557 Et
1346 2503 1522 2558 nolite
1549 2519 1802 2558 commu-

183 2600 366 2653 nicare
399 2597 669 2668 operibus
695 2597 1060 2651 infructuosis
1086 2595 1468 2663 tenebrarum,
1499 2597 1682 2668 magis
1712 2614 1808 2652 au-

184 2699 291 2746 tern
317 2691 670 2762 redarguite.
701 2690 837 2754 Quae
868 2690 1024 2744 enim
1054 2689 1112 2743 in
1147 2689 1366 2744 occulto
1396 2690 1542 2744 ﬁunt
1572 2691 1641 2743 ab
1674 2690 1807 2761 ipsis

187 2790 336 2855 turpe
367 2789 458 2838 est
481 2783 691 2838 dicere.
725 2782 924 2838 Omnia
949 2785 1145 2837 autem
1173 2799 1302 2853 quas
1328 2787 1646 2854 arguuntur
1671 2800 1704 2837 a
1729 2785 1808 2836 lu-

187 2879 332 2933 mine
358 2878 822 2932 manifestantur.
845 2877 1024 2931 Omne
1055 2877 1207 2930 enim
1235 2876 1386 2947 quod
1416 2876 1809 2932 manifestatur

191 2973 370 3027 lumen
399 2975 508 3040 est,
541 2974 773 3041 propter
797 2969 951 3040 quod
978 2969 1115 3023 dicit
1141 2985 1152 3024 :
1177 2969 1355 3040 Surge
1374 2969 1472 3041 qui
1493 2969 1728 3039 dormis,
1752 2973 1809 3024 et

194 3082 424 3136 exsurge
450 3082 484 3117 a
509 3062 751 3117 mortuis
780 3065 836 3117 et
866 3062 1209 3117 illuminabit
1235 3067 1290 3117 te
1316 3063 1588 3117 Christus.
1618 3063 1808 3118 Videte

191 3158 387 3229 itaque,
415 3158 641 3226 fratres,
664 3155 949 3227 quomodo
973 3158 1134 3209 caute
1161 3155 1486 3223 ambuletis,
1506 3172 1622 3210 non
1649 3157 1808 3226 quasi

193 3251 533 3322 insipientes,
580 3250 675 3303 sed
724 3254 785 3304 ut
829 3249 1115 3320 sapientes
1162 3249 1509 3303 redimentes
1557 3253 1805 3322 tempus,

196 3345 458 3414 quoniam
480 3343 600 3397 dies
617 3342 752 3396 mali
774 3343 1238 3413 sunt.Propterea
1257 3342 1434 3397 nolite
1453 3342 1577 3397 ﬁeri
1597 3342 1809 3414 impru-

197 3436 399 3505 dentes,
439 3437 540 3492 sed
582 3435 962 3506 intelligentes
999 3451 1128 3506 quae
1167 3436 1238 3489 sit
1279 3435 1534 3491 voluntas
1576 3436 1698 3491 Dei.
1743 3438 1808 3490 Et

198 3530 353 3585 nolite
389 3529 662 3586 inebriari
697 3529 830 3583 vino
860 3529 920 3583 in
947 3545 1060 3600 quo
1087 3530 1168 3584 est
1202 3529 1444 3598 luxuria,
1478 3529 1575 3585 sed
1602 3529 1806 3601 imple-

1904 1856 2002 1905 aut
2036 1851 2312 1906 haereticis
2340 1853 2556 1907 factum
2586 1852 2760 1906 fuerit
2785 1853 3022 1907 omnino
3059 1855 3386 1908 cassabitur.
3421 1855 3531 1908 Vos

1906 1948 2099 1998 autem
2138 1949 2278 1999 state
2310 1945 2369 1998 in
2398 1945 2529 2011 ﬁde,
2562 1945 2797 2000 viriliter
2832 1946 3003 2016 agite,
3042 1951 3099 2000 et
3127 1947 3321 2000 omnia
3347 1951 3531 2001 vestra

1905 2053 2034 2090 cum
2062 2037 2337 2091 charitate
2364 2037 2522 2103 ﬁant,
2551 2037 2720 2109 hujus
2749 2038 2830 2092 rei
2866 2039 3052 2109 gratia
3081 2040 3164 2108 (ut
3187 2040 3266 2092 ait
3293 2044 3532 2110 Aposto-

1904 2130 2014 2200 lus)
2036 2131 2199 2184 ﬂecto
2226 2147 2413 2200 genua
2441 2147 2566 2185 mea
2591 2131 2664 2185 ad
2690 2133 2918 2186 Patrem
2944 2133 3170 2187 Domini
3196 2133 3370 2187 nostri
3400 2135 3532 2188 Jesu

1904 2223 2129 2290 Christi,
2168 2241 2232 2278 ex
2259 2240 2374 2295 quo
2403 2225 2588 2278 omnis
2613 2225 2918 2295 paternitas
2945 2225 3002 2279 in
3029 2226 3180 2280 caelis
3211 2229 3267 2280 et
3295 2226 3352 2279 in
3379 2231 3532 2281 terra

1904 2316 2257 2383 nominatur,
2296 2321 2359 2370 ut
2399 2317 2496 2372 det
2532 2317 2687 2371 vobis
2730 2318 3044 2372 secundum
3083 2319 3304 2373 divitias
3339 2319 3532 2390 gloriae

1906 2426 2023 2463 suae
2047 2409 2315 2464 virtutem
2343 2410 2696 2464 corroborari
2719 2428 2823 2480 per
2842 2411 3111 2481 Spiritum
3133 2413 3180 2482 ej
3191 2429 3271 2482 us,
3303 2413 3360 2465 in
3387 2413 3531 2467 inte—

1906 2502 2052 2557 riore
2083 2503 2312 2557 homine
2338 2503 2591 2557 habitare
2619 2504 2904 2558 Christum
2933 2521 3038 2574 per
3065 2505 3237 2559 fidem
3264 2506 3322 2559 in
3347 2505 3532 2560 cordi-

1905 2595 2012 2650 bus
2044 2596 2242 2650 vestris
2272 2595 2330 2649 in
2367 2596 2643 2650 charitate
2683 2597 2913 2650 radicati
2946 2601 3002 2650 et
3033 2598 3271 2665 fundati,
3304 2603 3368 2653 ut
3400 2615 3532 2670 pos-

1909 2689 2026 2743 sitis
2063 2689 2555 2760 comprehendere
2597 2706 2728 2743 cum
2768 2690 3031 2744 omnibus
3061 2691 3268 2745 sanctis
3307 2708 3435 2763 quae
3466 2694 3536 2746 sit

1906 2782 2162 2849 latitudo,
2202 2782 2503 2853 longitudo
2534 2787 2592 2836 et
2631 2783 2976 2853 profundum
3012 2789 3069 2838 et
3108 2784 3365 2851 altitudo,
3395 2785 3537 2840 scire

1907 2877 2080 2931 etiam
2110 2877 2631 2946 supereminentem
2667 2876 2913 2931 scientiae
2949 2877 3280 2932 charitatem
3309 2879 3534 2949 Christi,

1909 2972 1971 3022 ut
1988 2970 2345 3040 impleamini
2366 2969 2425 3024 in
2445 2986 2678 3024 omnem
2697 2971 3113 3040 plenitudinem
3131 2971 3248 3026 Dei.
3264 2972 3328 3025 Ei
3344 2977 3536 3027 autem

1911 3063 2008 3133 qui
2033 3068 2236 3134 potens
2265 3067 2348 3118 est
2375 3064 2567 3117 omnia
2597 3064 2785 3118 facere
2815 3065 3346 3135 superabundanter
3363 3082 3538 3137 quam

1908 3156 2151 3227 petimus
2191 3160 2291 3211 aut
2329 3156 2701 3227 intelligimus
2747 3157 3062 3212 secundum
3102 3157 3370 3212 virtutem
3409 3175 3538 3230 quae

1910 3255 2176 3320 Operatur
2199 3249 2259 3304 in
2287 3249 2470 3319 nobis,
2501 3249 2610 3321 ipsi
2641 3250 2822 3321 gloria
2851 3250 2909 3304 in
2939 3251 3179 3304 Ecclesia
3209 3256 3264 3305 et
3289 3251 3348 3305 in
3376 3252 3537 3307 Chri-

1909 3345 1994 3397 sto
2027 3345 2157 3400 Jesu
2190 3343 2248 3397 in
2278 3344 2542 3398 omnibus
2579 3343 3038 3414 generationibus
3071 3345 3262 3399 saeculi
3304 3347 3536 3400 saeculo-

1909 3454 2061 3493 rum.
2102 3439 2305 3492 Amen.
2344 3437 2481 3490 Data
2521 3453 2555 3490 v
2595 3437 2723 3490 Idus
2765 3438 3024 3493 Decemb.
3060 3438 3404 3492 Diocletiano
3447 3440 3536 3506 Vl,

1911 3534 1967 3587 et
1991 3531 2229 3586 Maximo
2260 3531 2395 3598 VIII,
2427 3531 2494 3584 IV
2519 3547 2598 3584 cc.
2629 3530 2845 3585 consul.

3427 3692 3530 3705 _

707 3841 1276 3940 INCIPIUNT
1379 3843 1903 3940 DECRETA
1994 3843 2564 3940 MARCELLI
2661 3841 3022 3935 PAPIE.

1169 4018 1354 4089 (Anno
1378 4019 1602 4074 Domini
1631 4020 1754 4088 304,
1784 4020 1888 4075 sub
1913 4020 2241 4077 Constantio
2267 4023 2322 4074 et
2346 4018 2587 4089 Galero.)

262 4279 642 4336 Dilectissimis
701 4283 970 4339 fratribus
995 4327 1007 4353 ,
1060 4285 1334 4340 universis
1389 4287 1667 4358 episcopis
1718 4301 1896 4372 perD
1919 4291 1975 4343 et
2003 4288 2208 4343 alteros
2236 4287 2417 4359 sequi,
2441 4287 2562 4358 ipse
2592 4285 2748 4342 enim
2777 4292 2943 4360 caput
2962 4287 3045 4343 est
3071 4287 3245 4345 totius
3266 4287 3543 4365 Ecclesiae,

204 4374 625 4430 Antiochzenam
657 4378 1007 4447 provinciam
1036 4380 1374 4446 constitutis,
1398 4381 1744 4436 MARCELLUS.

266 4468 715 4524 Sollicitudinem
732 4473 992 4526 omnium
1007 4473 1401 4542 Ecclesiamm,
1419 4474 1573 4545 juxta
1590 4476 1820 4545 Aposto-

205 4558 308 4614 lum
328 4562 790 4618 circumferentes
811 4565 1015 4619 divinae
1027 4566 1172 4621 circa
1188 4583 1293 4621 nos
1310 4567 1512 4637 gratiae
1535 4584 1820 4623 memores

205 4669 311 4708 esse
340 4657 633 4725 debemus,
663 4657 758 4728 qui
794 4675 896 4712 nos
927 4676 1031 4730 per
1059 4659 1404 4731 dignationis
1445 4679 1562 4715 sua:
1597 4661 1818 4716 miseri—

206 4749 437 4803 cordiam
466 4749 539 4803 ob
580 4751 682 4803 hoc
718 4750 787 4804 ad
822 4751 1116 4822 fastigium
1159 4753 1505 4809 sacerdotale
1543 4755 1817 4825 provexit,

207 4846 262 4894 ut
285 4842 567 4896 mandatis
597 4842 773 4912 ipsius
803 4843 1172 4911 inhaerentes,
1201 4845 1258 4899 in
1289 4847 1537 4917 quadarn
1566 4849 1817 4903 sacerdo-

205 4937 313 4988 tum
343 4937 466 5006 ejus
503 4936 732 5006 specula
761 4938 1048 4992 constituti
1079 4939 1488 5010 prohibeamus
1523 4939 1734 5010 illicita,
1770 4946 1825 4996 et

207 5028 487 5099 sequenda
514 5029 836 5084 doceamus.
872 5031 1047 5102 Unde,
1081 5032 1307 5087 directis
1335 5049 1438 5103 per
1472 5033 1822 5088 Bonifacium

206 5119 502 5176 diaconum
523 5128 783 5178 nostrum
807 5124 1029 5193 litteris,
1049 5125 1421 5181 admonemus
1440 5131 1504 5181 ut
1530 5143 1657 5198 quae
1675 5127 1822 5181 male

204 5216 476 5284 pullulant
526 5216 945 5286 abscindantur,
997 5221 1055 5273 et
1101 5219 1399 5274 malefacta
1442 5220 1821 5292 corrigantur,

204 5313 360 5380 atque
383 5310 540 5364 bona
561 5313 866 5381 sectentur,
889 5316 947 5367 et
971 5314 1200 5368 Patrum
1221 5318 1544 5368 nostrorum
1566 5315 1827 5386 exempla

203 5405 256 5454 et
282 5407 489 5458 statuta
520 5403 838 5460 imitentur.
870 5406 1156 5478 Rogamus
1184 5424 1320 5480 ergo
1350 5425 1470 5476 vos,
1508 5408 1728 5477 fratres,
1763 5413 1827 5463 ut

202 5511 309 5551 non
352 5498 512 5553 aliud
554 5498 817 5567 doceatis,
856 5517 1044 5572 neque
1089 5501 1341 5556 sentiatis
1384 5517 1555 5573 quam
1605 5502 1752 5573 quod
1795 5518 1829 5556 a

202 5588 362 5646 beato
393 5594 562 5647 Petro
605 5596 876 5665 apostolo,
906 5601 964 5650 et
999 5612 1031 5648 a
1066 5595 1297 5667 reliquis
1326 5596 1594 5667 apostolis
1630 5599 1688 5650 et
1727 5597 1826 5650 Pa-

204 5685 378 5738 tribus
402 5685 717 5757 accepistis.
751 5689 834 5742 Ah
860 5689 956 5743 illo
986 5689 1139 5744 enim
1171 5689 1356 5760 primo
1386 5689 1646 5745 instructi
1673 5689 1825 5758 estis,

206 5775 328 5832 ideo
350 5797 466 5834 non
487 5784 715 5852 oportet
735 5793 829 5837 Vos
850 5783 1147 5854 proprium
1169 5783 1564 5856 derelinquere
1585 5785 1826 5854 Patrem,

1919 4382 2008 4436 cui
2054 4382 2131 4435 ait
2175 4382 2494 4436 Dominus:
2531 4401 2557 4433 «
2601 4383 2679 4436 Tu
2726 4399 2784 4436 es
2828 4383 3054 4451 Petrus,
3098 4388 3155 4438 et
3197 4403 3367 4456 super
3403 4387 3547 4441 hanc

1918 4479 2147 4546 petram
2171 4475 2462 4529 aediﬁcabo
2486 4475 2785 4529 Ecclesiam
2808 4493 2994 4531 meam
3016 4479 3230 4546 (Matth.
3259 4495 3366 4546 xvr,
3393 4480 3500 4550 18),
3518 4502 3545 4529 ››

1922 4571 1979 4622 et
2015 4569 2252 4640 reliqua.
2292 4569 2424 4638 Ejus
2464 4569 2617 4622 enim
2653 4569 2812 4623 sedes
2846 4570 3106 4640 primitus
3134 4572 3284 4641 apud
3312 4588 3406 4625 vos
3442 4573 3551 4626 fuit

1921 4677 2050 4732 quae
2089 4666 2285 4732 postea
2308 4661 2548 4731 jubente
2588 4662 2830 4715 Domino
2864 4663 3104 4716 Romam
3134 4665 3408 4718 translata
3442 4668 3546 4733 est,

1923 4754 2013 4807 cui
2042 4753 2482 4809 adminiculante
2521 4754 2705 4824 gratia
2735 4755 2926 4808 divina
2963 4755 3243 4810 hodierna
3278 4759 3548 4828 praeside-

1922 4863 2050 4901 mus
2076 4847 2182 4901 die.
2223 4848 2328 4901 Nec
2361 4848 2430 4901 ab
2463 4847 2584 4917 ejus
2611 4847 2975 4918 dispositione
3005 4865 3106 4902 nos
3133 4849 3356 4905 deviare
3384 4868 3547 4922 opor-

1922 4943 2023 5008 tet,
2066 4940 2139 4994 ad
2187 4956 2362 5010 quam
2407 4943 2608 4994 cuncta
2649 4941 2865 5026 majora
2914 4942 3285 4998 ecclesiastica
3323 4946 3552 5017 negotia

1926 5033 2111 5088 divina
2140 5033 2472 5104 disponente
2504 5033 2686 5104 gratia
2709 5035 2868 5105 jussa
2891 5040 3025 5090 sunt
3052 5037 3370 5106 referenda,
3394 5044 3457 5093 ut
3481 5041 3550 5093 ab

1926 5141 1992 5181 ea
2027 5126 2361 5197 regulariter
2387 5126 2767 5199 disponantur
2796 5145 2829 5182 a
2865 5146 2978 5199 qua
3016 5147 3304 5203 sumpsere
3342 5134 3547 5204 princi-

1924 5220 2037 5291 pia,
2060 5220 2103 5273 si
2126 5225 2309 5275 vestra
2327 5237 2460 5275 vero
2482 5220 2869 5291 Antiochaena,
2893 5239 3021 5294 quae
3049 5224 3184 5279 olim
3207 5226 3391 5296 prima
3411 5234 3548 5296 erat,

1925 5314 2199 5368 Romana:
2240 5314 2406 5368 cessit
2450 5313 2587 5381 sedi,
2628 5315 2788 5368 nulla
2824 5319 2908 5371 est
2947 5334 3073 5388 quae
3107 5319 3226 5389 ejus
3257 5337 3373 5373 non
3418 5321 3548 5373 sub-

1921 5407 2066 5478 jecta
2109 5407 2182 5462 sit
2223 5406 2443 5474 ditioni,
2479 5407 2548 5462 ad
2592 5425 2765 5480 quam
2807 5426 3009 5464 omnes
3053 5412 3209 5481 quasi
3249 5413 3317 5465 ad
3363 5414 3549 5482 caput,

1920 5501 2078 5572 juxta
2115 5501 2503 5572 apostolorum
2542 5517 2858 5573 eorumque
2897 5520 3278 5558 successorum
3317 5505 3556 5559 sanctio-

1927 5611 2052 5662 nes,
2077 5595 2323 5666 episcopi
2352 5595 2452 5666 qui
2480 5595 2768 5649 voluerint
2791 5598 2875 5649 vel
2907 5596 3110 5666 quibus
3137 5614 3358 5651 necesse
3385 5599 3555 5654 fuerit

1931 5689 2234 5759 suffugere,
2277 5705 2516 5760 eamque
2563 5690 2847 5761 appellare
2887 5689 3109 5757 debent,
3153 5696 3212 5744 ut
3253 5689 3378 5747 inde
3408 5695 3553 5748 acci—

1929 5783 2088 5856 piant
2132 5782 2432 5838 tuitionem
2483 5787 2539 5835 et
2581 5781 2976 5837 liberationem
3028 5784 3176 5838 unde
3217 5794 3561 5860 acceperunt
