4026 6166
530 244 631 295 2H)

1408 234 1688 290 APPEND.
1729 232 1816 288 AD
1853 234 2011 288 δέΕΟ.
2055 233 2139 286 ΙΧ.
2172 261 2241 271 -—-
2280 231 2530 287 ISlDORI
2566 231 2991 289 MERCATORIS

3727 248 3806 300 220

525 344 985 401 informationem
1009 347 1178 415 atque
1193 342 1689 397 consecrationem.
1709 340 1871 404 Quod
1889 339 2155 394 omnibus
2178 352 2236 425 Α
2255 340 2389 411 quid
2414 342 2619 411 potest,
2640 339 2842 394 fratres
2867 340 3004 409 mei,
3028 337 3166 394 ﬁcus
3197 334 3359 395 olivas
3393 340 3581 414 facere,
3606 351 3689 401 aut
3712 351 3809 405 vitis

526 438 766 493 minime
816 437 1080 491 convenit
1128 437 1417 507 denegare
1464 433 1762 506 episcopis,
1806 432 1904 487 sed
1947 432 2157 504 absque

525 533 644 586 ulla
661 530 917 585 custodia
931 535 1030 583 aut
1048 527 1645 593 excommunicatione,
1661 525 1749 580 vel
1768 525 2153 594 damnatione,

524 629 614 682 vel
657 627 1065 699 exspoliatioue
1110 627 1287 681 libere
1331 626 1413 679 ire
1456 624 1814 679 concedatur.
1863 622 2157 693 Simulque

523 722 680 777 idem
696 720 1012 792 inspirante
1038 720 1278 774 Domino
1299 718 1721 773 constituerunt
1737 719 1805 772 ut
1819 717 1977 771 nulla
1996 732 2159 786 syno-

525 816 631 870 dus
670 815 839 870 fieret
881 821 1089 885 praeter
1124 812 1378 882 ejusdem
1422 811 1569 866 sedis
1605 810 2020 878 auctoritatem,
2054 825 2158 864 nec

526 908 669 963 ullus
702 906 1022 978 episcopus,
1045 905 1156 959 nisi
1176 905 1235 959 in
1260 903 1518 974 legitima
1543 903 1757 975 synodo
1777 919 1879 958 suo
1898 905 2155 973 tempore

524 1000 834 1073 apostolica
871 999 1202 1054 auctoritate
1243 1002 1565 1065 convocata,
1605 1013 1779 1068 super
1813 995 2158 1068 quibuslibet

524 1093 859 1149 criminibus
885 1092 1157 1163 pulsatus,
1181 1090 1448 1146 audiatur
1472 1092 1558 1147 vel
1584 1090 1892 1161 judicetur,
1920 1088 2055 1161 quia
2075 1088 2157 1159 (ut

523 1188 691 1259 paulo
718 1185 978 1256 superius
1005 1185 1368 1256 prazlibatum
1395 1185 1498 1257 est)
1527 1184 1921 1256 episcoporum
1940 1182 2157 1253 judicia

526 1284 583 1335 et
614 1295 977 1334 summarum
1009 1294 1308 1332 causarum
1339 1279 1591 1349 negotia,
1615 1277 1727 1332 sive
1755 1281 1955 1331 cuncta
1982 1275 2155 1331 dubia

523 1362 842 1443 apostolicae
872 1372 1016 1426 sedis
1038 1371 1374 1425 auctoritate
1402 1375 1533 1425 sunt
1556 1370 1777 1441 agenda
1804 1375 1860 1424 et
1878 1368 2151 1436 ﬁnienda,

525 1470 581 1520 et
600 1464 797 1520 omnia
817 1464 1315 1535 comprovincialia
1342 1463 1567 1535 negotia
1588 1463 1757 1532 hujus
1784 1467 2009 1531 sanctae,
2034 1461 2155 1515 uni-

524 1556 788 1627 versalis,
841 1563 897 1613 et
941 1556 1265 1629 apostolicae
1311 1556 1575 1610 Ecclesiae
1620 1559 1753 1610 sunt
1796 1555 2155 1610 retractanda

516 1652 751 1723 judicio,
792 1650 835 1704 si
866 1650 1035 1721 hujus
1066 1649 1329 1704 Ecclesiae
1360 1649 1614 1720 pontifex
1653 1648 2006 1719 praaceperit.
2039 1650 2152 1703 Nec

2256 433 2432 487 ﬁcus?
2461 432 2546 488 Sic
2571 448 2754 504 neque
2788 434 2934 487 salsa
2959 432 3183 487 dulcem
3220 439 3399 504 potest
3428 437 3597 492 facere
3622 457 3806 510 aquam.

2255 526 2388 590 Quis
2424 525 2643 595 sapiens
2673 530 2731 579 et
2765 524 3152 596 discipliuatus
3191 526 3337 581 inter
3360 545 3474 596 nos,
3503 532 3731 587 ostendat
3760 552 3811 588 ex

2256 618 2403 672 bona
2435 617 2859 672 conversatione
2892 634 3062 687 opera
3097 635 3198 672 sua
3239 619 3298 673 in
3326 622 3721 678 mansuetudine
3742 643 3807 678 sa-

2256 710 2524 782 pientiae?
2560 711 2719 774 Quod
2760 710 2804 764 si
2841 711 3021 765 zelum
3055 712 3375 767 animarum
3412 714 3610 768 habetis
3635 721 3684 770 et
3704 733 3810 771 con-

2255 805 2537 859 tentiones
2563 808 2696 859 sunt
2724 805 2782 858 in
2821 804 3087 859 cordibus
3113 806 3325 872 vestris,
3359 807 3522 861 nolite
3549 808 3747 877 gloriari
3768 814 3813 864 et

2257 898 2556 954 mendaces
2598 915 2716 954 esse
2760 898 3027 953 adversus
3065 898 3391 966 veritatem;
3430 916 3540 954 non
3581 901 3713 954 enim
3749 907 3815 955 est

2257 991 2364 1045 ista
2391 992 2687 1046 desursum
2714 992 3085 1062 descendens,
3111 992 3209 1047 sed
3236 996 3473 1057 terrena,
3502 993 3749 1061 animalis,
3774 1001 3817 1049 et

2257 1084 2553 1139 diabolica.
2584 1084 2691 1139 Ubi
2728 1084 2882 1139 enim
2925 1086 3077 1140 zelus
3121 1089 3179 1140 et
3213 1085 3512 1153 contentio,
3549 1085 3619 1139 ibi
3656 1086 3816 1140 incon-

2256 1177 2465 1232 stantia
2492 1180 2550 1232 et
2579 1194 2749 1232 omne
2785 1195 2926 1248 opus
2959 1195 3215 1249 pravum.
3253 1178 3389 1242 Quae.
3416 1181 3539 1232 ante
3570 1177 3819 1232 desursum

2257 1274 2342 1325 est
2381 1270 2676 1341 sapientia,
2719 1270 2973 1342 primum
3016 1271 3251 1343 quidem
3294 1270 3494 1342 pudica
3526 1274 3621 1339 est,
3656 1271 3820 1325 deinde

2253 1363 2502 1435 pacifica,
2570 1364 2846 1431 modesta,
2902 1364 3211 1431 suadibilis,
3275 1363 3432 1418 bonis
3492 1363 3819 1433 consentiens,

2253 1458 2424 1528 plena
2450 1457 2853 1523 misericordia,
2882 1462 2939 1513 et
2964 1457 3238 1511 fructibus
3264 1456 3446 1525 bonis,
3471 1455 3704 1510 iudicans
3725 1458 3821 1511 sine

2254 1549 2725 1605 dissimulatione.
2736 1573 2763 1600 α
2783 1552 3015 1605 Fructus
3032 1553 3227 1605 autem
3235 1549 3469 1620 justitise
3485 1548 3540 1602 in
3552 1565 3675 1619 pace
3690 1549 3824 1602 semi-

2253 1647 2423 1698 natur
2446 1642 2779 1696 facientibus
2796 1658 2994 1714 pacem
3016 1642 3148 1713 (Jac.
3166 1659 3248 1709 In,
3275 1645 3294 1695 1
3324 1647 3373 1696 et
3395 1640 3562 1712 seq.)»
3586 1661 3611 1689 «
3634 1641 3824 1711 Propter

524 1744 613 1799 cui
642 1745 808 1798 liceat
835 1742 956 1797 sine
987 1741 1317 1814 praejudicio
1356 1743 1628 1796 Romanae
1666 1741 1927 1796 Ecclesia).
1953 1740 2064 1811 (cui
2093 1740 2153 1794 in
2175 1720 2229 1791 B
2253 1735 2404 1808 quod
2442 1735 2706 1790 succincti
2741 1735 2962 1790 lumbos
3006 1735 3214 1790 mentis
3251 1738 3469 1802 vestrae,
3506 1732 3680 1799 sobrii,
3716 1749 3821 1803 per-

525 1837 789 1892 omnibus
825 1835 1002 1890 causis
1034 1835 1272 1890 debetur
1305 1834 1640 1905 reverentia)
1682 1833 1987 1902 custodire,
2025 1833 2151 1888 reli-

522 1929 624 1985 ctis
656 1930 744 1984 his
768 1927 1153 1984 sacerdotibus
1183 1926 1278 1998 qui
1308 1927 1366 1981 in
1397 1927 1596 1982 eadem
1622 1926 1911 1999 provincia
1937 1926 2033 1981 Dei
2061 1927 2155 1981 Ec-

472 2061 478 2067 ο
522 2023 716 2079 clesias
751 2025 893 2077 nutu
934 2021 1123 2076 divino
1163 2021 1506 2092 gubernant,
1550 2020 1625 2074 ad
1670 2021 1807 2074 alias
1859 2020 2155 2075 convolare

521 2116 861 2188 provincias,
892 2115 981 2167 vel
1020 2114 1260 2168 aliarum
1301 2113 1724 2184 provinciarum
1757 2113 2154 2184 episcoporum

516 2208 798 2279 judicium
820 2206 1064 2276 experiri
1080 2205 1168 2260 vel
1188 2206 1325 2275 pati,
1348 2205 1449 2259 sed
1465 2206 1729 2259 omnibus
1750 2205 2007 2275 ejusdem
2025 2221 2156 2275 pro-

521 2301 721 2355 viucim
768 2298 1048 2370 episcopis
1088 2299 1451 2368 congregatis
1489 2298 1771 2368 judicium
1819 2298 2151 2353 auctoritate

525 2393 694 2464 hujus
725 2391 873 2447 sedis
903 2391 1272 2459 terminetur;
1313 2390 1469 2462 quod
1497 2396 1689 2446 tamen
1734 2392 1813 2462 (ut
1846 2391 2152 2461 praefatum

524 2488 622 2558 est)
653 2502 755 2557 per
787 2486 908 2557 ejus
944 2484 1204 2554 vicarios,
1239 2485 1285 2539 si
1324 2484 1573 2551 libuerit,
1617 2483 1726 2539 erit
1764 2483 2149 2553 tractandum,

526 2584 581 2635 et
611 2577 890 2651 quidquid
913 2578 1126 2650 injuste
1154 2582 1346 2633 actum
1368 2584 1452 2633 est
1477 2577 1929 2633 reformandum.
1954 2579 2149 2632 Pasto-

523 2675 657 2729 ralis
688 2689 826 2747 ergo
857 2689 992 2727 cura
1020 2672 1189 2727 ofﬁcii
1213 2688 1319 2727 nos
1349 2672 1620 2727 admonet
1646 2676 1701 2727 et
1726 2670 2004 2725 destitutis
2034 2687 2154 2725 suc-

524 2783 771 2833 currere,
806 2770 863 2820 et
887 2769 1087 2820 cuncta
1116 2765 1376 2836 neglecta
1392 2765 1480 2819 vel
1500 2766 1646 2819 male
1671 2768 1793 2819 acta
1811 2764 2148 2834 reformare,

523 2859 589 2909 nt
607 2855 755 2927 ignis
779 2855 896 2923 ille,
919 2870 1094 2926 quem
1118 2854 1390 2909 Dominus
1409 2852 1638 2908 veniens
1658 2851 1813 2907 misit
1834 2854 1894 2907 in
1915 2856 2148 2921 terram,

525 2951 690 3004 motu
716 2948 913 3002 crebro
943 2947 1376 3017 emendationis,
1408 2948 1498 3001 vel
1527 2947 1740 3001 crebrae
1768 2946 2152 3001 meditationis

524 3041 768 3113 agitatus
798 3040 875 3095 sic
915 3041 1155 3096 calescat
1194 3042 1256 3095 ut
1293 3041 1526 3108 ferveat,
1561 3043 1619 3094 et
1654 3040 1730 3095 sic
1766 3040 2152 3095 iuﬂammetur

524 3142 587 3192 ut
619 3136 822 3190 luceat.

594 3229 750 3300 Stepe
779 3226 934 3282 enim
970 3227 1279 3282 dicendum
1309 3231 1366 3281 et
1399 3227 1688 3298 agendum
1717 3232 1803 3283 est
1832 3227 1967 3298 quia
2002 3227 2151 3281 mala

518 3321 857 3395 pullulanti‘a
897 3321 1149 3375 fraterna
1193 3319 1468 3375 charitate
1516 3325 1737 3391 oportet
1776 3319 2041 3389 resecari,
2088 3323 2151 3373 ut

518 3418 671 3472 bona
698 3414 983 3471 crescendi
1004 3419 1061 3469 et
1086 3412 1501 3485 augmentandi
1529 3413 1942 3484 amplissimum
1958 3413 2148 3467 locum

516 3509 832 3564 inveniant.
879 3529 907 3558 ‹‹
947 3506 1125 3562 Nolite
1175 3523 1314 3578 ergo
1355 3506 1435 3575 (ut
1482 3507 1778 3577 Apostolus
1818 3506 1915 3577 ait)
1958 3507 2148 3576 plures

514 3602 639 3657 ﬁeri
664 3600 922 3673 magistri
948 3600 1083 3668 mei,
1114 3600 1336 3668 fratres,
1364 3600 1631 3668 scientes,
1662 3600 1929 3671 quoniam
1962 3600 2148 3670 majus

508 3695 790 3767 judicium
806 3692 1045 3749 sumitis.
1064 3714 1091 3742 ››
1108 3692 1169 3749 In
1187 3693 1379 3748 multis
1397 3694 1551 3748 enim
1568 3692 1908 3748 offendimus
1924 3709 2142 3748 omnes.

516 3789 572 3845 Si
598 3789 725 3861 quis
752 3788 809 3843 in
836 3787 1011 3842 verbo
1041 3804 1159 3842 non
1188 3786 1441 3855 offendit,
1472 3787 1565 3841 hic
1596 3787 1878 3858 perfectus
1916 3790 2001 3842 est
2039 3786 2141 3855 vir,

514 3886 699 3954 potest
733 3882 909 3936 etiam
945 3882 1109 3936 freno
1139 3880 1563 3936 circumducere
1599 3883 1781 3935 totum
1820 3896 2046 3951 corpus.
2087 3880 2143 3934 Si

513 3982 702 4031 autem
732 3991 1015 4045 equorum
1039 3976 1231 4028 frenos
1262 3974 1320 4027 in
1348 3990 1444 4027 ora
1473 3973 1774 4039 mittimus,
1804 3973 1873 4027 ad
1899 3988 2139 4027 consen-

513 4069 776 4123 tiendum
811 4068 976 4122 nobis
1005 4071 1061 4121 et
1086 4082 1255 4120 omne
1292 4082 1496 4136 corpus
1527 4066 1755 4120 illorum
1790 4064 2139 4119 circumferi-

513 4177 662 4215 mus.
693 4162 832 4214 Ecce
861 4163 917 4213 et
936 4175 1125 4225 naves,
1154 4174 1284 4211 cum
1314 4174 1543 4228 magnae
1570 4158 1684 4211 sint
1707 4163 1763 4212 et
1786 4174 1819 4211 a
1848 4157 2027 4212 ventis
2055 4174 2144 4212 va-

510 4252 641 4308 lidis
685 4250 1007 4317 minentur,
1059 4251 1540 4304 circumferuntur
1590 4256 1780 4306 autem
1830 4268 1863 4305 a
1914 4250 2140 4306 modico

514 4344 896 4416 gubernaculo
929 4343 1025 4398 ubi
1051 4342 1302 4414 impetus
1338 4341 1640 4415 dirigentis
1673 4344 1935 4412 voluerit,
1969 4344 2047 4399 ita
2085 4347 2143 4400 et

2254 1829 2382 1883 fecti
2408 1834 2628 1899 sperate
2658 1829 2718 1882 in
2749 1844 2875 1882 eam
2906 1845 3033 1900 quae
3063 1828 3303 1884 offertur
3329 1827 3486 1882 vobis
3524 1825 3757 1898 gratiam,
3780 1824 3825 1878 in

2254 1921 2595 1976 revelatione
2625 1923 2756 1976 Jesu
2794 1922 3020 1989 Christi,
3047 1922 3208 1993 quasi
3243 1920 3346 1975 ﬁlii
3383 1919 3695 1974 obedientia),
3733 1934 3827 1971 non

2254 2014 2591 2086 conﬁgurati
2632 2014 2914 2086 prioribus
2955 2014 3299 2086 ignorantiae
3332 2018 3527 2069 vestras
3564 2010 3826 2077 desideriis,

2255 2109 2353 2164 sed
2386 2108 2693 2163 secundum
2723 2124 2855 2163 eum
2888 2108 2985 2180 qui
3023 2107 3238 2163 vocavit
3273 2124 3375 2163 vos
3413 2109 3673 2173 sanctum,
3704 2108 3757 2158 ut
3786 2106 3830 2156 et

2253 2202 2363 2274 ipsi
2387 2202 2516 2255 facti
2536 2201 2712 2257 sancti
2732 2202 2791 2255 in
2818 2201 2972 2255 omni
2993 2201 3419 2256 conversatione
3439 2199 3573 2268 sitis,
3593 2196 3828 2271 quoniam

2253 2295 2525 2366 scriptum
2563 2297 2649 2348 est
2695 2311 2708 2348 :
2750 2294 2935 2350 Sancti
2979 2294 3153 2362 eritis,
3196 2294 3467 2366 quoniam
3505 2308 3607 2363 ego
3642 2294 3829 2344 sanctus

2253 2405 2397 2443 sum.
2448 2390 2513 2443 Et
2558 2387 2603 2441 si
2647 2389 2888 2457 Patrem,
2925 2388 3197 2442 invocatis
3240 2404 3379 2443 eum
3426 2386 3522 2459 qui
3560 2386 3671 2440 sine
3704 2398 3829 2438 acce-

2251 2481 2445 2553 ptione
2479 2496 2851 2552 personarum
2877 2481 3115 2552 judicat,
3162 2481 3478 2536 secundum
3518 2477 3829 2547 uniuscujus-

2252 2592 2361 2646 que
2397 2591 2538 2646 opus
2577 2574 2636 2628 in
2679 2574 2880 2629 timore
2917 2574 3193 2630 incolatus
3229 2574 3403 2629 vestri
3447 2578 3689 2644 tempore
3720 2585 3830 2625 cou-

2252 2668 2573 2723 versamini.
2606 2667 2854 2722 Scientes
2892 2668 3045 2739 quod
3083 2684 3201 2723 non
3238 2667 3589 2739 corruptibili
3617 2681 3740 2719 auro
3765 2662 3833 2716 vel

2251 2764 2487 2832 argento
2514 2760 2789 2831 redempti
2817 2760 2947 2815 estis
2974 2761 3043 2816 de
3066 2776 3209 2816 vana
3237 2765 3427 2817 vestra
3456 2756 3833 2814 conversatione

2252 2858 2504 2926 paternae
2552 2853 2891 2922 traditionis,
2938 2855 3037 2909 sed
3082 2854 3335 2926 pretioso
3389 2853 3657 2926 sanguine
3694 2848 3832 2920 Agni,

2252 2946 2413 3018 quasi
2438 2947 2869 3002 incontaminati
2893 2951 2950 3001 et
2975 2948 3331 3002 immaculati
3352 2948 3478 3003 Jesu
3499 2942 3839 3014 Christi,prte—

2251 3040 2466 3112 cogniti
2495 3040 2729 3111 quidem
2757 3042 2888 3094 ante
2919 3040 3377 3096 constitutionem
3404 3040 3618 3107 mundi,
3643 3034 3837 3092 manife-

2171 3093 2225 3166 Ο
2250 3133 2380 3188 stati
2414 3138 2606 3188 autem
2635 3133 2951 3188 novissimis
2986 3134 3343 3205 temporibus
3371 3136 3600 3206 prOpter
3624 3147 3715 3185 vos
3739 3126 3836 3200 qui,

2249 3244 2350 3298 per
2382 3226 2568 3298 ipsum
2598 3227 2792 3281 fideles
2817 3226 2950 3282 estis
2974 3227 3035 3282 in
3070 3229 3206 3295 Deo,
3243 3228 3347 3298 qui
3373 3225 3651 3283 suscitavit
3674 3238 3788 3279 eum
3812 3236 3839 3274 a

2246 3321 2506 3390 mortuis,
2538 3322 2595 3374 et
2628 3320 2782 3375 dedit
2807 3320 2860 3375 ei
2893 3320 3138 3391 gloriam
3165 3325 3231 3375 ut
3264 3321 3415 3377 ﬁdes
3450 3323 3637 3376 nostra
3659 3322 3711 3372 et
3734 3329 3839 3385 spes

2248 3418 2396 3467 esset
2436 3413 2494 3467 in
2536 3414 2666 3468 Deo.
2713 3413 2827 3487 51
2877 3415 3108 3469 Animas
3151 3418 3368 3471 vestras
3405 3413 3759 3469 castificautes
3792 3406 3839 3461 in

2246 3504 2566 3561 obedientia
2588 3507 2893 3575 charitatis,
2916 3507 2975 3561 iu
3001 3506 3375 3563 fraternitatis
3402 3522 3613 3574 amore,
3635 3497 3840 3574 simplici

2247 3614 2318 3654 ex
2340 3598 2511 3655 corde
2535 3599 2780 3655 invicem
2800 3599 3016 3671 diligite
3039 3600 3337 3669 attentius,
3362 3601 3547 3656 renati
3572 3615 3679 3653 non
3698 3611 3759 3651 ex
3775 3609 3842 3647 se.

2245 3692 2398 3747 mine
2424 3692 2801 3764 corruptibili,
2823 3693 2917 3748 sed
2942 3693 3371 3764 incorruptibili
3389 3710 3495 3766 per
3514 3692 3739 3749 verbum
3761 3684 3841 3742 Dei

2244 3786 2353 3840 vivi
2379 3785 2870 3856 etpermaueutis,
2906 3786 3041 3858 quia
3073 3787 3261 3841 omnis
3292 3804 3431 3843 caro
3471 3788 3537 3842 ut
3565 3786 3766 3848 fenum,
3798 3783 3842 3833 et

2244 3878 2428 3932 omnis
2454 3878 2633 3948 gloria
2656 3880 2778 3949 ejus
2802 3884 3076 3950 tanquam
3101 3879 3206 3935 flos
3232 3879 3391 3951 feni;
3424 3878 3643 3935 exaruit
3676 3876 3842 3931 fenum

2245 3976 2302 4026 et
2326 3971 2431 4025 ﬂos
2451 3972 2572 4042 ejus
2597 3971 2825 4039 decidit,
2855 3972 3093 4027 verbum
3123 3978 3319 4028 autem
3349 3973 3576 4028 Domini
3598 3970 3777 4026 manet
3794 3965 3840 4019 in

2243 4067 2542 4119 aeternum.
2581 4067 2691 4118 Hoc
2730 4070 2813 4119 est
2840 4068 3031 4120 autem
3060 4066 3296 4121 verbum
3333 4065 3491 4138 quod
3524 4052 3853 4134 evangeliza’

2242 4159 2361 4211 tum
2393 4160 2477 4211 est
2504 4158 2564 4212 in
2589 4158 2768 4213 vobis.
2795 4160 3156 4230 Deponentes
3181 4159 3423 4231 quidem
3452 4175 3678 4215 omnem
3706 4149 3841 4209 mali-

2239 4249 2379 4305 tiam
2418 4256 2474 4306 et
2501 4267 2730 4306 omnem
2767 4250 2963 4307 dolum
3000 4257 3057 4307 et
3095 4252 3512 4321 simulationes,
3555 4256 3614 4307 et
3640 4246 3845 4305 invidias

2241 4346 2298 4396 et
2323 4360 2520 4399 omnes
2539 4343 2935 4414 detractiones,
2959 4344 3104 4400 sicut
3121 4344 3291 4400 modo
3312 4345 3504 4417 geniti
3524 4345 3759 4401 infantes
3774 4354 3845 4393 ra-

512 4439 713 4510 liugua
747 4437 1037 4492 modicum
1074 4436 1309 4533 quidem
1351 4438 1677 4533 membrum
1720 4441 1806 4533 est
1837 4442 1892 4493 et
1926 4455 2139 4533 magna
2156 4461 2215 4533 D
2240 4436 2542 4492 tionabiles
2567 4438 2685 4493 sine
2705 4438 2834 4493 dolo
2854 4439 2941 4493 lac
2966 4436 3363 4510 concupiscite,
3388 4445 3457 4495 ut
3483 4439 3544 4495 in
3571 4456 3636 4495 eo
3658 4449 3846 4533 cresca-

511 4533 735 4590 exaltat.
750 4534 891 4587 Ecce
910 4534 1157 4603 quantus
1168 4530 1318 4603 ignis
1335 4529 1431 4603 qui
1454 4548 1727 4603 magnam
1740 4532 1939 4587 silvam
1951 4532 2140 4587 incen-

512 4625 623 4682 dit!
652 4626 720 4680 Et
746 4624 941 4697 lingua
967 4625 1118 4696 ignis
1143 4630 1248 4692 est,
1282 4624 1614 4680 universitas
1639 4625 1975 4697 iniquitatis.
2007 4627 2133 4681 Liu-

513 4735 628 4792 gua
665 4715 1028 4774 constituitur
1061 4718 1121 4773 in
1155 4718 1428 4774 membris
1459 4719 1685 4787 nostris,
1725 4736 1852 4791 quae
1892 4720 2139 4775 maculat

509 4816 695 4870 totum
722 4828 927 4884 corpus
954 4817 1011 4867 et
1032 4812 1352 4868 inflammat
1376 4814 1560 4868 rotam
1591 4813 1899 4868 nativitatis
1930 4817 2137 4869 nostrae

507 4907 858 4964 inﬂammata
889 4922 922 4961 a
947 4906 1231 4978 geheuua.
1262 4908 1471 4962 Omnes
1498 4907 1651 4962 enim
1676 4911 1899 4962 naturae
1924 4907 2133 4963 bestia-

509 5018 641 5058 rum
678 5005 737 5057 et
774 5003 1068 5056 volucrum
1107 5004 1163 5056 et
1201 5002 1553 5072 serpentum,
1585 5000 1761 5055 etiam
1801 5004 2135 5056 caaterorum

509 5097 832 5165 domantur,
867 5099 924 5150 et
960 5093 1172 5149 domita
1206 5099 1339 5149 sunt
1373 5111 1406 5147 a
1450 5098 1658 5149 natura
1691 5094 1962 5149 humana.
2004 5094 2132 5149 Lin-

508 5208 681 5265 guam
717 5195 909 5246 autem
940 5189 1127 5243 nullus
1164 5187 1466 5243 hominum
1509 5185 1744 5242 domare
1787 5188 2003 5260 potest;
2042 5187 2132 5241 iu-

507 5286 770 5358 quietum
809 5281 1055 5350 malum,
1094 5281 1264 5353 plena
1302 5297 1522 5336 veneno
1564 5281 1878 5337 mortifero.
1914 5282 1976 5336 In
2013 5281 2135 5352 ipsa

503 5377 895 5435 benedicimus
915 5377 1094 5430 Deum
1114 5380 1170 5430 et
1188 5375 1430 5445 Patrem,
1449 5375 1583 5429 etin
1606 5374 1726 5447 ipsa
1744 5374 2134 5429 maledicimus

505 5471 771 5529 homines
798 5470 897 5542 qui
915 5469 987 5524 ad
1006 5467 1445 5523 similitudinem
1470 5468 1571 5523 Dei
1589 5467 1722 5523 facti
1745 5472 1895 5523 sunt.
1910 5469 1990 5523 Ex
2011 5468 2133 5540 ipso

508 5581 605 5620 ore
632 5563 956 5619 benedictio
985 5561 1243 5634 procedit
1270 5564 1327 5616 et
1355 5560 1703 5617 maledictio.
1734 5562 1858 5617 Non
1887 5565 2129 5634 Oportet,

509 5657 714 5710 fratres
752 5656 885 5723 mei,
917 5656 1039 5710 haec
1074 5656 1152 5710 ita
1189 5654 1333 5709 ﬁeri.
1364 5653 1632 5726 Nunquid
1664 5654 1790 5709 fons
1827 5655 1896 5711 de
1934 5655 2133 5712 eodem

510 5747 786 5807 foramine
815 5754 1046 5806 emanat
1071 5748 1292 5805 dulcem
1328 5751 1387 5805 et
1413 5763 1672 5804 amaram
1699 5750 1945 5825 aquam?
1974 5750 2129 5807 Nun-

2238 4530 2308 4585 tis
2336 4530 2395 4586 iu
2419 4532 2679 4602 salutem,
2708 4530 2755 4586 si
2779 4531 3014 4603 gustatis
3044 4531 3313 4604 quoniam
3341 4533 3528 4588 dulcis
3561 4535 3645 4587 est
3672 4526 3844 4585 Domi-

2239 4640 2363 4678 nus.
2384 4625 2457 4679 At
2474 4640 2645 4695 quem
2668 4624 3026 4679 attendentes
3045 4624 3291 4697 lapidem
3311 4626 3511 4681 vivum
3533 4625 3605 4682 ab
3631 4617 3850 4679 homini-

2236 4717 2340 4772 bus
2380 4717 2611 4788 quidem
2646 4718 3033 4790 reprobatum,
3070 4737 3104 4774 a
3145 4721 3258 4774 Deo
3286 4725 3489 4776 autem
3527 4721 3765 4774 electum
3802 4717 3850 4766 et

2235 4811 2685 4880 honoriﬁcatum,
2725 4815 2782 4866 et
2816 4812 2924 4883 ipsi
2961 4816 3239 4884 tanquam
3275 4813 3498 4885 lapides
3527 4811 3636 4869 vivi
3667 4822 3848 4883 super.

2236 4904 2618 4973 aediﬁcamiui,
2634 4905 2834 4960 domos
2851 4906 3187 4976 spirituales,
3204 4906 3595 4961 sacerdotium
3609 4908 3849 4961 sanctum

2237 4998 2442 5053 offerre
2462 4999 2778 5070 spirituales
2796 4994 3011 5053 hostias
3026 4996 3399 5070 acceptabiles
3418 5000 3541 5055 Deo
3558 5015 3662 5071 per
3677 4997 3701 5054 J
3709 5008 3853 5053 esum

2234 5092 2535 5161 Christum,
2576 5095 2811 5164 propter
2853 5092 3004 5163 quod
3051 5092 3304 5148 continet
3345 5093 3645 5164 Scriptura
3678 5108 3691 5145 :
3729 5091 3851 5145 Ecce

2232 5202 2381 5257 pono
2409 5185 2468 5241 in
2502 5185 2636 5241 Sion
2664 5185 2916 5257 lapidem
2944 5202 3252 5253 summum,
3291 5186 3637 5257 angularem
3671 5187 3725 5239 et
3749 5182 3850 5237 ele—

2233 5279 2750 5351 ctum,pretiosum,
2774 5284 2831 5334 et
2861 5278 2960 5351 qui
2996 5279 3299 5335 crediderit
3322 5278 3384 5333 in
3415 5295 3555 5334 eum
3581 5295 3698 5334 non
3730 5291 3851 5331 con.

2231 5372 2520 5442 fundetur,
2552 5371 2710 5427 vobis
2735 5372 2911 5444 igitur
2936 5373 3123 5428 honor
3151 5371 3547 5443 credentibus,
3591 5388 3708 5427 non
3741 5383 3853 5425 cre-

2233 5466 2495 5523 dentibus
2518 5469 2709 5522 autem
2728 5466 2893 5539 lapis,
2916 5483 3088 5539 quem
3111 5467 3574 5539 reprobaverunt
3594 5464 3857 5520 aedifican-

2230 5565 2332 5629 tes,
2355 5561 2447 5616 hic
2466 5561 2645 5616 factus
2670 5566 2755 5617 est
2772 5561 2831 5616 in
2851 5566 3019 5633 caput
3037 5561 3250 5633 anguli.
3276 5561 3343 5615 Et
3362 5558 3518 5631 lapis
3543 5554 3858 5615 offensionis

2232 5660 2289 5712 et
2320 5658 2482 5728 petra
2513 5655 2763 5711 scandali
2795 5655 2885 5710 his
2915 5655 3011 5727 qui
3045 5654 3340 5711 offendunt
3375 5653 3582 5724 verbo,
3617 5669 3723 5708 nec
3751 5665 3860 5706 cre-

2230 5750 2372 5806 dunt
2398 5750 2458 5805 in
2482 5767 2595 5823 quo
2618 5753 2676 5805 et
2692 5749 2857 5824 positi
2883 5750 3145 5806 sunt.Vos
3165 5754 3355 5806 autem
3384 5763 3577 5819 genus
3598 5747 3856 5821 electum,
