4026 6166
203 233 284 282 221

1425 222 1897 277 DECRETALIUM
1935 221 2232 275 COLLECT
2236 220 2318 274 10.

3434 220 3537 271 222

197 336 379 406 regale
407 333 804 402 sacerdotium,
831 347 969 405 gens
996 336 1206 400 sancta,
1230 333 1470 403 populus
1495 331 1813 402 acquisitio-
1833 343 1893 414 Α
1911 329 1998 400 pit
2025 328 2267 398 gratiam
2293 327 2352 379 in
2370 325 2705 380 alterutrum
2732 325 2887 379 illam
2913 323 3375 378 administrantes
3396 323 3541 376 sicut

196 430 290 495 nis,
322 433 384 480 ut
409 428 641 482 virtutes
669 427 1018 481 annuntietis
1046 427 1169 497 ejus
1196 426 1292 497 qui
1328 426 1398 480 de
1442 425 1688 480 tenebris
1713 442 1810 479 vos

193 521 468 575 revocavit
508 522 565 574 in
605 521 935 575 admirabile
973 521 1166 574 lumen
1195 536 1362 573 suum
1396 520 1442 586 (Ι
1469 521 1610 573 Pctr.
1648 535 1682 584 1,
1719 521 1808 571 13-

194 619 268 679 25;
305 616 446 682 l-9).
497 615 686 668 Estote
734 630 890 684 ergo,
919 612 1254 679 charissimi,
1287 611 1595 683 prudentes
1639 615 1695 664 et
1727 609 1810 662 vi-

192 708 354 776 gilate
387 707 448 759 in
475 706 854 774 orationibus;
883 710 1014 760 ante
1044 705 1237 759 omnia
1259 708 1452 758 autem
1473 708 1731 758 mutuam
1755 703 1813 756 in

191 799 604 870 vobismetipsis
631 800 964 854 charitatem
994 799 1322 853 continuam
1357 797 1648 862 habentes,
1681 796 1815 866 quia

189 893 429 946 Charitas
449 893 638 964 operit
656 892 1086 946 multitudinem
1102 895 1489 963 peccatorum,
1505 889 1813 959 hospitales

188 986 420 1040 invicem
449 986 569 1040 sine
597 986 1055 1040 murmuratione
1089 983 1473 1054 unusquisque
1502 982 1648 1036 sicut
1664 997 1815 1036 acce-

1911 422 2046 475 boni
2074 421 2482 490 dispensatores
2523 418 2891 472 multiformis
2935 418 3133 486 gratim
3166 417 3285 470 Dei.
3320 417 3374 471 Si
3412 417 3538 487 quis

1912 514 2168 584 loquitur
2195 512 2355 583 quasi
2384 527 2675 565 sermones
2704 511 2820 564 Dei.
2853 511 2905 565 Si
2936 510 3061 580 quis
3091 509 3374 563 ministrat
3413 514 3534 564 tan-

1915 625 2088 679 quam
2113 624 2177 661 ex
2208 607 2413 660 virtute
2445 623 2616 676 quam
2643 606 2998 660 administrat
3026 606 3175 658 Deus
3208 609 3273 658 ut
3311 605 3369 657 in
3412 621 3537 658 om-

1913 701 2082 754 nibus
2123 699 2524 754 honoriﬁcetur
2568 700 2712 751 Deus
2743 715 2846 768 per
2883 699 3073 751 Jesum
3111 697 3416 764 Christum,
3449 697 3538 750 cui

1914 799 1996 848 est
2025 793 2204 864 gloria
2225 797 2280 847 et
2306 791 2612 863 imperium
2638 791 2696 844 in
2723 790 2927 844 saecula
2952 789 3302 844 saeculorum.
3334 791 3534 843 Amen.

1915 886 1963 958 (Ι
1986 889 2130 941 Petr.
2162 903 2234 952 1v,
2266 891 2296 939 7
2325 891 2373 940 et
2393 887 2522 954 seq.)
2557 905 2582 932 ››
2616 886 2750 939 Data
2798 883 3030 938 Kalend.
3067 882 3294 952 Aprilis,
3323 882 3538 948 Maxen-

1913 979 1990 1034 tio
2017 984 2072 1035 et
2095 980 2338 1034 Maximo
2372 979 2435 1032 IV
2465 995 2544 1032 cc.
2579 978 2797 1032 consul.

1657 1121 2034 1133 -—_——_—

589 1223 1008 1292 EPISTOLA
1064 1224 1506 1292 MARCELLI
1556 1225 1815 1292 ΡΑΡίΕ
1861 1226 1980 1292 AD
2035 1224 2564 1292 MAXENTIUM
2621 1224 3136 1292 TYRANNUM.

246 1361 578 1416 [manus
609 1362 910 1432 episcopus
939 1366 1145 1416 sanctae
1188 1366 1245 1415 et
1280 1361 1600 1432 apostolicae
1637 1366 1693 1416 et
1719 1378 1809 1416 ca-

187 1455 399 1508 tholicae
431 1454 592 1507 urbis
625 1454 840 1520 Romae,
869 1456 1172 1509 Msxnnno.

244 1546 514 1616 Magistra
543 1546 826 1600 bonorum
853 1546 1112 1601 omnium
1130 1545 1371 1600 charitas
1399 1562 1525 1616 quas
1554 1545 1695 1600 nihil
1721 1562 1807 1600 ra-

185 1640 255 1709 pit
279 1641 650 1705 extraneum,
679 1639 820 1693 nihil
849 1640 969 1709 agit
996 1655 1281 1709 asperum,
1311 1639 1450 1692 nihil
1490 1639 1809 1707 confusum,

1913 1363 2088 1428 dotes,
2121 1363 2218 1432 qui
2262 1362 2384 1431 ejus
2413 1361 2672 1416 videlicet
2701 1365 2831 1415 sunt
2854 1360 2972 1414 veri
3013 1359 3326 1414 sacerdotes
3360 1357 3535 1429 elegi-

1911 1471 2036 1509 mus
2069 1460 2300 1525 prOpter
2321 1455 2620 1524 justitiam,
2653 1458 2708 1508 et
2734 1470 2922 1508 veram
2962 1453 3136 1506 ﬁdem
3168 1453 3451 1522 persequi,
3486 1459 3542 1507 et

1911 1564 2015 1618 pro
2041 1548 2249 1602 Christi
2281 1546 2514 1602 nomine
2532 1547 2859 1618 pati,quam
2889 1545 3087 1600 multis
3118 1545 3324 1599 divitiis
3351 1544 3536 1612 ditari,

1913 1640 2332 1712 honoribusque
2389 1640 2794 1711 copiosissimis
2848 1639 3170 1707 abundare,
3221 1644 3277 1691 et
3335 1637 3544 1692 caelesti

185 1731 315 1785 nihil
343 1732 670 1798 factiosum,
697 1732 838 1785 nihil
867 1733 1021 1802 quod
1047 1731 1252 1786 honori
1283 1731 1474 1786 divino
1512 1735 1809 1802 repugnet,
1833 1716 1888 1787 Β
1913 1750 2090 1804 regno
2117 1750 2332 1789 carere.
2354 1735 2463 1788 Ista
2482 1733 2634 1788 enim
2657 1732 2992 1803 temporalia
3014 1734 3165 1797 sunt,
3189 1730 3281 1784 illa
3304 1737 3536 1797 mterna,

184 1825 380 1879 animae
406 1826 657 1895 propriae
685 1828 900 1892 noceat,
933 1829 1034 1879 aut
1059 1825 1301 1895 proximi
1331 1825 1630 1879 commodo
1656 1825 1814 1879 dero—

185 1924 286 1987 get,
342 1917 524 1970 oblita
567 1917 675 1987 sui,
723 1934 835 1971 non
886 1934 1011 1987 qum
1068 1923 1220 1986 sunt,
1273 1918 1366 1971 sed
1413 1933 1540 1988 quae
1584 1917 1682 1971 Dei
1728 1917 1813 1972 vel

183 2011 418 2080 proximi
452 2027 739 2080 quarens,
774 2011 995 2064 nemini
1021 2011 1279 2064 invidens
1316 2009 1578 2063 omnibus
1609 2027 1810 2064 consu-

182 2103 314 2168 lens,
338 2120 460 2158 non
495 2103 755 2170 saeviens,
779 2104 877 2157 sed
905 2104 1272 2174 compatiens,
1301 2119 1416 2157 non
1448 2102 1693 2172 rapiens,
1717 2103 1812 2156 sed

182 2196 448 2266 largiens,
481 2213 597 2251 non
632 2213 1020 2263 murmurans,
1049 2197 1148 2250 sed
1194 2197 1384 2251 omnia
1422 2196 1813 2266 aequanimiter

181 2291 445 2356 tolerans,
474 2291 521 2344 si
552 2291 611 2345 in
641 2293 694 2344 te
726 2291 971 2360 perfecte
1000 2289 1300 2357 habitaret,
1324 2295 1672 2360 temperares
1696 2290 1813 2344 ani-

183 2400 335 2437 mum
361 2401 396 2436 a
417 2384 608 2453 malis,
631 2385 828 2438 saavire
860 2383 1164 2450 desineres,
1185 2383 1246 2437 id
1267 2388 1370 2447 est,
1392 2383 1488 2436 Dei
1510 2382 1811 2436 Ecclesiam

180 2493 234 2529 ac
259 2481 488 2530 sanctos
515 2478 639 2547 ejus
671 2477 936 2547 persequi
967 2493 1228 2544 cessares,
1260 2475 1546 2547 tyrannidi
1575 2475 1811 2530 modum

183 2570 526 2640 imponeres,
554 2571 810 2625 furorem
841 2569 1150 2638 cohiberes,
1181 2569 1522 2624 humanitati
1549 2568 1808 2638 invigila-

181 2679 279 2731 res,
311 2664 661 2718 modestiam
711 2664 1150 2733 amplectereris,
1193 2665 1250 2716 et
1287 2663 1447 2716 bonis
1495 2661 1811 2733 potioribus

181 2756 284 2809 frui
315 2763 627 2826 satageres.
656 2757 912 2811 Charitas
947 2757 1100 2811 enim
1131 2759 1356 2810 exercet
1393 2755 1585 2823 corda,
1615 2770 1811 2808 sensus

179 2850 521 2915 corroborat,
556 2853 617 2903 ut
646 2850 785 2904 nihil
813 2866 1004 2920 grave,
1033 2849 1176 2903 nihil
1205 2848 1452 2914 difﬁcile,
1485 2847 1583 2902 sed
1627 2852 1811 2902 totum

181 2943 271 2995 ﬁat
297 2943 472 2996 dulce
500 2943 655 3013 quod
683 2942 891 3012 agitur,
921 2943 1056 2997 dum
1096 2943 1215 3012 ejus
1250 2941 1321 2996 sit
1359 2941 1658 3012 proprium
1700 2957 1809 2995 nu-

180 3037 311 3090 trire
336 3035 599 3106 paciﬁca,
629 3047 849 3090 servare
878 3036 1206 3106 composita,
1231 3035 1529 3090 dissociata
1569 3034 1808 3104 conjun-

181 3144 328 3197 gere,
353 3145 527 3200 prava
549 3128 815 3200 dirigere,
840 3134 896 3183 et
919 3129 1154 3184 virtutes
1185 3129 1427 3199 reliquas
1447 3128 1813 3198 perfectionis

181 3238 287 3275 suae
322 3222 649 3276 munimine
671 3222 935 3276 solidare.
957 3223 1030 3276 De
1049 3222 1169 3291 ipsa
1189 3238 1326 3292 ergo
1346 3238 1543 3275 omnes
1572 3237 1813 3275 monens

181 3316 507 3384 Apostolus,
537 3315 618 3368 ita
653 3315 926 3385 loquitur,
960 3314 1154 3368 dicens
1187 3332 1200 3368 :
1235 3337 1262 3364 «
1293 3315 1348 3369 Si
1378 3314 1586 3385 linguis
1627 3314 1810 3369 homi-

183 3423 314 3461 num
367 3409 574 3478 loquar
611 3411 668 3461 et
702 3408 1054 3479 angelorum,
1085 3408 1417 3462 charitatem
1461 3411 1655 3462 autem
1698 3424 1810 3460 non

181 3499 448 3568 habeam,
479 3501 662 3554 factus
691 3517 817 3554 sum
843 3501 995 3554 velut
1020 3517 1095 3554 res
1124 3517 1330 3554 sonans
1365 3505 1462 3555 aut
1488 3499 1812 3571 cymbalum

182 3593 466 3661 tinniens;
499 3599 558 3647 et
582 3593 628 3646 si
653 3594 901 3647 habuero
931 3609 1160 3648 omnem
1196 3594 1574 3664 prophetiam,
1615 3596 1672 3647 et
1707 3609 1808 3647 no-

182 3688 354 3740 verim
400 3687 670 3757 mysteria
705 3687 896 3741 omnia
930 3692 988 3741 et
1028 3703 1258 3741 omnem
1285 3687 1597 3755 scientiam,
1632 3690 1688 3739 et
1718 3687 1813 3740 ha-

181 3777 360 3832 buero
417 3795 648 3833 omnem
700 3779 894 3848 ﬁdem,
934 3779 1012 3833 ita
1060 3785 1120 3834 ut
1167 3782 1392 3834 montes
1447 3779 1808 3846 transferam,

186 3872 520 3926 charitatem
565 3877 757 3926 autem
805 3889 918 3927 non
960 3872 1225 3939 habeam,
1268 3872 1411 3926 nihil
1454 3889 1612 3940 sum;
1665 3877 1721 3927 et
1768 3871 1812 3924 si

185 3964 524 4019 distribuero
564 3965 624 4018 in
679 3966 834 4020 cibos
889 3982 1206 4036 pauperum
1263 3982 1465 4020 omnes
1518 3965 1812 4018 facultates

185 4073 353 4125 meas,
382 4064 442 4112 et
470 4058 516 4112 si
545 4058 828 4112 tradidero
857 4075 1064 4129 corpus
1105 4075 1299 4114 meum
1340 4059 1418 4112 ita
1459 4063 1524 4112 ut
1558 4057 1810 4125 ardeam,

184 4150 521 4205 charitatem
550 4155 740 4205 autem
771 4168 884 4205 non
915 4152 1176 4217 habeam,
1203 4151 1341 4206 nihil
1384 4150 1528 4205 mihi
1558 4149 1810 4221 prodest.

185 4244 439 4298 Charitas
493 4244 716 4315 patiens
770 4250 872 4312 est,
931 4245 1180 4316 benigna
1233 4248 1336 4299 est.
1393 4244 1646 4299 Charitas
1700 4259 1815 4297 non

187 4339 503 4405 aemulatur,
536 4353 652 4390 non
677 4337 794 4407 agit
816 4353 1137 4408 perperam,
1164 4354 1281 4391 non
1306 4337 1554 4404 inﬂatur,
1582 4353 1702 4390 non
1731 4339 1816 4390 est

1833 3081 1886 3155 C

1912 1827 2021 1881 ista
2045 1827 2271 1893 caduca,
2304 1832 2359 1882 et
2387 1827 2456 1880 ad
2488 1827 2688 1880 horam
2718 1825 3092 1890 transeuntia,
3125 1824 3220 1877 illa
3247 1839 3377 1877 vero
3409 1840 3539 1893 per-

1911 1925 2083 1990 petua
2104 1926 2160 1974 et
2189 1921 2307 1974 sine
2336 1919 2448 1974 ﬁne
2473 1935 2759 1974 mansura.
2794 1920 2872 1972 Tu
2903 1934 3058 1987 ergo,
3088 1917 3186 1987 qui
3211 1934 3312 1970 nos
3340 1917 3541 1970 suades

1913 2013 2128 2066 cultum
2159 2013 2445 2068 dimittere
2487 2012 2761 2079 divinum,
2791 2015 2846 2065 et
2871 2027 2902 2063 a
2930 2015 3085 2064 recta
3114 2010 3225 2063 ﬁde
3254 2009 3538 2075 recedere,

1913 2105 2135 2176 diisque
2167 2106 2487 2174 immolare,
2521 2105 2722 2160 melius
2748 2104 2850 2158 tibi
2877 2105 3043 2169 foret,
3065 2107 3130 2157 ut
3157 2105 3218 2155 tu
3244 2102 3401 2173 prius
3421 2119 3544 2155 mu-

1911 2198 2144 2253 tabilem
2191 2203 2245 2252 te
2289 2198 2594 2268 praeberes,
2626 2214 2939 2268 omnesque
2991 2195 3376 2250 exhortareris
3407 2194 3573 2248 ﬁdei-

1913 2291 2249 2346 documenta
2287 2295 2341 2345 et
2380 2291 2555 2345 divini
2608 2291 2790 2345 cultus
2845 2289 3160 2344 ministeria
3208 2289 3288 2342 ita
3325 2294 3540 2354 tenere,

1913 2386 2057 2439 sicut
2082 2388 2275 2440 Patres
2306 2385 2502 2452 nostri,
2533 2385 2715 2438 sancti
2744 2383 3006 2454 apostoli,
3039 2381 3142 2436 sibi
3171 2381 3374 2435 tradita
3400 2398 3542 2452 prae-

1912 2479 2242 2533 dicaverunt
2288 2483 2344 2532 et
2391 2480 2726 2532 docuerunt.
2770 2477 2906 2530 Boni
2953 2475 3108 2529 enim
3165 2474 3433 2545 principis
3477 2491 3541 2528 ac

1911 2572 2063 2642 regis
2096 2576 2179 2624 est
2207 2572 2466 2626 ecclesias
2489 2571 2762 2625 contritas
2790 2576 2959 2641 atque
2987 2569 3180 2623 scissas
3201 2573 3539 2636 restaurare,

1912 2681 2087 2719 novas
2117 2664 2415 2729 aediﬁcare,
2447 2670 2501 2719 et
2541 2663 2635 2718 Dei
2681 2664 2998 2717 sacerdotes
3045 2663 3330 2716 honorare
3371 2663 3540 2730 atque

1911 2758 2076 2812 tueri.
2110 2758 2269 2813 Unde
2298 2762 2515 2812 sanctos
2549 2757 2826 2828 apostolos
2852 2772 3165 2826 eorumque
3193 2769 3542 2809 successores

1911 2851 2015 2905 sub
2051 2850 2237 2904 divina
2279 2850 2688 2904 contestatione
2731 2848 3088 2903 constituisse
3132 2847 3392 2917 legimus,
3426 2862 3539 2900 non

1913 2943 2117 2999 debere
2148 2943 2269 2997 ﬁeri
2299 2944 2737 3013 persecutiones,
2769 2959 2872 2996 nec
2899 2941 3099 3015 inferri
3127 2939 3536 3007 ﬁuctuationes,

1911 3053 2016 3091 nec
2043 3037 2297 3092 invidere
2330 3036 2715 3090 laborantibus
2748 3035 2805 3090 in
2843 3052 2980 3105 agro
3011 3034 3323 3103 Dominico,
3354 3049 3540 3103 neque

1914 3131 2198 3201 expellere
2226 3129 2423 3183 aeterni
2449 3129 2620 3198 Regis
2647 3128 3080 3198 dispensatores,
3112 3128 3210 3182 sed
3241 3127 3284 3180 si
3318 3126 3413 3196 qui
3445 3143 3539 3179 ex-

1913 3223 2060 3294 pulsi
2089 3223 2302 3276 fuerint
2330 3227 2427 3276 aut
2456 3221 2570 3275 suis
2599 3221 2765 3275 rebus
2805 3220 3094 3291 exSpoliati
3133 3221 3318 3291 primo
3349 3217 3542 3273 omnia

1911 3316 2171 3386 legaliter
2189 3315 2369 3383 reddi,
2388 3331 2515 3386 quze
2543 3315 2622 3368 eis
2649 3314 2718 3368 ab
2741 3314 2981 3367 inimicis
3004 3319 3101 3367 aut
3121 3330 3153 3366 a
3175 3312 3544 3383 persecutori-

1911 3409 2014 3463 bus
2037 3409 2216 3464 ablata
2249 3413 2396 3478 sunt,
2425 3414 2482 3463 et
2507 3409 2665 3464 sedes
2697 3408 2947 3478 proprias
2991 3423 3120 3460 cum
3166 3405 3430 3461 omnibus
3469 3407 3542 3460 ad

1913 3519 1970 3557 se
1996 3502 2412 3572 pertinentibus
2451 3501 2789 3573 regulariter
2817 3500 3057 3565 restitui,
3088 3504 3143 3554 et
3171 3504 3368 3569 postea
3393 3503 3540 3554 teme

1912 3611 2048 3666 pore
2080 3611 2334 3665 congruo
2363 3594 2554 3648 vocari
2595 3594 2667 3647 ad
2715 3594 2997 3663 synodum
3039 3592 3381 3663 regulariter
3405 3609 3543 3647 con-

1914 3691 2230 3760 gregatam,
2253 3705 2355 3742 nec
2384 3688 2581 3741 liceret
2608 3686 2677 3753 ei,
2708 3687 3037 3757 priusquam
3062 3687 3201 3740 ﬁant
3230 3687 3371 3754 haec,
3396 3687 3464 3740 de
3485 3702 3542 3740 se

1904 3782 2065 3852 juxta
2105 3783 2316 3835 statuta
2358 3779 2760 3851 praedictorum
2805 3778 3168 3848 respondere,
3201 3782 3300 3832 aut
3332 3779 3401 3832 de
3429 3775 3540 3831 suis

1914 3872 2383 3944 impetitionibus,
2408 3872 2453 3926 si
2480 3888 2537 3925 se
2567 3871 2768 3925 viderit
2796 3870 3154 3941 praegravari,
3187 3869 3424 3923 reddere
3457 3885 3545 3923 ra-

1914 3968 2152 4021 tionem.
2183 3967 2307 4035 Sed,
2338 3966 2424 4020 his
2466 3966 2572 4019 rite
2617 3965 2875 4035 peractis,
2904 3964 3131 4034 suisque
3168 3963 3430 4016 omnibus
3471 3964 3537 4017 li-

1911 4060 2046 4114 bere
2077 4059 2378 4130 dispositis,
2408 4059 2453 4113 si
2481 4064 2604 4113 tum
2625 4059 2776 4128 juste
2802 4057 3038 4123 videtur,
3063 4057 3178 4111 suis
3205 4056 3543 4127 respondeat

1915 4153 2360 4221 accusatoribus,
2395 4155 2452 4206 et
2479 4150 2756 4219 inducias,
2786 4151 2831 4204 si
2855 4150 2908 4205 ei
2937 4165 3164 4204 necesse
3193 4148 3384 4218 fuerit,
3405 4150 3546 4203 acci-

1912 4245 2035 4317 piat
2063 4262 2178 4300 non
2228 4245 2475 4300 modicas
2516 4249 2581 4299 ut
2617 4245 2905 4315 explorare
2936 4243 3125 4298 valeat
3153 4259 3217 4296 ea
3243 4259 3369 4313 quae
3397 4241 3542 4312 obji-

1915 4339 2141 4393 ciuntur
2169 4339 2239 4407 ei,
2272 4355 2344 4392 ne
2375 4338 2679 4409 aliquando
2711 4338 2940 4392 delusus
2973 4336 3173 4390 fraude
3213 4336 3545 4390 innocenter

187 4429 497 4498 ambitiosa,
534 4446 651 4484 non
690 4430 893 4500 quaerit
927 4446 1055 4500 quae
1082 4447 1180 4484 sua
1209 4434 1358 4497 sunt,
1391 4447 1508 4484 non
1536 4429 1813 4496 irritatur,
1835 4445 1895 4516 D
1918 4435 2068 4500 ruat,
2092 4432 2363 4503 quoniam
2393 4448 2510 4486 non
2549 4435 2772 4501 oportet
2798 4446 3149 4501 quemquam
3172 4429 3432 4499 judicare
3459 4429 3544 4483 vel

187 4538 298 4576 non
332 4523 551 4593 cogitat
594 4523 833 4590 malum,
869 4540 982 4578 non
1029 4524 1241 4594 gaudet
1283 4540 1453 4594 super
1493 4523 1813 4594 iniquitate,

191 4616 508 4686 congaudet
530 4619 726 4670 autem
756 4616 994 4671 veritati.
1027 4617 1232 4671 Omnia
1261 4617 1472 4683 suffert,
1495 4616 1685 4670 omnia
1704 4633 1818 4670 cre-

193 4707 292 4774 dit,
331 4710 524 4764 omnia
561 4712 766 4780 sperat,
809 4709 1004 4764 omnia
1053 4710 1306 4764 sustinet.
1359 4710 1609 4764 Charitas
1664 4726 1814 4763 nun-

192 4817 357 4870 quam
378 4803 656 4874 excidit(I
678 4806 795 4860 Cor.
818 4819 934 4870 xm,
963 4807 979 4857 l
1018 4807 1069 4858 et
1086 4803 1238 4873 seq.).
1267 4824 1292 4852 »
1317 4803 1580 4873 Quisquis
1602 4819 1738 4874 ergo
1758 4803 1816 4856 in

194 4894 313 4962 ejus
341 4913 399 4950 se
429 4898 617 4951 radice
665 4897 865 4951 inserit
890 4913 995 4951 nec
1031 4914 1062 4951 a
1092 4897 1373 4951 viriditate
1414 4897 1620 4963 deﬁcit,
1652 4912 1753 4950 nec
1787 4912 1821 4948 a

193 4987 464 5043 fructibus
525 4990 821 5056 inanescit,
861 4991 993 5061 quia
1043 5005 1236 5044 amore
1286 4988 1644 5044 fecunditatis
1680 5005 1818 5059 opus

196 5081 390 5136 efficax
419 5100 537 5138 non
565 5083 831 5138 admittit.
864 5084 1018 5138 Licet
1051 5083 1224 5139 modo
1265 5082 1510 5137 Charitas
1539 5083 1598 5136 in
1629 5099 1816 5153 perse-

198 5176 480 5230 cutoribus
528 5177 787 5232 Ecclesia:
833 5193 1125 5231 servorum
1169 5193 1297 5248 qua:
1327 5175 1421 5230 Dei
1457 5176 1700 5230 arefacta
1727 5176 1818 5245 sit,

199 5267 346 5338 viget
381 5276 574 5324 tamen
620 5270 678 5324 in
719 5270 1064 5326 amatoribus
1095 5271 1236 5342 ejus,
1267 5274 1324 5325 et
1350 5270 1408 5324 in
1437 5286 1533 5324 eos
1577 5269 1676 5342 qui
1716 5286 1819 5340 pa-

197 5360 413 5417 tiuntur
453 5367 691 5436 propter
721 5365 1022 5435 justitiam,
1064 5365 1133 5419 de
1179 5363 1404 5436 quibus,
1449 5363 1571 5436 ipsa
1614 5380 1717 5435 per
1762 5381 1820 5418 se

200 5451 405 5511 Veritas
451 5460 692 5512 testatur
720 5457 910 5514 dicens
941 5474 954 5513 :
989 5479 1016 5509 «
1044 5457 1200 5512 Beati
1229 5457 1326 5529 qui
1373 5457 1821 5530 persecutionem

201 5548 488 5617 patiuntur
507 5556 741 5623 propter
757 5551 1042 5623 justitiam
1066 5553 1277 5624 (Matth.
1300 5569 1351 5620 v,
1385 5552 1489 5622 lO).
1515 5571 1542 5603 »
1567 5552 1635 5604 Et
1652 5549 1817 5604 alibi:

205 5662 232 5686 α
278 5641 329 5696 Si
369 5661 457 5700 me
495 5645 777 5716 persecuti
805 5649 956 5714 sunt,
983 5650 1040 5701 et
1066 5663 1162 5700 vos
1196 5650 1614 5718 persequentur
1644 5643 1820 5715 (Joan.

203 5750 300 5804 ιγ,
327 5740 428 5813 20),
456 5761 483 5790 ››
522 5739 709 5813 potius
735 5740 889 5796 enim
918 5758 1018 5796 nos
1055 5745 1112 5796 et
1139 5757 1338 5795 omnes
1384 5738 1608 5794 Domini
1636 5755 1822 5794 sacer-

1921 4526 2198 4580 damnare
2230 4524 2561 4595 priusquam
2590 4523 2872 4594 legitimos
2898 4524 3104 4577 habeat
3131 4526 3436 4592 praesentes
3458 4538 3547 4576 ac-

1918 4617 2534 4689 cusatores,locumque
2557 4615 2901 4671 defendendi
2916 4615 3152 4686 accipiat
3168 4615 3240 4669 ad
3263 4614 3546 4669 abluenda

1917 4711 2176 4767 crimina.
2204 4710 2363 4764 Unde
2391 4711 2468 4764 ait
2496 4709 2808 4780 propheta:
2839 4731 2865 4758 «
2892 4707 3225 4779 Priusquam
3251 4723 3543 4778 agnoscas,

1919 4821 2032 4858 non
2061 4804 2283 4874 judices
2319 4819 2669 4873 quemquam
2704 4803 2884 4871 (Eccli.
2914 4818 2987 4870 xx,
3017 4801 3088 4871 '7).
3121 4823 3148 4850 ››
3182 4803 3242 4855 In
3273 4802 3381 4856 hoc
3409 4815 3547 4872 ergo

1922 4897 2018 4968 qui
2046 4896 2291 4967 episcopi
2336 4900 2390 4951 et
2434 4896 2638 4966 reliqui
2667 4896 2810 4951 servi
2838 4895 2937 4949 Dei
2966 4900 3402 4967 persequuntur,
3429 4911 3546 4953 non

1919 4994 2143 5044 tantum
2187 4988 2290 5060 ipsi
2337 4992 2760 5059 persequuntur
2790 4990 3066 5058 quantum
3114 4988 3206 5042 ille
3245 4987 3406 5061 cujus
3434 4993 3550 5047 vice

1920 5082 2258 5153 funguntur,
2288 5082 2431 5136 sicut
2457 5081 2729 5151 scriptum
2758 5085 2860 5148 est,
2896 5080 3047 5145 «Qui
3077 5097 3171 5136 vos
3201 5085 3405 5154 tangit,
3429 5092 3552 5140 tan-

1923 5177 2005 5248 git
2021 5175 2294 5248 pupillam
2315 5175 2456 5229 oculi
2480 5175 2594 5229 mei
2613 5175 2787 5245 (Zach.
2812 5190 2872 5242 n,
2891 5177 2999 5246 8).»
3018 5177 3082 5229 Et
3098 5176 3258 5231 alibi:
3279 5197 3304 5229 «
3325 5178 3430 5242 Qui
3451 5196 3548 5232 vos

1923 5269 2288 5336 contristavit,
2307 5285 2400 5322 me
2423 5266 2773 5323 contristavit
2793 5267 2928 5338 (Col.
2959 5285 3037 5338 III,
3060 5273 3168 5340 25);
3195 5290 3222 5321 ι)
3247 5274 3303 5324 et
3327 5288 3339 5324 :
3379 5293 3406 5320 ‹‹
3442 5271 3548 5333 Qui

1921 5363 2058 5418 facit
2086 5363 2375 5433 injuriam,
2403 5361 2640 5432 recipiet
2669 5361 2725 5416 id
2753 5361 2906 5433 quod
2929 5362 3119 5433 inique
3147 5364 3318 5433 gessit
3339 5367 3409 5429 (II
3426 5365 3545 5419 Cor.

1922 5474 1982 5524 ιι,
2007 5457 2076 5527 5),
2099 5478 2125 5505 ››
2155 5472 2249 5510 vos
2276 5472 2433 5526 ergo,
2456 5456 2587 5510 licet
2616 5477 2643 5505 ‹‹
2671 5471 2908 5526 corpora
2937 5458 3127 5510 nostra
3155 5455 3378 5525 possitis
3400 5454 3546 5508 occi-

1925 5550 2079 5618 dere,
2102 5549 2320 5604 animas
2347 5552 2542 5604 tamen
2573 5566 2689 5604 non
2720 5549 2951 5620 potestis
2977 5548 3229 5602 occidere
3254 5548 3465 5617 (Matth.
3489 5564 3544 5617 x,

1921 5643 2030 5711 28),
2065 5666 2092 5693 n
2143 5660 2249 5698 nec
2293 5644 2498 5714 gradus
2542 5642 2707 5697 nobis
2745 5631 3011 5713 divinitus
3048 5641 3280 5694 collatos
3310 5641 3550 5711 potestis

1923 5738 2161 5793 auferre.
2191 5737 2481 5810 Synodum
2513 5753 2650 5809 ergo
2696 5736 2908 5805 absque
2937 5734 3107 5806 hujus
3154 5738 3359 5792 sancta:
3400 5736 3553 5802 sedis
