  <div class='ocr_page' id='page_1' title='image "/cluster/home/n/w/nwhite01/storage/ocr_20150623/130/hvd.32044054759915/142.png"; bbox 0 0 4026 6166; ppageno 0'>
   <div class='ocr_carea' id='block_1_1' title="bbox 176 314 2274 375">
    <p class='ocr_par' dir='ltr' id='par_1_1' title="bbox 176 314 2274 375">
     <span class='ocr_line' id='line_1_1' title="bbox 176 314 2274 375; baseline -0.002 0"><span class='ocrx_word' id='word_1_1' title='bbox 176 322 260 375; x_wconf 74' lang='lat'><strong>223</strong></span> <span class='ocrx_word' id='word_1_2' title='bbox 1383 314 1851 373; x_wconf 71' lang='lat' dir='ltr'><strong>DECRETALIUM</strong></span> <span class='ocrx_word' id='word_1_3' title='bbox 1891 316 2274 372; x_wconf 81' lang='lat' dir='ltr'><strong>COLLECTIO.</strong></span> 
     </span>
    </p>
   </div>
   <div class='ocr_carea' id='block_1_2' title="bbox 3410 328 3511 380">
    <p class='ocr_par' dir='ltr' id='par_1_2' title="bbox 3410 328 3511 380">
     <span class='ocr_line' id='line_1_2' title="bbox 3410 328 3511 380; baseline 0 0"><span class='ocrx_word' id='word_1_4' title='bbox 3410 328 3511 380; x_wconf 87' lang='lat'><strong>226</strong></span> 
     </span>
    </p>
   </div>
   <div class='ocr_carea' id='block_1_3' title="bbox 741 637 1789 738">
    <p class='ocr_par' dir='ltr' id='par_1_3' title="bbox 741 637 1788 738">
     <span class='ocr_line' id='line_1_3' title="bbox 741 637 1788 738; baseline -0.001 -2"><span class='ocrx_word' id='word_1_5' title='bbox 741 642 859 737; x_wconf 91' lang='lat' dir='ltr'><strong>IN</strong></span> <span class='ocrx_word' id='word_1_6' title='bbox 862 643 1316 738; x_wconf 87' lang='lat' dir='ltr'><strong>CIPIUNT</strong></span> <span class='ocrx_word' id='word_1_7' title='bbox 1414 637 1788 737; x_wconf 79' lang='lat' dir='ltr'><strong>DECRE</strong></span> 
     </span>
    </p>
   </div>
   <div class='ocr_carea' id='block_1_4' title="bbox 1890 637 2944 738">
    <p class='ocr_par' dir='ltr' id='par_1_4' title="bbox 1890 642 2944 738">
     <span class='ocr_line' id='line_1_4' title="bbox 1890 642 2944 738; baseline 0.002 -5"><span class='ocrx_word' id='word_1_8' title='bbox 1890 642 1939 733; x_wconf 51' lang='grc' dir='ltr'>λ</span> <span class='ocrx_word' id='word_1_9' title='bbox 2042 642 2477 737; x_wconf 90' lang='lat' dir='ltr'><strong>EUSEBII</strong></span> <span class='ocrx_word' id='word_1_10' title='bbox 2579 643 2944 738; x_wconf 64' lang='grc' dir='ltr'><strong>ΡΑΡΔΕ.</strong></span> 
     </span>
    </p>
   </div>
   <div class='ocr_carea' id='block_1_5' title="bbox 330 812 2681 887">
    <p class='ocr_par' dir='ltr' id='par_1_5' title="bbox 330 812 2681 887">
     <span class='ocr_line' id='line_1_5' title="bbox 330 812 2681 887; baseline 0 -18"><span class='ocrx_word' id='word_1_11' title='bbox 330 849 353 881; x_wconf 82' lang='grc'><strong>.</strong></span> <span class='ocrx_word' id='word_1_12' title='bbox 1003 812 1183 887; x_wconf 85' lang='lat' dir='ltr'><strong>(Anno</strong></span> <span class='ocrx_word' id='word_1_13' title='bbox 1208 813 1435 869; x_wconf 85' lang='lat' dir='ltr'><strong>Domini</strong></span> <span class='ocrx_word' id='word_1_14' title='bbox 1461 815 1583 882; x_wconf 87' lang='lat'><strong>309,</strong></span> <span class='ocrx_word' id='word_1_15' title='bbox 1614 817 1872 885; x_wconf 87' lang='lat' dir='ltr'><strong>tempore</strong></span> <span class='ocrx_word' id='word_1_16' title='bbox 1896 813 2252 869; x_wconf 83' lang='lat' dir='ltr'><strong>Constantini</strong></span> <span class='ocrx_word' id='word_1_17' title='bbox 2275 812 2681 887; x_wconf 81' lang='lat' dir='ltr'><strong>imperatoris.)</strong></span> 
     </span>
    </p>
   </div>
   <div class='ocr_carea' id='block_1_6' title="bbox 223 1081 3512 1173">
    <p class='ocr_par' dir='ltr' id='par_1_6' title="bbox 223 1081 3512 1173">
     <span class='ocr_line' id='line_1_6' title="bbox 223 1081 3512 1173; baseline 0.003 -38"><span class='ocrx_word' id='word_1_18' title='bbox 223 1081 585 1137; x_wconf 81' lang='lat' dir='ltr'><strong>Charissimis</strong></span> <span class='ocrx_word' id='word_1_19' title='bbox 615 1083 887 1138; x_wconf 81' lang='lat' dir='ltr'><strong>fratribus</strong></span> <span class='ocrx_word' id='word_1_20' title='bbox 920 1084 1161 1139; x_wconf 87' lang='lat' dir='ltr'><strong>Domino</strong></span> <span class='ocrx_word' id='word_1_21' title='bbox 1196 1088 1254 1139; x_wconf 92' lang='lat' dir='ltr'><strong>et</strong></span> <span class='ocrx_word' id='word_1_22' title='bbox 1279 1085 1394 1140; x_wconf 92' lang='lat' dir='ltr'><strong>Deo</strong></span> <span class='ocrx_word' id='word_1_23' title='bbox 1418 1085 1634 1140; x_wconf 83' lang='lat' dir='ltr'><strong>dilectis</strong></span> <span class='ocrx_word' id='word_1_24' title='bbox 1663 1086 1784 1157; x_wconf 84' lang='lat' dir='ltr'><strong>epi-</strong></span> <span class='ocrx_word' id='word_1_25' title='bbox 1807 1090 2084 1173; x_wconf 77' lang='lat' dir='ltr'><strong>Asponte</strong></span> <span class='ocrx_word' id='word_1_26' title='bbox 2145 1086 2365 1157; x_wconf 87' lang='lat' dir='ltr'><strong>prolata</strong></span> <span class='ocrx_word' id='word_1_27' title='bbox 2423 1085 2482 1140; x_wconf 91' lang='lat' dir='ltr'><strong>in</strong></span> <span class='ocrx_word' id='word_1_28' title='bbox 2540 1085 2652 1140; x_wconf 89' lang='lat' dir='ltr'><strong>illis</strong></span> <span class='ocrx_word' id='word_1_29' title='bbox 2704 1101 2811 1140; x_wconf 82' lang='lat' dir='ltr'><strong>vox</strong></span> <span class='ocrx_word' id='word_1_30' title='bbox 2862 1085 3073 1140; x_wconf 88' lang='lat' dir='ltr'><strong>habere</strong></span> <span class='ocrx_word' id='word_1_31' title='bbox 3130 1103 3244 1142; x_wconf 93' lang='lat' dir='ltr'><strong>non</strong></span> <span class='ocrx_word' id='word_1_32' title='bbox 3297 1094 3512 1161; x_wconf 82' lang='lat' dir='ltr'><strong>potest;</strong></span> 
     </span>
    </p>
   </div>
   <div class='ocr_carea' id='block_1_7' title="bbox 166 1176 1786 1249">
    <p class='ocr_par' dir='ltr' id='par_1_7' title="bbox 166 1176 1786 1249">
     <span class='ocr_line' id='line_1_7' title="bbox 166 1176 1786 1249; baseline 0.002 -21"><span class='ocrx_word' id='word_1_33' title='bbox 166 1176 331 1246; x_wconf 80' lang='lat' dir='ltr'><strong>scopis</strong></span> <span class='ocrx_word' id='word_1_34' title='bbox 361 1176 633 1231; x_wconf 90' lang='lat' dir='ltr'><strong>omnibus</strong></span> <span class='ocrx_word' id='word_1_35' title='bbox 657 1193 760 1248; x_wconf 90' lang='lat' dir='ltr'><strong>per</strong></span> <span class='ocrx_word' id='word_1_36' title='bbox 789 1178 1102 1232; x_wconf 83' lang='lat' dir='ltr'><strong>Gallicanas</strong></span> <span class='ocrx_word' id='word_1_37' title='bbox 1132 1178 1452 1249; x_wconf 82' lang='lat' dir='ltr'><strong>provincias</strong></span> <span class='ocrx_word' id='word_1_38' title='bbox 1472 1179 1786 1234; x_wconf 77' lang='lat' dir='ltr'><strong>constitutis</strong></span> 
     </span>
    </p>
   </div>
   <div class='ocr_carea' id='block_1_8' title="bbox 166 1271 438 1324">
    <p class='ocr_par' dir='ltr' id='par_1_8' title="bbox 166 1271 438 1324">
     <span class='ocr_line' id='line_1_8' title="bbox 166 1271 438 1324; baseline -0.004 0"><span class='ocrx_word' id='word_1_39' title='bbox 166 1271 438 1324; x_wconf 72' lang='lat' dir='ltr'><strong>Etssmts.</strong></span> 
     </span>
    </p>
   </div>
   <div class='ocr_carea' id='block_1_9' title="bbox 219 1363 1785 1437">
    <p class='ocr_par' dir='ltr' id='par_1_9' title="bbox 219 1363 1785 1437">
     <span class='ocr_line' id='line_1_9' title="bbox 219 1363 1785 1437; baseline 0.002 -20"><span class='ocrx_word' id='word_1_40' title='bbox 219 1364 440 1433; x_wconf 82' lang='lat' dir='ltr'><strong>Scripta</strong></span> <span class='ocrx_word' id='word_1_41' title='bbox 470 1363 783 1418; x_wconf 86' lang='lat' dir='ltr'><strong>sanctitatis</strong></span> <span class='ocrx_word' id='word_1_42' title='bbox 820 1368 1019 1419; x_wconf 69' lang='lat' dir='ltr'><strong>vestra:</strong></span> <span class='ocrx_word' id='word_1_43' title='bbox 1055 1381 1186 1419; x_wconf 89' lang='lat' dir='ltr'><strong>cum</strong></span> <span class='ocrx_word' id='word_1_44' title='bbox 1227 1380 1443 1436; x_wconf 90' lang='lat' dir='ltr'><strong>magna</strong></span> <span class='ocrx_word' id='word_1_45' title='bbox 1470 1364 1785 1437; x_wconf 83' lang='lat' dir='ltr'><strong>gratiarum</strong></span> 
     </span>
    </p>
   </div>
   <div class='ocr_carea' id='block_1_10' title="bbox 166 1457 1788 1530">
    <p class='ocr_par' dir='ltr' id='par_1_10' title="bbox 166 1457 1788 1530">
     <span class='ocr_line' id='line_1_10' title="bbox 166 1457 1788 1530; baseline 0.001 -19"><span class='ocrx_word' id='word_1_46' title='bbox 166 1457 373 1511; x_wconf 82' lang='lat' dir='ltr'><strong>actione</strong></span> <span class='ocrx_word' id='word_1_47' title='bbox 423 1457 680 1527; x_wconf 86' lang='lat' dir='ltr'><strong>suscepi,</strong></span> <span class='ocrx_word' id='word_1_48' title='bbox 742 1459 967 1529; x_wconf 83' lang='lat' dir='ltr'><strong>gavisus</strong></span> <span class='ocrx_word' id='word_1_49' title='bbox 1012 1458 1223 1513; x_wconf 84' lang='lat' dir='ltr'><strong>scilicet</strong></span> <span class='ocrx_word' id='word_1_50' title='bbox 1269 1458 1341 1513; x_wconf 94' lang='lat' dir='ltr'><strong>de</strong></span> <span class='ocrx_word' id='word_1_51' title='bbox 1387 1462 1569 1514; x_wconf 89' lang='lat' dir='ltr'><strong>vestra</strong></span> <span class='ocrx_word' id='word_1_52' title='bbox 1614 1459 1788 1530; x_wconf 91' lang='lat' dir='ltr'><strong>sospi-</strong></span> 
     </span>
    </p>
   </div>
   <div class='ocr_carea' id='block_1_11' title="bbox 163 1550 1784 1624">
    <p class='ocr_par' dir='ltr' id='par_1_11' title="bbox 163 1550 1784 1624">
     <span class='ocr_line' id='line_1_11' title="bbox 163 1550 1784 1624; baseline 0.003 -22"><span class='ocrx_word' id='word_1_53' title='bbox 163 1554 281 1616; x_wconf 84' lang='lat' dir='ltr'><strong>tate,</strong></span> <span class='ocrx_word' id='word_1_54' title='bbox 314 1550 422 1604; x_wconf 89' lang='lat' dir='ltr'><strong>sed</strong></span> <span class='ocrx_word' id='word_1_55' title='bbox 449 1551 816 1605; x_wconf 88' lang='lat' dir='ltr'><strong>contristatus</strong></span> <span class='ocrx_word' id='word_1_56' title='bbox 859 1551 1029 1605; x_wconf 84' lang='lat' dir='ltr'><strong>nimis</strong></span> <span class='ocrx_word' id='word_1_57' title='bbox 1068 1552 1137 1605; x_wconf 91' lang='lat' dir='ltr'><strong>de</strong></span> <span class='ocrx_word' id='word_1_58' title='bbox 1177 1556 1358 1607; x_wconf 88' lang='lat' dir='ltr'><strong>vestra</strong></span> <span class='ocrx_word' id='word_1_59' title='bbox 1401 1553 1784 1624; x_wconf 85' lang='lat' dir='ltr'><strong>oppressione.</strong></span> 
     </span>
    </p>
   </div>
   <div class='ocr_carea' id='block_1_12' title="bbox 164 1642 1787 1715">
    <p class='ocr_par' dir='ltr' id='par_1_12' title="bbox 164 1642 1787 1715">
     <span class='ocr_line' id='line_1_12' title="bbox 164 1642 1787 1715; baseline 0.002 -19"><span class='ocrx_word' id='word_1_60' title='bbox 164 1642 307 1707; x_wconf 85' lang='lat' dir='ltr'><strong>Quod</strong></span> <span class='ocrx_word' id='word_1_61' title='bbox 338 1643 706 1713; x_wconf 89' lang='lat' dir='ltr'><strong>signiﬁcastis</strong></span> <span class='ocrx_word' id='word_1_62' title='bbox 736 1644 890 1698; x_wconf 89' lang='lat' dir='ltr'><strong>enim</strong></span> <span class='ocrx_word' id='word_1_63' title='bbox 927 1644 1061 1715; x_wconf 88' lang='lat' dir='ltr'><strong>quid</strong></span> <span class='ocrx_word' id='word_1_64' title='bbox 1096 1645 1164 1699; x_wconf 91' lang='lat' dir='ltr'><strong>de</strong></span> <span class='ocrx_word' id='word_1_65' title='bbox 1191 1646 1472 1700; x_wconf 82' lang='lat' dir='ltr'><strong>conversis</strong></span> <span class='ocrx_word' id='word_1_66' title='bbox 1508 1646 1787 1701; x_wconf 67' lang='lat' dir='ltr'><strong>haereticis</strong></span> 
     </span>
    </p>
   </div>
   <div class='ocr_carea' id='block_1_13' title="bbox 160 1736 1784 1810">
    <p class='ocr_par' dir='ltr' id='par_1_13' title="bbox 160 1736 1784 1810">
     <span class='ocr_line' id='line_1_13' title="bbox 160 1736 1784 1810; baseline 0.002 -21"><span class='ocrx_word' id='word_1_67' title='bbox 160 1736 263 1790; x_wconf 87' lang='lat' dir='ltr'><strong>ﬁeri</strong></span> <span class='ocrx_word' id='word_1_68' title='bbox 293 1736 610 1805; x_wconf 87' lang='lat' dir='ltr'><strong>debuisset,</strong></span> <span class='ocrx_word' id='word_1_69' title='bbox 639 1738 839 1792; x_wconf 85' lang='lat' dir='ltr'><strong>scitote</strong></span> <span class='ocrx_word' id='word_1_70' title='bbox 877 1755 978 1792; x_wconf 90' lang='lat' dir='ltr'><strong>nos</strong></span> <span class='ocrx_word' id='word_1_71' title='bbox 1016 1755 1111 1793; x_wconf 89' lang='lat' dir='ltr'><strong>eos</strong></span> <span class='ocrx_word' id='word_1_72' title='bbox 1140 1739 1238 1810; x_wconf 89' lang='lat' dir='ltr'><strong>qui</strong></span> <span class='ocrx_word' id='word_1_73' title='bbox 1269 1739 1326 1793; x_wconf 91' lang='lat' dir='ltr'><strong>in</strong></span> <span class='ocrx_word' id='word_1_74' title='bbox 1358 1744 1570 1795; x_wconf 77' lang='lat' dir='ltr'><strong>sanctae</strong></span> <span class='ocrx_word' id='word_1_75' title='bbox 1601 1739 1784 1794; x_wconf 92' lang='lat' dir='ltr'><strong>Trini-</strong></span> 
     </span>
    </p>
   </div>
   <div class='ocr_carea' id='block_1_14' title="bbox 161 1829 1788 1905">
    <p class='ocr_par' dir='ltr' id='par_1_14' title="bbox 161 1829 1788 1905">
     <span class='ocr_line' id='line_1_14' title="bbox 161 1829 1788 1905; baseline 0.002 -22"><span class='ocrx_word' id='word_1_76' title='bbox 161 1829 340 1884; x_wconf 86' lang='lat' dir='ltr'><strong>nitatis</strong></span> <span class='ocrx_word' id='word_1_77' title='bbox 376 1830 492 1883; x_wconf 88' lang='lat' dir='ltr'><strong>ﬁde</strong></span> <span class='ocrx_word' id='word_1_78' title='bbox 528 1830 792 1901; x_wconf 88' lang='lat' dir='ltr'><strong>baptizati</strong></span> <span class='ocrx_word' id='word_1_79' title='bbox 820 1835 951 1885; x_wconf 89' lang='lat' dir='ltr'><strong>sunt</strong></span> <span class='ocrx_word' id='word_1_80' title='bbox 981 1848 1085 1903; x_wconf 92' lang='lat' dir='ltr'><strong>per</strong></span> <span class='ocrx_word' id='word_1_81' title='bbox 1119 1833 1541 1905; x_wconf 90' lang='lat' dir='ltr'><strong>impositionem</strong></span> <span class='ocrx_word' id='word_1_82' title='bbox 1580 1849 1788 1887; x_wconf 89' lang='lat' dir='ltr'><strong>manus</strong></span> 
     </span>
    </p>
   </div>
   <div class='ocr_carea' id='block_1_15' title="bbox 163 1922 1789 1997">
    <p class='ocr_par' dir='ltr' id='par_1_15' title="bbox 163 1922 1789 1997">
     <span class='ocr_line' id='line_1_15' title="bbox 163 1922 1789 1997; baseline 0.003 -21"><span class='ocrx_word' id='word_1_83' title='bbox 163 1922 457 1994; x_wconf 81' lang='lat' dir='ltr'><strong>suscipere.</strong></span> <span class='ocrx_word' id='word_1_84' title='bbox 496 1925 575 1979; x_wconf 91' lang='lat' dir='ltr'><strong>De</strong></span> <span class='ocrx_word' id='word_1_85' title='bbox 613 1925 1061 1979; x_wconf 86' lang='lat' dir='ltr'><strong>accusationibus</strong></span> <span class='ocrx_word' id='word_1_86' title='bbox 1093 1943 1225 1981; x_wconf 91' lang='lat' dir='ltr'><strong>vero</strong></span> <span class='ocrx_word' id='word_1_87' title='bbox 1261 1928 1591 1981; x_wconf 88' lang='lat' dir='ltr'><strong>clericorum</strong></span> <span class='ocrx_word' id='word_1_88' title='bbox 1618 1943 1789 1997; x_wconf 85' lang='lat' dir='ltr'><strong>super</strong></span> 
     </span>
    </p>
   </div>
   <div class='ocr_carea' id='block_1_16' title="bbox 163 2016 1788 2092">
    <p class='ocr_par' dir='ltr' id='par_1_16' title="bbox 163 2016 1788 2092">
     <span class='ocr_line' id='line_1_16' title="bbox 163 2016 1788 2092; baseline 0.002 -22"><span class='ocrx_word' id='word_1_89' title='bbox 163 2016 357 2086; x_wconf 82' lang='lat' dir='ltr'><strong>quibus</strong></span> <span class='ocrx_word' id='word_1_90' title='bbox 388 2016 729 2085; x_wconf 86' lang='lat' dir='ltr'><strong>mandastis,</strong></span> <span class='ocrx_word' id='word_1_91' title='bbox 770 2018 987 2088; x_wconf 86' lang='lat' dir='ltr'><strong>scitote,</strong></span> <span class='ocrx_word' id='word_1_92' title='bbox 1032 2036 1066 2073; x_wconf 92' lang='lat' dir='ltr'><strong>a</strong></span> <span class='ocrx_word' id='word_1_93' title='bbox 1102 2022 1361 2092; x_wconf 89' lang='lat' dir='ltr'><strong>tempore</strong></span> <span class='ocrx_word' id='word_1_94' title='bbox 1397 2020 1788 2092; x_wconf 86' lang='lat' dir='ltr'><strong>apostolorum</strong></span> 
     </span>
    </p>
   </div>
   <div class='ocr_carea' id='block_1_17' title="bbox 162 2110 1784 2169">
    <p class='ocr_par' dir='ltr' id='par_1_17' title="bbox 162 2110 1784 2169">
     <span class='ocr_line' id='line_1_17' title="bbox 162 2110 1784 2169; baseline 0.004 -7"><span class='ocrx_word' id='word_1_95' title='bbox 162 2110 213 2163; x_wconf 91' lang='lat' dir='ltr'><strong>in</strong></span> <span class='ocrx_word' id='word_1_96' title='bbox 232 2110 341 2163; x_wconf 87' lang='lat' dir='ltr'><strong>hac</strong></span> <span class='ocrx_word' id='word_1_97' title='bbox 371 2115 569 2164; x_wconf 86' lang='lat' dir='ltr'><strong>sancta</strong></span> <span class='ocrx_word' id='word_1_98' title='bbox 594 2111 735 2165; x_wconf 87' lang='lat' dir='ltr'><strong>urbe</strong></span> <span class='ocrx_word' id='word_1_99' title='bbox 766 2115 1049 2167; x_wconf 88' lang='lat' dir='ltr'><strong>servatum</strong></span> <span class='ocrx_word' id='word_1_100' title='bbox 1087 2129 1209 2167; x_wconf 89' lang='lat' dir='ltr'><strong>esse</strong></span> <span class='ocrx_word' id='word_1_101' title='bbox 1238 2120 1592 2169; x_wconf 83' lang='lat' dir='ltr'><strong>accusatores</strong></span> <span class='ocrx_word' id='word_1_102' title='bbox 1617 2117 1674 2168; x_wconf 90' lang='lat' dir='ltr'><strong>et</strong></span> <span class='ocrx_word' id='word_1_103' title='bbox 1695 2130 1784 2168; x_wconf 87' lang='lat' dir='ltr'><strong>ac-</strong></span> 
     </span>
    </p>
   </div>
   <div class='ocr_carea' id='block_1_18' title="bbox 159 2204 1786 2279">
    <p class='ocr_par' dir='ltr' id='par_1_18' title="bbox 159 2204 1786 2279">
     <span class='ocr_line' id='line_1_18' title="bbox 159 2204 1786 2279; baseline 0.004 -23"><span class='ocrx_word' id='word_1_104' title='bbox 159 2204 491 2271; x_wconf 85' lang='lat' dir='ltr'><strong>cusationes,</strong></span> <span class='ocrx_word' id='word_1_105' title='bbox 504 2220 645 2275; x_wconf 88' lang='lat' dir='ltr'><strong>quas</strong></span> <span class='ocrx_word' id='word_1_106' title='bbox 659 2207 983 2260; x_wconf 86' lang='lat' dir='ltr'><strong>exterarum</strong></span> <span class='ocrx_word' id='word_1_107' title='bbox 1000 2207 1478 2261; x_wconf 83' lang='lat' dir='ltr'><strong>consuetudinum</strong></span> <span class='ocrx_word' id='word_1_108' title='bbox 1494 2208 1648 2279; x_wconf 83' lang='lat' dir='ltr'><strong>leges</strong></span> <span class='ocrx_word' id='word_1_109' title='bbox 1669 2223 1786 2262; x_wconf 91' lang='lat' dir='ltr'><strong>non</strong></span> 
     </span>
    </p>
   </div>
   <div class='ocr_carea' id='block_1_19' title="bbox 160 2298 1790 2366">
    <p class='ocr_par' dir='ltr' id='par_1_19' title="bbox 160 2298 1790 2366">
     <span class='ocr_line' id='line_1_19' title="bbox 160 2298 1790 2366; baseline 0.002 -17"><span class='ocrx_word' id='word_1_110' title='bbox 160 2298 453 2366; x_wconf 70' lang='lat' dir='ltr'><strong>asciscant,</strong></span> <span class='ocrx_word' id='word_1_111' title='bbox 479 2314 513 2350; x_wconf 91' lang='lat' dir='ltr'><strong>a</strong></span> <span class='ocrx_word' id='word_1_112' title='bbox 540 2298 876 2352; x_wconf 88' lang='lat' dir='ltr'><strong>clericorum</strong></span> <span class='ocrx_word' id='word_1_113' title='bbox 903 2300 1260 2354; x_wconf 84' lang='lat' dir='ltr'><strong>accusatione</strong></span> <span class='ocrx_word' id='word_1_114' title='bbox 1288 2300 1595 2355; x_wconf 90' lang='lat' dir='ltr'><strong>submotas.</strong></span> <span class='ocrx_word' id='word_1_115' title='bbox 1627 2300 1790 2355; x_wconf 87' lang='lat' dir='ltr'><strong>Simi-</strong></span> 
     </span>
    </p>
   </div>
   <div class='ocr_carea' id='block_1_20' title="bbox 160 2390 1784 2465">
    <p class='ocr_par' dir='ltr' id='par_1_20' title="bbox 160 2390 1784 2465">
     <span class='ocr_line' id='line_1_20' title="bbox 160 2390 1784 2465; baseline 0.002 -21"><span class='ocrx_word' id='word_1_116' title='bbox 160 2390 276 2445; x_wconf 88' lang='lat' dir='ltr'><strong>liter</strong></span> <span class='ocrx_word' id='word_1_117' title='bbox 299 2390 481 2445; x_wconf 89' lang='lat' dir='ltr'><strong>laicos</strong></span> <span class='ocrx_word' id='word_1_118' title='bbox 500 2407 618 2446; x_wconf 94' lang='lat' dir='ltr'><strong>non</strong></span> <span class='ocrx_word' id='word_1_119' title='bbox 647 2408 935 2448; x_wconf 87' lang='lat' dir='ltr'><strong>accusasse</strong></span> <span class='ocrx_word' id='word_1_120' title='bbox 964 2393 1260 2465; x_wconf 87' lang='lat' dir='ltr'><strong>episcopos</strong></span> <span class='ocrx_word' id='word_1_121' title='bbox 1291 2395 1563 2448; x_wconf 85' lang='lat' dir='ltr'><strong>hactenus</strong></span> <span class='ocrx_word' id='word_1_122' title='bbox 1593 2394 1784 2449; x_wconf 89' lang='lat' dir='ltr'><strong>obser-</strong></span> 
     </span>
    </p>
   </div>
   <div class='ocr_carea' id='block_1_21' title="bbox 1888 1178 3515 1253">
    <p class='ocr_par' dir='ltr' id='par_1_21' title="bbox 1888 1178 3515 1253">
     <span class='ocr_line' id='line_1_21' title="bbox 1888 1178 3515 1253; baseline 0.002 -20"><span class='ocrx_word' id='word_1_123' title='bbox 1888 1179 2038 1233; x_wconf 87' lang='lat' dir='ltr'><strong>hanc</strong></span> <span class='ocrx_word' id='word_1_124' title='bbox 2094 1178 2325 1234; x_wconf 83' lang='lat' dir='ltr'><strong>diversis</strong></span> <span class='ocrx_word' id='word_1_125' title='bbox 2382 1178 2718 1234; x_wconf 87' lang='lat' dir='ltr'><strong>cruciatibus</strong></span> <span class='ocrx_word' id='word_1_126' title='bbox 2762 1195 2792 1234; x_wconf 92' lang='lat' dir='ltr'><strong>e</strong></span> <span class='ocrx_word' id='word_1_127' title='bbox 2838 1178 3070 1234; x_wconf 88' lang='lat' dir='ltr'><strong>latebris</strong></span> <span class='ocrx_word' id='word_1_128' title='bbox 3119 1181 3236 1235; x_wconf 91' lang='lat' dir='ltr'><strong>suis</strong></span> <span class='ocrx_word' id='word_1_129' title='bbox 3283 1182 3515 1253; x_wconf 88' lang='lat' dir='ltr'><strong>religio-</strong></span> 
     </span>
    </p>
   </div>
   <div class='ocr_carea' id='block_1_22' title="bbox 1888 1271 3519 1348">
    <p class='ocr_par' dir='ltr' id='par_1_22' title="bbox 1888 1271 3519 1348">
     <span class='ocr_line' id='line_1_22' title="bbox 1888 1271 3519 1348; baseline 0.002 -23"><span class='ocrx_word' id='word_1_130' title='bbox 1888 1289 1982 1326; x_wconf 91' lang='lat' dir='ltr'><strong>sus</strong></span> <span class='ocrx_word' id='word_1_131' title='bbox 2023 1276 2202 1327; x_wconf 91' lang='lat' dir='ltr'><strong>tortor</strong></span> <span class='ocrx_word' id='word_1_132' title='bbox 2240 1271 2467 1344; x_wconf 79' lang='lat' dir='ltr'><strong>exigere</strong></span> <span class='ocrx_word' id='word_1_133' title='bbox 2521 1272 2706 1341; x_wconf 89' lang='lat' dir='ltr'><strong>debet,</strong></span> <span class='ocrx_word' id='word_1_134' title='bbox 2752 1277 2816 1328; x_wconf 91' lang='lat' dir='ltr'><strong>ut</strong></span> <span class='ocrx_word' id='word_1_135' title='bbox 2856 1272 2994 1328; x_wconf 92' lang='lat' dir='ltr'><strong>dum</strong></span> <span class='ocrx_word' id='word_1_136' title='bbox 3051 1273 3234 1345; x_wconf 76' lang='lat' dir='ltr'><strong>poenis</strong></span> <span class='ocrx_word' id='word_1_137' title='bbox 3282 1291 3519 1348; x_wconf 88' lang='lat' dir='ltr'><strong>corpora</strong></span> 
     </span>
    </p>
   </div>
   <div class='ocr_carea' id='block_1_23' title="bbox 1889 1366 3517 1437">
    <p class='ocr_par' dir='ltr' id='par_1_23' title="bbox 1889 1366 3517 1437">
     <span class='ocr_line' id='line_1_23' title="bbox 1889 1366 3517 1437; baseline 0.002 -18"><span class='ocrx_word' id='word_1_138' title='bbox 1889 1366 2199 1433; x_wconf 87' lang='lat' dir='ltr'><strong>solvuntur,</strong></span> <span class='ocrx_word' id='word_1_139' title='bbox 2241 1382 2370 1437; x_wconf 70' lang='lat' dir='ltr'><strong>quae</strong></span> <span class='ocrx_word' id='word_1_140' title='bbox 2406 1370 2561 1437; x_wconf 85' lang='lat' dir='ltr'><strong>gesta</strong></span> <span class='ocrx_word' id='word_1_141' title='bbox 2597 1369 2731 1420; x_wconf 90' lang='lat' dir='ltr'><strong>sunt</strong></span> <span class='ocrx_word' id='word_1_142' title='bbox 2762 1366 3004 1422; x_wconf 88' lang='lat' dir='ltr'><strong>ﬁdeliter</strong></span> <span class='ocrx_word' id='word_1_143' title='bbox 3030 1372 3084 1422; x_wconf 91' lang='lat' dir='ltr'><strong>et</strong></span> <span class='ocrx_word' id='word_1_144' title='bbox 3108 1367 3386 1423; x_wconf 89' lang='lat' dir='ltr'><strong>veraciter</strong></span> <span class='ocrx_word' id='word_1_145' title='bbox 3421 1386 3517 1423; x_wconf 86' lang='lat' dir='ltr'><strong>ex-</strong></span> 
     </span>
    </p>
   </div>
   <div class='ocr_carea' id='block_1_24' title="bbox 1887 1459 3516 1532">
    <p class='ocr_par' dir='ltr' id='par_1_24' title="bbox 1887 1459 3516 1532">
     <span class='ocr_line' id='line_1_24' title="bbox 1887 1459 3516 1532; baseline 0.002 -19"><span class='ocrx_word' id='word_1_146' title='bbox 1887 1460 2202 1531; x_wconf 86' lang='lat' dir='ltr'><strong>quirantur.</strong></span> <span class='ocrx_word' id='word_1_147' title='bbox 2240 1459 2422 1528; x_wconf 89' lang='lat' dir='ltr'><strong>Unde,</strong></span> <span class='ocrx_word' id='word_1_148' title='bbox 2458 1460 2940 1531; x_wconf 69' lang='lat' dir='ltr'><strong>quaeso,primum</strong></span> <span class='ocrx_word' id='word_1_149' title='bbox 2962 1460 3033 1515; x_wconf 89' lang='lat' dir='ltr'><strong>ad</strong></span> <span class='ocrx_word' id='word_1_150' title='bbox 3052 1461 3209 1531; x_wconf 82' lang='lat' dir='ltr'><strong>leges</strong></span> <span class='ocrx_word' id='word_1_151' title='bbox 3240 1462 3516 1532; x_wconf 87' lang='lat' dir='ltr'><strong>publicas,</strong></span> 
     </span>
    </p>
   </div>
   <div class='ocr_carea' id='block_1_25' title="bbox 1889 1552 3522 1626">
    <p class='ocr_par' dir='ltr' id='par_1_25' title="bbox 1889 1552 3522 1626">
     <span class='ocr_line' id='line_1_25' title="bbox 1889 1552 3522 1626; baseline 0.003 -20"><span class='ocrx_word' id='word_1_152' title='bbox 1889 1552 2095 1607; x_wconf 90' lang='lat' dir='ltr'><strong>deinde</strong></span> <span class='ocrx_word' id='word_1_153' title='bbox 2142 1552 2215 1606; x_wconf 90' lang='lat' dir='ltr'><strong>ad</strong></span> <span class='ocrx_word' id='word_1_154' title='bbox 2251 1552 2475 1624; x_wconf 90' lang='lat' dir='ltr'><strong>judices</strong></span> <span class='ocrx_word' id='word_1_155' title='bbox 2522 1569 2623 1607; x_wconf 89' lang='lat' dir='ltr'><strong>ora</strong></span> <span class='ocrx_word' id='word_1_156' title='bbox 2667 1553 2992 1621; x_wconf 88' lang='lat' dir='ltr'><strong>convertite,</strong></span> <span class='ocrx_word' id='word_1_157' title='bbox 3039 1555 3137 1626; x_wconf 90' lang='lat' dir='ltr'><strong>qui</strong></span> <span class='ocrx_word' id='word_1_158' title='bbox 3182 1561 3417 1626; x_wconf 88' lang='lat' dir='ltr'><strong>possunt</strong></span> <span class='ocrx_word' id='word_1_159' title='bbox 3465 1562 3522 1611; x_wconf 89' lang='lat' dir='ltr'><strong>et</strong></span> 
     </span>
    </p>
   </div>
   <div class='ocr_carea' id='block_1_26' title="bbox 1887 1646 3520 1719">
    <p class='ocr_par' dir='ltr' id='par_1_26' title="bbox 1887 1646 3520 1719">
     <span class='ocr_line' id='line_1_26' title="bbox 1887 1646 3520 1719; baseline 0.003 -20"><span class='ocrx_word' id='word_1_160' title='bbox 1887 1647 2085 1700; x_wconf 89' lang='lat' dir='ltr'><strong>volunt</strong></span> <span class='ocrx_word' id='word_1_161' title='bbox 2108 1646 2169 1700; x_wconf 92' lang='lat' dir='ltr'><strong>in</strong></span> <span class='ocrx_word' id='word_1_162' title='bbox 2199 1646 2527 1701; x_wconf 87' lang='lat' dir='ltr'><strong>defensione</strong></span> <span class='ocrx_word' id='word_1_163' title='bbox 2551 1647 2808 1701; x_wconf 90' lang='lat' dir='ltr'><strong>omnium</strong></span> <span class='ocrx_word' id='word_1_164' title='bbox 2832 1647 2986 1718; x_wconf 89' lang='lat' dir='ltr'><strong>juste</strong></span> <span class='ocrx_word' id='word_1_165' title='bbox 3017 1648 3189 1719; x_wconf 90' lang='lat' dir='ltr'><strong>loqui.</strong></span> <span class='ocrx_word' id='word_1_166' title='bbox 3225 1649 3332 1703; x_wconf 89' lang='lat' dir='ltr'><strong>Nos</strong></span> <span class='ocrx_word' id='word_1_167' title='bbox 3363 1650 3520 1704; x_wconf 89' lang='lat' dir='ltr'><strong>enim</strong></span> 
     </span>
    </p>
   </div>
   <div class='ocr_carea' id='block_1_27' title="bbox 1887 1739 3519 1813">
    <p class='ocr_par' dir='ltr' id='par_1_27' title="bbox 1887 1739 3519 1813">
     <span class='ocr_line' id='line_1_27' title="bbox 1887 1739 3519 1813; baseline 0.003 -20"><span class='ocrx_word' id='word_1_168' title='bbox 1887 1756 2032 1811; x_wconf 90' lang='lat' dir='ltr'><strong>quos</strong></span> <span class='ocrx_word' id='word_1_169' title='bbox 2065 1740 2161 1793; x_wconf 91' lang='lat' dir='ltr'><strong>Dei</strong></span> <span class='ocrx_word' id='word_1_170' title='bbox 2191 1739 2484 1794; x_wconf 87' lang='lat' dir='ltr'><strong>servitium</strong></span> <span class='ocrx_word' id='word_1_171' title='bbox 2512 1745 2636 1811; x_wconf 89' lang='lat' dir='ltr'><strong>post</strong></span> <span class='ocrx_word' id='word_1_172' title='bbox 2666 1740 2898 1794; x_wconf 90' lang='lat' dir='ltr'><strong>istarum</strong></span> <span class='ocrx_word' id='word_1_173' title='bbox 2929 1758 3123 1795; x_wconf 88' lang='lat' dir='ltr'><strong>rerum</strong></span> <span class='ocrx_word' id='word_1_174' title='bbox 3144 1742 3519 1813; x_wconf 89' lang='lat' dir='ltr'><strong>abjectionem</strong></span> 
     </span>
    </p>
   </div>
   <div class='ocr_carea' id='block_1_28' title="bbox 1886 1832 3516 1904">
    <p class='ocr_par' dir='ltr' id='par_1_28' title="bbox 1886 1832 3516 1904">
     <span class='ocr_line' id='line_1_28' title="bbox 1886 1832 3516 1904; baseline 0.003 -18"><span class='ocrx_word' id='word_1_175' title='bbox 1886 1832 2018 1887; x_wconf 88' lang='lat' dir='ltr'><strong>fecit</strong></span> <span class='ocrx_word' id='word_1_176' title='bbox 2060 1832 2361 1904; x_wconf 84' lang='lat' dir='ltr'><strong>ingenuos,</strong></span> <span class='ocrx_word' id='word_1_177' title='bbox 2412 1832 2508 1904; x_wconf 88' lang='lat' dir='ltr'><strong>qui</strong></span> <span class='ocrx_word' id='word_1_178' title='bbox 2551 1833 2749 1887; x_wconf 87' lang='lat' dir='ltr'><strong>talium</strong></span> <span class='ocrx_word' id='word_1_179' title='bbox 2792 1833 3204 1901; x_wconf 87' lang='lat' dir='ltr'><strong>insultationes,</strong></span> <span class='ocrx_word' id='word_1_180' title='bbox 3244 1840 3339 1890; x_wconf 89' lang='lat' dir='ltr'><strong>aut</strong></span> <span class='ocrx_word' id='word_1_181' title='bbox 3377 1853 3516 1891; x_wconf 89' lang='lat' dir='ltr'><strong>con-</strong></span> 
     </span>
    </p>
   </div>
   <div class='ocr_carea' id='block_1_29' title="bbox 1886 1925 3521 1999">
    <p class='ocr_par' dir='ltr' id='par_1_29' title="bbox 1886 1925 3521 1999">
     <span class='ocr_line' id='line_1_29' title="bbox 1886 1925 3521 1999; baseline 0.003 -21"><span class='ocrx_word' id='word_1_182' title='bbox 1886 1927 2174 1992; x_wconf 84' lang='lat' dir='ltr'><strong>tumelias,</strong></span> <span class='ocrx_word' id='word_1_183' title='bbox 2225 1930 2324 1979; x_wconf 88' lang='lat' dir='ltr'><strong>aut</strong></span> <span class='ocrx_word' id='word_1_184' title='bbox 2368 1925 2734 1996; x_wconf 86' lang='lat' dir='ltr'><strong>despicimus,</strong></span> <span class='ocrx_word' id='word_1_185' title='bbox 2782 1931 2879 1980; x_wconf 89' lang='lat' dir='ltr'><strong>aut</strong></span> <span class='ocrx_word' id='word_1_186' title='bbox 2924 1927 3272 1995; x_wconf 88' lang='lat' dir='ltr'><strong>deridemus,</strong></span> <span class='ocrx_word' id='word_1_187' title='bbox 3315 1930 3521 1999; x_wconf 87' lang='lat' dir='ltr'><strong>quibus</strong></span> 
     </span>
    </p>
   </div>
   <div class='ocr_carea' id='block_1_30' title="bbox 1888 2019 3521 2093">
    <p class='ocr_par' dir='ltr' id='par_1_30' title="bbox 1888 2019 3521 2093">
     <span class='ocr_line' id='line_1_30' title="bbox 1888 2019 3521 2093; baseline 0.002 -20"><span class='ocrx_word' id='word_1_188' title='bbox 1888 2019 2166 2090; x_wconf 85' lang='lat' dir='ltr'><strong>scriptum</strong></span> <span class='ocrx_word' id='word_1_189' title='bbox 2213 2022 2299 2073; x_wconf 91' lang='lat' dir='ltr'><strong>est</strong></span> <span class='ocrx_word' id='word_1_190' title='bbox 2341 2019 2410 2073; x_wconf 93' lang='lat' dir='ltr'><strong>de</strong></span> <span class='ocrx_word' id='word_1_191' title='bbox 2460 2019 2691 2073; x_wconf 86' lang='lat' dir='ltr'><strong>famulis</strong></span> <span class='ocrx_word' id='word_1_192' title='bbox 2731 2023 2788 2073; x_wconf 91' lang='lat' dir='ltr'><strong>et</strong></span> <span class='ocrx_word' id='word_1_193' title='bbox 2826 2019 2981 2091; x_wconf 80' lang='lat' dir='ltr'><strong>vulgi</strong></span> <span class='ocrx_word' id='word_1_194' title='bbox 3034 2020 3363 2076; x_wconf 88' lang='lat' dir='ltr'><strong>hominibus</strong></span> <span class='ocrx_word' id='word_1_195' title='bbox 3418 2038 3521 2093; x_wconf 89' lang='lat' dir='ltr'><strong>per</strong></span> 
     </span>
    </p>
   </div>
   <div class='ocr_carea' id='block_1_31' title="bbox 1889 2112 3519 2184">
    <p class='ocr_par' dir='ltr' id='par_1_31' title="bbox 1889 2112 3519 2184">
     <span class='ocr_line' id='line_1_31' title="bbox 1889 2112 3519 2184; baseline 0.001 -17"><span class='ocrx_word' id='word_1_196' title='bbox 1889 2114 2217 2183; x_wconf 87' lang='lat' dir='ltr'><strong>Apostolum</strong></span> <span class='ocrx_word' id='word_1_197' title='bbox 2270 2129 2283 2166; x_wconf 93' lang='lat'>:</span> <span class='ocrx_word' id='word_1_198' title='bbox 2339 2112 2675 2167; x_wconf 83' lang='lat' dir='ltr'><strong>Mementote</strong></span> <span class='ocrx_word' id='word_1_199' title='bbox 2742 2112 2878 2184; x_wconf 88' lang='lat' dir='ltr'><strong>quia</strong></span> <span class='ocrx_word' id='word_1_200' title='bbox 2941 2117 3130 2168; x_wconf 87' lang='lat' dir='ltr'><strong>vester</strong></span> <span class='ocrx_word' id='word_1_201' title='bbox 3181 2118 3238 2169; x_wconf 90' lang='lat' dir='ltr'><strong>et</strong></span> <span class='ocrx_word' id='word_1_202' title='bbox 3292 2114 3519 2170; x_wconf 89' lang='lat' dir='ltr'><strong>illorum</strong></span> 
     </span>
    </p>
   </div>
   <div class='ocr_carea' id='block_1_32' title="bbox 1889 2205 3517 2275">
    <p class='ocr_par' dir='ltr' id='par_1_32' title="bbox 1889 2205 3517 2275">
     <span class='ocr_line' id='line_1_32' title="bbox 1889 2205 3517 2275; baseline 0.002 -16"><span class='ocrx_word' id='word_1_203' title='bbox 1889 2206 2165 2260; x_wconf 88' lang='lat' dir='ltr'><strong>Dominus</strong></span> <span class='ocrx_word' id='word_1_204' title='bbox 2199 2206 2260 2259; x_wconf 91' lang='lat' dir='ltr'><strong>in</strong></span> <span class='ocrx_word' id='word_1_205' title='bbox 2301 2206 2450 2260; x_wconf 71' lang='lat' dir='ltr'><strong>caelis</strong></span> <span class='ocrx_word' id='word_1_206' title='bbox 2479 2209 2581 2275; x_wconf 88' lang='lat' dir='ltr'><strong>est,</strong></span> <span class='ocrx_word' id='word_1_207' title='bbox 2621 2205 2693 2259; x_wconf 87' lang='lat' dir='ltr'><strong>ad</strong></span> <span class='ocrx_word' id='word_1_208' title='bbox 2732 2206 2853 2260; x_wconf 81' lang='lat' dir='ltr'><strong>haec</strong></span> <span class='ocrx_word' id='word_1_209' title='bbox 2884 2207 3072 2261; x_wconf 76' lang='lat' dir='ltr'><strong>saeculi</strong></span> <span class='ocrx_word' id='word_1_210' title='bbox 3108 2208 3259 2261; x_wconf 90' lang='lat' dir='ltr'><strong>mala</strong></span> <span class='ocrx_word' id='word_1_211' title='bbox 3290 2225 3517 2264; x_wconf 88' lang='lat' dir='ltr'><strong>revoca-</strong></span> 
     </span>
    </p>
   </div>
   <div class='ocr_carea' id='block_1_33' title="bbox 1888 2299 3519 2370">
    <p class='ocr_par' dir='ltr' id='par_1_33' title="bbox 1888 2299 3519 2370">
     <span class='ocr_line' id='line_1_33' title="bbox 1888 2299 3519 2370; baseline 0.002 -17"><span class='ocrx_word' id='word_1_212' title='bbox 1888 2299 2111 2354; x_wconf 88' lang='lat' dir='ltr'><strong>bimur?</strong></span> <span class='ocrx_word' id='word_1_213' title='bbox 2123 2299 2466 2354; x_wconf 88' lang='lat' dir='ltr'><strong>Faciendum</strong></span> <span class='ocrx_word' id='word_1_214' title='bbox 2478 2316 2509 2352; x_wconf 88' lang='lat' dir='ltr'><strong>a</strong></span> <span class='ocrx_word' id='word_1_215' title='bbox 2520 2299 2684 2354; x_wconf 89' lang='lat' dir='ltr'><strong>nobis</strong></span> <span class='ocrx_word' id='word_1_216' title='bbox 2696 2300 2954 2370; x_wconf 86' lang='lat' dir='ltr'><strong>est,quod</strong></span> <span class='ocrx_word' id='word_1_217' title='bbox 2966 2300 3268 2356; x_wconf 86' lang='lat' dir='ltr'><strong>facientem</strong></span> <span class='ocrx_word' id='word_1_218' title='bbox 3279 2302 3519 2357; x_wconf 91' lang='lat' dir='ltr'><strong>alterum</strong></span> 
     </span>
    </p>
   </div>
   <div class='ocr_carea' id='block_1_34' title="bbox 1888 2392 3524 2464">
    <p class='ocr_par' dir='ltr' id='par_1_34' title="bbox 1888 2392 3524 2464">
     <span class='ocr_line' id='line_1_34' title="bbox 1888 2392 3524 2464; baseline 0.002 -18"><span class='ocrx_word' id='word_1_219' title='bbox 1888 2393 2193 2464; x_wconf 89' lang='lat' dir='ltr'><strong>profanum</strong></span> <span class='ocrx_word' id='word_1_220' title='bbox 2220 2410 2344 2447; x_wconf 92' lang='lat' dir='ltr'><strong>esse</strong></span> <span class='ocrx_word' id='word_1_221' title='bbox 2370 2392 2810 2448; x_wconf 82' lang='lat' dir='ltr'><strong>contendimus?</strong></span> <span class='ocrx_word' id='word_1_222' title='bbox 2840 2392 3001 2456; x_wconf 91' lang='lat' dir='ltr'><strong>Quod</strong></span> <span class='ocrx_word' id='word_1_223' title='bbox 3024 2410 3123 2464; x_wconf 89' lang='lat' dir='ltr'><strong>per</strong></span> <span class='ocrx_word' id='word_1_224' title='bbox 3142 2394 3524 2450; x_wconf 88' lang='lat' dir='ltr'><strong>ministerium</strong></span> 
     </span>
    </p>
   </div>
   <div class='ocr_carea' id='block_1_35' title="bbox 158 2472 3522 2560">
    <p class='ocr_par' dir='ltr' id='par_1_35' title="bbox 158 2472 3522 2560">
     <span class='ocr_line' id='line_1_35' title="bbox 158 2472 3522 2560; baseline 0.002 -24"><span class='ocrx_word' id='word_1_225' title='bbox 158 2490 344 2539; x_wconf 84' lang='lat' dir='ltr'><strong>vatum</strong></span> <span class='ocrx_word' id='word_1_226' title='bbox 382 2490 441 2539; x_wconf 90' lang='lat' dir='ltr'><strong>et</strong></span> <span class='ocrx_word' id='word_1_227' title='bbox 478 2485 855 2541; x_wconf 87' lang='lat' dir='ltr'><strong>constitutum</strong></span> <span class='ocrx_word' id='word_1_228' title='bbox 897 2491 1001 2557; x_wconf 90' lang='lat' dir='ltr'><strong>est,</strong></span> <span class='ocrx_word' id='word_1_229' title='bbox 1042 2488 1178 2559; x_wconf 87' lang='lat' dir='ltr'><strong>quia</strong></span> <span class='ocrx_word' id='word_1_230' title='bbox 1215 2488 1469 2559; x_wconf 86' lang='lat' dir='ltr'><strong>ejusdem</strong></span> <span class='ocrx_word' id='word_1_231' title='bbox 1506 2504 1619 2542; x_wconf 83' lang='lat' dir='ltr'><strong>non</strong></span> <span class='ocrx_word' id='word_1_232' title='bbox 1656 2472 2152 2557; x_wconf 84' lang='lat' dir='ltr'><strong>suntBjussionis</strong></span> <span class='ocrx_word' id='word_1_233' title='bbox 2173 2489 2231 2539; x_wconf 91' lang='lat' dir='ltr'><strong>et</strong></span> <span class='ocrx_word' id='word_1_234' title='bbox 2246 2503 2447 2540; x_wconf 90' lang='lat' dir='ltr'><strong>manus</strong></span> <span class='ocrx_word' id='word_1_235' title='bbox 2461 2486 2982 2541; x_wconf 70' lang='lat' dir='ltr'><strong>alienzeincestaret</strong></span> <span class='ocrx_word' id='word_1_236' title='bbox 2997 2490 3522 2560; x_wconf 89' lang='lat' dir='ltr'><strong>aspectum,nostro</strong></span> 
     </span>
    </p>
   </div>
   <div class='ocr_carea' id='block_1_36' title="bbox 158 2578 1787 2652">
    <p class='ocr_par' dir='ltr' id='par_1_36' title="bbox 158 2578 1787 2652">
     <span class='ocr_line' id='line_1_36' title="bbox 158 2578 1787 2652; baseline 0.002 -22"><span class='ocrx_word' id='word_1_237' title='bbox 158 2578 617 2633; x_wconf 74' lang='lat' dir='ltr'><strong>conversationis.</strong></span> <span class='ocrx_word' id='word_1_238' title='bbox 638 2580 703 2634; x_wconf 87' lang='lat' dir='ltr'><strong>Et</strong></span> <span class='ocrx_word' id='word_1_239' title='bbox 726 2580 935 2650; x_wconf 87' lang='lat' dir='ltr'><strong>oppido</strong></span> <span class='ocrx_word' id='word_1_240' title='bbox 958 2581 1040 2635; x_wconf 89' lang='lat' dir='ltr'><strong>eis</strong></span> <span class='ocrx_word' id='word_1_241' title='bbox 1055 2581 1290 2652; x_wconf 88' lang='lat' dir='ltr'><strong>quidem</strong></span> <span class='ocrx_word' id='word_1_242' title='bbox 1311 2581 1501 2636; x_wconf 88' lang='lat' dir='ltr'><strong>infesti</strong></span> <span class='ocrx_word' id='word_1_243' title='bbox 1519 2581 1787 2649; x_wconf 82' lang='lat' dir='ltr'><strong>existunt,</strong></span> 
     </span>
    </p>
   </div>
   <div class='ocr_carea' id='block_1_37' title="bbox 159 2672 1787 2743">
    <p class='ocr_par' dir='ltr' id='par_1_37' title="bbox 159 2672 1787 2743">
     <span class='ocr_line' id='line_1_37' title="bbox 159 2672 1787 2743; baseline 0.001 -18"><span class='ocrx_word' id='word_1_244' title='bbox 159 2672 363 2743; x_wconf 89' lang='lat' dir='ltr'><strong>quippe</strong></span> <span class='ocrx_word' id='word_1_245' title='bbox 393 2688 529 2727; x_wconf 90' lang='lat' dir='ltr'><strong>cum</strong></span> <span class='ocrx_word' id='word_1_246' title='bbox 557 2672 668 2727; x_wconf 88' lang='lat' dir='ltr'><strong>vita</strong></span> <span class='ocrx_word' id='word_1_247' title='bbox 706 2677 763 2727; x_wconf 89' lang='lat' dir='ltr'><strong>et</strong></span> <span class='ocrx_word' id='word_1_248' title='bbox 799 2677 1013 2728; x_wconf 87' lang='lat' dir='ltr'><strong>secreta</strong></span> <span class='ocrx_word' id='word_1_249' title='bbox 1040 2690 1239 2728; x_wconf 87' lang='lat' dir='ltr'><strong>eorum</strong></span> <span class='ocrx_word' id='word_1_250' title='bbox 1278 2692 1311 2728; x_wconf 88' lang='lat' dir='ltr'><strong>a</strong></span> <span class='ocrx_word' id='word_1_251' title='bbox 1348 2675 1623 2729; x_wconf 89' lang='lat' dir='ltr'><strong>laicorum</strong></span> <span class='ocrx_word' id='word_1_252' title='bbox 1654 2674 1787 2729; x_wconf 90' lang='lat' dir='ltr'><strong>acti-</strong></span> 
     </span>
    </p>
   </div>
   <div class='ocr_carea' id='block_1_38' title="bbox 157 2764 1787 2839">
    <p class='ocr_par' dir='ltr' id='par_1_38' title="bbox 157 2764 1787 2839">
     <span class='ocr_line' id='line_1_38' title="bbox 157 2764 1787 2839; baseline 0.003 -22"><span class='ocrx_word' id='word_1_253' title='bbox 157 2764 252 2818; x_wconf 87' lang='lat' dir='ltr'><strong>bus</strong></span> <span class='ocrx_word' id='word_1_254' title='bbox 276 2766 536 2820; x_wconf 84' lang='lat' dir='ltr'><strong>debeant</strong></span> <span class='ocrx_word' id='word_1_255' title='bbox 561 2781 682 2820; x_wconf 90' lang='lat' dir='ltr'><strong>esse</strong></span> <span class='ocrx_word' id='word_1_256' title='bbox 713 2771 953 2832; x_wconf 90' lang='lat' dir='ltr'><strong>remota,</strong></span> <span class='ocrx_word' id='word_1_257' title='bbox 976 2783 1082 2822; x_wconf 91' lang='lat' dir='ltr'><strong>nec</strong></span> <span class='ocrx_word' id='word_1_258' title='bbox 1097 2768 1168 2822; x_wconf 87' lang='lat' dir='ltr'><strong>ab</strong></span> <span class='ocrx_word' id='word_1_259' title='bbox 1184 2768 1273 2822; x_wconf 86' lang='lat' dir='ltr'><strong>bis</strong></span> <span class='ocrx_word' id='word_1_260' title='bbox 1292 2767 1498 2839; x_wconf 90' lang='lat' dir='ltr'><strong>impeti</strong></span> <span class='ocrx_word' id='word_1_261' title='bbox 1524 2767 1787 2834; x_wconf 88' lang='lat' dir='ltr'><strong>debeant,</strong></span> 
     </span>
    </p>
   </div>
   <div class='ocr_carea' id='block_1_39' title="bbox 158 2858 1788 2931">
    <p class='ocr_par' dir='ltr' id='par_1_39' title="bbox 158 2858 1788 2931">
     <span class='ocr_line' id='line_1_39' title="bbox 158 2858 1788 2931; baseline 0.001 -19"><span class='ocrx_word' id='word_1_262' title='bbox 158 2875 395 2929; x_wconf 89' lang='lat' dir='ltr'><strong>quorum</strong></span> <span class='ocrx_word' id='word_1_263' title='bbox 442 2858 763 2914; x_wconf 87' lang='lat' dir='ltr'><strong>castitatem</strong></span> <span class='ocrx_word' id='word_1_264' title='bbox 808 2863 865 2914; x_wconf 90' lang='lat' dir='ltr'><strong>et</strong></span> <span class='ocrx_word' id='word_1_265' title='bbox 912 2861 1255 2931; x_wconf 85' lang='lat' dir='ltr'><strong>gravitatem</strong></span> <span class='ocrx_word' id='word_1_266' title='bbox 1300 2862 1505 2916; x_wconf 89' lang='lat' dir='ltr'><strong>nolunt</strong></span> <span class='ocrx_word' id='word_1_267' title='bbox 1556 2860 1788 2927; x_wconf 89' lang='lat' dir='ltr'><strong>imitari,</strong></span> 
     </span>
    </p>
   </div>
   <div class='ocr_carea' id='block_1_40' title="bbox 159 2953 1788 3027">
    <p class='ocr_par' dir='ltr' id='par_1_40' title="bbox 159 2953 1788 3027">
     <span class='ocr_line' id='line_1_40' title="bbox 159 2953 1788 3027; baseline 0.001 -20"><span class='ocrx_word' id='word_1_268' title='bbox 159 2954 404 3008; x_wconf 82' lang='lat' dir='ltr'><strong>maxime</strong></span> <span class='ocrx_word' id='word_1_269' title='bbox 432 2969 567 3007; x_wconf 91' lang='lat' dir='ltr'><strong>cum</strong></span> <span class='ocrx_word' id='word_1_270' title='bbox 595 2970 700 3008; x_wconf 90' lang='lat' dir='ltr'><strong>nec</strong></span> <span class='ocrx_word' id='word_1_271' title='bbox 733 2953 794 3007; x_wconf 89' lang='lat' dir='ltr'><strong>hi</strong></span> <span class='ocrx_word' id='word_1_272' title='bbox 823 2970 921 3008; x_wconf 88' lang='lat' dir='ltr'><strong>eos</strong></span> <span class='ocrx_word' id='word_1_273' title='bbox 945 2954 1006 3009; x_wconf 93' lang='lat' dir='ltr'><strong>in</strong></span> <span class='ocrx_word' id='word_1_274' title='bbox 1042 2955 1159 3008; x_wconf 87' lang='lat' dir='ltr'><strong>suis</strong></span> <span class='ocrx_word' id='word_1_275' title='bbox 1192 2955 1388 3010; x_wconf 88' lang='lat' dir='ltr'><strong>volunt</strong></span> <span class='ocrx_word' id='word_1_276' title='bbox 1415 2954 1668 3027; x_wconf 88' lang='lat' dir='ltr'><strong>recipere</strong></span> <span class='ocrx_word' id='word_1_277' title='bbox 1696 2971 1788 3008; x_wconf 91' lang='lat' dir='ltr'><strong>ac-</strong></span> 
     </span>
    </p>
   </div>
   <div class='ocr_carea' id='block_1_41' title="bbox 159 3047 1790 3120">
    <p class='ocr_par' dir='ltr' id='par_1_41' title="bbox 159 3047 1790 3120">
     <span class='ocr_line' id='line_1_41' title="bbox 159 3047 1790 3120; baseline 0.002 -19"><span class='ocrx_word' id='word_1_278' title='bbox 159 3047 563 3102; x_wconf 85' lang='lat' dir='ltr'><strong>cusationibus.</strong></span> <span class='ocrx_word' id='word_1_279' title='bbox 590 3048 668 3102; x_wconf 87' lang='lat' dir='ltr'><strong>De</strong></span> <span class='ocrx_word' id='word_1_280' title='bbox 696 3047 836 3118; x_wconf 88' lang='lat' dir='ltr'><strong>ipsis</strong></span> <span class='ocrx_word' id='word_1_281' title='bbox 859 3064 1014 3113; x_wconf 83' lang='lat' dir='ltr'><strong>vero,</strong></span> <span class='ocrx_word' id='word_1_282' title='bbox 1046 3049 1161 3104; x_wconf 88' lang='lat' dir='ltr'><strong>suis</strong></span> <span class='ocrx_word' id='word_1_283' title='bbox 1186 3048 1447 3104; x_wconf 86' lang='lat' dir='ltr'><strong>videlicet</strong></span> <span class='ocrx_word' id='word_1_284' title='bbox 1482 3048 1790 3120; x_wconf 87' lang='lat' dir='ltr'><strong>agriculto-</strong></span> 
     </span>
    </p>
   </div>
   <div class='ocr_carea' id='block_1_42' title="bbox 158 3140 1793 3213">
    <p class='ocr_par' dir='ltr' id='par_1_42' title="bbox 158 3140 1793 3213">
     <span class='ocr_line' id='line_1_42' title="bbox 158 3140 1793 3213; baseline 0.001 -18"><span class='ocrx_word' id='word_1_285' title='bbox 158 3141 307 3196; x_wconf 84' lang='lat' dir='ltr'><strong>ribus</strong></span> <span class='ocrx_word' id='word_1_286' title='bbox 336 3146 513 3213; x_wconf 88' lang='lat' dir='ltr'><strong>atque</strong></span> <span class='ocrx_word' id='word_1_287' title='bbox 543 3140 841 3209; x_wconf 88' lang='lat' dir='ltr'><strong>ministris,</strong></span> <span class='ocrx_word' id='word_1_288' title='bbox 873 3141 1137 3197; x_wconf 91' lang='lat' dir='ltr'><strong>dominus</strong></span> <span class='ocrx_word' id='word_1_289' title='bbox 1173 3142 1334 3197; x_wconf 88' lang='lat' dir='ltr'><strong>laicis</strong></span> <span class='ocrx_word' id='word_1_290' title='bbox 1362 3145 1418 3197; x_wconf 91' lang='lat' dir='ltr'><strong>et</strong></span> <span class='ocrx_word' id='word_1_291' title='bbox 1453 3142 1669 3197; x_wconf 91' lang='lat' dir='ltr'><strong>cunctis</strong></span> <span class='ocrx_word' id='word_1_292' title='bbox 1697 3159 1793 3197; x_wconf 91' lang='lat' dir='ltr'><strong>eos</strong></span> 
     </span>
    </p>
   </div>
   <div class='ocr_carea' id='block_1_43' title="bbox 156 3233 1789 3307">
    <p class='ocr_par' dir='ltr' id='par_1_43' title="bbox 156 3233 1789 3307">
     <span class='ocr_line' id='line_1_43' title="bbox 156 3233 1789 3307; baseline 0.001 -18"><span class='ocrx_word' id='word_1_293' title='bbox 156 3233 631 3306; x_wconf 84' lang='lat' dir='ltr'><strong>persequentibus</strong></span> <span class='ocrx_word' id='word_1_294' title='bbox 655 3234 735 3289; x_wconf 89' lang='lat' dir='ltr'><strong>ait</strong></span> <span class='ocrx_word' id='word_1_295' title='bbox 760 3253 775 3289; x_wconf 88' lang='lat'><strong>:</strong></span> <span class='ocrx_word' id='word_1_296' title='bbox 811 3254 840 3287; x_wconf 75' lang='grc' dir='ltr'><strong>α</strong></span> <span class='ocrx_word' id='word_1_297' title='bbox 867 3235 1046 3291; x_wconf 86' lang='lat' dir='ltr'><strong>Nolite</strong></span> <span class='ocrx_word' id='word_1_298' title='bbox 1071 3238 1306 3307; x_wconf 82' lang='lat' dir='ltr'><strong>tangere</strong></span> <span class='ocrx_word' id='word_1_299' title='bbox 1347 3235 1587 3291; x_wconf 87' lang='lat' dir='ltr'><strong>christos</strong></span> <span class='ocrx_word' id='word_1_300' title='bbox 1610 3251 1789 3303; x_wconf 90' lang='lat' dir='ltr'><strong>meos,</strong></span> 
     </span>
    </p>
   </div>
   <div class='ocr_carea' id='block_1_44' title="bbox 159 3328 1789 3401">
    <p class='ocr_par' dir='ltr' id='par_1_44' title="bbox 159 3328 1789 3401">
     <span class='ocr_line' id='line_1_44' title="bbox 159 3328 1789 3401; baseline 0.001 -19"><span class='ocrx_word' id='word_1_301' title='bbox 159 3332 209 3381; x_wconf 85' lang='lat' dir='ltr'><strong>et</strong></span> <span class='ocrx_word' id='word_1_302' title='bbox 239 3328 302 3383; x_wconf 92' lang='lat' dir='ltr'><strong>in</strong></span> <span class='ocrx_word' id='word_1_303' title='bbox 341 3328 643 3399; x_wconf 87' lang='lat' dir='ltr'><strong>prophetis</strong></span> <span class='ocrx_word' id='word_1_304' title='bbox 690 3328 836 3383; x_wconf 89' lang='lat' dir='ltr'><strong>meis</strong></span> <span class='ocrx_word' id='word_1_305' title='bbox 868 3329 1042 3384; x_wconf 90' lang='lat' dir='ltr'><strong>nolite</strong></span> <span class='ocrx_word' id='word_1_306' title='bbox 1080 3329 1390 3401; x_wconf 86' lang='lat' dir='ltr'><strong>malignari</strong></span> <span class='ocrx_word' id='word_1_307' title='bbox 1430 3331 1478 3396; x_wconf 92' lang='grc' dir='ltr'><strong>(Ι</strong></span> <span class='ocrx_word' id='word_1_308' title='bbox 1509 3331 1639 3385; x_wconf 87' lang='lat' dir='ltr'><strong>Par.</strong></span> <span class='ocrx_word' id='word_1_309' title='bbox 1676 3346 1789 3399; x_wconf 82' lang='lat' dir='ltr'><strong>va,</strong></span> 
     </span>
    </p>
   </div>
   <div class='ocr_carea' id='block_1_45' title="bbox 158 3421 1791 3495">
    <p class='ocr_par' dir='ltr' id='par_1_45' title="bbox 158 3421 1791 3495">
     <span class='ocr_line' id='line_1_45' title="bbox 158 3421 1791 3495; baseline 0.001 -20"><span class='ocrx_word' id='word_1_310' title='bbox 158 3422 258 3492; x_wconf 78' lang='lat'><strong>22).</strong></span> <span class='ocrx_word' id='word_1_311' title='bbox 291 3443 321 3471; x_wconf 74' lang='grc' dir='ltr'><strong>η</strong></span> <span class='ocrx_word' id='word_1_312' title='bbox 354 3423 426 3476; x_wconf 87' lang='lat' dir='ltr'><strong>Et</strong></span> <span class='ocrx_word' id='word_1_313' title='bbox 453 3421 581 3492; x_wconf 88' lang='lat' dir='ltr'><strong>ipsa</strong></span> <span class='ocrx_word' id='word_1_314' title='bbox 618 3437 776 3477; x_wconf 86' lang='lat' dir='ltr'><strong>sacra</strong></span> <span class='ocrx_word' id='word_1_315' title='bbox 814 3422 1102 3495; x_wconf 89' lang='lat' dir='ltr'><strong>Scriptura</strong></span> <span class='ocrx_word' id='word_1_316' title='bbox 1128 3423 1305 3478; x_wconf 87' lang='lat' dir='ltr'><strong>dicit:</strong></span> <span class='ocrx_word' id='word_1_317' title='bbox 1338 3445 1367 3473; x_wconf 88' lang='lat'><strong>«</strong></span> <span class='ocrx_word' id='word_1_318' title='bbox 1395 3422 1503 3487; x_wconf 88' lang='lat' dir='ltr'><strong>Qui</strong></span> <span class='ocrx_word' id='word_1_319' title='bbox 1537 3439 1634 3478; x_wconf 90' lang='lat' dir='ltr'><strong>vos</strong></span> <span class='ocrx_word' id='word_1_320' title='bbox 1661 3426 1791 3477; x_wconf 87' lang='lat' dir='ltr'><strong>tan-</strong></span> 
     </span>
    </p>
   </div>
   <div class='ocr_carea' id='block_1_46' title="bbox 160 3515 1793 3589">
    <p class='ocr_par' dir='ltr' id='par_1_46' title="bbox 160 3515 1793 3589">
     <span class='ocr_line' id='line_1_46' title="bbox 160 3515 1793 3589; baseline 0.001 -19"><span class='ocrx_word' id='word_1_321' title='bbox 160 3515 251 3586; x_wconf 80' lang='lat' dir='ltr'><strong>git,</strong></span> <span class='ocrx_word' id='word_1_322' title='bbox 287 3515 482 3587; x_wconf 79' lang='lat' dir='ltr'><strong>tangit</strong></span> <span class='ocrx_word' id='word_1_323' title='bbox 514 3515 791 3586; x_wconf 87' lang='lat' dir='ltr'><strong>pupillam</strong></span> <span class='ocrx_word' id='word_1_324' title='bbox 828 3516 977 3571; x_wconf 91' lang='lat' dir='ltr'><strong>oculi</strong></span> <span class='ocrx_word' id='word_1_325' title='bbox 1014 3516 1132 3571; x_wconf 92' lang='lat' dir='ltr'><strong>mei</strong></span> <span class='ocrx_word' id='word_1_326' title='bbox 1173 3516 1345 3587; x_wconf 82' lang='lat' dir='ltr'><strong>(Zach.</strong></span> <span class='ocrx_word' id='word_1_327' title='bbox 1384 3532 1443 3585; x_wconf 86' lang='lat' dir='ltr'><strong>n,</strong></span> <span class='ocrx_word' id='word_1_328' title='bbox 1480 3519 1554 3589; x_wconf 88' lang='lat'><strong>8).</strong></span> <span class='ocrx_word' id='word_1_329' title='bbox 1580 3537 1608 3566; x_wconf 70' lang='grc' dir='ltr'><strong>η</strong></span> <span class='ocrx_word' id='word_1_330' title='bbox 1636 3516 1793 3571; x_wconf 84' lang='lat' dir='ltr'><strong>Talia</strong></span> 
     </span>
    </p>
   </div>
   <div class='ocr_carea' id='block_1_47' title="bbox 159 3608 1790 3682">
    <p class='ocr_par' dir='ltr' id='par_1_47' title="bbox 159 3608 1790 3682">
     <span class='ocr_line' id='line_1_47' title="bbox 159 3608 1790 3682; baseline 0.001 -20"><span class='ocrx_word' id='word_1_331' title='bbox 159 3609 307 3663; x_wconf 86' lang='lat' dir='ltr'><strong>enim</strong></span> <span class='ocrx_word' id='word_1_332' title='bbox 336 3611 397 3663; x_wconf 87' lang='lat' dir='ltr'><strong>et</strong></span> <span class='ocrx_word' id='word_1_333' title='bbox 434 3608 528 3662; x_wconf 86' lang='lat' dir='ltr'><strong>his</strong></span> <span class='ocrx_word' id='word_1_334' title='bbox 552 3608 760 3663; x_wconf 87' lang='lat' dir='ltr'><strong>similia</strong></span> <span class='ocrx_word' id='word_1_335' title='bbox 783 3609 962 3665; x_wconf 82' lang='lat' dir='ltr'><strong>sancti</strong></span> <span class='ocrx_word' id='word_1_336' title='bbox 998 3611 1192 3665; x_wconf 87' lang='lat' dir='ltr'><strong>Patres</strong></span> <span class='ocrx_word' id='word_1_337' title='bbox 1232 3610 1610 3682; x_wconf 66' lang='lat' dir='ltr'><strong>praevidentes</strong></span> <span class='ocrx_word' id='word_1_338' title='bbox 1636 3610 1790 3681; x_wconf 86' lang='lat' dir='ltr'><strong>peri-</strong></span> 
     </span>
    </p>
   </div>
   <div class='ocr_carea' id='block_1_48' title="bbox 161 3701 1788 3769">
    <p class='ocr_par' dir='ltr' id='par_1_48' title="bbox 161 3701 1788 3769">
     <span class='ocr_line' id='line_1_48' title="bbox 161 3701 1788 3769; baseline 0.001 -12"><span class='ocrx_word' id='word_1_339' title='bbox 161 3702 297 3769; x_wconf 84' lang='lat' dir='ltr'><strong>cula,</strong></span> <span class='ocrx_word' id='word_1_340' title='bbox 343 3702 521 3756; x_wconf 88' lang='lat' dir='ltr'><strong>laicos</strong></span> <span class='ocrx_word' id='word_1_341' title='bbox 571 3701 780 3757; x_wconf 58' lang='lat' dir='ltr'><strong>saeculo</strong></span> <span class='ocrx_word' id='word_1_342' title='bbox 822 3702 1133 3757; x_wconf 87' lang='lat' dir='ltr'><strong>militantes</strong></span> <span class='ocrx_word' id='word_1_343' title='bbox 1170 3703 1241 3758; x_wconf 89' lang='lat' dir='ltr'><strong>ab</strong></span> <span class='ocrx_word' id='word_1_344' title='bbox 1291 3702 1648 3758; x_wconf 87' lang='lat' dir='ltr'><strong>accusatione</strong></span> <span class='ocrx_word' id='word_1_345' title='bbox 1701 3719 1788 3757; x_wconf 87' lang='lat' dir='ltr'><strong>sa-</strong></span> 
     </span>
    </p>
   </div>
   <div class='ocr_carea' id='block_1_49' title="bbox 160 3795 1793 3867">
    <p class='ocr_par' dir='ltr' id='par_1_49' title="bbox 160 3795 1793 3867">
     <span class='ocr_line' id='line_1_49' title="bbox 160 3795 1793 3867; baseline 0 -16"><span class='ocrx_word' id='word_1_346' title='bbox 160 3796 450 3851; x_wconf 85' lang='lat' dir='ltr'><strong>cerdotum</strong></span> <span class='ocrx_word' id='word_1_347' title='bbox 504 3795 853 3867; x_wconf 86' lang='lat' dir='ltr'><strong>prohibuere</strong></span> <span class='ocrx_word' id='word_1_348' title='bbox 872 3838 887 3866; x_wconf 92' lang='lat'><strong>,</strong></span> <span class='ocrx_word' id='word_1_349' title='bbox 937 3796 1201 3852; x_wconf 88' lang='lat' dir='ltr'><strong>similiter</strong></span> <span class='ocrx_word' id='word_1_350' title='bbox 1247 3813 1435 3852; x_wconf 90' lang='lat' dir='ltr'><strong>servos</strong></span> <span class='ocrx_word' id='word_1_351' title='bbox 1483 3801 1540 3851; x_wconf 91' lang='lat' dir='ltr'><strong>et</strong></span> <span class='ocrx_word' id='word_1_352' title='bbox 1587 3796 1793 3852; x_wconf 89' lang='lat' dir='ltr'><strong>liberos</strong></span> 
     </span>
    </p>
   </div>
   <div class='ocr_carea' id='block_1_50' title="bbox 161 3889 1790 3963">
    <p class='ocr_par' dir='ltr' id='par_1_50' title="bbox 161 3889 1790 3963">
     <span class='ocr_line' id='line_1_50' title="bbox 161 3889 1790 3963; baseline 0.002 -21"><span class='ocrx_word' id='word_1_353' title='bbox 161 3895 323 3961; x_wconf 81' lang='lat' dir='ltr'><strong>atque</strong></span> <span class='ocrx_word' id='word_1_354' title='bbox 341 3889 610 3945; x_wconf 88' lang='lat' dir='ltr'><strong>censibus</strong></span> <span class='ocrx_word' id='word_1_355' title='bbox 641 3890 883 3961; x_wconf 89' lang='lat' dir='ltr'><strong>publicis</strong></span> <span class='ocrx_word' id='word_1_356' title='bbox 908 3890 995 3945; x_wconf 88' lang='lat' dir='ltr'><strong>vel</strong></span> <span class='ocrx_word' id='word_1_357' title='bbox 1026 3891 1259 3962; x_wconf 89' lang='lat' dir='ltr'><strong>privatis</strong></span> <span class='ocrx_word' id='word_1_358' title='bbox 1283 3891 1634 3963; x_wconf 87' lang='lat' dir='ltr'><strong>subjugatos,</strong></span> <span class='ocrx_word' id='word_1_359' title='bbox 1666 3906 1790 3946; x_wconf 78' lang='lat' dir='ltr'><strong>om-</strong></span> 
     </span>
    </p>
   </div>
   <div class='ocr_carea' id='block_1_51' title="bbox 162 3983 1789 4057">
    <p class='ocr_par' dir='ltr' id='par_1_51' title="bbox 162 3983 1789 4057">
     <span class='ocr_line' id='line_1_51' title="bbox 162 3983 1789 4057; baseline 0.002 -20"><span class='ocrx_word' id='word_1_360' title='bbox 162 3999 369 4056; x_wconf 80' lang='lat' dir='ltr'><strong>aesque</strong></span> <span class='ocrx_word' id='word_1_361' title='bbox 398 3983 649 4039; x_wconf 83' lang='lat' dir='ltr'><strong>infames</strong></span> <span class='ocrx_word' id='word_1_362' title='bbox 676 3983 748 4038; x_wconf 87' lang='lat' dir='ltr'><strong>ab</strong></span> <span class='ocrx_word' id='word_1_363' title='bbox 774 3983 978 4039; x_wconf 89' lang='lat' dir='ltr'><strong>eadem</strong></span> <span class='ocrx_word' id='word_1_364' title='bbox 1016 3985 1371 4040; x_wconf 84' lang='lat' dir='ltr'><strong>accusatione</strong></span> <span class='ocrx_word' id='word_1_365' title='bbox 1401 3986 1489 4039; x_wconf 90' lang='lat' dir='ltr'><strong>vel</strong></span> <span class='ocrx_word' id='word_1_366' title='bbox 1519 3985 1789 4057; x_wconf 89' lang='lat' dir='ltr'><strong>tergiver-</strong></span> 
     </span>
    </p>
   </div>
   <div class='ocr_carea' id='block_1_52' title="bbox 165 4078 1790 4150">
    <p class='ocr_par' dir='ltr' id='par_1_52' title="bbox 165 4078 1790 4150">
     <span class='ocr_line' id='line_1_52' title="bbox 165 4078 1790 4150; baseline 0.002 -20"><span class='ocrx_word' id='word_1_367' title='bbox 165 4078 367 4133; x_wconf 83' lang='lat' dir='ltr'><strong>satione</strong></span> <span class='ocrx_word' id='word_1_368' title='bbox 408 4078 840 4133; x_wconf 88' lang='lat' dir='ltr'><strong>submoverunt.</strong></span> <span class='ocrx_word' id='word_1_369' title='bbox 878 4079 1003 4133; x_wconf 90' lang='lat' dir='ltr'><strong>Non</strong></span> <span class='ocrx_word' id='word_1_370' title='bbox 1033 4078 1188 4133; x_wconf 87' lang='lat' dir='ltr'><strong>enim</strong></span> <span class='ocrx_word' id='word_1_371' title='bbox 1219 4081 1446 4150; x_wconf 83' lang='lat' dir='ltr'><strong>Oportet</strong></span> <span class='ocrx_word' id='word_1_372' title='bbox 1467 4083 1533 4133; x_wconf 88' lang='lat' dir='ltr'><strong>ut</strong></span> <span class='ocrx_word' id='word_1_373' title='bbox 1558 4078 1790 4149; x_wconf 90' lang='lat' dir='ltr'><strong>permit-</strong></span> 
     </span>
    </p>
   </div>
   <div class='ocr_carea' id='block_1_53' title="bbox 164 4171 1793 4245">
    <p class='ocr_par' dir='ltr' id='par_1_53' title="bbox 164 4171 1793 4245">
     <span class='ocr_line' id='line_1_53' title="bbox 164 4171 1793 4245; baseline 0 -19"><span class='ocrx_word' id='word_1_374' title='bbox 164 4174 352 4227; x_wconf 79' lang='lat' dir='ltr'><strong>tantnr</strong></span> <span class='ocrx_word' id='word_1_375' title='bbox 374 4171 635 4226; x_wconf 84' lang='lat' dir='ltr'><strong>carnales</strong></span> <span class='ocrx_word' id='word_1_376' title='bbox 665 4171 984 4243; x_wconf 88' lang='lat' dir='ltr'><strong>spirituales</strong></span> <span class='ocrx_word' id='word_1_377' title='bbox 1017 4173 1302 4245; x_wconf 81' lang='lat' dir='ltr'><strong>persequi,</strong></span> <span class='ocrx_word' id='word_1_378' title='bbox 1340 4190 1447 4227; x_wconf 92' lang='lat' dir='ltr'><strong>nec</strong></span> <span class='ocrx_word' id='word_1_379' title='bbox 1486 4173 1793 4227; x_wconf 89' lang='lat' dir='ltr'><strong>sceleribus</strong></span> 
     </span>
    </p>
   </div>
   <div class='ocr_carea' id='block_1_54' title="bbox 168 4264 1790 4338">
    <p class='ocr_par' dir='ltr' id='par_1_54' title="bbox 168 4264 1790 4338">
     <span class='ocr_line' id='line_1_54' title="bbox 168 4264 1790 4338; baseline 0.002 -22"><span class='ocrx_word' id='word_1_380' title='bbox 168 4264 380 4336; x_wconf 81' lang='lat' dir='ltr'><strong>irretiti,</strong></span> <span class='ocrx_word' id='word_1_381' title='bbox 417 4266 510 4320; x_wconf 89' lang='lat' dir='ltr'><strong>vel</strong></span> <span class='ocrx_word' id='word_1_382' title='bbox 551 4265 756 4320; x_wconf 76' lang='lat' dir='ltr'><strong>saeculo</strong></span> <span class='ocrx_word' id='word_1_383' title='bbox 792 4265 1107 4321; x_wconf 86' lang='lat' dir='ltr'><strong>militantes</strong></span> <span class='ocrx_word' id='word_1_384' title='bbox 1149 4267 1445 4338; x_wconf 90' lang='lat' dir='ltr'><strong>episcopos</strong></span> <span class='ocrx_word' id='word_1_385' title='bbox 1488 4266 1790 4337; x_wconf 85' lang='lat' dir='ltr'><strong>infamare,</strong></span> 
     </span>
    </p>
   </div>
   <div class='ocr_carea' id='block_1_55' title="bbox 165 4359 1790 4433">
    <p class='ocr_par' dir='ltr' id='par_1_55' title="bbox 165 4359 1790 4433">
     <span class='ocr_line' id='line_1_55' title="bbox 165 4359 1790 4433; baseline 0.003 -23"><span class='ocrx_word' id='word_1_386' title='bbox 165 4359 247 4413; x_wconf 80' lang='lat' dir='ltr'><strong>vel</strong></span> <span class='ocrx_word' id='word_1_387' title='bbox 272 4361 523 4415; x_wconf 86' lang='lat' dir='ltr'><strong>lacerare</strong></span> <span class='ocrx_word' id='word_1_388' title='bbox 549 4364 650 4414; x_wconf 86' lang='lat' dir='ltr'><strong>aut</strong></span> <span class='ocrx_word' id='word_1_389' title='bbox 679 4359 898 4415; x_wconf 89' lang='lat' dir='ltr'><strong>crimen</strong></span> <span class='ocrx_word' id='word_1_390' title='bbox 922 4376 1228 4431; x_wconf 89' lang='lat' dir='ltr'><strong>opponere.</strong></span> <span class='ocrx_word' id='word_1_391' title='bbox 1266 4361 1407 4414; x_wconf 87' lang='lat' dir='ltr'><strong>Nam</strong></span> <span class='ocrx_word' id='word_1_392' title='bbox 1433 4360 1481 4414; x_wconf 89' lang='lat' dir='ltr'><strong>si</strong></span> <span class='ocrx_word' id='word_1_393' title='bbox 1513 4360 1623 4415; x_wconf 91' lang='lat' dir='ltr'><strong>hoc</strong></span> <span class='ocrx_word' id='word_1_394' title='bbox 1654 4376 1790 4433; x_wconf 89' lang='lat' dir='ltr'><strong>apo-</strong></span> 
     </span>
    </p>
   </div>
   <div class='ocr_carea' id='block_1_56' title="bbox 166 4454 1794 4526">
    <p class='ocr_par' dir='ltr' id='par_1_56' title="bbox 166 4454 1794 4526">
     <span class='ocr_line' id='line_1_56' title="bbox 166 4454 1794 4526; baseline 0.001 -19"><span class='ocrx_word' id='word_1_395' title='bbox 166 4454 285 4507; x_wconf 87' lang='lat' dir='ltr'><strong>stoli</strong></span> <span class='ocrx_word' id='word_1_396' title='bbox 312 4458 412 4509; x_wconf 86' lang='lat' dir='ltr'><strong>aut</strong></span> <span class='ocrx_word' id='word_1_397' title='bbox 440 4469 795 4509; x_wconf 86' lang='lat' dir='ltr'><strong>successores</strong></span> <span class='ocrx_word' id='word_1_398' title='bbox 833 4470 1033 4509; x_wconf 88' lang='lat' dir='ltr'><strong>eorum</strong></span> <span class='ocrx_word' id='word_1_399' title='bbox 1071 4455 1494 4526; x_wconf 89' lang='lat' dir='ltr'><strong>permitterent,</strong></span> <span class='ocrx_word' id='word_1_400' title='bbox 1522 4455 1794 4526; x_wconf 88' lang='lat' dir='ltr'><strong>perpauci</strong></span> 
     </span>
    </p>
   </div>
   <div class='ocr_carea' id='block_1_57' title="bbox 164 4547 1790 4620">
    <p class='ocr_par' dir='ltr' id='par_1_57' title="bbox 164 4547 1790 4620">
     <span class='ocr_line' id='line_1_57' title="bbox 164 4547 1790 4620; baseline 0 -17"><span class='ocrx_word' id='word_1_401' title='bbox 164 4548 567 4603; x_wconf 82' lang='lat' dir='ltr'><strong>remansissent</strong></span> <span class='ocrx_word' id='word_1_402' title='bbox 581 4547 680 4620; x_wconf 87' lang='lat' dir='ltr'><strong>qui</strong></span> <span class='ocrx_word' id='word_1_403' title='bbox 701 4547 946 4609; x_wconf 91' lang='lat' dir='ltr'><strong>Domino</strong></span> <span class='ocrx_word' id='word_1_404' title='bbox 972 4548 1030 4603; x_wconf 92' lang='lat' dir='ltr'><strong>in</strong></span> <span class='ocrx_word' id='word_1_405' title='bbox 1061 4548 1394 4604; x_wconf 86' lang='lat' dir='ltr'><strong>sacerdotali</strong></span> <span class='ocrx_word' id='word_1_406' title='bbox 1414 4548 1615 4604; x_wconf 90' lang='lat' dir='ltr'><strong>ordine</strong></span> <span class='ocrx_word' id='word_1_407' title='bbox 1643 4549 1790 4603; x_wconf 89' lang='lat' dir='ltr'><strong>mili-</strong></span> 
     </span>
    </p>
   </div>
   <div class='ocr_carea' id='block_1_58' title="bbox 167 4641 1791 4714">
    <p class='ocr_par' dir='ltr' id='par_1_58' title="bbox 167 4641 1791 4714">
     <span class='ocr_line' id='line_1_58' title="bbox 167 4641 1791 4714; baseline 0.002 -19"><span class='ocrx_word' id='word_1_408' title='bbox 167 4646 385 4696; x_wconf 78' lang='lat' dir='ltr'><strong>tassent.</strong></span> <span class='ocrx_word' id='word_1_409' title='bbox 420 4641 642 4696; x_wconf 90' lang='lat' dir='ltr'><strong>Idcirco</strong></span> <span class='ocrx_word' id='word_1_410' title='bbox 678 4646 735 4696; x_wconf 91' lang='lat' dir='ltr'><strong>et</strong></span> <span class='ocrx_word' id='word_1_411' title='bbox 771 4657 897 4707; x_wconf 90' lang='lat' dir='ltr'><strong>nos,</strong></span> <span class='ocrx_word' id='word_1_412' title='bbox 932 4644 1234 4713; x_wconf 88' lang='lat' dir='ltr'><strong>sequentes</strong></span> <span class='ocrx_word' id='word_1_413' title='bbox 1263 4644 1497 4697; x_wconf 88' lang='lat' dir='ltr'><strong>Patrum</strong></span> <span class='ocrx_word' id='word_1_414' title='bbox 1530 4642 1791 4714; x_wconf 88' lang='lat' dir='ltr'><strong>vestigia,</strong></span> 
     </span>
    </p>
   </div>
   <div class='ocr_carea' id='block_1_59' title="bbox 168 4736 1790 4809">
    <p class='ocr_par' dir='ltr' id='par_1_59' title="bbox 168 4736 1790 4809">
     <span class='ocr_line' id='line_1_59' title="bbox 168 4736 1790 4809; baseline 0.001 -19"><span class='ocrx_word' id='word_1_415' title='bbox 168 4750 265 4805; x_wconf 82' lang='lat' dir='ltr'><strong>per</strong></span> <span class='ocrx_word' id='word_1_416' title='bbox 285 4736 635 4791; x_wconf 86' lang='lat' dir='ltr'><strong>Salvatorem</strong></span> <span class='ocrx_word' id='word_1_417' title='bbox 663 4751 957 4791; x_wconf 87' lang='lat' dir='ltr'><strong>servorum</strong></span> <span class='ocrx_word' id='word_1_418' title='bbox 984 4736 1101 4803; x_wconf 91' lang='lat' dir='ltr'><strong>Dei,</strong></span> <span class='ocrx_word' id='word_1_419' title='bbox 1133 4752 1497 4809; x_wconf 88' lang='lat' dir='ltr'><strong>quascunque</strong></span> <span class='ocrx_word' id='word_1_420' title='bbox 1526 4737 1599 4792; x_wconf 91' lang='lat' dir='ltr'><strong>ad</strong></span> <span class='ocrx_word' id='word_1_421' title='bbox 1627 4754 1790 4793; x_wconf 84' lang='lat' dir='ltr'><strong>accu-</strong></span> 
     </span>
    </p>
   </div>
   <div class='ocr_carea' id='block_1_60' title="bbox 170 4828 1793 4901">
    <p class='ocr_par' dir='ltr' id='par_1_60' title="bbox 170 4828 1793 4901">
     <span class='ocr_line' id='line_1_60' title="bbox 170 4828 1793 4901; baseline 0.003 -19"><span class='ocrx_word' id='word_1_422' title='bbox 170 4828 440 4884; x_wconf 82' lang='lat' dir='ltr'><strong>sationem</strong></span> <span class='ocrx_word' id='word_1_423' title='bbox 468 4846 741 4901; x_wconf 89' lang='lat' dir='ltr'><strong>personas</strong></span> <span class='ocrx_word' id='word_1_424' title='bbox 770 4830 927 4901; x_wconf 86' lang='lat' dir='ltr'><strong>leges</strong></span> <span class='ocrx_word' id='word_1_425' title='bbox 952 4829 1194 4901; x_wconf 64' lang='lat' dir='ltr'><strong>publica:</strong></span> <span class='ocrx_word' id='word_1_426' title='bbox 1212 4848 1329 4886; x_wconf 88' lang='lat' dir='ltr'><strong>non</strong></span> <span class='ocrx_word' id='word_1_427' title='bbox 1353 4831 1685 4901; x_wconf 87' lang='lat' dir='ltr'><strong>admittunt,</strong></span> <span class='ocrx_word' id='word_1_428' title='bbox 1704 4832 1793 4887; x_wconf 89' lang='lat' dir='ltr'><strong>his</strong></span> 
     </span>
    </p>
   </div>
   <div class='ocr_carea' id='block_1_61' title="bbox 170 4921 1789 4995">
    <p class='ocr_par' dir='ltr' id='par_1_61' title="bbox 170 4921 1789 4995">
     <span class='ocr_line' id='line_1_61' title="bbox 170 4921 1789 4995; baseline 0.002 -19"><span class='ocrx_word' id='word_1_429' title='bbox 170 4921 545 4995; x_wconf 85' lang='lat' dir='ltr'><strong>impugnandi</strong></span> <span class='ocrx_word' id='word_1_430' title='bbox 563 4924 824 4992; x_wconf 90' lang='lat' dir='ltr'><strong>alterum,</strong></span> <span class='ocrx_word' id='word_1_431' title='bbox 847 4928 904 4978; x_wconf 88' lang='lat' dir='ltr'><strong>et</strong></span> <span class='ocrx_word' id='word_1_432' title='bbox 920 4940 1027 4978; x_wconf 89' lang='lat' dir='ltr'><strong>nos</strong></span> <span class='ocrx_word' id='word_1_433' title='bbox 1052 4923 1341 4979; x_wconf 87' lang='lat' dir='ltr'><strong>licentiam</strong></span> <span class='ocrx_word' id='word_1_434' title='bbox 1369 4924 1789 4995; x_wconf 89' lang='lat' dir='ltr'><strong>submovemus,</strong></span> 
     </span>
    </p>
   </div>
   <div class='ocr_carea' id='block_1_62' title="bbox 171 5016 1789 5088">
    <p class='ocr_par' dir='ltr' id='par_1_62' title="bbox 171 5016 1789 5088">
     <span class='ocr_line' id='line_1_62' title="bbox 171 5016 1789 5088; baseline 0.003 -19"><span class='ocrx_word' id='word_1_435' title='bbox 171 5022 229 5069; x_wconf 88' lang='lat' dir='ltr'><strong>et</strong></span> <span class='ocrx_word' id='word_1_436' title='bbox 260 5019 429 5073; x_wconf 56' lang='lat' dir='ltr'><strong>nulla:</strong></span> <span class='ocrx_word' id='word_1_437' title='bbox 477 5017 859 5073; x_wconf 87' lang='lat' dir='ltr'><strong>accusationes</strong></span> <span class='ocrx_word' id='word_1_438' title='bbox 899 5034 932 5072; x_wconf 87' lang='lat' dir='ltr'><strong>a</strong></span> <span class='ocrx_word' id='word_1_439' title='bbox 960 5016 1249 5088; x_wconf 87' lang='lat' dir='ltr'><strong>judicibus</strong></span> <span class='ocrx_word' id='word_1_440' title='bbox 1273 5018 1582 5074; x_wconf 87' lang='lat' dir='ltr'><strong>audiantur</strong></span> <span class='ocrx_word' id='word_1_441' title='bbox 1609 5019 1789 5074; x_wconf 80' lang='lat' dir='ltr'><strong>eccle-</strong></span> 
     </span>
    </p>
   </div>
   <div class='ocr_carea' id='block_1_63' title="bbox 168 5108 1792 5185">
    <p class='ocr_par' dir='ltr' id='par_1_63' title="bbox 168 5108 1792 5185">
     <span class='ocr_line' id='line_1_63' title="bbox 168 5108 1792 5185; baseline 0.004 -25"><span class='ocrx_word' id='word_1_442' title='bbox 168 5108 388 5166; x_wconf 80' lang='lat' dir='ltr'><strong>siasticis</strong></span> <span class='ocrx_word' id='word_1_443' title='bbox 404 5126 538 5182; x_wconf 61' lang='lat' dir='ltr'><strong>qua:</strong></span> <span class='ocrx_word' id='word_1_444' title='bbox 561 5110 781 5182; x_wconf 85' lang='lat' dir='ltr'><strong>legibus</strong></span> <span class='ocrx_word' id='word_1_445' title='bbox 795 5111 988 5166; x_wconf 53' lang='lat' dir='ltr'><strong>saeculi</strong></span> <span class='ocrx_word' id='word_1_446' title='bbox 1011 5112 1409 5184; x_wconf 87' lang='lat' dir='ltr'><strong>prohibentur.</strong></span> <span class='ocrx_word' id='word_1_447' title='bbox 1430 5113 1792 5185; x_wconf 86' lang='lat' dir='ltr'><strong>Quapropter</strong></span> 
     </span>
    </p>
   </div>
   <div class='ocr_carea' id='block_1_64' title="bbox 1888 2579 3521 2651">
    <p class='ocr_par' dir='ltr' id='par_1_64' title="bbox 1888 2579 3521 2651">
     <span class='ocr_line' id='line_1_64' title="bbox 1888 2579 3521 2651; baseline 0.001 -18"><span class='ocrx_word' id='word_1_448' title='bbox 1888 2586 2198 2651; x_wconf 84' lang='lat' dir='ltr'><strong>peragetur</strong></span> <span class='ocrx_word' id='word_1_449' title='bbox 2226 2579 2488 2650; x_wconf 89' lang='lat' dir='ltr'><strong>imperio,</strong></span> <span class='ocrx_word' id='word_1_450' title='bbox 2517 2579 2692 2633; x_wconf 89' lang='lat' dir='ltr'><strong>nolite</strong></span> <span class='ocrx_word' id='word_1_451' title='bbox 2718 2579 2865 2633; x_wconf 89' lang='lat' dir='ltr'><strong>hanc</strong></span> <span class='ocrx_word' id='word_1_452' title='bbox 2894 2595 2997 2650; x_wconf 92' lang='lat' dir='ltr'><strong>per</strong></span> <span class='ocrx_word' id='word_1_453' title='bbox 3021 2580 3312 2635; x_wconf 89' lang='lat' dir='ltr'><strong>universas</strong></span> <span class='ocrx_word' id='word_1_454' title='bbox 3333 2582 3521 2637; x_wconf 86' lang='lat' dir='ltr'><strong>Eccle-</strong></span> 
     </span>
    </p>
   </div>
   <div class='ocr_carea' id='block_1_65' title="bbox 1891 2672 3521 2743">
    <p class='ocr_par' dir='ltr' id='par_1_65' title="bbox 1891 2672 3521 2743">
     <span class='ocr_line' id='line_1_65' title="bbox 1891 2672 3521 2743; baseline 0.002 -17"><span class='ocrx_word' id='word_1_455' title='bbox 1891 2673 1998 2727; x_wconf 90' lang='lat' dir='ltr'><strong>sias</strong></span> <span class='ocrx_word' id='word_1_456' title='bbox 2024 2675 2277 2727; x_wconf 90' lang='lat' dir='ltr'><strong>mentem</strong></span> <span class='ocrx_word' id='word_1_457' title='bbox 2304 2672 2597 2743; x_wconf 87' lang='lat' dir='ltr'><strong>rapacium</strong></span> <span class='ocrx_word' id='word_1_458' title='bbox 2625 2672 2888 2743; x_wconf 91' lang='lat' dir='ltr'><strong>luporum</strong></span> <span class='ocrx_word' id='word_1_459' title='bbox 2911 2688 3073 2727; x_wconf 90' lang='lat' dir='ltr'><strong>more</strong></span> <span class='ocrx_word' id='word_1_460' title='bbox 3103 2677 3159 2729; x_wconf 89' lang='lat' dir='ltr'><strong>et</strong></span> <span class='ocrx_word' id='word_1_461' title='bbox 3184 2678 3383 2728; x_wconf 87' lang='lat' dir='ltr'><strong>natura</strong></span> <span class='ocrx_word' id='word_1_462' title='bbox 3403 2690 3521 2729; x_wconf 90' lang='lat' dir='ltr'><strong>ser-</strong></span> 
     </span>
    </p>
   </div>
   <div class='ocr_carea' id='block_1_66' title="bbox 1890 2766 3519 2838">
    <p class='ocr_par' dir='ltr' id='par_1_66' title="bbox 1890 2766 3519 2838">
     <span class='ocr_line' id='line_1_66' title="bbox 1890 2766 3519 2838; baseline 0.001 -19"><span class='ocrx_word' id='word_1_463' title='bbox 1890 2783 2043 2833; x_wconf 92' lang='lat' dir='ltr'><strong>vare,</strong></span> <span class='ocrx_word' id='word_1_464' title='bbox 2070 2766 2205 2838; x_wconf 89' lang='lat' dir='ltr'><strong>quia</strong></span> <span class='ocrx_word' id='word_1_465' title='bbox 2232 2770 2537 2837; x_wconf 88' lang='lat' dir='ltr'><strong>postquam</strong></span> <span class='ocrx_word' id='word_1_466' title='bbox 2558 2782 2659 2819; x_wconf 89' lang='lat' dir='ltr'><strong>nos</strong></span> <span class='ocrx_word' id='word_1_467' title='bbox 2685 2767 2957 2834; x_wconf 88' lang='lat' dir='ltr'><strong>maculat,</strong></span> <span class='ocrx_word' id='word_1_468' title='bbox 2988 2766 3134 2821; x_wconf 89' lang='lat' dir='ltr'><strong>forte</strong></span> <span class='ocrx_word' id='word_1_469' title='bbox 3168 2784 3270 2838; x_wconf 92' lang='lat' dir='ltr'><strong>pro</strong></span> <span class='ocrx_word' id='word_1_470' title='bbox 3303 2768 3519 2822; x_wconf 90' lang='lat' dir='ltr'><strong>deside-</strong></span> 
     </span>
    </p>
   </div>
   <div class='ocr_carea' id='block_1_67' title="bbox 1892 2858 3524 2932">
    <p class='ocr_par' dir='ltr' id='par_1_67' title="bbox 1892 2858 3524 2932">
     <span class='ocr_line' id='line_1_67' title="bbox 1892 2858 3524 2932; baseline 0.001 -18"><span class='ocrx_word' id='word_1_471' title='bbox 1892 2859 1991 2914; x_wconf 87' lang='lat' dir='ltr'><strong>riis</strong></span> <span class='ocrx_word' id='word_1_472' title='bbox 2036 2876 2234 2915; x_wconf 88' lang='lat' dir='ltr'><strong>eorum</strong></span> <span class='ocrx_word' id='word_1_473' title='bbox 2280 2863 2516 2915; x_wconf 88' lang='lat' dir='ltr'><strong>cruenta</strong></span> <span class='ocrx_word' id='word_1_474' title='bbox 2560 2859 2830 2915; x_wconf 90' lang='lat' dir='ltr'><strong>discussio</strong></span> <span class='ocrx_word' id='word_1_475' title='bbox 2871 2858 3132 2915; x_wconf 71' lang='lat' dir='ltr'><strong>effectum</strong></span> <span class='ocrx_word' id='word_1_476' title='bbox 3178 2860 3232 2913; x_wconf 89' lang='lat' dir='ltr'><strong>in</strong></span> <span class='ocrx_word' id='word_1_477' title='bbox 3278 2860 3366 2914; x_wconf 88' lang='lat' dir='ltr'><strong>his</strong></span> <span class='ocrx_word' id='word_1_478' title='bbox 3411 2877 3524 2932; x_wconf 88' lang='lat' dir='ltr'><strong>quo</strong></span> 
     </span>
    </p>
   </div>
   <div class='ocr_carea' id='block_1_68' title="bbox 1891 2952 3527 3025">
    <p class='ocr_par' dir='ltr' id='par_1_68' title="bbox 1891 2952 3527 3025">
     <span class='ocr_line' id='line_1_68' title="bbox 1891 2952 3527 3025; baseline 0.001 -18"><span class='ocrx_word' id='word_1_479' title='bbox 1891 2954 2139 3009; x_wconf 89' lang='lat' dir='ltr'><strong>tendunt</strong></span> <span class='ocrx_word' id='word_1_480' title='bbox 2155 2970 2272 3008; x_wconf 91' lang='lat' dir='ltr'><strong>non</strong></span> <span class='ocrx_word' id='word_1_481' title='bbox 2293 2953 2602 3019; x_wconf 87' lang='lat' dir='ltr'><strong>habebunt,</strong></span> <span class='ocrx_word' id='word_1_482' title='bbox 2623 2953 2846 3008; x_wconf 88' lang='lat' dir='ltr'><strong>dicente</strong></span> <span class='ocrx_word' id='word_1_483' title='bbox 2863 2952 3027 3008; x_wconf 89' lang='lat' dir='ltr'><strong>nobis</strong></span> <span class='ocrx_word' id='word_1_484' title='bbox 3044 2953 3323 3025; x_wconf 89' lang='lat' dir='ltr'><strong>propheta</strong></span> <span class='ocrx_word' id='word_1_485' title='bbox 3342 2971 3355 3009; x_wconf 91' lang='lat'><strong>:</strong></span> <span class='ocrx_word' id='word_1_486' title='bbox 3376 2976 3404 3004; x_wconf 83' lang='lat'><strong>«</strong></span> <span class='ocrx_word' id='word_1_487' title='bbox 3425 2956 3527 3009; x_wconf 91' lang='lat' dir='ltr'><strong>Po-</strong></span> 
     </span>
    </p>
   </div>
   <div class='ocr_carea' id='block_1_69' title="bbox 1893 3046 3525 3114">
    <p class='ocr_par' dir='ltr' id='par_1_69' title="bbox 1893 3046 3525 3114">
     <span class='ocr_line' id='line_1_69' title="bbox 1893 3046 3525 3114; baseline 0.001 -12"><span class='ocrx_word' id='word_1_488' title='bbox 1893 3064 2098 3102; x_wconf 90' lang='lat' dir='ltr'><strong>namus</strong></span> <span class='ocrx_word' id='word_1_489' title='bbox 2126 3047 2403 3101; x_wconf 89' lang='lat' dir='ltr'><strong>circulum</strong></span> <span class='ocrx_word' id='word_1_490' title='bbox 2432 3046 2493 3101; x_wconf 89' lang='lat' dir='ltr'><strong>in</strong></span> <span class='ocrx_word' id='word_1_491' title='bbox 2525 3047 2759 3101; x_wconf 89' lang='lat' dir='ltr'><strong>naribus</strong></span> <span class='ocrx_word' id='word_1_492' title='bbox 2777 3062 2999 3114; x_wconf 88' lang='lat' dir='ltr'><strong>eorum,</strong></span> <span class='ocrx_word' id='word_1_493' title='bbox 3024 3051 3081 3103; x_wconf 91' lang='lat' dir='ltr'><strong>et</strong></span> <span class='ocrx_word' id='word_1_494' title='bbox 3099 3047 3327 3103; x_wconf 90' lang='lat' dir='ltr'><strong>frenum</strong></span> <span class='ocrx_word' id='word_1_495' title='bbox 3355 3047 3415 3102; x_wconf 91' lang='lat' dir='ltr'><strong>in</strong></span> <span class='ocrx_word' id='word_1_496' title='bbox 3443 3050 3525 3103; x_wconf 90' lang='lat' dir='ltr'><strong>la-</strong></span> 
     </span>
    </p>
   </div>
   <div class='ocr_carea' id='block_1_70' title="bbox 1891 3140 3524 3214">
    <p class='ocr_par' dir='ltr' id='par_1_70' title="bbox 1891 3140 3524 3214">
     <span class='ocr_line' id='line_1_70' title="bbox 1891 3140 3524 3214; baseline 0.002 -19"><span class='ocrx_word' id='word_1_497' title='bbox 1891 3141 2018 3211; x_wconf 89' lang='lat' dir='ltr'><strong>biis,</strong></span> <span class='ocrx_word' id='word_1_498' title='bbox 2049 3146 2106 3196; x_wconf 89' lang='lat' dir='ltr'><strong>et</strong></span> <span class='ocrx_word' id='word_1_499' title='bbox 2135 3141 2482 3196; x_wconf 87' lang='lat' dir='ltr'><strong>reducamus</strong></span> <span class='ocrx_word' id='word_1_500' title='bbox 2521 3156 2615 3196; x_wconf 89' lang='lat' dir='ltr'><strong>eos</strong></span> <span class='ocrx_word' id='word_1_501' title='bbox 2651 3141 2710 3195; x_wconf 93' lang='lat' dir='ltr'><strong>in</strong></span> <span class='ocrx_word' id='word_1_502' title='bbox 2739 3140 2890 3195; x_wconf 90' lang='lat' dir='ltr'><strong>viam</strong></span> <span class='ocrx_word' id='word_1_503' title='bbox 2916 3145 3127 3196; x_wconf 88' lang='lat' dir='ltr'><strong>rectam</strong></span> <span class='ocrx_word' id='word_1_504' title='bbox 3164 3142 3289 3214; x_wconf 86' lang='lat' dir='ltr'><strong>(Isa.</strong></span> <span class='ocrx_word' id='word_1_505' title='bbox 3319 3158 3524 3211; x_wconf 79' lang='lat' dir='ltr'><strong>xxxvn,</strong></span> 
     </span>
    </p>
   </div>
   <div class='ocr_carea' id='block_1_71' title="bbox 1890 3234 3528 3308">
    <p class='ocr_par' dir='ltr' id='par_1_71' title="bbox 1890 3234 3528 3308">
     <span class='ocr_line' id='line_1_71' title="bbox 1890 3234 3528 3308; baseline 0.002 -18"><span class='ocrx_word' id='word_1_506' title='bbox 1890 3237 2000 3305; x_wconf 92' lang='lat'><strong>29),</strong></span> <span class='ocrx_word' id='word_1_507' title='bbox 2032 3256 2059 3283; x_wconf 86' lang='grc'><strong>››</strong></span> <span class='ocrx_word' id='word_1_508' title='bbox 2088 3236 2220 3306; x_wconf 89' lang='lat' dir='ltr'><strong>quia</strong></span> <span class='ocrx_word' id='word_1_509' title='bbox 2251 3235 2457 3289; x_wconf 92' lang='lat' dir='ltr'><strong>eodem</strong></span> <span class='ocrx_word' id='word_1_510' title='bbox 2481 3234 2764 3306; x_wconf 88' lang='lat' dir='ltr'><strong>propheta</strong></span> <span class='ocrx_word' id='word_1_511' title='bbox 2781 3238 3089 3305; x_wconf 89' lang='lat' dir='ltr'><strong>asserente,</strong></span> <span class='ocrx_word' id='word_1_512' title='bbox 3114 3235 3528 3308; x_wconf 87' lang='lat' dir='ltr'><strong>impugnantur</strong></span> 
     </span>
    </p>
   </div>
   <div class='ocr_carea' id='block_1_72' title="bbox 1891 3318 3527 3401">
    <p class='ocr_par' dir='ltr' id='par_1_72' title="bbox 1891 3318 3527 3401">
     <span class='ocr_line' id='line_1_72' title="bbox 1891 3318 3527 3401; baseline 0.004 -21"><span class='ocrx_word' id='word_1_513' title='bbox 1891 3328 1990 3399; x_wconf 88' lang='lat' dir='ltr'><strong>qui</strong></span> <span class='ocrx_word' id='word_1_514' title='bbox 2019 3328 2234 3396; x_wconf 88' lang='lat' dir='ltr'><strong>dicunt,</strong></span> <span class='ocrx_word' id='word_1_515' title='bbox 2273 3332 2441 3384; x_wconf 92' lang='lat' dir='ltr'><strong>erunt</strong></span> <span class='ocrx_word' id='word_1_516' title='bbox 2479 3318 2638 3400; x_wconf 87' lang='lat' dir='ltr'><strong>quasi</strong></span> <span class='ocrx_word' id='word_1_517' title='bbox 2678 3344 2796 3383; x_wconf 91' lang='lat' dir='ltr'><strong>non</strong></span> <span class='ocrx_word' id='word_1_518' title='bbox 2837 3329 2969 3397; x_wconf 90' lang='lat' dir='ltr'><strong>sint,</strong></span> <span class='ocrx_word' id='word_1_519' title='bbox 3011 3332 3069 3384; x_wconf 92' lang='lat' dir='ltr'><strong>et</strong></span> <span class='ocrx_word' id='word_1_520' title='bbox 3112 3330 3379 3401; x_wconf 87' lang='lat' dir='ltr'><strong>peribunt</strong></span> <span class='ocrx_word' id='word_1_521' title='bbox 3421 3331 3527 3386; x_wconf 88' lang='lat' dir='ltr'><strong>viri</strong></span> 
     </span>
    </p>
   </div>
   <div class='ocr_carea' id='block_1_73' title="bbox 1892 3422 3522 3496">
    <p class='ocr_par' dir='ltr' id='par_1_73' title="bbox 1892 3422 3522 3496">
     <span class='ocr_line' id='line_1_73' title="bbox 1892 3422 3522 3496; baseline 0.003 -21"><span class='ocrx_word' id='word_1_522' title='bbox 1892 3423 1991 3493; x_wconf 90' lang='lat' dir='ltr'><strong>qui</strong></span> <span class='ocrx_word' id='word_1_523' title='bbox 2032 3422 2433 3478; x_wconf 88' lang='lat' dir='ltr'><strong>contradicunt</strong></span> <span class='ocrx_word' id='word_1_524' title='bbox 2462 3422 2642 3477; x_wconf 89' lang='lat' dir='ltr'><strong>nobis.</strong></span> <span class='ocrx_word' id='word_1_525' title='bbox 2672 3423 2916 3477; x_wconf 89' lang='lat' dir='ltr'><strong>Infames</strong></span> <span class='ocrx_word' id='word_1_526' title='bbox 2955 3422 3112 3478; x_wconf 91' lang='lat' dir='ltr'><strong>enim</strong></span> <span class='ocrx_word' id='word_1_527' title='bbox 3140 3428 3271 3479; x_wconf 88' lang='lat' dir='ltr'><strong>sunt</strong></span> <span class='ocrx_word' id='word_1_528' title='bbox 3298 3426 3522 3496; x_wconf 89' lang='lat' dir='ltr'><strong>procul-</strong></span> 
     </span>
    </p>
   </div>
   <div class='ocr_carea' id='block_1_74' title="bbox 1893 3515 3529 3590">
    <p class='ocr_par' dir='ltr' id='par_1_74' title="bbox 1893 3515 3529 3590">
     <span class='ocr_line' id='line_1_74' title="bbox 1893 3515 3529 3590; baseline 0.002 -21"><span class='ocrx_word' id='word_1_529' title='bbox 1893 3515 2069 3570; x_wconf 91' lang='lat' dir='ltr'><strong>dubio</strong></span> <span class='ocrx_word' id='word_1_530' title='bbox 2099 3515 2529 3587; x_wconf 89' lang='lat' dir='ltr'><strong>impugnatores</strong></span> <span class='ocrx_word' id='word_1_531' title='bbox 2547 3515 2939 3587; x_wconf 91' lang='lat' dir='ltr'><strong>episcoporum</strong></span> <span class='ocrx_word' id='word_1_532' title='bbox 2964 3532 3277 3589; x_wconf 89' lang='lat' dir='ltr'><strong>omnesque</strong></span> <span class='ocrx_word' id='word_1_533' title='bbox 3308 3517 3407 3590; x_wconf 91' lang='lat' dir='ltr'><strong>qui</strong></span> <span class='ocrx_word' id='word_1_534' title='bbox 3435 3519 3529 3573; x_wconf 86' lang='lat' dir='ltr'><strong>ad-</strong></span> 
     </span>
    </p>
   </div>
   <div class='ocr_carea' id='block_1_75' title="bbox 1892 3610 3522 3685">
    <p class='ocr_par' dir='ltr' id='par_1_75' title="bbox 1892 3610 3522 3685">
     <span class='ocr_line' id='line_1_75' title="bbox 1892 3610 3522 3685; baseline 0.002 -23"><span class='ocrx_word' id='word_1_535' title='bbox 1892 3624 2086 3663; x_wconf 89' lang='lat' dir='ltr'><strong>versus</strong></span> <span class='ocrx_word' id='word_1_536' title='bbox 2111 3610 2306 3663; x_wconf 87' lang='lat' dir='ltr'><strong>Patres</strong></span> <span class='ocrx_word' id='word_1_537' title='bbox 2334 3614 2650 3679; x_wconf 87' lang='lat' dir='ltr'><strong>armantur,</strong></span> <span class='ocrx_word' id='word_1_538' title='bbox 2689 3615 2747 3665; x_wconf 90' lang='lat' dir='ltr'><strong>et</strong></span> <span class='ocrx_word' id='word_1_539' title='bbox 2785 3610 3208 3685; x_wconf 87' lang='lat' dir='ltr'><strong>conculcatores</strong></span> <span class='ocrx_word' id='word_1_540' title='bbox 3244 3612 3522 3666; x_wconf 86' lang='lat' dir='ltr'><strong>Ecclesia-</strong></span> 
     </span>
    </p>
   </div>
   <div class='ocr_carea' id='block_1_76' title="bbox 1864 3702 3529 3775">
    <p class='ocr_par' dir='ltr' id='par_1_76' title="bbox 1864 3702 3529 3775">
     <span class='ocr_line' id='line_1_76' title="bbox 1864 3702 3529 3775; baseline 0.002 -18"><span class='ocrx_word' id='word_1_541' title='bbox 1864 3715 1869 3721; x_wconf 84' lang='lat'><strong><em>&#39;</em></strong></span> <span class='ocrx_word' id='word_1_542' title='bbox 1892 3717 2023 3757; x_wconf 90' lang='lat' dir='ltr'><strong>rum</strong></span> <span class='ocrx_word' id='word_1_543' title='bbox 2049 3702 2520 3774; x_wconf 89' lang='lat' dir='ltr'><strong>sacerdotumque</strong></span> <span class='ocrx_word' id='word_1_544' title='bbox 2551 3702 2702 3773; x_wconf 90' lang='lat' dir='ltr'><strong>ejus;</strong></span> <span class='ocrx_word' id='word_1_545' title='bbox 2733 3708 2790 3757; x_wconf 86' lang='lat' dir='ltr'><strong>et</strong></span> <span class='ocrx_word' id='word_1_546' title='bbox 2817 3703 2915 3774; x_wconf 89' lang='lat' dir='ltr'><strong>qui</strong></span> <span class='ocrx_word' id='word_1_547' title='bbox 2940 3703 3010 3757; x_wconf 92' lang='lat' dir='ltr'><strong>de</strong></span> <span class='ocrx_word' id='word_1_548' title='bbox 3028 3703 3268 3775; x_wconf 89' lang='lat' dir='ltr'><strong>publicis</strong></span> <span class='ocrx_word' id='word_1_549' title='bbox 3294 3705 3529 3775; x_wconf 88' lang='lat' dir='ltr'><strong>fugiunt</strong></span> 
     </span>
    </p>
   </div>
   <div class='ocr_carea' id='block_1_77' title="bbox 1812 3843 1867 3918">
    <p class='ocr_par' dir='ltr' id='par_1_77' title="bbox 1812 3843 1867 3918">
     <span class='ocr_line' id='line_1_77' title="bbox 1812 3843 1867 3918; baseline 0 0"><span class='ocrx_word' id='word_1_550' title='bbox 1812 3843 1867 3918; x_wconf 91' lang='lat' dir='ltr'><strong>C</strong></span> 
     </span>
    </p>
   </div>
   <div class='ocr_carea' id='block_1_78' title="bbox 1891 3795 3527 3869">
    <p class='ocr_par' dir='ltr' id='par_1_78' title="bbox 1891 3795 3527 3869">
     <span class='ocr_line' id='line_1_78' title="bbox 1891 3795 3527 3869; baseline 0.001 -19"><span class='ocrx_word' id='word_1_551' title='bbox 1891 3795 2121 3867; x_wconf 65' lang='lat' dir='ltr'><strong>prmliis,</strong></span> <span class='ocrx_word' id='word_1_552' title='bbox 2158 3801 2215 3851; x_wconf 90' lang='lat' dir='ltr'><strong>et</strong></span> <span class='ocrx_word' id='word_1_553' title='bbox 2244 3795 2520 3850; x_wconf 90' lang='lat' dir='ltr'><strong>mandata</strong></span> <span class='ocrx_word' id='word_1_554' title='bbox 2555 3796 2651 3849; x_wconf 89' lang='lat' dir='ltr'><strong>Dei</strong></span> <span class='ocrx_word' id='word_1_555' title='bbox 2686 3796 3075 3863; x_wconf 90' lang='lat' dir='ltr'><strong>contemnunt,</strong></span> <span class='ocrx_word' id='word_1_556' title='bbox 3111 3802 3167 3851; x_wconf 93' lang='lat' dir='ltr'><strong>et</strong></span> <span class='ocrx_word' id='word_1_557' title='bbox 3208 3798 3306 3867; x_wconf 88' lang='lat' dir='ltr'><strong>qui</strong></span> <span class='ocrx_word' id='word_1_558' title='bbox 3335 3798 3527 3869; x_wconf 87' lang='lat' dir='ltr'><strong>aliqua</strong></span> 
     </span>
    </p>
   </div>
   <div class='ocr_carea' id='block_1_79' title="bbox 1893 3888 3524 3967">
    <p class='ocr_par' dir='ltr' id='par_1_79' title="bbox 1893 3888 3524 3967">
     <span class='ocr_line' id='line_1_79' title="bbox 1893 3888 3524 3967; baseline 0.001 -24"><span class='ocrx_word' id='word_1_559' title='bbox 1893 3889 2059 3967; x_wconf 83' lang='lat' dir='ltr'><strong>culpa</strong></span> <span class='ocrx_word' id='word_1_560' title='bbox 2085 3889 2336 3944; x_wconf 66' lang='lat' dir='ltr'><strong>infamim</strong></span> <span class='ocrx_word' id='word_1_561' title='bbox 2362 3891 2748 3960; x_wconf 89' lang='lat' dir='ltr'><strong>asperguntur</strong></span> <span class='ocrx_word' id='word_1_562' title='bbox 2771 3888 3010 3943; x_wconf 86' lang='lat' dir='ltr'><strong>maculis</strong></span> <span class='ocrx_word' id='word_1_563' title='bbox 3047 3889 3310 3943; x_wconf 91' lang='lat' dir='ltr'><strong>omnibus</strong></span> <span class='ocrx_word' id='word_1_564' title='bbox 3334 3889 3524 3962; x_wconf 82' lang='lat' dir='ltr'><strong>impu—</strong></span> 
     </span>
    </p>
   </div>
   <div class='ocr_carea' id='block_1_80' title="bbox 1893 3982 3529 4055">
    <p class='ocr_par' dir='ltr' id='par_1_80' title="bbox 1893 3982 3529 4055">
     <span class='ocr_line' id='line_1_80' title="bbox 1893 3982 3529 4055; baseline 0 -18"><span class='ocrx_word' id='word_1_565' title='bbox 1893 3983 2109 4054; x_wconf 88' lang='lat' dir='ltr'><strong>gnandi</strong></span> <span class='ocrx_word' id='word_1_566' title='bbox 2132 3982 2446 4055; x_wconf 88' lang='lat' dir='ltr'><strong>episcopos,</strong></span> <span class='ocrx_word' id='word_1_567' title='bbox 2468 3984 2699 4037; x_wconf 87' lang='lat' dir='ltr'><strong>Patrum</strong></span> <span class='ocrx_word' id='word_1_568' title='bbox 2719 3986 3018 4054; x_wconf 80' lang='lat' dir='ltr'><strong>sequentes</strong></span> <span class='ocrx_word' id='word_1_569' title='bbox 3037 3982 3317 4051; x_wconf 88' lang='lat' dir='ltr'><strong>instituta,</strong></span> <span class='ocrx_word' id='word_1_570' title='bbox 3344 3989 3401 4039; x_wconf 90' lang='lat' dir='ltr'><strong>et</strong></span> <span class='ocrx_word' id='word_1_571' title='bbox 3425 4000 3529 4039; x_wconf 89' lang='lat' dir='ltr'><strong>nos</strong></span> 
     </span>
    </p>
   </div>
   <div class='ocr_carea' id='block_1_81' title="bbox 1893 4075 3543 4149">
    <p class='ocr_par' dir='ltr' id='par_1_81' title="bbox 1893 4075 3543 4149">
     <span class='ocr_line' id='line_1_81' title="bbox 1893 4075 3543 4149; baseline 0.001 -18"><span class='ocrx_word' id='word_1_572' title='bbox 1893 4076 2182 4131; x_wconf 89' lang='lat' dir='ltr'><strong>licentiam</strong></span> <span class='ocrx_word' id='word_1_573' title='bbox 2209 4076 2631 4144; x_wconf 90' lang='lat' dir='ltr'><strong>submovemus,</strong></span> <span class='ocrx_word' id='word_1_574' title='bbox 2664 4075 2796 4149; x_wconf 90' lang='lat' dir='ltr'><strong>quia</strong></span> <span class='ocrx_word' id='word_1_575' title='bbox 2826 4075 2945 4130; x_wconf 90' lang='lat' dir='ltr'><strong>odit</strong></span> <span class='ocrx_word' id='word_1_576' title='bbox 2971 4077 3117 4131; x_wconf 89' lang='lat' dir='ltr'><strong>Deus</strong></span> <span class='ocrx_word' id='word_1_577' title='bbox 3145 4092 3262 4145; x_wconf 88' lang='lat' dir='ltr'><strong>eos,</strong></span> <span class='ocrx_word' id='word_1_578' title='bbox 3291 4077 3391 4149; x_wconf 90' lang='lat' dir='ltr'><strong>qui</strong></span> <span class='ocrx_word' id='word_1_579' title='bbox 3420 4078 3543 4133; x_wconf 67' lang='lat' dir='ltr'><strong>Pa-”</strong></span> 
     </span>
    </p>
   </div>
   <div class='ocr_carea' id='block_1_82' title="bbox 1891 4169 3528 4243">
    <p class='ocr_par' dir='ltr' id='par_1_82' title="bbox 1891 4169 3528 4243">
     <span class='ocr_line' id='line_1_82' title="bbox 1891 4169 3528 4243; baseline 0.001 -18"><span class='ocrx_word' id='word_1_580' title='bbox 1891 4175 2008 4225; x_wconf 89' lang='lat' dir='ltr'><strong>tres</strong></span> <span class='ocrx_word' id='word_1_581' title='bbox 2054 4175 2499 4243; x_wconf 83' lang='lat' dir='ltr'><strong>persequuntur,</strong></span> <span class='ocrx_word' id='word_1_582' title='bbox 2552 4174 2618 4225; x_wconf 89' lang='lat' dir='ltr'><strong>ut</strong></span> <span class='ocrx_word' id='word_1_583' title='bbox 2673 4171 2905 4225; x_wconf 89' lang='lat' dir='ltr'><strong>Patrum</strong></span> <span class='ocrx_word' id='word_1_584' title='bbox 2957 4169 3263 4238; x_wconf 90' lang='lat' dir='ltr'><strong>invasores,</strong></span> <span class='ocrx_word' id='word_1_585' title='bbox 3314 4171 3415 4243; x_wconf 92' lang='lat' dir='ltr'><strong>qui</strong></span> <span class='ocrx_word' id='word_1_586' title='bbox 3467 4171 3528 4226; x_wconf 90' lang='lat' dir='ltr'><strong>in</strong></span> 
     </span>
    </p>
   </div>
   <div class='ocr_carea' id='block_1_83' title="bbox 1895 4263 3524 4335">
    <p class='ocr_par' dir='ltr' id='par_1_83' title="bbox 1895 4263 3524 4335">
     <span class='ocr_line' id='line_1_83' title="bbox 1895 4263 3524 4335; baseline 0.001 -17"><span class='ocrx_word' id='word_1_587' title='bbox 1895 4264 2053 4318; x_wconf 91' lang='lat' dir='ltr'><strong>omni</strong></span> <span class='ocrx_word' id='word_1_588' title='bbox 2080 4263 2297 4319; x_wconf 90' lang='lat' dir='ltr'><strong>mundo</strong></span> <span class='ocrx_word' id='word_1_589' title='bbox 2326 4263 2565 4319; x_wconf 89' lang='lat' dir='ltr'><strong>infamia</strong></span> <span class='ocrx_word' id='word_1_590' title='bbox 2590 4266 2881 4331; x_wconf 84' lang='lat' dir='ltr'><strong>notantur,</strong></span> <span class='ocrx_word' id='word_1_591' title='bbox 2912 4269 2970 4319; x_wconf 92' lang='lat' dir='ltr'><strong>et</strong></span> <span class='ocrx_word' id='word_1_592' title='bbox 2997 4264 3126 4319; x_wconf 90' lang='lat' dir='ltr'><strong>ideo</strong></span> <span class='ocrx_word' id='word_1_593' title='bbox 3142 4264 3296 4335; x_wconf 89' lang='lat' dir='ltr'><strong>juste</strong></span> <span class='ocrx_word' id='word_1_594' title='bbox 3335 4270 3393 4320; x_wconf 89' lang='lat' dir='ltr'><strong>et</strong></span> <span class='ocrx_word' id='word_1_595' title='bbox 3429 4282 3524 4320; x_wconf 83' lang='lat' dir='ltr'><strong>re-</strong></span> 
     </span>
    </p>
   </div>
   <div class='ocr_carea' id='block_1_84' title="bbox 1894 4357 3521 4429">
    <p class='ocr_par' dir='ltr' id='par_1_84' title="bbox 1894 4357 3521 4429">
     <span class='ocr_line' id='line_1_84' title="bbox 1894 4357 3521 4429; baseline 0.001 -17"><span class='ocrx_word' id='word_1_596' title='bbox 1894 4357 2169 4429; x_wconf 90' lang='lat' dir='ltr'><strong>gulariter</strong></span> <span class='ocrx_word' id='word_1_597' title='bbox 2194 4361 2562 4429; x_wconf 89' lang='lat' dir='ltr'><strong>respuuntur.</strong></span> <span class='ocrx_word' id='word_1_598' title='bbox 2603 4358 2760 4411; x_wconf 88' lang='lat' dir='ltr'><strong>Nunc</strong></span> <span class='ocrx_word' id='word_1_599' title='bbox 2795 4359 2971 4428; x_wconf 88' lang='lat' dir='ltr'><strong>longa</strong></span> <span class='ocrx_word' id='word_1_600' title='bbox 3008 4374 3123 4412; x_wconf 91' lang='lat' dir='ltr'><strong>non</strong></span> <span class='ocrx_word' id='word_1_601' title='bbox 3151 4374 3291 4429; x_wconf 89' lang='lat' dir='ltr'><strong>opus</strong></span> <span class='ocrx_word' id='word_1_602' title='bbox 3317 4364 3401 4414; x_wconf 88' lang='lat' dir='ltr'><strong>est</strong></span> <span class='ocrx_word' id='word_1_603' title='bbox 3423 4358 3521 4413; x_wconf 87' lang='lat' dir='ltr'><strong>ad-</strong></span> 
     </span>
    </p>
   </div>
   <div class='ocr_carea' id='block_1_85' title="bbox 1893 4450 3525 4522">
    <p class='ocr_par' dir='ltr' id='par_1_85' title="bbox 1893 4450 3525 4522">
     <span class='ocr_line' id='line_1_85' title="bbox 1893 4450 3525 4522; baseline 0.001 -16"><span class='ocrx_word' id='word_1_604' title='bbox 1893 4451 2241 4521; x_wconf 88' lang='lat' dir='ltr'><strong>monitione;</strong></span> <span class='ocrx_word' id='word_1_605' title='bbox 2266 4452 2391 4522; x_wconf 89' lang='lat' dir='ltr'><strong>jam</strong></span> <span class='ocrx_word' id='word_1_606' title='bbox 2411 4450 2648 4522; x_wconf 91' lang='lat' dir='ltr'><strong>perditis</strong></span> <span class='ocrx_word' id='word_1_607' title='bbox 2674 4450 2866 4506; x_wconf 91' lang='lat' dir='ltr'><strong>odium</strong></span> <span class='ocrx_word' id='word_1_608' title='bbox 2893 4451 3165 4507; x_wconf 90' lang='lat' dir='ltr'><strong>debemus</strong></span> <span class='ocrx_word' id='word_1_609' title='bbox 3186 4452 3429 4522; x_wconf 89' lang='lat' dir='ltr'><strong>operire,</strong></span> <span class='ocrx_word' id='word_1_610' title='bbox 3452 4452 3525 4507; x_wconf 89' lang='lat' dir='ltr'><strong>de</strong></span> 
     </span>
    </p>
   </div>
   <div class='ocr_carea' id='block_1_86' title="bbox 1894 4544 3523 4617">
    <p class='ocr_par' dir='ltr' id='par_1_86' title="bbox 1894 4544 3523 4617">
     <span class='ocr_line' id='line_1_86' title="bbox 1894 4544 3523 4617; baseline 0 -18"><span class='ocrx_word' id='word_1_611' title='bbox 1894 4545 2098 4617; x_wconf 89' lang='lat' dir='ltr'><strong>quibus</strong></span> <span class='ocrx_word' id='word_1_612' title='bbox 2118 4545 2242 4616; x_wconf 87' lang='lat' dir='ltr'><strong>jam</strong></span> <span class='ocrx_word' id='word_1_613' title='bbox 2267 4561 2384 4599; x_wconf 91' lang='lat' dir='ltr'><strong>non</strong></span> <span class='ocrx_word' id='word_1_614' title='bbox 2414 4549 2669 4616; x_wconf 91' lang='lat' dir='ltr'><strong>superest</strong></span> <span class='ocrx_word' id='word_1_615' title='bbox 2689 4545 2840 4615; x_wconf 91' lang='lat' dir='ltr'><strong>quod</strong></span> <span class='ocrx_word' id='word_1_616' title='bbox 2860 4544 3164 4599; x_wconf 89' lang='lat' dir='ltr'><strong>damnetur</strong></span> <span class='ocrx_word' id='word_1_617' title='bbox 3178 4544 3523 4614; x_wconf 89' lang='lat' dir='ltr'><strong>auctoribus,</strong></span> 
     </span>
    </p>
   </div>
   <div class='ocr_carea' id='block_1_87' title="bbox 1894 4638 3520 4710">
    <p class='ocr_par' dir='ltr' id='par_1_87' title="bbox 1894 4638 3520 4710">
     <span class='ocr_line' id='line_1_87' title="bbox 1894 4638 3520 4710; baseline 0 -17"><span class='ocrx_word' id='word_1_618' title='bbox 1894 4639 1966 4693; x_wconf 89' lang='lat' dir='ltr'><strong>de</strong></span> <span class='ocrx_word' id='word_1_619' title='bbox 1985 4639 2193 4710; x_wconf 89' lang='lat' dir='ltr'><strong>quibus</strong></span> <span class='ocrx_word' id='word_1_620' title='bbox 2209 4638 2485 4693; x_wconf 88' lang='lat' dir='ltr'><strong>Dominus</strong></span> <span class='ocrx_word' id='word_1_621' title='bbox 2500 4654 2604 4710; x_wconf 90' lang='lat' dir='ltr'><strong>per</strong></span> <span class='ocrx_word' id='word_1_622' title='bbox 2622 4638 2968 4709; x_wconf 91' lang='lat' dir='ltr'><strong>prophetam</strong></span> <span class='ocrx_word' id='word_1_623' title='bbox 2996 4638 3270 4710; x_wconf 89' lang='lat' dir='ltr'><strong>loquitur,</strong></span> <span class='ocrx_word' id='word_1_624' title='bbox 3292 4639 3485 4694; x_wconf 89' lang='lat' dir='ltr'><strong>dicens</strong></span> <span class='ocrx_word' id='word_1_625' title='bbox 3507 4656 3520 4693; x_wconf 94' lang='lat'>:</span> 
     </span>
    </p>
   </div>
   <div class='ocr_carea' id='block_1_88' title="bbox 1896 4731 3524 4807">
    <p class='ocr_par' dir='ltr' id='par_1_88' title="bbox 1896 4731 3524 4807">
     <span class='ocr_line' id='line_1_88' title="bbox 1896 4731 3524 4807; baseline 0 -20"><span class='ocrx_word' id='word_1_626' title='bbox 1896 4754 1924 4783; x_wconf 85' lang='lat'><strong>«</strong></span> <span class='ocrx_word' id='word_1_627' title='bbox 1948 4733 2343 4807; x_wconf 74' lang='lat' dir='ltr'><strong>Beprobantes</strong></span> <span class='ocrx_word' id='word_1_628' title='bbox 2370 4732 2629 4799; x_wconf 90' lang='lat' dir='ltr'><strong>verbum,</strong></span> <span class='ocrx_word' id='word_1_629' title='bbox 2662 4731 2929 4803; x_wconf 89' lang='lat' dir='ltr'><strong>sperastis</strong></span> <span class='ocrx_word' id='word_1_630' title='bbox 2948 4731 3010 4786; x_wconf 92' lang='lat' dir='ltr'><strong>in</strong></span> <span class='ocrx_word' id='word_1_631' title='bbox 3029 4731 3378 4788; x_wconf 88' lang='lat' dir='ltr'><strong>calumniam</strong></span> <span class='ocrx_word' id='word_1_632' title='bbox 3393 4737 3450 4789; x_wconf 90' lang='lat' dir='ltr'><strong>et</strong></span> <span class='ocrx_word' id='word_1_633' title='bbox 3466 4733 3524 4788; x_wconf 91' lang='lat' dir='ltr'><strong>in</strong></span> 
     </span>
    </p>
   </div>
   <div class='ocr_carea' id='block_1_89' title="bbox 1891 4825 3526 4897">
    <p class='ocr_par' dir='ltr' id='par_1_89' title="bbox 1891 4825 3526 4897">
     <span class='ocr_line' id='line_1_89' title="bbox 1891 4825 3526 4897; baseline 0 -16"><span class='ocrx_word' id='word_1_634' title='bbox 1891 4828 2205 4881; x_wconf 89' lang='lat' dir='ltr'><strong>tumultum</strong></span> <span class='ocrx_word' id='word_1_635' title='bbox 2233 4831 2290 4881; x_wconf 90' lang='lat' dir='ltr'><strong>et</strong></span> <span class='ocrx_word' id='word_1_636' title='bbox 2321 4826 2506 4880; x_wconf 82' lang='lat' dir='ltr'><strong>innixi</strong></span> <span class='ocrx_word' id='word_1_637' title='bbox 2537 4825 2670 4880; x_wconf 89' lang='lat' dir='ltr'><strong>estis</strong></span> <span class='ocrx_word' id='word_1_638' title='bbox 2696 4825 2755 4879; x_wconf 92' lang='lat' dir='ltr'><strong>in</strong></span> <span class='ocrx_word' id='word_1_639' title='bbox 2781 4841 2870 4880; x_wconf 90' lang='lat' dir='ltr'><strong>eo.</strong></span> <span class='ocrx_word' id='word_1_640' title='bbox 2896 4827 3205 4897; x_wconf 88' lang='lat' dir='ltr'><strong>Propterea</strong></span> <span class='ocrx_word' id='word_1_641' title='bbox 3239 4826 3347 4881; x_wconf 90' lang='lat' dir='ltr'><strong>erit</strong></span> <span class='ocrx_word' id='word_1_642' title='bbox 3370 4827 3526 4882; x_wconf 88' lang='lat' dir='ltr'><strong>vobis</strong></span> 
     </span>
    </p>
   </div>
   <div class='ocr_carea' id='block_1_90' title="bbox 1891 4918 3519 4992">
    <p class='ocr_par' dir='ltr' id='par_1_90' title="bbox 1891 4918 3519 4992">
     <span class='ocr_line' id='line_1_90' title="bbox 1891 4918 3519 4992; baseline -0.002 -18"><span class='ocrx_word' id='word_1_643' title='bbox 1891 4920 2157 4991; x_wconf 83' lang='lat' dir='ltr'><strong>iniquitas</strong></span> <span class='ocrx_word' id='word_1_644' title='bbox 2182 4921 2304 4975; x_wconf 82' lang='lat' dir='ltr'><strong>haec</strong></span> <span class='ocrx_word' id='word_1_645' title='bbox 2328 4920 2476 4975; x_wconf 89' lang='lat' dir='ltr'><strong>sicut</strong></span> <span class='ocrx_word' id='word_1_646' title='bbox 2498 4918 2840 4990; x_wconf 88' lang='lat' dir='ltr'><strong>interruptio</strong></span> <span class='ocrx_word' id='word_1_647' title='bbox 2867 4918 2996 4986; x_wconf 84' lang='lat' dir='ltr'><strong>(Isa.</strong></span> <span class='ocrx_word' id='word_1_648' title='bbox 3030 4936 3158 4987; x_wconf 81' lang='lat' dir='ltr'><strong>xxx,</strong></span> <span class='ocrx_word' id='word_1_649' title='bbox 3194 4924 3258 4974; x_wconf 78' lang='lat' dir='ltr'><strong>l2</strong></span> <span class='ocrx_word' id='word_1_650' title='bbox 3284 4926 3335 4975; x_wconf 83' lang='lat' dir='ltr'><strong>et</strong></span> <span class='ocrx_word' id='word_1_651' title='bbox 3365 4924 3469 4992; x_wconf 76' lang='lat' dir='ltr'><strong>l3),</strong></span> <span class='ocrx_word' id='word_1_652' title='bbox 3493 4942 3519 4970; x_wconf 82' lang='grc'><strong>››</strong></span> 
     </span>
    </p>
   </div>
   <div class='ocr_carea' id='block_1_91' title="bbox 1892 5011 3521 5084">
    <p class='ocr_par' dir='ltr' id='par_1_91' title="bbox 1892 5011 3521 5084">
     <span class='ocr_line' id='line_1_91' title="bbox 1892 5011 3521 5084; baseline 0.001 -15"><span class='ocrx_word' id='word_1_653' title='bbox 1892 5030 2087 5069; x_wconf 88' lang='lat' dir='ltr'><strong>rursus</strong></span> <span class='ocrx_word' id='word_1_654' title='bbox 2106 5013 2278 5068; x_wconf 90' lang='lat' dir='ltr'><strong>etiam</strong></span> <span class='ocrx_word' id='word_1_655' title='bbox 2294 5012 2363 5069; x_wconf 90' lang='lat' dir='ltr'><strong>de</strong></span> <span class='ocrx_word' id='word_1_656' title='bbox 2379 5011 2583 5068; x_wconf 88' lang='lat' dir='ltr'><strong>talibus</strong></span> <span class='ocrx_word' id='word_1_657' title='bbox 2596 5012 2878 5084; x_wconf 88' lang='lat' dir='ltr'><strong>propheta</strong></span> <span class='ocrx_word' id='word_1_658' title='bbox 2895 5013 3099 5067; x_wconf 89' lang='lat' dir='ltr'><strong>clamat</strong></span> <span class='ocrx_word' id='word_1_659' title='bbox 3115 5013 3310 5069; x_wconf 89' lang='lat' dir='ltr'><strong>dicens</strong></span> <span class='ocrx_word' id='word_1_660' title='bbox 3333 5031 3346 5069; x_wconf 90' lang='lat'>:</span> <span class='ocrx_word' id='word_1_661' title='bbox 3370 5036 3399 5065; x_wconf 89' lang='grc'><strong>‹‹</strong></span> <span class='ocrx_word' id='word_1_662' title='bbox 3419 5019 3521 5070; x_wconf 86' lang='lat' dir='ltr'><strong>Ac-</strong></span> 
     </span>
    </p>
   </div>
   <div class='ocr_carea' id='block_1_92' title="bbox 1892 5105 3522 5181">
    <p class='ocr_par' dir='ltr' id='par_1_92' title="bbox 1892 5105 3522 5181">
     <span class='ocr_line' id='line_1_92' title="bbox 1892 5105 3522 5181; baseline 0 -18"><span class='ocrx_word' id='word_1_663' title='bbox 1892 5108 2074 5164; x_wconf 88' lang='lat' dir='ltr'><strong>cedite</strong></span> <span class='ocrx_word' id='word_1_664' title='bbox 2091 5108 2223 5179; x_wconf 91' lang='lat' dir='ltr'><strong>huc,</strong></span> <span class='ocrx_word' id='word_1_665' title='bbox 2244 5123 2439 5163; x_wconf 90' lang='lat' dir='ltr'><strong>semen</strong></span> <span class='ocrx_word' id='word_1_666' title='bbox 2460 5106 2719 5163; x_wconf 88' lang='lat' dir='ltr'><strong>adulterii</strong></span> <span class='ocrx_word' id='word_1_667' title='bbox 2741 5111 2798 5161; x_wconf 91' lang='lat' dir='ltr'><strong>et</strong></span> <span class='ocrx_word' id='word_1_668' title='bbox 2814 5105 3125 5162; x_wconf 87' lang='lat' dir='ltr'><strong>fornicarii.</strong></span> <span class='ocrx_word' id='word_1_669' title='bbox 3155 5110 3337 5180; x_wconf 91' lang='lat' dir='ltr'><strong>Super</strong></span> <span class='ocrx_word' id='word_1_670' title='bbox 3351 5124 3522 5181; x_wconf 86' lang='lat' dir='ltr'><strong>quem</strong></span> 
     </span>
    </p>
   </div>
   <div class='ocr_carea' id='block_1_93' title="bbox 168 5200 3518 5287">
    <p class='ocr_par' dir='ltr' id='par_1_93' title="bbox 168 5200 3518 5287">
     <span class='ocr_line' id='line_1_93' title="bbox 168 5200 3518 5287; baseline 0 -31"><span class='ocrx_word' id='word_1_671' title='bbox 168 5201 263 5269; x_wconf 86' lang='lat' dir='ltr'><strong>illi,</strong></span> <span class='ocrx_word' id='word_1_672' title='bbox 277 5204 482 5277; x_wconf 85' lang='lat' dir='ltr'><strong>quibus</strong></span> <span class='ocrx_word' id='word_1_673' title='bbox 503 5204 683 5259; x_wconf 88' lang='lat' dir='ltr'><strong>indita</strong></span> <span class='ocrx_word' id='word_1_674' title='bbox 696 5220 816 5260; x_wconf 92' lang='lat' dir='ltr'><strong>non</strong></span> <span class='ocrx_word' id='word_1_675' title='bbox 831 5210 915 5260; x_wconf 90' lang='lat' dir='ltr'><strong>est</strong></span> <span class='ocrx_word' id='word_1_676' title='bbox 929 5204 1001 5260; x_wconf 90' lang='lat' dir='ltr'><strong>ad</strong></span> <span class='ocrx_word' id='word_1_677' title='bbox 1025 5222 1280 5277; x_wconf 86' lang='lat' dir='ltr'><strong>unguem</strong></span> <span class='ocrx_word' id='word_1_678' title='bbox 1301 5206 1470 5277; x_wconf 88' lang='lat' dir='ltr'><strong>polita</strong></span> <span class='ocrx_word' id='word_1_679' title='bbox 1491 5207 1784 5278; x_wconf 87' lang='lat' dir='ltr'><strong>perfectio,</strong></span> <span class='ocrx_word' id='word_1_680' title='bbox 1805 5215 1866 5287; x_wconf 85' lang='lat' dir='ltr'><strong>D</strong></span> <span class='ocrx_word' id='word_1_681' title='bbox 1886 5202 2115 5272; x_wconf 86' lang='lat' dir='ltr'><strong>lusistis,</strong></span> <span class='ocrx_word' id='word_1_682' title='bbox 2129 5218 2301 5274; x_wconf 91' lang='lat' dir='ltr'><strong>super</strong></span> <span class='ocrx_word' id='word_1_683' title='bbox 2320 5218 2495 5274; x_wconf 89' lang='lat' dir='ltr'><strong>quem</strong></span> <span class='ocrx_word' id='word_1_684' title='bbox 2515 5200 2793 5256; x_wconf 89' lang='lat' dir='ltr'><strong>dilatastis</strong></span> <span class='ocrx_word' id='word_1_685' title='bbox 2814 5216 2877 5255; x_wconf 90' lang='lat' dir='ltr'><strong>os</strong></span> <span class='ocrx_word' id='word_1_686' title='bbox 2897 5203 2954 5255; x_wconf 91' lang='lat' dir='ltr'><strong>et</strong></span> <span class='ocrx_word' id='word_1_687' title='bbox 2972 5200 3217 5272; x_wconf 88' lang='lat' dir='ltr'><strong>ejecistis</strong></span> <span class='ocrx_word' id='word_1_688' title='bbox 3244 5201 3518 5273; x_wconf 86' lang='lat' dir='ltr'><strong>linguam.</strong></span> 
     </span>
    </p>
   </div>
   <div class='ocr_carea' id='block_1_94' title="bbox 168 5296 1786 5373">
    <p class='ocr_par' dir='ltr' id='par_1_94' title="bbox 168 5296 1786 5373">
     <span class='ocr_line' id='line_1_94' title="bbox 168 5296 1786 5373; baseline 0.002 -21"><span class='ocrx_word' id='word_1_689' title='bbox 168 5296 475 5354; x_wconf 67' lang='lat' dir='ltr'><strong>taliasilere</strong></span> <span class='ocrx_word' id='word_1_690' title='bbox 499 5298 733 5368; x_wconf 88' lang='lat' dir='ltr'><strong>debent,</strong></span> <span class='ocrx_word' id='word_1_691' title='bbox 762 5298 840 5353; x_wconf 89' lang='lat' dir='ltr'><strong>ita</strong></span> <span class='ocrx_word' id='word_1_692' title='bbox 871 5302 939 5354; x_wconf 91' lang='lat' dir='ltr'><strong>ut</strong></span> <span class='ocrx_word' id='word_1_693' title='bbox 972 5316 1080 5355; x_wconf 90' lang='lat' dir='ltr'><strong>nec</strong></span> <span class='ocrx_word' id='word_1_694' title='bbox 1116 5300 1476 5371; x_wconf 86' lang='lat' dir='ltr'><strong>mutilentur,</strong></span> <span class='ocrx_word' id='word_1_695' title='bbox 1504 5316 1611 5356; x_wconf 91' lang='lat' dir='ltr'><strong>nec</strong></span> <span class='ocrx_word' id='word_1_696' title='bbox 1642 5316 1786 5373; x_wconf 63' lang='lat' dir='ltr'><strong>prae-</strong></span> 
     </span>
    </p>
   </div>
   <div class='ocr_carea' id='block_1_95' title="bbox 173 5392 1789 5463">
    <p class='ocr_par' dir='ltr' id='par_1_95' title="bbox 173 5392 1789 5463">
     <span class='ocr_line' id='line_1_95' title="bbox 173 5392 1789 5463; baseline 0.002 -18"><span class='ocrx_word' id='word_1_697' title='bbox 173 5397 466 5460; x_wconf 82' lang='lat' dir='ltr'><strong>ponantur,</strong></span> <span class='ocrx_word' id='word_1_698' title='bbox 498 5409 605 5447; x_wconf 89' lang='lat' dir='ltr'><strong>nec</strong></span> <span class='ocrx_word' id='word_1_699' title='bbox 630 5392 712 5446; x_wconf 88' lang='lat' dir='ltr'><strong>illi</strong></span> <span class='ocrx_word' id='word_1_700' title='bbox 741 5393 841 5463; x_wconf 91' lang='lat' dir='ltr'><strong>qui</strong></span> <span class='ocrx_word' id='word_1_701' title='bbox 874 5398 974 5448; x_wconf 88' lang='lat' dir='ltr'><strong>aut</strong></span> <span class='ocrx_word' id='word_1_702' title='bbox 998 5393 1059 5448; x_wconf 90' lang='lat' dir='ltr'><strong>in</strong></span> <span class='ocrx_word' id='word_1_703' title='bbox 1084 5393 1200 5448; x_wconf 91' lang='lat' dir='ltr'><strong>ﬁde</strong></span> <span class='ocrx_word' id='word_1_704' title='bbox 1227 5394 1522 5462; x_wconf 88' lang='lat' dir='ltr'><strong>catholica,</strong></span> <span class='ocrx_word' id='word_1_705' title='bbox 1553 5397 1653 5450; x_wconf 91' lang='lat' dir='ltr'><strong>aut</strong></span> <span class='ocrx_word' id='word_1_706' title='bbox 1677 5395 1789 5450; x_wconf 89' lang='lat' dir='ltr'><strong>ini-</strong></span> 
     </span>
    </p>
   </div>
   <div class='ocr_carea' id='block_1_96' title="bbox 174 5482 1792 5560">
    <p class='ocr_par' dir='ltr' id='par_1_96' title="bbox 174 5482 1792 5560">
     <span class='ocr_line' id='line_1_96' title="bbox 174 5482 1792 5560; baseline 0.004 -24"><span class='ocrx_word' id='word_1_707' title='bbox 174 5482 374 5540; x_wconf 85' lang='lat' dir='ltr'><strong>micitia</strong></span> <span class='ocrx_word' id='word_1_708' title='bbox 403 5486 651 5557; x_wconf 88' lang='lat' dir='ltr'><strong>suspecti</strong></span> <span class='ocrx_word' id='word_1_709' title='bbox 691 5492 826 5542; x_wconf 80' lang='lat' dir='ltr'><strong>sunt.</strong></span> <span class='ocrx_word' id='word_1_710' title='bbox 866 5485 940 5541; x_wconf 91' lang='lat' dir='ltr'><strong>ad</strong></span> <span class='ocrx_word' id='word_1_711' title='bbox 984 5487 1359 5558; x_wconf 88' lang='lat' dir='ltr'><strong>pulsationem</strong></span> <span class='ocrx_word' id='word_1_712' title='bbox 1390 5488 1792 5560; x_wconf 84' lang='lat' dir='ltr'><strong>praedictorum</strong></span> 
     </span>
    </p>
   </div>
   <div class='ocr_carea' id='block_1_97' title="bbox 180 5575 1793 5651">
    <p class='ocr_par' dir='ltr' id='par_1_97' title="bbox 180 5575 1793 5651">
     <span class='ocr_line' id='line_1_97' title="bbox 180 5575 1793 5651; baseline 0.005 -22"><span class='ocrx_word' id='word_1_713' title='bbox 180 5575 563 5649; x_wconf 79' lang='lat' dir='ltr'><strong>admittantur,</strong></span> <span class='ocrx_word' id='word_1_714' title='bbox 594 5580 731 5651; x_wconf 88' lang='lat' dir='ltr'><strong>quia</strong></span> <span class='ocrx_word' id='word_1_715' title='bbox 760 5580 1014 5635; x_wconf 86' lang='lat' dir='ltr'><strong>veritatis</strong></span> <span class='ocrx_word' id='word_1_716' title='bbox 1040 5581 1385 5651; x_wconf 87' lang='lat' dir='ltr'><strong>professores</strong></span> <span class='ocrx_word' id='word_1_717' title='bbox 1408 5580 1715 5636; x_wconf 88' lang='lat' dir='ltr'><strong>inﬁdelitas</strong></span> <span class='ocrx_word' id='word_1_718' title='bbox 1738 5586 1793 5637; x_wconf 88' lang='lat' dir='ltr'><strong>et</strong></span> 
     </span>
    </p>
   </div>
   <div class='ocr_carea' id='block_1_98' title="bbox 178 5669 1795 5745">
    <p class='ocr_par' dir='ltr' id='par_1_98' title="bbox 178 5669 1795 5745">
     <span class='ocr_line' id='line_1_98' title="bbox 178 5669 1795 5745; baseline 0.004 -22"><span class='ocrx_word' id='word_1_719' title='bbox 178 5669 459 5729; x_wconf 82' lang='lat' dir='ltr'><strong>inimicitia</strong></span> <span class='ocrx_word' id='word_1_720' title='bbox 487 5674 767 5745; x_wconf 88' lang='lat' dir='ltr'><strong>impedire</strong></span> <span class='ocrx_word' id='word_1_721' title='bbox 793 5674 952 5728; x_wconf 87' lang='lat' dir='ltr'><strong>solet.</strong></span> <span class='ocrx_word' id='word_1_722' title='bbox 984 5675 1097 5728; x_wconf 89' lang='lat' dir='ltr'><strong>Nec</strong></span> <span class='ocrx_word' id='word_1_723' title='bbox 1121 5674 1201 5729; x_wconf 91' lang='lat' dir='ltr'><strong>illi</strong></span> <span class='ocrx_word' id='word_1_724' title='bbox 1230 5675 1497 5731; x_wconf 89' lang='lat' dir='ltr'><strong>credendi</strong></span> <span class='ocrx_word' id='word_1_725' title='bbox 1524 5679 1675 5744; x_wconf 89' lang='lat' dir='ltr'><strong>sunt,</strong></span> <span class='ocrx_word' id='word_1_726' title='bbox 1696 5678 1795 5730; x_wconf 88' lang='lat' dir='ltr'><strong>aut</strong></span> 
     </span>
    </p>
   </div>
   <div class='ocr_carea' id='block_1_99' title="bbox 183 5764 1791 5841">
    <p class='ocr_par' dir='ltr' id='par_1_99' title="bbox 183 5764 1791 5841">
     <span class='ocr_line' id='line_1_99' title="bbox 183 5764 1791 5841; baseline 0.002 -19"><span class='ocrx_word' id='word_1_727' title='bbox 183 5764 525 5837; x_wconf 69' lang='lat' dir='ltr'><strong>admittendi,</strong></span> <span class='ocrx_word' id='word_1_728' title='bbox 550 5768 651 5841; x_wconf 90' lang='lat' dir='ltr'><strong>qui</strong></span> <span class='ocrx_word' id='word_1_729' title='bbox 679 5767 925 5823; x_wconf 86' lang='lat' dir='ltr'><strong>aliorum</strong></span> <span class='ocrx_word' id='word_1_730' title='bbox 944 5772 1141 5839; x_wconf 88' lang='lat' dir='ltr'><strong>sponte</strong></span> <span class='ocrx_word' id='word_1_731' title='bbox 1166 5768 1408 5824; x_wconf 84' lang='lat' dir='ltr'><strong>crimina</strong></span> <span class='ocrx_word' id='word_1_732' title='bbox 1430 5769 1791 5840; x_wconf 89' lang='lat' dir='ltr'><strong>conﬁtentur,</strong></span> 
     </span>
    </p>
   </div>
   <div class='ocr_carea' id='block_1_100' title="bbox 184 5860 1794 5939">
    <p class='ocr_par' dir='ltr' id='par_1_100' title="bbox 184 5860 1794 5939">
     <span class='ocr_line' id='line_1_100' title="bbox 184 5860 1794 5939; baseline 0.006 -25"><span class='ocrx_word' id='word_1_733' title='bbox 184 5860 243 5914; x_wconf 87' lang='lat' dir='ltr'><strong>et</strong></span> <span class='ocrx_word' id='word_1_734' title='bbox 292 5860 415 5920; x_wconf 87' lang='lat' dir='ltr'><strong>ideo</strong></span> <span class='ocrx_word' id='word_1_735' title='bbox 484 5861 813 5935; x_wconf 82' lang='lat' dir='ltr'><strong>rcplicanda</strong></span> <span class='ocrx_word' id='word_1_736' title='bbox 866 5866 951 5917; x_wconf 73' lang='lat' dir='ltr'><strong>est</strong></span> <span class='ocrx_word' id='word_1_737' title='bbox 1006 5862 1241 5919; x_wconf 87' lang='lat' dir='ltr'><strong>sollicite</strong></span> <span class='ocrx_word' id='word_1_738' title='bbox 1308 5863 1551 5937; x_wconf 84' lang='lat' dir='ltr'><strong>veritas,</strong></span> <span class='ocrx_word' id='word_1_739' title='bbox 1617 5880 1794 5939; x_wconf 84' lang='lat' dir='ltr'><strong>quam</strong></span> 
     </span>
    </p>
   </div>
   <div class='ocr_carea' id='block_1_101' title="bbox 576 5958 1122 6028">
    <p class='ocr_par' dir='ltr' id='par_1_101' title="bbox 576 5958 1122 6028">
     <span class='ocr_line' id='line_1_101' title="bbox 576 5958 1122 6028; baseline 0.002 -1"><span class='ocrx_word' id='word_1_740' title='bbox 576 5960 848 6027; x_wconf 75' lang='lat' dir='ltr'><strong>PATROL.</strong></span> <span class='ocrx_word' id='word_1_741' title='bbox 897 5958 1122 6028; x_wconf 78' lang='lat' dir='ltr'><strong>CXXX.</strong></span> 
     </span>
    </p>
   </div>
   <div class='ocr_carea' id='block_1_102' title="bbox 1887 5293 3631 5369">
    <p class='ocr_par' dir='ltr' id='par_1_102' title="bbox 1887 5293 3631 5369">
     <span class='ocr_line' id='line_1_102' title="bbox 1887 5293 3631 5369; baseline -0.004 -16"><span class='ocrx_word' id='word_1_742' title='bbox 1887 5296 2157 5369; x_wconf 90' lang='lat' dir='ltr'><strong>Nunquid</strong></span> <span class='ocrx_word' id='word_1_743' title='bbox 2178 5313 2294 5351; x_wconf 92' lang='lat' dir='ltr'><strong>non</strong></span> <span class='ocrx_word' id='word_1_744' title='bbox 2315 5312 2413 5351; x_wconf 90' lang='lat' dir='ltr'><strong>vos</strong></span> <span class='ocrx_word' id='word_1_745' title='bbox 2432 5294 2533 5349; x_wconf 89' lang='lat' dir='ltr'><strong>ﬁlii</strong></span> <span class='ocrx_word' id='word_1_746' title='bbox 2554 5294 2775 5350; x_wconf 89' lang='lat' dir='ltr'><strong>scelesti</strong></span> <span class='ocrx_word' id='word_1_747' title='bbox 2791 5293 2943 5362; x_wconf 88' lang='lat' dir='ltr'><strong>estis,</strong></span> <span class='ocrx_word' id='word_1_748' title='bbox 2968 5311 3164 5351; x_wconf 90' lang='lat' dir='ltr'><strong>semen</strong></span> <span class='ocrx_word' id='word_1_749' title='bbox 3187 5296 3473 5351; x_wconf 77' lang='lat' dir='ltr'><strong>mendax?</strong></span> <span class='ocrx_word' id='word_1_750' title='bbox 3492 5316 3519 5346; x_wconf 83' lang='grc'><strong>››</strong></span> <span class='ocrx_word' id='word_1_751' title='bbox 3626 5294 3631 5297; x_wconf 75' lang='grc'>’</span> 
     </span>
    </p>
   </div>
   <div class='ocr_carea' id='block_1_103' title="bbox 1891 5387 3517 5462">
    <p class='ocr_par' dir='ltr' id='par_1_103' title="bbox 1891 5387 3517 5462">
     <span class='ocr_line' id='line_1_103' title="bbox 1891 5387 3517 5462; baseline -0.002 -16"><span class='ocrx_word' id='word_1_752' title='bbox 1891 5391 2023 5461; x_wconf 91' lang='lat' dir='ltr'><strong>(Isa.</strong></span> <span class='ocrx_word' id='word_1_753' title='bbox 2054 5407 2183 5459; x_wconf 84' lang='lat' dir='ltr'><strong>Lvn,</strong></span> <span class='ocrx_word' id='word_1_754' title='bbox 2213 5394 2264 5459; x_wconf 86' lang='lat'><strong>3,</strong></span> <span class='ocrx_word' id='word_1_755' title='bbox 2298 5388 2375 5462; x_wconf 81' lang='grc'><strong>4.)</strong></span> <span class='ocrx_word' id='word_1_756' title='bbox 2401 5389 2633 5445; x_wconf 88' lang='lat' dir='ltr'><strong>Cessent</strong></span> <span class='ocrx_word' id='word_1_757' title='bbox 2678 5387 2844 5460; x_wconf 90' lang='lat' dir='ltr'><strong>impii</strong></span> <span class='ocrx_word' id='word_1_758' title='bbox 2893 5388 3287 5444; x_wconf 87' lang='lat' dir='ltr'><strong>commentitia</strong></span> <span class='ocrx_word' id='word_1_759' title='bbox 3325 5389 3517 5443; x_wconf 83' lang='lat' dir='ltr'><strong>adver-</strong></span> 
     </span>
    </p>
   </div>
   <div class='ocr_carea' id='block_1_104' title="bbox 1892 5481 3525 5557">
    <p class='ocr_par' dir='ltr' id='par_1_104' title="bbox 1892 5481 3525 5557">
     <span class='ocr_line' id='line_1_104' title="bbox 1892 5481 3525 5557; baseline -0.002 -18"><span class='ocrx_word' id='word_1_760' title='bbox 1892 5501 1987 5540; x_wconf 87' lang='lat' dir='ltr'><strong>sus</strong></span> <span class='ocrx_word' id='word_1_761' title='bbox 2014 5484 2295 5557; x_wconf 90' lang='lat' dir='ltr'><strong>simplices</strong></span> <span class='ocrx_word' id='word_1_762' title='bbox 2313 5483 2437 5555; x_wconf 87' lang='lat' dir='ltr'><strong>jam</strong></span> <span class='ocrx_word' id='word_1_763' title='bbox 2472 5481 2675 5537; x_wconf 88' lang='lat' dir='ltr'><strong>fraude</strong></span> <span class='ocrx_word' id='word_1_764' title='bbox 2717 5481 2969 5537; x_wconf 90' lang='lat' dir='ltr'><strong>mentiri.</strong></span> <span class='ocrx_word' id='word_1_765' title='bbox 3000 5503 3030 5533; x_wconf 86' lang='lat'><strong><em>«</em></strong></span> <span class='ocrx_word' id='word_1_766' title='bbox 3058 5482 3304 5551; x_wconf 87' lang='lat' dir='ltr'><strong>Custodi,</strong></span> <span class='ocrx_word' id='word_1_767' title='bbox 3335 5481 3525 5553; x_wconf 91' lang='lat' dir='ltr'><strong>inquit</strong></span> 
     </span>
    </p>
   </div>
   <div class='ocr_carea' id='block_1_105' title="bbox 1889 5574 3518 5651">
    <p class='ocr_par' dir='ltr' id='par_1_105' title="bbox 1889 5574 3518 5651">
     <span class='ocr_line' id='line_1_105' title="bbox 1889 5574 3518 5651; baseline -0.004 -17"><span class='ocrx_word' id='word_1_768' title='bbox 1889 5579 2191 5651; x_wconf 82' lang='lat' dir='ltr'><strong>prapheta,</strong></span> <span class='ocrx_word' id='word_1_769' title='bbox 2218 5576 2475 5650; x_wconf 89' lang='lat' dir='ltr'><strong>linguam</strong></span> <span class='ocrx_word' id='word_1_770' title='bbox 2503 5580 2662 5631; x_wconf 88' lang='lat' dir='ltr'><strong>tuam</strong></span> <span class='ocrx_word' id='word_1_771' title='bbox 2688 5591 2723 5631; x_wconf 89' lang='lat' dir='ltr'><strong>a</strong></span> <span class='ocrx_word' id='word_1_772' title='bbox 2748 5576 2922 5644; x_wconf 88' lang='lat' dir='ltr'><strong>malo,</strong></span> <span class='ocrx_word' id='word_1_773' title='bbox 2963 5578 3021 5631; x_wconf 93' lang='lat' dir='ltr'><strong>et</strong></span> <span class='ocrx_word' id='word_1_774' title='bbox 3043 5574 3189 5629; x_wconf 89' lang='lat' dir='ltr'><strong>labia</strong></span> <span class='ocrx_word' id='word_1_775' title='bbox 3214 5577 3311 5628; x_wconf 89' lang='lat' dir='ltr'><strong>tua</strong></span> <span class='ocrx_word' id='word_1_776' title='bbox 3339 5589 3411 5628; x_wconf 90' lang='lat' dir='ltr'><strong>ne</strong></span> <span class='ocrx_word' id='word_1_777' title='bbox 3438 5574 3518 5628; x_wconf 85' lang='lat' dir='ltr'><strong>lo-</strong></span> 
     </span>
    </p>
   </div>
   <div class='ocr_carea' id='block_1_106' title="bbox 1892 5666 3520 5744">
    <p class='ocr_par' dir='ltr' id='par_1_106' title="bbox 1892 5666 3520 5744">
     <span class='ocr_line' id='line_1_106' title="bbox 1892 5666 3520 5744; baseline -0.002 -17"><span class='ocrx_word' id='word_1_778' title='bbox 1892 5675 2142 5744; x_wconf 87' lang='lat' dir='ltr'><strong>quantur</strong></span> <span class='ocrx_word' id='word_1_779' title='bbox 2193 5671 2414 5726; x_wconf 90' lang='lat' dir='ltr'><strong>dolum.</strong></span> <span class='ocrx_word' id='word_1_780' title='bbox 2465 5669 2684 5725; x_wconf 82' lang='lat' dir='ltr'><strong>Recede</strong></span> <span class='ocrx_word' id='word_1_781' title='bbox 2725 5686 2757 5723; x_wconf 89' lang='lat' dir='ltr'><strong>a</strong></span> <span class='ocrx_word' id='word_1_782' title='bbox 2807 5667 2980 5737; x_wconf 90' lang='lat' dir='ltr'><strong>malo,</strong></span> <span class='ocrx_word' id='word_1_783' title='bbox 3032 5670 3091 5721; x_wconf 89' lang='lat' dir='ltr'><strong>et</strong></span> <span class='ocrx_word' id='word_1_784' title='bbox 3145 5668 3229 5744; x_wconf 40' lang='lat' dir='ltr'><strong>fa‘c</strong></span> <span class='ocrx_word' id='word_1_785' title='bbox 3284 5666 3520 5740; x_wconf 89' lang='lat' dir='ltr'><strong>bonum,</strong></span> 
     </span>
    </p>
   </div>
   <div class='ocr_carea' id='block_1_107' title="bbox 1893 5732 3525 5839">
    <p class='ocr_par' dir='ltr' id='par_1_107' title="bbox 1893 5732 3525 5839">
     <span class='ocr_line' id='line_1_107' title="bbox 1893 5732 3525 5839; baseline -0.001 -18"><span class='ocrx_word' id='word_1_786' title='bbox 1893 5732 2085 5839; x_wconf 59' lang='lat' dir='ltr'><strong>quare</strong></span> <span class='ocrx_word' id='word_1_787' title='bbox 2109 5781 2309 5839; x_wconf 89' lang='lat' dir='ltr'><strong>pacem</strong></span> <span class='ocrx_word' id='word_1_788' title='bbox 2348 5771 2406 5822; x_wconf 90' lang='lat' dir='ltr'><strong>et</strong></span> <span class='ocrx_word' id='word_1_789' title='bbox 2442 5778 2781 5837; x_wconf 89' lang='lat' dir='ltr'><strong>persequere</strong></span> <span class='ocrx_word' id='word_1_790' title='bbox 2818 5732 2975 5815; x_wconf 67' lang='lat' dir='ltr'><strong>eam.</strong></span> <span class='ocrx_word' id='word_1_791' title='bbox 3003 5759 3160 5816; x_wconf 87' lang='lat' dir='ltr'><strong>Oculi</strong></span> <span class='ocrx_word' id='word_1_792' title='bbox 3182 5732 3425 5818; x_wconf 58' lang='lat' dir='ltr'><strong>‘Domini</strong></span> 
     </span>
    </p>
   </div>
   <div class='ocr_carea' id='block_1_108' title="bbox 1885 5855 3524 5936">
    <p class='ocr_par' dir='ltr' id='par_1_108' title="bbox 1885 5855 3524 5936">
     <span class='ocr_line' id='line_1_108' title="bbox 1885 5855 3524 5936; baseline -0.002 -19"><span class='ocrx_word' id='word_1_793' title='bbox 1885 5861 2089 5936; x_wconf 79' lang='lat' dir='ltr'><strong>justas,</strong></span> <span class='ocrx_word' id='word_1_794' title='bbox 2133 5866 2190 5919; x_wconf 86' lang='lat' dir='ltr'><strong>et</strong></span> <span class='ocrx_word' id='word_1_795' title='bbox 2219 5874 2386 5917; x_wconf 84' lang='lat' dir='ltr'><strong>aures</strong></span> <span class='ocrx_word' id='word_1_796' title='bbox 2425 5858 2547 5932; x_wconf 84' lang='lat' dir='ltr'><strong>ejus</strong></span> <span class='ocrx_word' id='word_1_797' title='bbox 2588 5857 2662 5913; x_wconf 84' lang='lat' dir='ltr'><strong>ad</strong></span> <span class='ocrx_word' id='word_1_798' title='bbox 2700 5856 3014 5912; x_wconf 86' lang='lat' dir='ltr'><strong>clamorem</strong></span> <span class='ocrx_word' id='word_1_799' title='bbox 3056 5868 3280 5913; x_wconf 88' lang='lat' dir='ltr'><strong>eorum.</strong></span> <span class='ocrx_word' id='word_1_800' title='bbox 3326 5855 3524 5923; x_wconf 75' lang='lat' dir='ltr'><strong>Vultus</strong></span> 
     </span>
    </p>
   </div>
   <div class='ocr_carea' id='block_1_109' title="bbox 3088 5955 3128 6037">
    <p class='ocr_par' dir='ltr' id='par_1_109' title="bbox 3088 5955 3128 6037">
     <span class='ocr_line' id='line_1_109' title="bbox 3088 5955 3128 6037; baseline 0 -8"><span class='ocrx_word' id='word_1_801' title='bbox 3088 5955 3128 6037; x_wconf 64' lang='grc' dir='ltr'>ὃ</span> 
     </span>
    </p>
   </div>
  </div>
