4026 6166
555 247 656 301 227

1442 242 1725 299 APPEND.
1768 244 1855 299 AD
1892 245 2053 299 SrEC.
2096 244 2183 298 IX.
2214 272 2281 283 —-
2320 240 2565 298 ISIDORI
2605 238 3026 298 MERCATORIS

3749 249 3829 304 2‘28

556 355 747 407 autem
764 350 986 405 Domini
1000 349 1452 421 superfacientes
1468 353 1636 421 mala,
1652 351 1928 423 utperdat
1949 352 2017 407 de
2034 355 2184 407 terra
2205 364 2378 436 Asus
2411 350 2683 422 Christus,
2725 366 2843 405 non
2888 349 2948 403 in
2992 364 3135 420 aqua
3182 347 3380 419 solum,
3421 347 3511 401 sed
3550 347 3603 401 in
3640 365 3762 422 aqua
3797 362 3839 410 et

554 444 894 500 memoriam
953 460 1149 498 eorum
1201 442 1367 514 (Paul.
1423 461 1612 512 XXXIII,
1667 447 1732 500 14
1779 450 1829 500 et
1871 445 2004 517 seq.)
2048 466 2076 495 ››
2128 448 2185 500 et

552 539 725 610 paulo
784 541 913 609 post
966 555 979 591 :
1041 558 1069 587 ‹‹
1126 537 1430 592 Interiiciet
1489 538 1734 609 impium
1799 538 2059 606 malitia,
2129 543 2186 593 et

553 632 806 687 odientes
858 631 1080 701 justum
1147 630 1528 702 culpabuntur
1582 632 1761 702 (Ibidu
1823 634 1929 702 22).
1990 652 2018 682 »
2074 632 2186 686 Nos

552 740 881 797 quanquam
927 725 1107 780 multa
1143 723 1430 795 patiamur
1467 742 1500 779 a
1538 724 1763 793 talibus,
1818 746 1845 775 «
1876 724 2184 796 Diligamus

554 834 680 885 nos,
717 817 1050 887 charissimi,
1096 817 1359 888 invicem,
1402 818 1676 890 quoniam
1707 818 1948 874 charitas
1975 836 2042 873 ex
2072 821 2185 873 Deo

555 917 658 967 est.
691 932 718 960 »
741 912 810 966 Et
854 911 1039 966 omnis
1086 911 1185 983 qui
1223 911 1447 983 diligit,
1494 928 1562 967 ex
1607 913 1725 966 Deo
1765 916 1935 967 natus
1980 915 2083 980 est,
2130 918 2187 967 et

554 1004 848 1077 cognoscit
880 1006 1076 1060 Deum.
1120 1004 1226 1069 Qui
1262 1022 1380 1060 non
1419 1005 1627 1077 diligit,
1658 1022 1775 1061 non
1805 1007 1959 1061 novit
1982 1009 2183 1073 Deum,

555 1098 692 1172 quia
732 1102 880 1155 Deus
922 1099 1167 1154 charitas
1223 1103 1326 1154 est.
1372 1100 1433 1154 In
1476 1100 1585 1154 hoc
1632 1100 1898 1171 apparuit
1941 1099 2186 1155 charitas

438 1236 443 1239 .
554 1193 659 1248 Dei
681 1192 742 1249 in
768 1191 949 1260 nobis,
979 1193 1251 1264 quoniam
1272 1191 1475 1248 Filium
1496 1209 1663 1249 suum
1688 1193 2052 1265 unigenitum
2076 1194 2185 1249 mi-

557 1288 628 1343 sit
651 1288 794 1342 Deus
818 1287 880 1341 in
905 1286 1190 1342 mundum
1216 1289 1278 1340 ut
1300 1287 1556 1342 vivamus
1580 1303 1683 1359 per
1704 1304 1860 1343 eum.
1884 1292 1947 1343 ln
1973 1288 2082 1343 hoc
2103 1290 2190 1342 est

558 1380 819 1448 charitas,
851 1396 965 1436 non
995 1381 1159 1452 quasi
1187 1397 1294 1436 nos
1319 1380 1681 1437 dilexerimus
1708 1383 1907 1450 Deum,
1932 1382 2034 1436 sed
2055 1398 2190 1453 quo-

556 1475 718 1530 niam
756 1474 874 1545 ipse
903 1473 1101 1528 dilexit
1128 1476 1253 1543 nos,
1296 1479 1350 1530 et
1391 1474 1546 1530 misit
1572 1475 1776 1530 Filium
1802 1492 1968 1531 suum
1994 1476 2187 1548 prepi-

557 1567 854 1624 tiationem
878 1584 981 1639 pro
1010 1568 1254 1639 peccatis
1299 1569 1525 1624 nostris.
1571 1569 1921 1639 Charissimi,
1961 1570 2007 1624 si
2045 1573 2191 1625 Deus

562 1660 756 1717 dilexit
802 1677 924 1729 nos,
972 1664 1031 1715 et
1078 1678 1182 1717 nos
1232 1661 1511 1718 debemus
1551 1664 1892 1720 alterutrum
1929 1664 2187 1735 diligere.

2285 445 2577 516 sanguine.
2622 446 2688 498 Et
2731 443 2969 514 Spiritus
3001 448 3085 497 est
3121 441 3221 513 qui
3258 441 3589 512 testificatur,
3617 446 3838 515 quoniam

2282 538 2535 594 Christus
2566 541 2651 592 est
2688 537 2911 603 veritas,
2957 534 3229 607 quoniam
3275 540 3385 589 tres
3427 540 3552 590 sunt
3591 538 3678 608 qui
3713 541 3838 593 testi-

2283 631 2543 687 monium
2585 632 2738 699 dant,
2783 629 3033 701 spiritus,
3070 628 3318 698 sanguis,
3350 632 3403 683 et
3429 646 3584 700 aqua,
3612 635 3662 684 et
3684 630 3734 685 hi
3755 636 3844 685 tres

2282 741 2464 781 unum
2496 729 2644 780 sunt.
2668 725 2723 780 Si
2743 723 3137 779 testimonium
3165 721 3452 776 hominum
3482 722 3767 793 accipimus,
3786 729 3847 778 te-

2284 818 2618 874 stimonium
2650 818 2749 872 Dei
2789 818 2975 888 majus
3020 822 3123 881 est,
3168 815 3301 887 quia
3343 814 3647 871 testiﬁcatus
3684 822 3757 871 est
3796 819 3845 872 de

2285 913 2421 967 Filio
2449 929 2574 967 suo.
2606 911 2714 976 Qui
2758 912 2938 966 credit
2977 910 3035 964 in
3085 909 3286 963 Filium
3316 908 3429 977 Dei,
3458 909 3619 964 habet
3639 910 3845 964 testimo-

2287 1007 2450 1062 nium
2478 1006 2581 1061 Dei
2625 1006 2685 1060 in
2726 1022 2804 1061 se.
2850 1005 2959 1068 Qui
3006 1021 3117 1058 non
3166 1002 3342 1058 credit
3384 1002 3538 1072 Filio,
3569 1003 3847 1057 mendacem

2286 1100 2421 1156 facit
2440 1117 2590 1169 eum,
2614 1099 2710 1171 qui
2737 1116 2854 1155 non
2879 1098 3056 1153 credit
3081 1097 3139 1150 in
3164 1096 3508 1164 testimonio,
3528 1096 3668 1167 quod
3692 1098 3846 1151 testifi-

2288 1199 2447 1250 catus
2480 1198 2564 1249 est
2594 1194 2664 1248 de
2686 1193 2823 1247 Filio
2845 1210 2947 1247 suo
2976 1192 3140 1246 Deus.
3171 1193 3236 1246 Et
3260 1191 3367 1245 hoc
3390 1188 3748 1244 testimonium
3772 1194 3848 1256 est,

2287 1289 2558 1361 quoniam
2586 1289 2761 1342 vitam
2790 1290 3064 1342 zeternam
3108 1285 3264 1339 dedit
3290 1284 3448 1339 nobis
3490 1284 3645 1338 Deus.
3682 1285 3740 1337 Et
3761 1284 3849 1338 haec

2288 1383 2401 1438 vita
2443 1383 2501 1437 in
2544 1382 2667 1453 ejus
2714 1381 2875 1436 Filio.
2924 1380 3033 1444 Qui
3064 1379 3234 1433 habet
3275 1378 3476 1432 Filium
3517 1376 3674 1431 habet
3696 1376 3849 1445 vitam,

2291 1478 2389 1549 qui
2419 1493 2531 1531 non
2564 1476 2741 1530 habet
2783 1474 2990 1528 Filium
3034 1472 3133 1527 Dei
3182 1488 3296 1527 non
3338 1471 3509 1526 habet
3548 1470 3721 1525 vitam.
3758 1472 3850 1523 Haec

2290 1570 2474 1626 scribo
2519 1569 2698 1637 vobis,
2748 1571 2811 1622 ut
2854 1566 3058 1634 sciatis,
3108 1565 3382 1637 quoniam
3425 1563 3587 1617 vitam
3629 1562 3853 1617 habebitis

2291 1669 2584 1731 aeternam,
2615 1661 2714 1733 qui
2742 1660 2969 1715 creditis
2994 1661 3055 1714 in
3081 1659 3313 1713 nomine
3332 1657 3449 1713 Filii
3468 1656 3579 1712 Dei.
3606 1657 3665 1710 Et
3681 1656 3781 1709 haec
3795 1660 3853 1708 est

560 1756 740 1812 Deum
775 1770 945 1810 nemo
976 1754 1117 1810 vidit
1152 1772 1428 1828 unquam.
1476 1756 1531 1813 Si
1576 1756 1880 1829 diligamus
1923 1757 2188 1825 invicem,
2209 1735 2267 1807 B
2291 1757 2516 1826 fiducia,
2548 1773 2723 1827 quam
2764 1755 3045 1809 habemus
3085 1753 3157 1808 ad
3200 1768 3356 1821 eum,
3388 1751 3517 1823 quia
3542 1749 3853 1821 quodcunque

560 1850 710 1905 Deus
733 1849 793 1905 in
820 1848 983 1904 nobis
1025 1852 1245 1921 manet,
1278 1854 1336 1905 et
1360 1851 1605 1906 charitas
1632 1850 1752 1921 ejus
1780 1851 1840 1906 in
1866 1851 2028 1907 nobis
2061 1867 2190 1923 per-

559 1943 707 1999 fecta
726 1944 829 1998 est.
857 1944 917 1997 In
948 1942 1056 1997 hoc
1082 1942 1473 2015 intelligimus,
1506 1943 1776 2015 quoniam
1806 1944 1866 2000 in
1895 1962 1961 2000 eo
1989 1961 2191 2000 mane-

559 2053 689 2093 mus
714 2040 771 2092 et
797 2037 916 2108 ipse
952 2036 1014 2091 in
1052 2036 1235 2103 nobis,
1266 2037 1543 2108 quoniam
1569 2037 1639 2093 de
1666 2038 1882 2110 Spiritu
1911 2056 2012 2095 suo
2040 2038 2196 2095 dedit

562 2129 744 2198 nobis,
777 2132 833 2184 et
855 2145 960 2183 nos
993 2128 1257 2197 vidimus,
1290 2133 1347 2184 et
1370 2130 1764 2199 testiﬁcamur,
1795 2133 2064 2204 quoniam
2089 2133 2191 2186 Pa-

562 2227 649 2279 ter
673 2221 825 2277 misit
848 2222 1057 2277 Filium
1094 2238 1264 2277 suum
1304 2223 1638 2280 salvatorem
1664 2225 1889 2281 mundi.
1931 2224 2196 2297 Quisquis

564 2315 854 2370 confessus
881 2314 1054 2370 fuerit
1093 2314 1370 2386 quoniam
1412 2317 1569 2372 Jesus
1595 2320 1680 2372 est
1708 2317 1878 2373 Filius
1905 2317 2022 2388 Dei,
2047 2319 2195 2372 Deus

562 2408 625 2465 in
648 2424 717 2464 eo
738 2414 935 2464 manet
956 2412 1013 2464 et
1029 2408 1152 2480 ipse
1177 2408 1237 2464 in
1258 2410 1396 2465 Deo.
1420 2411 1488 2465 Et
1508 2426 1609 2466 nos
1634 2409 1974 2482 agnovimus
1994 2415 2052 2466 et
2070 2428 2194 2466 cre-

567 2502 757 2559 dimus
798 2501 1044 2573 veritati,
1084 2508 1263 2576 quam
1302 2504 1479 2559 habet
1517 2505 1667 2561 Deus
1713 2505 1772 2559 in
1820 2505 2004 2560 nobis.
2049 2506 2197 2561 Deus

563 2596 809 2653 charitas
830 2602 935 2665 est,
963 2600 1021 2653 et
1048 2597 1148 2669 qui
1168 2603 1365 2654 manet
1382 2597 1443 2653 in
1462 2598 1739 2655 charitate
1766 2599 1825 2653 in
1848 2600 1962 2654 Deo
1980 2602 2194 2667 manet,

563 2696 621 2747 et
640 2692 786 2747 Deus
806 2689 865 2745 in
887 2707 975 2747 eo.
1005 2693 1068 2747 In
1094 2691 1202 2746 hoc
1221 2693 1480 2764 perfecta
1498 2695 1584 2748 est
1605 2693 1851 2749 charitas
1874 2692 2195 2764 nobiscum,

564 2790 629 2841 ut
660 2784 926 2840 fiduciam
966 2785 1278 2841 habeamus
1306 2785 1365 2841 in
1395 2786 1485 2841 die
1505 2786 1730 2858 judicii,
1760 2787 1896 2858 quia
1933 2786 2076 2841 sicut
2100 2785 2197 2841 ille

566 2882 670 2950 est,
703 2880 762 2932 et
795 2894 899 2933 nos
943 2894 1143 2933 sumus
1170 2879 1231 2935 in
1256 2879 1365 2935 hoc
1392 2880 1629 2935 mundo.
1662 2880 1853 2936 Timor
1883 2896 1999 2934 non
2026 2884 2112 2935 est
2138 2879 2199 2934 in

566 2971 864 3041 charitate,
879 2971 980 3028 sed
995 2972 1249 3045 perfecta
1265 2973 1515 3030 charitas
1533 2974 1683 3030 foras
1702 2973 1879 3030 mittit
1908 2974 2196 3042 timorem,

565 3067 702 3140 quia
728 3066 903 3122 timor
925 3082 1159 3139 poenam
1185 3067 1378 3124 habet.
1402 3068 1509 3133 Qui
1534 3071 1726 3126 autem
1756 3068 1943 3138 timet,
1973 3085 2091 3124 non
2115 3071 2201 3124 est
2220 3108 2275 3183 Ο

565 3160 850 3234 perfectus
892 3159 953 3215 in
996 3160 1290 3217 charitate.
1334 3163 1446 3217 Nos
1486 3179 1624 3233 ergo
1667 3162 1971 3234 diligamus
1999 3164 2196 3233 Deum,

568 3254 837 3329 quoniam
884 3255 1037 3310 Deus
1094 3254 1253 3327 prior
1298 3255 1496 3312 dilexit
1538 3272 1666 3312 nos.
1709 3257 1766 3313 Si
1806 3256 1932 3328 quis
1974 3256 2198 3324 dixerit,

570 3348 842 3423 quoniam
894 3348 1071 3421 diligo
1117 3350 1320 3419 Deum,
1373 3352 1430 3405 et
1478 3350 1714 3404 fratrem
1770 3366 1938 3405 suum
1992 3350 2199 3420 oderit,

567 3444 811 3501 mendax
847 3446 950 3498 est.
990 3442 1098 3508 Qui
1142 3446 1335 3500 autem
1380 3460 1495 3500 non
1536 3443 1722 3515 diligit
1759 3444 1995 3499 fratrem
2033 3460 2202 3500 suum

570 3553 746 3611 quem
768 3536 942 3605 videt,
970 3537 1149 3592 Deum
1172 3538 1456 3609 quomodo
1481 3539 1669 3611 potest
1695 3537 1929 3609 diligere
1949 3538 1978 3592 ‘2
2007 3539 2074 3594 Et
2093 3539 2203 3593 hoc

570 3630 910 3688 mandatum
953 3648 988 3686 a
1016 3631 1129 3686 Deo
1173 3631 1469 3704 habemus,
1513 3634 1580 3687 ut
1620 3630 1718 3703 qui
1763 3631 1949 3704 diligit
1993 3633 2200 3701 Deum,

572 3724 775 3798 diligat
803 3729 861 3782 et
882 3725 1123 3781 fratrem
1150 3741 1337 3782 suum.
1369 3724 1567 3781 Omnis
1596 3724 1694 3798 qui
1720 3725 1897 3782 credit
1931 3725 2205 3797 quoniam

568 3820 729 3877 Iesus
746 3821 835 3876 est
859 3818 1134 3888 Christus,
1163 3835 1233 3874 ex
1260 3820 1375 3875 Deo
1407 3823 1595 3890 natus,
1618 3824 1675 3875 et
1692 3819 1879 3875 omnis
1897 3819 1997 3891 qui
2024 3819 2207 3891 diligit

573 3930 708 3971 eum
722 3913 823 3986 qui
838 3913 1055 3985 genuit,
1071 3912 1261 3985 diligit
1279 3929 1411 3968 eum
1430 3913 1528 3985 qui
1542 3915 1712 3969 natus
1727 3917 1812 3969 est
1827 3929 1897 3969 ex
1913 3929 2000 3968 eo.
2019 3914 2081 3967 In
2101 3913 2207 3967 hoc

573 4007 947 4080 cognovimus
966 4005 1242 4078 quoniam
1259 4006 1546 4078 diligimus
1565 4010 1730 4062 natos
1744 4006 1862 4077 Dei,
1879 4022 2009 4061 cum
2029 4007 2207 4061 Deum

576 4100 905 4172 diligamus,
932 4101 988 4154 et
1020 4098 1291 4154 mandata
1319 4100 1440 4170 ejus
1465 4100 1756 4157 faciamus.
1786 4101 1917 4155 Haec
1942 4103 2028 4155 est
2054 4100 2209 4155 enim

577 4196 823 4254 charitas
849 4194 947 4252 Dei
975 4198 1042 4251 ut
1070 4194 1339 4251 mandata
1366 4196 1491 4268 ejus
1517 4197 1921 4253 custodiamus.
1952 4198 2022 4252 Et
2049 4215 2211 4254 man-

578 4290 710 4348 data
738 4290 863 4363 ejus
893 4289 1090 4363 gravia
1114 4306 1234 4345 non
1259 4294 1410 4359 sunt,
1450 4291 1585 4364 quia
1628 4308 1798 4347 omne
1829 4291 1985 4365 quod
2011 4298 2210 4349 natum

580 4389 667 4444 est
690 4402 763 4441 ex
786 4386 919 4455 Deo,
944 4384 1123 4440 vincit
1139 4384 1444 4441 mundum.
1473 4387 1541 4442 Et
1563 4386 1685 4442 haec
1716 4390 1805 4442 est
1831 4387 2064 4443 victoria
2081 4404 2209 4460 quae

2292 1850 2619 1925 petierimus
2639 1848 2958 1904 secundum
2978 1847 3338 1903 voluntatem
3359 1845 3477 1916 ejus
3496 1844 3676 1898 audiet
3691 1858 3788 1895 nos.
3808 1842 3855 1894 Et

2294 1947 2501 2001 scimus
2540 1943 2670 2015 quia
2712 1942 2874 1997 audit
2919 1957 3026 1996 nos
3071 1939 3351 2012 quidquid
3396 1937 3721 2010 petierimus.
3766 1932 3853 1988 Sci-

2291 2057 2420 2096 mus
2447 2037 2715 2111 quoniam
2744 2036 3023 2091 habemus
3050 2034 3357 2105 petitiones
3397 2048 3532 2103 quas
3570 2029 3855 2101 postulamus

2294 2134 2364 2188 ab
2414 2149 2501 2189 eo.
2565 2131 2676 2195 Qui
2703 2129 2805 2184 scit
2853 2129 3085 2183 fratrem
3137 2144 3310 2196 suum
3359 2141 3582 2197 peccare
3622 2124 3855 2194 peccatum

2293 2243 2410 2282 non
2465 2226 2534 2280 ad
2588 2226 2855 2289 mortem,
2914 2224 3071 2293 petat
3128 2227 3185 2276 et
3246 2220 3473 2275 dabitur
3523 2217 3573 2272 ei
3612 2216 3714 2270 vita
3757 2229 3856 2284 pec—

2297 2320 2450 2376 cauti
2496 2336 2607 2374 non
2651 2318 2725 2372 ad
2763 2321 3032 2373 mortem.
3067 2316 3162 2369 Est
3198 2317 3493 2385 peccatum
3540 2310 3608 2365 ad
3648 2312 3855 2370 mortem,

2297 2430 2415 2469 non
2462 2429 2567 2484 pro
2616 2411 2712 2466 illo
2761 2410 2887 2465 dico
2930 2413 2992 2463 ut
3034 2413 3198 2479 roget
3239 2407 3387 2477 quis.
3434 2404 3614 2463 Omnis
3652 2399 3858 2471 iniquitas

2296 2509 2590 2580 peccatum
2639 2510 2742 2574 est,
2804 2509 2858 2559 et
2913 2504 3000 2559 est
3042 2505 3343 2573 peccatum
3387 2500 3459 2554 ad
3506 2499 3740 2552 mortem.
3775 2490 3856 2546 Sci-

2295 2618 2441 2671 mus,
2488 2599 2624 2672 quia
2667 2597 2855 2654 omnis
2894 2597 2991 2668 qui
3041 2598 3210 2650 natus
3256 2598 3347 2651 est
3389 2610 3454 2647 ex
3496 2594 3603 2647 Deo
3642 2605 3739 2645 non
3762 2600 3856 2657 pec-

2299 2698 2405 2764 cat,
2449 2694 2550 2748 sed
2595 2691 2884 2766 generatio
2915 2689 3015 2745 Dei
3047 2691 3344 2744 conservat
3370 2703 3520 2756 eum,
3552 2690 3605 2740 et
3637 2681 3858 2750 malignus

2300 2805 2415 2844 non
2430 2788 2610 2859 tangit
2631 2803 2783 2842 eum.
2804 2785 3022 2841 Scimus
3042 2782 3193 2837 enim
3212 2781 3487 2854 quoniam
3505 2796 3565 2835 ex
3580 2780 3679 2833 Deo
3694 2788 3857 2835 sumus,

2300 2888 2357 2938 et
2385 2882 2635 2937 mundus
2677 2883 2830 2936 totus
2874 2879 2933 2934 in
2976 2878 3230 2949 maligno
3259 2875 3478 2947 positus
3506 2877 3600 2929 est.
3628 2873 3687 2926 Et
3705 2868 3860 2923 scimus

2298 2975 2573 3049 quoniam
2606 2974 2776 3030 Filius
2804 2974 2902 3028 Dei
2927 2972 3100 3040 venit,
3132 2976 3190 3026 et
3215 2970 3375 3025 dedit
3406 2968 3560 3024 nobis
3584 2978 3793 3025 sensum,
3818 2961 3859 3011 ut

2300 3086 2707 3142 cognoscamus
2733 3070 2910 3122 Deum
2951 3081 3170 3133 verum,
3219 3068 3276 3119 et
3327 3063 3501 3119 simus
3535 3061 3591 3116 in
3630 3073 3742 3112 vero
3764 3051 3861 3108 Filio

2301 3165 2443 3236 ejus,
2473 3164 2563 3218 hic
2593 3164 2679 3217 est
2702 3178 2869 3217 verus
2897 3162 3064 3227 Deus,
3098 3164 3155 3214 et
3196 3158 3318 3212 vita
3356 3162 3560 3213 aeterna
3589 3157 3630 3223 (Ι
3656 3155 3785 3207 Joan.
3808 3160 3860 3211 IV.

2300 3262 2446 3327 7-21,
2475 3273 2529 3327 ν,
2563 3260 2585 3312 ί
2623 3260 2674 3313 et
2697 3255 2850 3326 δειλὲ).
2879 3256 3117 3325 Propter
3144 3252 3302 3307 mala
3346 3266 3443 3306 sua
3480 3247 3636 3304 multi
3665 3241 3863 3316 potentes

2302 3351 2556 3426 oppressi
2576 3352 2710 3406 sunt
2729 3349 2913 3419 valde,
2936 3352 2994 3403 et
3020 3345 3255 3419 gloriosi
3272 3343 3469 3401 traditi
3494 3344 3621 3398 sunt
3642 3339 3693 3394 in
3710 3344 3863 3426 manus

2304 3422 2641 3502 alterorum.
2670 3442 2996 3498 Benedictio
3023 3445 3216 3498 autem
3245 3440 3351 3496 Dei
3377 3438 3436 3494 in
3457 3432 3749 3493 mercedem
3766 3422 3864 3499 justi

2302 3540 2536 3596 festinat
2555 3542 2615 3595 et
2639 3539 2700 3594 in
2725 3538 2946 3593 honore
2967 3535 3107 3591 boni
3124 3550 3431 3608 processus
3454 3532 3595 3587 illius
3612 3522 3861 3584 fructiﬁcat.

2305 3636 2509 3692 Beatus
2530 3634 2616 3689 vir
2644 3632 2745 3705 qui
2785 3647 2904 3686 non
2935 3633 3021 3686 est
3048 3630 3240 3701 lapsus
3269 3628 3446 3684 verbo
3488 3641 3556 3680 ex
3598 3636 3685 3678 ore
3710 3631 3806 3681 suo,
3827 3614 3865 3665 Et

2306 3745 2421 3785 non
2456 3731 2542 3784 est
2577 3726 2897 3783 stimulatus
2926 3724 2989 3779 in
3024 3722 3259 3779 tristitia
3294 3720 3509 3778 delicti.
3545 3717 3742 3782 Scitote,
3766 3708 3863 3763 cha-

2305 3822 2533 3892 rissimi,
2559 3837 2664 3893 pro
2692 3836 2758 3875 ea
2780 3819 2985 3892 pietate
3014 3832 3143 3890 quae
3164 3815 3327 3872 vobis
3354 3814 3455 3871 Dei
3483 3809 3692 3869 famulis
3705 3806 3865 3874 impen-

2308 3915 2501 3971 denda
2528 3918 2635 3982 est,
2669 3930 2870 3969 omnes
2898 3911 3294 3985 suggestiones
3339 3912 3549 3966 vestras
3588 3901 3704 3960 ﬁdei
3729 3895 3867 3953 catho-

2306 4010 2431 4065 licae
2467 4008 2815 4082 profuturas,
2864 4023 2960 4062 me
3009 4005 3322 4078 dignanter
3347 4000 3658 4074 suscepisse,
3687 3997 3741 4074 Ill}
3766 3989 3867 4082 ίΡεοθέ

2306 4120 2437 4159 rum
2485 4117 2714 4175 quoque
2757 4117 2949 4173 opera,
2989 4105 3047 4156 et
3074 4115 3190 4172 pax
3222 4098 3541 4155 Christiana
3580 4083 3807 4162 reparari,
3831 4081 3870 4133 εί

2309 4218 2467 4258 error
2506 4199 2684 4273 ipsius
2709 4199 2882 4271 possit
2922 4198 3154 4254 aboleri.
3182 4198 3252 4254 Et
3281 4198 3329 4252 si
3356 4194 3598 4267 amplius
3629 4189 3690 4244 de
3716 4178 3869 4273 talibus

2310 4300 2410 4352 aut
2437 4270 2831 4352 his—similibus
2863 4292 3076 4365 aliquid
3110 4291 3283 4347 fuerit
3323 4284 3745 4346 deliberandum,
3770 4270 3870 4327 0810-

2309 4390 2452 4445 riter
2466 4389 2540 4445 ad
2559 4405 2662 4444 nos
2680 4388 2879 4443 relatio
2900 4386 3199 4458 dirigatur,
3221 4388 3287 4441 ut
3312 4382 3639 4457 pertractata
3656 4364 3870 4446 qualitate

580 4480 756 4537 vincit
795 4478 1079 4535 mundum
1121 4478 1261 4535 ﬁdes
1305 4481 1518 4536 nostra.
1569 4480 1707 4545 Quis
1758 4484 1842 4537 est
1889 4482 1989 4553 qui
2038 4481 2287 4557 vincitD
2309 4485 2517 4541 horum
2539 4487 2737 4539 nostra
2762 4481 2898 4553 quid
2925 4480 3209 4536 observari
3231 4479 3437 4535 debeat
3459 4467 3749 4532 sollicitudo
3778 4471 3870 4514 0011'

580 4575 863 4631 mundum
894 4573 1005 4630 nisi
1049 4572 1147 4646 qui
1191 4574 1394 4645 credit,
1424 4574 1697 4647 quoniam
1737 4576 1899 4632 Iesus
1927 4578 2013 4632 est
2042 4576 2215 4632 Filius

582 4668 720 4725 Dei?
744 4668 846 4725 Hic
870 4667 1077 4741 estqui
1100 4667 1258 4725 venit
1294 4684 1399 4740 per
1424 4685 1636 4742 aquam
1665 4672 1721 4727 et
1752 4670 2090 4743 sanguinem
2117 4673 2213 4728 Je-

2313 4580 2529 4635 stituat.
2559 4577 2698 4632 Data
2721 4591 2778 4632 v1
2797 4575 2918 4631 Kal.
2941 4576 3179 4646 August.
3209 4574 3517 4631 Constante
3546 4580 3687 4623 cons.

1367 4889 1793 4963 EPISTOLA
1838 4891 2176 4964 EUSEBII
2221 4893 2482 4964 PAP/E
2528 4892 2648 4962 AD
2695 4884 3175 4962 ABGYPTIOS.

656 5054 923 5112 Eusanms
961 5053 1235 5109 Romanae
1261 5056 1318 5109 et
1342 5052 1669 5127 apostolicae
1712 5054 1969 5135 Ecclesiae
2001 5053 2216 5127 episco-

589 5168 697 5226 pus
731 5148 1107 5207 dilectissimis
1134 5147 1197 5203 in
1223 5148 1500 5204 charitate
1533 5148 1740 5204 Christi
1764 5149 2054 5205 unanimis
2083 5149 2220 5204 cha-

588 5245 770 5303 ritatis
802 5243 1023 5317 glutino
1062 5242 1351 5313 connexis,
1381 5242 1649 5298 fratribus
1684 5259 1788 5315 per
1826 5242 2222 5299 Alexandriam

590 5344 648 5398 et
675 5341 982 5411 Egyptum
1004 5336 1246 5392 Domino
1278 5335 1678 5404 militantibus,
1714 5341 1770 5392 et
1801 5340 2017 5392 rectam
2047 5336 2222 5392 fidem

592 5432 919 5492 tenentibus
944 5432 1005 5488 in
1030 5429 1273 5487 Domino
1299 5432 1559 5486 salutem.

668 5550 696 5579 «
738 5526 1077 5583 Benedictus
1105 5526 1252 5580 Deus
1297 5528 1356 5579 et
1394 5525 1564 5579 Pater
1603 5522 1829 5579 Domini
1871 5523 2053 5580 nostri
2095 5525 2223 5581 Jesu

592 5621 820 5688 Christi,
858 5622 1023 5676 Pater
1047 5615 1591 5686 misericordiarum,
1620 5620 1679 5672 et
1707 5618 1855 5673 Deus
1877 5618 2051 5674 totius
2085 5635 2219 5676 con-

597 5713 889 5768 solutionis
923 5713 1022 5785 qui
1055 5712 1385 5768 consolatur
1418 5726 1524 5765 nos
1557 5710 1619 5765 in
1656 5711 1816 5766 omni
1855 5712 2223 5770 tribulatione

597 5807 808 5871 nostra,
834 5808 900 5859 ut
924 5805 1207 5875 possimus
1233 5808 1292 5859 et
1315 5802 1424 5875 ipsi
1442 5804 1724 5861 consolari
1750 5821 1847 5861 eos
1865 5806 1963 5879 qui
1982 5806 2043 5864 in
2064 5807 2225 5865 omni

2318 5069 2582 5128 pressura
2622 5055 2758 5108 sunt
2795 5066 2900 5124 per
2939 5048 3392 5106 exhortationem
3438 5058 3547 5115 qua
3583 5028 3877 5128 exhorffmf“:

2318 5149 2428 5222 ipsi
2443 5165 2478 5204 a
2499 5149 2610 5205 Deo
2632 5164 2646 5203 :
2671 5146 2940 5220 quoniam
2964 5144 3107 5200 sicut
3125 5141 3417 5199 abundant
3434 5132 3707 5223 passione?
3721 5112 3877 5223 (libris?

2321 5218 2380 5297 in
2406 5242 2589 5310 nobis,
2618 5218 2707 5296 ita
2727 5244 2787 5297 et
2813 5256 2921 5313 per
2942 5238 3229 5296 Christum
3253 5232 3505 5290 abundat
3522 5218 3795 5313 consolati?
3809 5218 3880 5313 n9:

2322 5339 2455 5391 stra.
2483 5307 2610 5391 Sive
2639 5307 2835 5391 autem
2857 5332 3198 5389 tribulamur
3218 5344 3321 5402 pro
3348 5327 3535 5381 vestra
3557 5307 3879 5405 θχὴοῐιειξξοηξ

2323 5432 2382 5485 et
2410 5430 2611 5499 salute,
2641 5429 2756 5485 sive
2783 5429 3153 5486 exhortamur
3194 5441 3298 5497 pro
3327 5423 3515 5475 vestra
3549 5401 3880 5499 exhormﬁf":c

2323 5529 2381 5581 et
2432 5525 2632 5590 salute,
2695 5539 2823 5596 quae
2882 5525 3153 5595 Operatur
3203 5512 3562 5574 tolerantiam
3612 5487 3881 5596 carnufici]:

2321 5618 2650 5692 passionum
2676 5584 2815 5691 quas
2841 5620 2900 5673 et
2920 5584 3027 5673 nos
3050 5613 3318 5688 patimur,
3345 5612 3409 5663 εὖ
3423 5619 3549 5678 spes
3567 5597 3740 5692 ηοέἒτδ
3758 5584 3885 5692 ﬁnis

2324 5717 2411 5768 est
2435 5728 2539 5785 pro
2568 5713 2722 5768 vobis
2754 5711 3016 5779 scientes,
3057 5708 3329 5782 quoniam
3371 5701 3514 5756 sicut
3555 5688 3696 5785 socii
3715 5686 3883 5785 pw'Z’

2322 5766 3095 5875 siceritis’et
3132 5792 3532 5860 consolationis
3565 5788 3632 5861 (Il
3661 5781 3764 5841 Cor.
3787 5788 3818 5841 ιι
3844 5766 3883 5829 ³ν
