4026 6166
165 257 238 309 229

1336 251 1805 306 DECRETALIUM
1844 251 2233 306 COLHCCTIO.

3343 261 3444 311 230

162 374 190 414 ,ί
211 362 334 429 δρψ).
365 379 388 408 n
422 380 446 404 «
476 359 686 425 Vetera,
733 356 1094 426 dilectissimi,
1131 358 1473 414 transierunt
1497 363 1553 415 et
1579 376 1709 415 ecce
1730 374 1787 447 Α
1810 359 1944 413 deos
1965 359 2229 414 discernit
2254 360 2472 427 (Psalm.
2502 376 2681 428 LXXXI,
2705 364 2824 429 1).»
2849 362 2949 416 Dei
2971 378 3109 434 ergo
3132 363 3444 418 ordinatio-

162 460 262 508 r'acta
279 455 392 505 sunt
412 468 564 505 nova.
587 451 793 506 Omnia
821 455 1011 506 autem
1035 468 1098 507 ex
1128 453 1238 508 Deo
1259 453 1357 524 qui
1375 453 1704 509 reconcilia-

159 551 207 600 vit
229 563 314 600 nos
335 545 429 599 sibi
456 563 553 614 per
571 545 872 613 Christum,
896 551 951 601 et
969 546 1129 601 dedit
1150 547 1310 601 nobis
1330 547 1707 603 ministerium

154 639 579 705 reconciliationis,
593 639 860 710 quoniam
874 640 1106 711 quidem
1120 641 1266 696 Deus
1283 645 1404 696 erat
1417 641 1475 695 in
1489 641 1708 697 Christo

153 733 372 788 mundum
401 732 761 787 reconcilians
800 734 926 804 sibi,
968 751 1085 789 non
1130 739 1402 806 reputans
1431 735 1538 789 illis
1564 735 1704 790 deli-

154 835 213 881 cta
231 825 619 900 ipsorum,
653 832 707 882 et
733 828 920 899 posuit
955 828 1012 882 in
1047 829 1210 884 nobis
1245 830 1482 884 verbum
1511 845 1708 884 recon-

151 920 411 985 ciliationis,
459 937 562 990 pro
607 921 828 976 Christo
884 938 1021 992 ergo
1073 923 1361 994 legatione
1412 923 1709 994 fungimur

150 1018 366 1080 tanquam
393 1010 500 1064 Deo
527 1011 857 1066 exhortante
889 1029 994 1083 per
1016 1028 1139 1066 nos.
1172 1011 1565 1080 Obsecramus,
1599 1030 1705 1084 pro

147 1105 315 1159 Christo
333 1103 762 1158 reconciliamini
782 1106 909 1160 Deo.
930 1107 1070 1159 Eum
1085 1106 1180 1176 qui
1197 1123 1310 1160 non
1327 1110 1562 1162 noverat
1574 1123 1703 1178 pec-

147 1202 304 1264 catum,
329 1214 421 1267 pro
447 1197 608 1252 nobis
636 1203 931 1268 peccatum
958 1198 1108 1268 fecit,
1136 1205 1199 1254 ut
1228 1216 1328 1254 nos
1349 1201 1708 1256 efﬁceremur

143 1291 308 1360 justitia
337 1292 422 1345 Dei
448 1291 505 1345 in
529 1292 674 1362 ipso.
708 1292 1054 1362 Adjuvantes
1085 1297 1278 1348 autem
1311 1294 1702 1363 exhortamur,

149 1401 197 1436 ne
213 1386 256 1436 in
274 1401 487 1438 vacuum
509 1385 754 1455 gratiam
781 1386 875 1440 Dei
896 1387 1182 1457 recipiatis
1225 1388 1316 1443 Ait
1334 1387 1488 1442 enim
1513 1405 1526 1443 :
1549 1390 1708 1444 Tem-

149 1495 246 1547 pore
269 1482 472 1548 accepto
498 1479 759 1532 exaudivi
787 1484 862 1548 te,
892 1484 949 1535 et
978 1481 1035 1535 in
1063 1481 1154 1535 die
1181 1482 1378 1536 salutis
1411 1482 1499 1553 adj
1511 1483 1600 1537 uvi
1628 1487 1704 1538 te.

147 1573 244 1624 Ecce
264 1588 392 1624 nunc
417 1575 644 1643 tempus
669 1574 1033 1643 acceptabile,
1063 1591 1190 1630 ecce
1216 1592 1369 1630 nunc
1408 1577 1527 1631 dies
1553 1579 1704 1631 salu-

146 1665 208 1718 tis.
229 1666 421 1720 Nemini
453 1667 651 1721 dantes
681 1667 859 1722 ullam
893 1669 1292 1737 offensionem,
1323 1673 1528 1725 utnon
1557 1671 1702 1725 vitu-

145 1764 320 1828 peretur
340 1760 711 1816 ministerium
736 1765 1012 1831 nostrum,
1042 1763 1141 1818 sed
1169 1764 1227 1817 in
1256 1764 1520 1820 omnibus
1549 1766 1702 1820 exhi-
1726 1753 1782 1826 B

145 1852 327 1907 beamus
337 1855 720 1926 nosmetipsos,
736 1855 878 1910 sicut
892 1856 993 1910 Dei
1006 1857 1316 1923 ministros,
1330 1858 1389 1912 in
1403 1859 1587 1914 multa
1604 1876 1702 1930 pa-

146 1944 310 2012 tientia,
339 1949 389 2000 in
417 1948 890 2018 tribulationibus,
935 1950 992 2005 in
1036 1951 1480 2022 necessitatibus,
1510 1952 1570 2007 in
1600 1970 1703 2008 an-

146 2041 309 2108 gustiis,
333 2042 382 2094 in
410 2041 611 2113 plagis,
652 2043 711 2097 in
742 2044 1078 2112 carceribus,
1121 2046 1179 2099 in
1220 2046 1614 2117 seditionibus,
1645 2047 1705 2102 in

144 2132 386 2202 laboribus,
430 2135 485 2189 in
529 2136 761 2206 vigiliis,
815 2139 872 2192 in
910 2138 1166 2210 jejuniis,
1217 2140 1275 2193 in
1319 2141 1594 2210 castitate,
1644 2142 1705 2196 in

146 2228 338 2296 scientia,
363 2230 416 2283 in
455 2231 890 2300 longanimitate
935 2236 991 2287 et
1045 2233 1342 2304 suavitate,
1389 2234 1449 2288 in
1495 2235 1706 2306 Spiritu

146 2327 308 2389 sancto,
340 2323 393 2376 in
427 2323 705 2379 charitate
728 2341 842 2379 non
870 2326 1023 2394 ficta,
1057 2326 1116 2380 in
1147 2327 1316 2382 verbo
1342 2329 1612 2397 veritatis,
1644 2329 1705 2384 in

147 2414 298 2468 virtute
321 2417 425 2486 Dei,
454 2435 557 2488 per
586 2435 749 2473 arma
761 2419 998 2490 justitiae
1020 2437 1053 2474 a
1071 2420 1278 2476 dextris
1299 2425 1357 2475 et
1384 2439 1416 2476 a
1441 2423 1702 2492 sinistris,

147 2523 218 2574 per
229 2510 435 2578 gratiam
453 2512 964 2583 etignobilitatem,
980 2530 1082 2585 per
1101 2514 1397 2570 infamiam
1419 2518 1477 2570 et
1495 2517 1704 2572 bonam

147 2600 320 2669 famam,
347 2611 400 2659 ut
426 2605 754 2661 seductores
783 2601 845 2661 et
865 2624 1109 2677 veraces,
1139 2610 1284 2664 sicut
1313 2611 1412 2682 qui
1441 2611 1622 2682 ignoti
1650 2614 1708 2665 et

147 2697 321 2766 cogniti,
341 2700 489 2768 quasi
507 2701 850 2771 morientes,
871 2707 926 2757 et
945 2718 1072 2758 ecce
1090 2702 1348 2771 vivimus,
1366 2711 1432 2760 ut
1449 2704 1705 2776 castigati

147 2793 277 2844 etnon
287 2793 1226 2868 mortificati,quasitristes,semper
1237 2802 1430 2853 autem
1461 2799 1707 2869 gauden-

149 2883 218 2947 tes,
233 2883 349 2940 sicut
369 2892 621 2956 egentes,
654 2888 864 2943 multos
895 2892 1087 2944 autem
1118 2890 1546 2962 locupletantes,
1575 2895 1704 2946 tan-

149 2978 400 3041 quamnihil
413 2981 690 3036 habentes
704 2985 761 3036 et
773 2983 968 3037 omnia
979 2984 1347 3054 possidentes.
1364 2985 1436 3039 Os
1449 2989 1706 3040 nostrum

149 3071 256 3134 patet
276 3071 334 3125 ad
357 3089 465 3142 vos,
496 3075 839 3144 charissimi,
863 3093 962 3131 cor
988 3081 1245 3132 nostrum
1273 3078 1574 3133 dilatatum
1603 3083 1706 3134 est.

149 3159 230 3214 Non
253 3168 637 3236 angustiamini
684 3170 744 3224 in
791 3171 1137 3238 carnalibus,
1167 3172 1573 3243 angustiamini
1615 3189 1710 3228 au-
1731 3130 1786 3204 Ο

148 3257 226 3307 tem
242 3256 287 3310 in
306 3259 698 3329 spiritualibus.
728 3264 1000 3321 Eamdem
1020 3270 1212 3321 autem
1232 3266 1504 3323 habentes
1523 3284 1711 3323 remu-

149 3351 445 3421 nerationem,
459 3361 554 3411 tan
563 3373 748 3427 quam
766 3357 894 3414 filiis
916 3358 1040 3414 dico
1059 3359 1376 3415 dilatamini
1394 3364 1451 3416 et
1466 3377 1584 3417 vos.
1609 3363 1710 3416 N0-

146 3441 211 3496 lite
225 3445 398 3518 jugum
419 3449 632 3506 ducere
654 3467 786 3506 cum
804 3452 1148 3510 inﬁdelibus.
1178 3455 1314 3518 Quae
1333 3460 1526 3510 autem
1541 3456 1710 3527 parti-

146 3535 294 3604 cipatio
308 3542 528 3611 justitiaa
555 3560 699 3600 cum
718 3544 1034 3618 iniquitate,
1061 3550 1161 3603 aut
1185 3565 1313 3620 quae
1344 3549 1582 3605 societas
1598 3549 1709 3604 luci

147 3627 193 3681 ad
207 3634 464 3692 tenebras?
483 3638 626 3702 Quae
648 3643 844 3694 autem
861 3642 1157 3697 conventio
1178 3642 1384 3698 Christi
1405 3643 1476 3698 ad
1499 3642 1709 3698 Belial?

146 3725 224 3778 Aut
253 3743 360 3797 quae
397 3747 521 3802 pars
557 3732 720 3788 ﬁdeli
761 3750 889 3790 cum
931 3735 1170 3802 infideli,
1200 3737 1326 3808 quis
1352 3739 1543 3792 autem
1573 3753 1707 3792 con-

148 3830 290 3873 sensus
313 3826 507 3896 templo
546 3827 652 3882 Dei
681 3844 810 3882 cum
837 3827 1039 3884 idolis?
1071 3831 1179 3885 Vos
1205 3831 1360 3885 enim
1405 3829 1538 3886 estis
1564 3833 1707 3886 tem-

149 3910 261 3977 plum
276 3916 491 3991 Deivivi,
507 3921 659 3976 sicut
678 3921 814 3977 dicit
833 3923 1124 3979 Dominus.
1138 3925 1415 3989 Quoniam
1435 3925 1711 3979 inhabita-

147 4000 197 4055 bo
217 4006 262 4061 in
279 4009 390 4080 illis,
412 4019 466 4068 et
482 4015 878 4086 inambulabo,
901 4023 959 4072 et
978 4034 1074 4072 ero
1091 4019 1313 4074 illorum
1336 4019 1502 4088 Deus,
1527 4023 1583 4073 et
1603 4019 1711 4090 ipsi

147 4108 269 4156 erunt
290 4106 416 4161 mihi
445 4111 711 4182 populus,
740 4115 976 4182 propter
1020 4112 1176 4183 quod
1222 4113 1368 4168 exite
1411 4113 1481 4167 de
1522 4114 1712 4168 medio

147 4204 306 4266 εῦωω,
335 4205 386 4256 et
410 4205 750 4274 separamini
777 4206 846 4259 de
877 4205 1070 4260 medio
1099 4223 1320 4277 eorum,
1365 4207 1500 4262 dicit
1519 4205 1709 4262 Domi-

146 4293 658 4353 nus,etimmundum
681 4314 752 4353 ne
768 4299 1086 4371 tetigeritis,
1101 4305 1158 4356 et
1177 4317 1284 4372 ego
1303 4300 1580 4372 recipiam
1594 4317 1708 4371 vos,

149 4382 188 4429 el
205 4396 279 4436 ero
299 4389 437 4444 vobis
459 4392 519 4446 in
542 4397 790 4464 patrem,
817 4399 874 4448 et
909 4411 1010 4448 vos
1037 4395 1194 4450 eritis
1225 4395 1370 4449 mihi
1398 4395 1458 4448 in
1489 4395 1630 4450 filios
1658 4398 1715 4449 et

1810 469 1940 507 nem
1975 455 2217 517 accusat,
2251 453 2348 523 qui
2376 453 2668 525 episc0pos
2711 460 2932 509 accusat
2971 456 3056 511 vel
3101 457 3440 512 condemnat

1809 545 1946 600 dum
1970 546 2162 599 minus
2189 545 2500 616 spiritualia
2525 564 2694 618 quam
2720 553 2943 603 terrena
2967 554 3233 604 sectatur.
3261 551 3441 605 Causa

1810 639 1964 693 enim
1996 639 2124 694 fidei
2148 644 2204 693 et
2223 639 2539 694 dilectionis
2567 641 2774 712 quibus
2799 642 2949 696 salus
2968 642 3286 697 Christiana
3314 660 3443 698 con-

1809 733 1970 799 sistit,
2019 734 2196 787 multa
2238 749 2331 788 me
2390 733 2768 790 sollicitudine
2821 735 3075 790 laborare
3127 737 3440 807 compellit,

1808 832 2158 882 metuentem
2180 843 2250 882 ne
2273 827 2517 898 pravitas
2535 844 2663 898 qua:
2684 828 2740 882 in
2760 829 2871 882 suis
2887 830 3074 883 fuerat
3093 831 3438 901 amputanda

1807 920 2119 992 principiis,
2135 937 2398 992 processu
2420 922 2713 992 temporis,
2737 925 2792 977 et
2812 922 3156 994 pertinacior
3171 924 3275 978 fiat
3292 927 3348 978 et
3363 925 3440 978 al-

1809 1014 1937 1069 tior.
1974 1016 2116 1069 Nam
2139 1015 2434 1070 inimicum
2454 1015 2626 1070 nimis
2647 1021 2731 1070 est
2751 1021 2921 1087 atque
2946 1016 3324 1088 incongruum
3347 1034 3442 1073 eos

1809 1108 1904 1178 qui
1933 1110 2228 1180 episcopos
2253 1110 2340 1164 vel
2368 1109 2613 1182 reliquos
2642 1126 2801 1165 veros
2831 1110 3154 1166 sacerdotes
3181 1127 3284 1166 sua
3313 1128 3440 1184 per-

1809 1203 2099 1258 secutione
2158 1207 2404 1269 vexant,
2468 1203 2876 1259 catholicorum
2932 1203 3257 1259 nominibus
3322 1205 3441 1261 sine

1809 1296 2149 1352 discretione
2176 1297 2424 1366 misceri,
2447 1313 2574 1352 cum
2590 1298 2716 1368 jam
2742 1301 2932 1352 natam
2954 1297 3306 1369 impietatem
3327 1315 3442 1354 non

1807 1390 2154 1460 deserentes,
2189 1391 2295 1462 ipsi
2343 1408 2442 1446 sua
2485 1392 2763 1462 pravitate
2794 1392 3265 1458 condemnantur,
3300 1409 3442 1462 quos

1807 1485 2070 1539 convenit
2095 1486 2321 1556 percelli
2344 1503 2446 1557 pro
2469 1485 2730 1557 perﬁdia,
2750 1491 2848 1540 aut
2869 1485 3094 1540 liberari
3117 1503 3218 1556 pro
3258 1486 3439 1554 venia,

1805 1579 1935 1650 quia
1975 1579 2119 1633 sicut
2155 1581 2384 1650 plenum
2425 1580 2650 1651 pietatis
2679 1585 2761 1635 est
2799 1580 3083 1651 oppressis
3108 1579 3440 1635 charitatem

1807 1672 2162 1727 Dominicam
2187 1673 2372 1740 reddi,
2401 1673 2479 1728 ita
2493 1674 2716 1743 justum
2745 1677 2829 1728 est
2854 1673 3044 1728 omnia
3060 1673 3442 1744 perturbantis

1806 1767 2196 1822 auctoritatem
2225 1767 2528 1839 amputari.
2561 1767 2745 1833 Miror,
2768 1767 3099 1836 charissimi,
3131 1784 3305 1837 quare
3324 1772 3438 1821 tam

1807 1861 1916 1915 cito
1942 1861 2271 1929 movemini,
2303 1867 2473 1933 atque
2517 1878 2548 1915 a
2595 1866 2776 1915 vestro
2807 1877 2972 1915 sensu
3015 1859 3438 1927 transferimini,

1806 1971 1938 2008 cum
1984 1954 2260 2025 scriptum
2306 1954 2411 2008 sit:
2447 1975 2474 2001 ‹‹
2501 1955 2632 2008 Post
2658 1953 3139 2024 concupiscentias
3164 1957 3289 2008 tuas
3325 1969 3436 2008 non

1806 2065 1922 2116 eas,
1957 2051 2014 2101 et
2045 2065 2076 2100 a
2106 2048 2390 2102 voluntate
2436 2051 2532 2100 tua
2579 2050 2852 2100 avertere.
2887 2045 2944 2100 Si
2975 2049 3203 2116 przrstes
3231 2047 3437 2100 animm

1807 2145 1918 2195 tua:
1945 2140 2426 2212 concupiscentias
2453 2141 2595 2211 ejus,
2624 2140 2791 2194 faciet
2812 2143 2864 2193 te
2881 2140 2937 2194 in
2958 2140 3232 2210 gaudium
3251 2140 3438 2194 inimi-

1808 2235 1886 2288 cis
1917 2235 2046 2289 tuis.
2075 2237 2153 2289 l\'e
2177 2234 2475 2289 oblecteris
2493 2234 2551 2287 in
2573 2233 2773 2302 turbis,
2794 2249 2898 2287 nec
2919 2233 2979 2287 in
3000 2233 3252 2288 modicis.
3273 2233 3442 2288 Adest

1806 2329 1962 2383 enim
1985 2328 2308 2383 commissio
2337 2328 2589 2385 illorum.
2619 2328 2698 2381 Ne
2717 2326 2891 2382 fueris
2911 2326 3210 2381 mediocris
3231 2327 3288 2381 in
3310 2344 3442 2382 con-

1807 2423 2059 2478 tentione
2103 2439 2170 2477 ex
2217 2423 2435 2491 fenore,
2465 2427 2520 2476 et
2544 2437 2658 2476 non
2689 2425 2770 2474 est
2796 2420 2899 2475 tibi
2944 2420 3086 2474 nihil
3114 2420 3174 2474 in
3207 2422 3438 2476 saeculo.

1807 2518 1928 2572 Eris
1949 2517 2101 2570 enim
2129 2516 2350 2570 invidus
2377 2520 2488 2569 tua:
2513 2515 2659 2569 vitae.
2711 2511 3010 2584 Operarius
3045 2513 3300 2569 ebriosus
3327 2531 3441 2570 non

1807 2609 2258 2680 locupletabitur,
2290 2614 2345 2663 et
2366 2609 2462 2680 qui
2494 2607 2712 2679 spernit
2740 2606 2963 2660 modica
2989 2607 3260 2676 paulatim
3285 2606 3436 2662 deci-

1809 2703 1924 2771 det,
1977 2706 2034 2757 et
2080 2703 2348 2757 mulieres
2385 2705 2706 2774 apostatare
2762 2701 2979 2754 faciunt
3029 2700 3334 2771 sapientes,
3385 2706 3442 2756 et

1807 2801 2060 2869 arguunt
2088 2801 2363 2865 sensatos,
2410 2802 2466 2850 et
2507 2796 2606 2868 qui
2645 2811 2704 2850 se
2738 2794 2933 2866 jungit
2969 2793 3286 2848 fornicariis
3335 2795 3443 2850 erit

1811 2907 2090 2962 nequam;
2124 2891 2360 2962 putredo
2391 2894 2448 2945 et
2474 2889 2681 2944 vermis
2706 2887 3131 2944 haereditabunt
3162 2888 3347 2956 illum,
3386 2893 3444 2943 et

1811 2986 2110 3040 extolletur
2129 2985 2188 3039 in
2209 2985 2535 3056 exemplum
2560 2983 2767 3055 majus,
2791 2987 2847 3038 et
2863 2983 3095 3038 tolletur
3113 2982 3181 3037 de
3201 2998 3442 3038 numero

1811 3079 2006 3134 anima
2036 3079 2178 3150 ejus.
2210 3078 2316 3142 Qui
2344 3077 2526 3132 credit
2550 3078 2660 3132 cito
2687 3076 2822 3133 levis
2847 3077 3015 3132 corde
3043 3080 3147 3144 est,
3179 3081 3233 3131 et
3257 3076 3439 3133 mino-

1811 3174 2051 3239 rabitur,
2089 3179 2146 3227 et
2174 3173 2271 3244 qui
2305 3171 2584 3243 delinquit
2613 3172 2672 3226 in
2709 3171 2962 3226 animam
3006 3187 3166 3226 suam
3209 3171 3445 3244 insuper

1810 3267 2134 3323 habebitur.
2184 3265 2289 3330 Qui
2337 3267 2545 3336 gaudet
2593 3265 2889 3338 iniquitate
2933 3263 3330 3334 denotabitur;
3389 3271 3446 3321 et

1809 3362 1910 3434 qui
1956 3362 2076 3417 odit
2116 3361 2534 3432 correptionem
2573 3361 2866 3416 minuetur
2910 3359 3036 3414 vita.
3072 3359 3138 3413 Et
3185 3358 3281 3430 qui
3326 3360 3443 3414 odit

1809 3456 2229 3527 loquacitatem,
2261 3454 2567 3526 exstinguit
2602 3453 3308 3524 malitiam.Quipeccatin
3329 3453 3446 3508 ani-

1810 3566 1967 3605 mam
1996 3567 2154 3605 suam
2185 3548 2499 3620 paenitebit,
2535 3553 2593 3603 et
2628 3549 2723 3620 qui
2749 3546 3099 3618 jucundatur
3137 3547 3196 3601 in
3228 3548 3444 3604 malitia

1812 3643 2189 3699 denotabitur.
2212 3645 2291 3698 Ne
2318 3643 2486 3698 iteres
2512 3641 2749 3696 verbum
2777 3657 3028 3711 nequam
3056 3645 3112 3695 et
3137 3641 3364 3712 durum,
3389 3646 3445 3697 et

1809 3756 1927 3794 non
1974 3736 2367 3792 minoraberis.
2411 3734 2606 3790 Amico
2644 3738 2701 3790 et
2742 3733 2975 3788 inimico
3018 3734 3133 3788 noli
3179 3749 3443 3791 enarrare

1813 3848 2042 3888 sensum
2071 3836 2256 3897 tuum,
2289 3834 2346 3883 et
2370 3829 2415 3883 si
2445 3831 2530 3882 est
2550 3829 2651 3882 tibi
2677 3828 2962 3894 delictum,
2987 3828 3103 3882 noli
3132 3828 3442 3883 denudare.

1811 3926 2014 3981 Audiet
2042 3925 2196 3980 enim
2227 3928 2302 3991 te,
2335 3928 2394 3978 et
2422 3921 2707 3977 custodiet
2731 3924 2806 3988 te,
2845 3926 2919 3988 et,
2941 3921 3100 3993 quasi
3133 3921 3446 3978 defendens

1812 4023 2129 4091 peccatum,
2159 4017 2317 4073 odiet
2334 4021 2405 4087 te,
2432 4021 2490 4071 et
2507 4015 2582 4070 sic
2600 4014 2916 4070 adhaarebit
2939 4014 3041 4069 tibi
3063 4031 3306 4087 semper.
3328 4019 3442 4072 Au-

1813 4115 1943 4169 disti
1962 4113 2198 4167 verbum
2219 4112 2486 4166 adversus
2500 4109 2825 4181 proximum
2840 4107 2867 4162 ?
2888 4109 3302 4164 commoriatur
3316 4111 3376 4165 in
3391 4116 3445 4167 te

1812 4209 1993 4264 tidens
2010 4207 2283 4279 quoniam
2305 4222 2414 4260 non
2435 4210 2489 4259 te
2507 4205 2846 4275 disrumpet,
2863 4219 2896 4257 a
2916 4203 3060 4257 facie
3082 4204 3239 4259 verbi
3258 4209 3448 4276 partu-

1814 4302 1886 4358 rit
1914 4302 2124 4368 fatuus,
2155 4305 2428 4371 tanquam
2456 4298 2706 4370 gemitus
2733 4301 2924 4368 partus
2947 4297 3203 4352 infantis.
3238 4298 3448 4370 Sagitta

1813 4396 1982 4450 inﬁxa
2009 4395 2215 4450 femori
2238 4393 2443 4460 carnis,
2466 4392 2544 4447 sic
2567 4391 2803 4446 verbum
2832 4390 2890 4444 in
2921 4390 3091 4445 corde
3111 4392 3284 4446 stulti.
3308 4394 3444 4448 Cor-

148 4470 264 4545 filias,
287 4480 405 4537 dicit
432 4486 717 4541 Dominus
757 4488 1029 4559 optimus.
1073 4490 1180 4543 Has
1228 4489 1404 4560 igitur
1445 4490 1714 4544 habentes
1733 4505 1792 4577 D
1815 4491 1937 4562 ripe
1963 4490 2229 4557 amicum,
2264 4505 2336 4542 ne
2380 4488 2528 4541 forte
2570 4502 2698 4539 cum
2733 4483 2928 4539 fecerit
2951 4484 3219 4555 injuriam
3250 4490 3308 4540 et
3332 4503 3448 4542 non

147 4573 496 4648 Pmmissiones,
542 4581 887 4650 charissimi,
934 4583 1282 4638 mundemus
1312 4601 1416 4639 nos
1443 4584 1514 4638 ab
1555 4583 1715 4638 omni

147 4658 511 4729 imlllillamcnto
536 4674 724 4728 carnis
751 4678 810 4729 et
831 4675 1081 4746 spiritus,
1112 4677 1470 4748 perﬁcientes
1511 4677 1713 4732 sancti-

148 4749 408 4818 ﬁcationem
431 4765 489 4820 in
519 4767 730 4822 timore
759 4769 859 4822 Dei
889 4769 962 4838 (II
985 4769 1104 4826 Cor.
1137 4787 1191 4838 v,
1231 4774 1382 4825 17-21
1407 4788 1420 4838 ;
1455 4788 1529 4839 v1,
1558 4775 1678 4826 l-l8
1696 4789 1712 4841 ;

150 4859 215 4913 ηις
251 4853 306 4920 l).
343 4880 368 4902 η
399 4860 664 4915 Errorem
690 4865 941 4916 vestrum
969 4863 1262 4936 corrigite,
1302 4865 1529 4932 fratres,
1562 4869 1621 4919 et
1647 4865 1716 4918 ab

150 4945 263 4998 omni
281 4953 470 5007 erroris
486 4956 710 5010 macula
724 4972 822 5011 vos
835 4958 1131 5029 custodite,
1148 4963 1212 5013 ut
1230 4975 1439 5030 purum
1463 4960 1572 5014 Deo
1597 4975 1718 5014 mu-

148 5047 224 5087 nus
244 5042 423 5100 offerre
449 5049 709 5104 valeatis.
738 5050 938 5106 Servos
966 5052 1066 5106 Dei
1085 5053 1257 5107 nolite
1283 5052 1568 5124 persequi.
1593 5054 1720 5123 Epi-

151 5141 298 5200 3'30pos
315 5140 477 5194 nolite
497 5142 780 5200 infamare
803 5161 987 5217 neque
1007 5163 1287 5216 accusare,
1306 5147 1439 5219 quia
1459 5148 1604 5202 Deus
1623 5164 1720 5202 eos

150 5236 220 5275 Suo
235 5227 422 5295 judicio
447 5237 628 5290 voluit
664 5241 963 5294 reservari.
993 5242 1151 5305 Quod
1185 5241 1339 5296 enim
1367 5258 1481 5296 non
1511 5241 1580 5295 ab
1607 5242 1716 5296 hu-

149 5320 302 5390 maniS,
329 5332 419 5380 aut
445 5347 634 5400 pravae
665 5333 792 5388 vitae
819 5334 1146 5389 hominibus
1171 5352 1268 5389 eos
1294 5335 1721 5406 depravari,aut

149 5419 341 5503 fletusari
359 5423 547 5491 voluit,
573 5425 688 5496 ipse
711 5427 870 5483 dedit
888 5429 1234 5500 exemplum,
1257 5429 1486 5500 quando
1507 5447 1612 5501 per
1633 5446 1716 5486 se-

151 5514 290 5568 Ψειιω
315 5518 365 5568 et
390 5531 500 5570 non
527 5534 630 5589 per
653 5521 846 5590 alium,
877 5523 1237 5593 negotiantes
1267 5523 1434 5594 ejecit
1462 5524 1718 5579 sacerdo-

149 5597 209 5647 les
229 5601 286 5656 de
309 5611 532 5681 templo,
583 5619 638 5670 et
681 5632 905 5672 mensas
949 5617 1468 5673 nummulariorum
1494 5617 1724 5690 proprio

149 5696 301 5785 θῖέτίίῐ
321 5700 562 5776 ﬂagello,
594 5713 652 5764 et
670 5710 838 5780 ejecit
856 5711 925 5766 de
942 5712 1179 5785 templo,
1205 5715 1263 5768 et
1284 5713 1431 5768 sicut
1448 5712 1584 5767 alibi
1605 5713 1685 5768 ait
1706 5728 1721 5768 :

149 5799 167 5831 ι
191 5784 303 5846 Deus
322 5798 468 5854 stetit
496 5800 555 5855 in
602 5820 898 5878 synagoga
933 5784 1195 5877 deorum,
1227 5807 1286 5864 in
1313 5806 1502 5865 medio
1530 5811 1725 5864 autem

1815 4583 2177 4650 intellexerit,
2210 4582 2388 4636 dicat:
2409 4582 2528 4634 Non
2553 4579 2678 4645 feci,
2704 4583 2802 4632 aut
2831 4578 2874 4631 si
2906 4577 3120 4644 fecerit,
3147 4595 3218 4633 ne
3237 4578 3446 4636 iterum

1816 4680 1989 4735 addat
2008 4679 2216 4733 facere.
2241 4675 2473 4745 Corripe
2490 4673 2818 4745 proximum
2839 4688 2910 4725 ne
2931 4672 3077 4726 forte
3095 4689 3209 4726 non
3225 4673 3446 4745 dixerit,

1818 4778 1877 4828 et
1901 4773 1948 4827 si
1975 4771 2196 4839 dixerit,
2224 4786 2298 4823 ne
2343 4768 2486 4822 forte
2535 4768 2721 4821 iteret.
2750 4762 2979 4836 Corripe
3003 4765 3270 4834 amicum,
3299 4785 3449 4839 smpe

1820 4867 1977 4922 enim
2004 4866 2071 4919 ﬁt
2100 4861 2438 4929 commissio,
2481 4866 2537 4916 et
2573 4877 2689 4915 non
2731 4859 2887 4914 omni
2916 4859 3084 4914 verbo
3111 4861 3322 4916 credas.
3357 4863 3451 4918 Est

1821 4961 1920 5034 qui
1950 4959 2158 5014 labitur
2194 4957 2254 5011 in
2292 4957 2492 5027 lingua
2525 4971 2643 5022 sua,
2683 4953 2780 5008 sed
2813 4969 2930 5008 non
2967 4970 3029 5008 ex
3065 4953 3276 5010 animo.
3315 4955 3450 5020 Quis

1821 5058 1909 5110 est
1929 5053 2082 5109 enim
2108 5052 2205 5124 qui
2231 5068 2345 5107 non
2377 5047 2681 5121 deliquerit
2724 5047 2784 5101 in
2829 5047 3028 5119 lingua
3054 5051 3193 5103 sua?
3221 5050 3452 5122 Corripe

1820 5147 2148 5222 proximum
2169 5148 2480 5217 antequam
2500 5140 2884 5211 commincris,
2900 5145 2957 5196 et
2977 5141 3047 5196 da
3060 5143 3246 5198 locum
3261 5143 3453 5199 timori

1821 5241 2112 5312 Altissimi,
2131 5241 2266 5312 quia
2285 5239 2472 5294 omnis
2493 5237 2768 5309 sapientia
2793 5240 2849 5290 et
2876 5236 3110 5291 scientia
3136 5237 3309 5292 timor
3331 5237 3446 5304 Dei,

1823 5340 1881 5393 et
1904 5337 1964 5391 in
1991 5335 2088 5390 illa
2110 5339 2195 5390 est
2214 5334 2417 5389 timere
2439 5333 2640 5398 Deum,
2663 5335 2720 5385 et
2736 5330 2794 5384 in
2813 5329 2969 5384 omni
2984 5331 3257 5401 sapientia
3273 5330 3454 5400 dispo-

1824 5430 1952 5487 sitio
1979 5429 2143 5501 legis.
2185 5429 2308 5483 Non
2333 5429 2418 5483 est
2442 5423 2720 5498 sapientia
2749 5440 2936 5495 neque
2968 5423 3218 5492 scientia,
3253 5427 3309 5477 et
3341 5438 3452 5477 non

1826 5528 1913 5580 est
1982 5523 2262 5596 cogitatus
2316 5522 2538 5588 bonus,
2609 5519 2718 5574 nisi
2782 5518 2841 5572 in
2911 5517 3027 5571 illa.
3090 5517 3453 5570 Peccatorum

1825 5617 2131 5691 prudentia
2157 5619 2243 5672 est
2264 5615 2538 5687 nequitia,
2553 5615 2610 5668 et
2629 5613 2686 5667 in
2707 5612 2829 5683 ipsa
2849 5608 3177 5674 exsecratio,
3192 5611 3248 5662 et
3267 5613 3347 5664 est
3366 5609 3453 5664 in-

1827 5712 2057 5785 sipiens,
2091 5711 2188 5784 qui
2218 5707 2577 5766 imminuitur
2617 5703 2914 5778 sapientia.
2955 5701 3148 5758 Melior
3175 5706 3261 5759 est
3283 5703 3458 5761 homo

1828 5806 1926 5881 qui
1975 5806 2164 5863 deﬁcit
2207 5803 2498 5877 sapientia,
2546 5806 2603 5856 et
2640 5797 2906 5854 deﬁciens
2949 5811 3118 5853 sensu
3156 5796 3216 5855 in
3255 5799 3460 5860 timore
