4026 6166
610 254 703 306 231
1495 238 1780 295 APPEND.
1821 236 1911 293 AD
1950 236 2112 291 SA-LC.
2147 233 2231 297 1X.
2265 265 2333 274 —
2366 234 2609 291 ISIDORI
2648 234 3072 292 MERCATORIS
3804 255 3874 305 23.3

606 372 777 428 quam
809 353 907 425 qui
936 350 1188 406 abundat
1213 364 1401 418 sensu,
1425 352 1482 402 et
1506 346 1921 419 transgreditur
1940 347 2125 415 legem
2141 347 2231 400 ΑΙ·
2257 356 2316 428 Α
2338 343 2553 399 militer
2572 344 2934 399 obsecramur
2950 361 3045 398 vos
3066 344 3124 398 in
3147 344 3378 401 Domino
3399 346 3667 419 «utdigue
3682 353 3879 410 ambule.

608 448 833 503 tissimi.
865 448 963 500 Est
987 443 1215 499 solertia
1241 446 1411 511 certa,
1443 445 1499 495 et
1536 441 1658 512 ipsa
1698 440 1914 511 iniqua,
1947 444 2005 493 et
2033 444 2116 493 est
2141 442 2237 511 qui
2341 438 2413 493 tis
2442 438 2732 492 vocatione
2772 455 2883 507 qua
2909 438 3084 492 vocati
3117 439 3249 493 estis
3287 456 3411 493 cum
3449 442 3593 496 omni
3627 444 3880 503 humilitate

609 541 816 598 emittit
843 539 1077 594 verbum
1103 540 1326 592 certum
1366 552 1636 591 enarrans
1666 534 1980 589 veritatem.
2026 534 2119 588 Est
2145 534 2242 604 qui
2342 532 3009 599 etmausuetudine,cum
3028 533 3302 603 patientia
3320 533 3546 589 invicem
3561 542 3882 608 supportanlcs

606 635 872 707 nequiter
914 632 1176 686 humiliat
1219 646 1298 696 se,
1345 633 1401 683 et
1442 628 1710 682 interiora
1747 627 1867 697 ejus
1906 627 2073 697 plena
2110 632 2242 682 sunt
2340 625 2398 678 in
2444 625 2737 696 charitate,
2782 625 3004 680 solliciti
3048 643 3267 681 servare
3313 627 3575 682 unitatem
3621 631 3810 701 spiritus
3842 636 3882 688 in

607 730 756 784 dolo.
791 729 857 782 Et
881 732 965 780 est
987 726 1174 796 justus
1200 723 1298 794 qui
1324 738 1382 776 se
1414 721 1658 774 nimium
1692 720 1975 774 submittit
2000 736 2033 774 a
2061 722 2241 775 multa
2338 719 2564 772 vinculo
2592 719 2768 789 pacis,
2799 736 2981 773 unum
3013 736 3218 791 corpus
3256 726 3311 775 et
3341 738 3479 775 unus
3522 722 3742 793 spiritus,
3782 728 3885 781 sicut

604 821 944 886 humilitate,
976 824 1033 872 et
1061 822 1144 873 est
1162 817 1350 887 justus
1392 815 1487 885 qui
1520 814 1755 869 inclinat
1794 813 2018 880 faciem,
2048 818 2104 868 et
2128 815 2237 866 ﬁn-
2322 812 2519 866 .vocati
2550 813 2683 866 estis
2725 812 2784 866 in
2812 830 2928 867 una
2967 830 3067 883 spe
3096 814 3405 868 vocationis
3428 818 3629 881 vestrae,
3662 834 3781 873 unus
3802 821 3883 874 Do-

606 916 692 986 git
719 931 835 969 non
864 912 1055 966 videre
1094 927 1151 964 se
1193 909 1344 980 quod
1380 908 1704 979 ignoratum
1734 912 1836 961 est.
1864 908 1932 961 Et
1964 905 2008 960 si
2036 907 2104 961 ab
2131 907 2238 960 im-
2340 906 2550 972 minus,
2576 923 2690 960 una
2717 906 2879 974 ﬁdes,
2901 923 3083 960 unum
3112 907 3414 977 baptisma,
3444 924 3582 962 unus
3604 910 3887 976 Deus,etPa-

604 1006 907 1061 becillitate
936 1004 1141 1057 virium
1166 1006 1387 1056 vetetur
1412 1016 1666 1071 peccare,
1696 1000 1741 1053 si
1772 1000 2057 1053 invenerit
2092 1005 2237 1054 tem-
2340 1002 2426 1052 ter
2456 998 2734 1066 omnium,
2754 1000 2851 1070 qui
2874 1016 3043 1069 super
3065 1017 3285 1067 omnes,
3309 1006 3365 1054 et
3382 1017 3482 1071 per
3512 1003 3704 1072 omnia,
3725 1005 3771 1057 in
3795 1023 3885 1059 om-

606 1117 711 1170 pus
752 1096 1142 1152 malefaciendi
1192 1093 1523 1149 malefaciet.
1577 1094 1659 1146 Ex
1708 1093 1829 1147 visu
1879 1093 2242 1163 cognoscitur
2340 1093 2507 1145 nibus
2524 1093 2707 1146 nobis.
2728 1093 3042 1163 Unicuique
3062 1099 3251 1147 autem
3269 1097 3516 1148 nostrum
3538 1095 3739 1151 dataest
3755 1102 3887 1167 gratia

602 1193 707 1259 vir,
738 1197 794 1246 et
820 1192 889 1244 ab
916 1205 1151 1244 occursu
1179 1188 1341 1243 faciei
1372 1186 1729 1258 cognoscitur
1772 1192 2046 1253 sensatus,
2094 1186 2238 1240 ami-
2340 1187 2650 1241 secundum
2666 1203 2992 1241 mensuram
3008 1187 3330 1242 donationis
3345 1188 3886 1261 Christi,propterquod

603 1292 725 1340 ctus
751 1283 1004 1355 corporis
1030 1286 1086 1337 et
1114 1282 1258 1336 risus
1287 1281 1568 1347 dentium,
1590 1285 1647 1334 et
1676 1279 1969 1350 ingressus
1989 1279 2240 1334 hominis
2340 1278 2475 1333 dicit
2498 1297 2511 1334 :
2536 1280 2859 1334 Ascendens
2884 1280 2943 1333 in
2971 1282 3150 1335 altum
3182 1280 3459 1352 captivam
3492 1282 3642 1336 duxit
3665 1284 3885 1353 captivita-

604 1379 863 1435 enuntiat
887 1377 958 1431 de
988 1377 1104 1430 illo.
1128 1376 1224 1430 Est
1244 1374 1527 1444 correptio
1550 1373 1796 1428 mendax
1827 1372 1884 1427 in
1918 1390 2015 1427 ore
2044 1379 2240 1428 contu-
2338 1376 2476 1439 tem,
2506 1373 2665 1427 dedit
2691 1373 2843 1427 bona
2887 1374 3238 1429 hominibus.
3275 1374 3435 1438 Quod
3470 1380 3649 1429 autem
3676 1377 3883 1439 ascendit,

604 1468 1272 1541 meliosietestjudicium
1284 1467 1564 1538 quodnon
1576 1466 1983 1537 probaturesse
1995 1467 2235 1534 bonum,
2337 1466 2474 1538 quid
2501 1471 2586 1520 est
2615 1466 2724 1521 nisi
2749 1467 2884 1538 quia
2911 1471 2968 1522 et
2998 1467 3288 1522 descendit
3312 1467 3558 1538 primum
3582 1468 3635 1523 in
3658 1470 3886 1523 inferiores

602 1570 659 1621 et
689 1569 774 1620 est
804 1569 1011 1630 tacens,
1041 1565 1098 1617 et
1124 1561 1241 1633 ipse
1268 1566 1351 1615 est
1376 1560 1647 1631 prudens.
1693 1559 1875 1623 Quam
1906 1560 2122 1614 bonum
2156 1564 2240 1614 est
2336 1564 2524 1630 partes
2556 1564 2741 1615 terras.
2775 1561 2881 1625 Qui
2921 1560 3215 1615 descendit
3252 1561 3370 1632 ipse
3400 1565 3484 1615 est
3509 1566 3562 1616 et
3586 1561 3675 1632 qui
3699 1564 3887 1616 ascendit

604 1676 849 1730 arguere
877 1672 1048 1728 quam
1070 1654 1250 1721 irasci,
1279 1660 1335 1709 et
1363 1653 1731 1708 confitentem
1758 1653 1816 1706 in
1839 1653 2094 1708 oratione
2124 1670 2237 1707 non
2337 1670 2506 1724 super
2542 1670 2741 1708 omnes
2771 1655 2960 1722 coelos,
3005 1657 3070 1708 ut
3108 1654 3448 1726 adimpleret
3481 1654 3675 1709 omnia.
3716 1657 3771 1709 Et
3802 1656 3884 1725 ipse

601 1750 940 1826 prohibere!
972 1747 1435 1820 Concupiscentia
1454 1746 1724 1818 spadonis
1753 1746 2129 1818 devirginavit
2147 1746 2237 1817 ju-
2256 1741 2312 1813 B
2336 1746 2489 1801 dedit
2528 1747 2806 1817 quosdam
2845 1747 3083 1818 quidem
3127 1749 3436 1819 apostolos,
3473 1748 3725 1819 quosdam
3746 1753 3883 1801 autem

600 1847 919 1912 venculam,
953 1844 1031 1897 sic
1073 1842 1173 1913 qui
1200 1840 1337 1895 facit
1366 1858 1468 1911 per
1494 1840 1609 1894 vim
1635 1840 2233 1911 judiciuminiquum.
2336 1840 2667 1911 prophetas,
2689 1840 2824 1894 alios
2844 1857 2974 1896 vero
2995 1842 3387 1912 evangelistas,
3413 1842 3547 1896 alios
3566 1845 3733 1896 autem
3754 1846 3886 1912 pastu-

602 1942 786 2004 Quam
806 1940 1025 1993 bonum
1047 1940 1131 1990 est
1146 1937 1403 2005 correpto
1424 1934 1787 1988 manifestare
1814 1934 2231 2005 paenitentiam,
2336 1950 2429 1987 res
2472 1939 2527 1989 et
2561 1934 2816 1988 doctores
2860 1935 2931 1989 ad
2972 1935 3522 1990 consummationem
3550 1940 3821 1989 sanctorum
3844 1935 3881 1986 in

599 2035 677 2088 sic
705 2033 860 2087 enim
889 2029 1124 2101 effugies
1152 2027 1528 2082 voluntarium
1574 2031 1891 2097 peccatum.
1926 2028 2019 2081 Est
2043 2033 2234 2082 tacens
2338 2043 2480 2098 opus
2524 2028 2840 2095 ministerii,
2878 2028 2938 2082 in
2985 2028 3420 2083 azdiﬁcationem
3450 2030 3680 2099 corporis
3715 2028 3882 2091 Christi,

602 2127 700 2197 qui
724 2124 1012 2180 invenitur
1036 2122 1277 2193 sapiens,
1313 2126 1370 2174 et
1399 2126 1483 2175 est
1511 2120 1735 2174 odibilis
1773 2120 1869 2191 qui
1914 2136 2122 2191 procax
2151 2126 2236 2175 est
2335 2122 2518 2176 donec
2550 2138 2913 2177 occurramus
2941 2139 3141 2178 omnes
3167 2123 3227 2177 in
3252 2123 3529 2177 unitatem
3552 2122 3688 2190 fidei,
3709 2127 3756 2175 et
3771 2121 3884 2191 agni-

597 2220 665 2273 ad
689 2217 1062 2288 loquendum.
1084 2216 1180 2268 Est
1200 2217 1394 2268 autem
1414 2217 1605 2267 tacens
1625 2230 1743 2267 non
1763 2214 1984 2267 habens
2005 2230 2234 2268 sensum
2335 2214 2504 2269 tionis
2529 2215 2654 2269 Filii
2685 2216 2779 2270 Dei
2820 2216 2879 2269 in
2921 2216 3109 2270 virum
3155 2216 3491 2287 perfectum,
3533 2217 3588 2270 in
3625 2229 3880 2269 mensuram

596 2312 854 2383 loquelas,
888 2314 972 2363 est
1001 2312 1059 2363 et
1088 2314 1279 2363 tacens
1310 2310 1556 2377 tempus,
1580 2308 1762 2361 sciens
1789 2307 1906 2377 apti
1932 2308 2228 2377 temporis.
2334 2308 2513 2362 astatis
2540 2309 2906 2379 plenitudinis
2927 2310 3151 2376 Christi,
3183 2314 3244 2364 ut
3258 2310 3380 2380 jam
3405 2327 3518 2364 non
3542 2309 3698 2363 simus
3719 2306 3881 2379 parvuli

598 2407 776 2460 Homo
820 2403 1043 2474 sapiens
1091 2400 1302 2456 tacebit
1351 2417 1532 2471 usque
1586 2400 1656 2454 ad
1708 2404 1950 2471 tempus,
1998 2401 2233 2455 lascivus
2333 2400 2691 2470 ﬂuctuantes,
2726 2408 2783 2457 et
2825 2404 3302 2458 circumferamur
3321 2404 3476 2459 omni
3498 2408 3653 2457 vento
3676 2401 3880 2455 doctrina:

596 2503 786 2554 autem
806 2501 865 2552 et
884 2496 1220 2568 imprudens
1240 2511 1357 2549 non
1381 2492 1625 2549 servabit
1645 2497 1888 2565 tempus.
1911 2493 2021 2558 Qui
2038 2494 2232 2550 multis
2331 2495 2391 2549 in
2411 2496 2669 2567 nequitia
2689 2496 3009 2565 hominum,
3032 2498 3090 2552 in
3113 2498 3321 2552 astutia
3334 2497 3405 2551 ad
3424 2494 3879 2552 circumventionem

591 2593 775 2649 utitur
794 2591 976 2647 verbis
996 2590 1155 2645 lasdit
1170 2588 1425 2644 animam
1449 2604 1630 2655 suam,
1662 2593 1717 2643 et
1760 2588 1859 2660 qui
1894 2593 2232 2658 potestatem
2332 2589 2542 2644 erroris
2573 2591 2730 2660 (Eph.
2756 2607 2833 2661 iv,
2867 2595 2886 2645 1
2916 2596 2967 2646 et
2995 2593 3151 2660 seq.).
3181 2612 3209 2641 ››
3241 2592 3319 2647 De
3346 2590 3568 2646 occultis
3594 2589 3726 2643 enim
3747 2585 3879 2641 cordis

594 2688 699 2743 sibi
731 2686 969 2741 assumit
996 2684 1206 2755 injuste
1251 2682 1496 2737 odietur.
1545 2684 1641 2737 Est
1670 2682 1949 2753 processio
1981 2683 2039 2736 in
2065 2683 2231 2737 malis
2332 2683 2503 2737 alieni
2528 2689 2738 2738 temere
2748 2683 3006 2757 judicare
3035 2684 3299 2755 iniquum
3320 2688 3407 2740 est
3424 2690 3478 2740 et
3502 2701 3624 2739 eum
3649 2683 3779 2753 cujus
3798 2695 3878 2734 non

596 2779 714 2835 viro
744 2778 1180 2849 indisciplinato,
1213 2780 1269 2831 et
1309 2780 1394 2831 est
1422 2776 1671 2830 inventio
1711 2775 1770 2829 in
1798 2776 2226 2831 detrimentum.
2329 2777 2593 2832 videntur
2614 2777 2723 2832 nisi
2751 2794 2926 2849 opera
2950 2777 3115 2846 bona,
3140 2782 3440 2849 peceatum
3466 2781 3547 2833 est
3564 2794 3621 2833 ex
3638 2774 3879 2846 suspicione

594 2876 688 2930 Est
714 2872 910 2927 datum
946 2870 1100 2941 quod
1139 2886 1256 2924 non
1288 2871 1374 2923 est
1408 2869 1564 2939 utile,
1602 2874 1659 2924 et
1688 2873 1775 2924 est
1818 2869 2037 2937 datum,
2068 2870 2227 2941 cujus
2331 2870 2770 2943 reprehendere.
2793 2872 2932 2927 Oves
2962 2888 3098 2943 ergo
3130 2889 3259 2944 quas
3294 2871 3500 2944 pastori
3525 2888 3617 2927 suo
3639 2867 3879 2926 commissa

592 2965 890 3021 retributio
916 2964 1147 3035 duplex,
1167 2962 1267 3017 sed
1294 2964 1529 3033 propter
1550 2962 1795 3034 gloriam
1822 2963 2154 3033 minoratio,
2173 2968 2229 3018 et
2328 2967 2479 3033 sunt,
2504 2981 2639 3019 cum
2671 2982 2777 3019 nec
2807 2966 3230 3037 reprehendere
3261 2966 3396 3036 (nisi
3425 2984 3456 3022 a
3483 2971 3626 3021 recta
3652 2963 3746 3018 fide
3768 2975 3880 3016 exor-

594 3059 805 3131 estqui
830 3058 901 3113 ab
930 3056 1251 3112 humilitate
1289 3055 1497 3111 levabit
1539 3059 1726 3128 caput.
1774 3058 1871 3111 Est
1909 3057 2009 3128 qui
2046 3058 2227 3113 multa
2250 3109 2299 3131 η
2326 3058 2609 3129 bitaverit)
2641 3058 2871 3128 debent,
2917 3076 3021 3114 nec
3069 3060 3363 3115 ullatenus
3406 3074 3652 3115 accusare
3689 3058 3877 3128 possunt,

590 3109 838 3209 rediinat
873 3152 1098 3206 modico
1144 3149 1346 3221 pretio,
1376 3153 1432 3204 et
1462 3154 1549 3204 est
1575 3109 1880 3206 restituens
1924 3109 1993 3205 ea
2035 3155 2224 3222 septu-
2247 3109 2302 3183 Ο
2328 3150 2462 3223 quia
2486 3109 2629 3207 facta
2658 3109 2951 3224 pastorum
2991 3152 3103 3207 oris
3147 3153 3347 3224 gladio
3387 3109 3752 3210 ferienda—nim
3771 3109 3876 3210 sunt,

590 3249 772 3321 plum.
820 3246 1061 3317 Sapiens
1100 3244 1162 3298 in
1192 3242 1378 3298 verbis
1430 3244 1683 3314 seipsum
1724 3244 2029 3299 amabilem
2070 3244 2223 3313 facit,
2327 3261 2653 3317 quanquam
2682 3251 2833 3301 recte
2865 3247 3350 3318 reprehendenda
3376 3248 3670 3303 videantur.

591 3342 789 3415 gratiae
808 3345 1001 3396 autem
1022 3340 1317 3394 fatuorum
1334 3336 1718 3406 effundantur,
1737 3338 1936 3393 datum
1957 3337 2227 3409 insipien-
2396 3339 2529 3395 Ideo
2554 3340 2658 3394 ista
2683 3339 2944 3409 dicimus,
2977 3341 3113 3413 quia
3157 3341 3217 3396 in
3252 3342 3546 3415 scripturis
3574 3337 3745 3396 vestris
3766 3348 3878 3403 repe

590 3435 660 3492 tis
687 3451 806 3491 non
833 3434 941 3490 erit
972 3431 1107 3488 utile
1133 3430 1256 3486 tibi.
1287 3430 1445 3486 Oculi
1473 3431 1628 3485 enim
1661 3431 1809 3486 illius
1833 3430 2225 3503 septemplices
2324 3432 2505 3489 rimus
2533 3433 2811 3506 quosdam
2852 3434 3148 3507 episcopos
3172 3437 3386 3491 nostris
3415 3437 3472 3491 in
3492 3433 3718 3508 partibus
3740 3446 3767 3484 a
3783 3441 3875 3499 pro-

589 3533 740 3585 sunt.
774 3527 992 3599 Exigua
1019 3524 1196 3595 dabit,
1229 3528 1287 3579 et
1309 3524 1494 3579 multa
1518 3523 1953 3598 improperabit,
1981 3530 2038 3581 et
2061 3541 2220 3597 aper-
2323 3526 2461 3599 priis
2483 3528 2684 3583 ovibus
2701 3532 3008 3599 accusatos,
3021 3529 3245 3602 aliquos
3257 3530 3524 3586 videlicet
3538 3545 3598 3584 ex
3612 3522 3875 3597 suspicione,

590 3622 671 3679 tio
692 3622 804 3691 oris
832 3621 984 3676 illius
1006 3618 1378 3675 inflammatio
1409 3622 1515 3688 est,
1543 3618 1715 3674 hodie
1742 3620 1961 3674 fenerat
1989 3620 2137 3691 quis,
2167 3622 2227 3674 et
2324 3626 2381 3677 et
2406 3622 2631 3693 aliquos
2662 3639 2731 3679 ex
2754 3626 2906 3679 certa
2929 3623 3171 3678 ratione.
3200 3625 3269 3678 Et
3298 3624 3505 3679 idcirco
3535 3619 3772 3695 quosdam
3792 3626 3877 3667 esse

587 3733 709 3774 cras
746 3715 976 3788 expetit,
1023 3717 1081 3770 et
1121 3712 1347 3768 odibilis
1401 3712 1578 3768 homo
1629 3713 1983 3783 hujusmodi.
2044 3714 2223 3768 Fatue
2322 3715 2494 3771 rebus
2525 3717 2639 3771 suis
2666 3717 3020 3788 exspoliatos,
3046 3717 3331 3789 quosdam
3355 3734 3485 3773 vero
3513 3732 3545 3771 a
3571 3711 3766 3787 propria
3784 3704 3875 3761 sede

587 3828 705 3867 non
730 3809 839 3866 erit
862 3808 1097 3877 amicus,
1127 3810 1187 3862 et
1213 3823 1330 3862 non
1356 3807 1467 3861 erit
1508 3806 1688 3879 gloria
1711 3806 1879 3862 bonis
1910 3807 2081 3861 illius.
2114 3806 2223 3871 Qui
2323 3811 2533 3880 pulsos.
2566 3810 2717 3874 Quos
2748 3810 2955 3880 sciatis,
2986 3826 3087 3865 nec
3118 3810 3193 3865 ad
3214 3812 3493 3881 synodum
3518 3798 3877 3878 comprovincia-

589 3905 746 3961 enim
760 3904 939 3961 edunt
953 3917 1163 3974 panem
1180 3900 1351 3969 illius,
1365 3900 1520 3955 falsas
1535 3900 1748 3971 linguae
1765 3904 1917 3967 sunt,
1932 3898 2152 3971 quoties
2168 3904 2225 3954 et
2322 3902 2459 3971 lem,
2482 3918 2585 3958 nec
2601 3903 2673 3957 ad
2691 3904 3020 3975 generalem
3037 3921 3200 3975 posse
3216 3905 3430 3973 vocari,
3445 3921 3544 3960 nec
3558 3904 3612 3957 in
3630 3894 3803 3969 aliquid
3814 3892 3876 3961 ju-

590 3998 787 4072 quanti
806 3995 1131 4051 irridebunt
1145 4010 1278 4049 eum
1295 3994 1308 4048 1
1336 4009 1527 4064 neque
1547 3993 1702 4048 enim
1720 3992 1873 4064 quod
1892 3992 2223 4047 habendum
2323 3994 2510 4050 dicare
2526 4000 2833 4067 antequam
2853 4001 3056 4052 cuncta
3078 4015 3205 4070 quae
3229 3999 3317 4056 eis
3336 3998 3556 4053 sublata
3579 3998 3696 4051 sunt
3714 3985 3875 4059 legibus

589 4095 715 4148 erat
758 4091 972 4144 directo
1017 4103 1185 4144 sensu
1213 4085 1517 4155 distribuit,
1552 4085 1810 4140 similiter
1840 4090 1899 4140 et
1925 4085 2078 4157 quod
2106 4103 2223 4141 non
2322 4088 2587 4159 potestati
2612 4105 2809 4145 eorum
2851 4091 3335 4163 redintegrentur.
3364 4092 3523 4147 Prius
3558 4105 3681 4159 ergo
3713 4081 3875 4154 οροηεῐ

590 4187 715 4240 erat
743 4180 1093 4238 habendum.
1117 4180 1327 4251 Lapsus
1353 4179 1513 4234 falsas
1526 4178 1739 4250 linguae
1766 4178 1930 4250 quasi
1955 4178 2056 4251 qui
2076 4196 2110 4235 a
2127 4197 2225 4251 pa-
2324 4181 2521 4237 omnia
2548 4182 2657 4238 illis
2682 4183 2902 4255 legibus
2928 4185 3336 4256 redintegrari,
3355 4189 3413 4241 et
3437 4182 3685 4241 Ecclesias
3706 4189 3805 4249 qua:
3821 4168 3874 4223 eis

588 4278 843 4333 vimento
874 4273 1103 4342 cadens,
1140 4272 1221 4327 sic
1257 4289 1415 4327 casus
1452 4273 1731 4328 malorum
1764 4272 2100 4329 festinanter
2124 4290 2221 4328 ve-
2324 4276 2559 4332 sublatae
2578 4282 2858 4333 suntcum
2879 4279 3035 4333 omni
3054 4280 3354 4350 privilegio
3373 4296 3473 4334 suo
3491 4274 3690 4333 restitui
3708 4274 3770 4338 et,
3788 4266 3874 4337 [105‘t

589 4371 770 4429 nient.
802 4371 984 4426 Homo
1005 4368 1269 4440 ingratus
1290 4367 1451 4440 quasi
1475 4367 1667 4422 fabula
1693 4383 1842 4422 vana
1869 4366 1930 4422 in
1948 4384 2044 4422 ore
2072 4368 2220 4423 indi-
2322 4370 2559 4426 modum
2580 4387 2697 4427 non
2718 4371 2820 4427 sub
2843 4374 3071 4444 angusti
3092 4374 3368 4444 temporis
3387 4373 3578 4445 spatio,
3601 4366 3689 4425 sed
3706 4363 3872 4420 tantum

586 4468 1013 4541 sciplinatorum
1045 4461 1272 4518 assidua
1316 4461 1442 4517 erit.
1490 4463 1563 4517 Ex
1597 4478 1692 4517 ore
1718 4461 1862 4517 fatui
1892 4463 2220 4532 reprobabi-
2241 4483 2301 4556 D
2324 4465 2598 4536 temporis
2627 4466 2872 4538 spatium
2902 4466 2982 4522 eis
3012 4466 3405 4538 inilulgeatur,
3453 4469 3705 4538 quantum
3728 4466 3872 4556 exspo'

586 4571 683 4619 tur
711 4560 1001 4635 parabole,
1030 4573 1150 4612 non
1181 4556 1337 4611 enim
1366 4555 1499 4611 dicit
1527 4556 1683 4610 illam
1726 4555 1785 4610 in
1816 4559 2072 4629 tempore
2098 4574 2220 4613 suo.
2241 4546 2292 4556 ”
2322 4557 2445 4613 liati
2470 4560 2556 4613 vel
2579 4560 2791 4631 expulsi
2812 4578 2932 4616 esse
2954 4561 3217 4616 videntur
3234 4565 3543 4633 antequam
3570 4556 3633 4612 ad
3664 4546 3875 4624 synodum

588 4659 685 4713 Est
712 4655 811 4727 qui
839 4658 1061 4710 vetetur
1086 4666 1322 4723 peccare
1353 4650 1425 4704 ab
1452 4649 1666 4721 inopia,
1708 4655 1764 4705 et
1807 4651 1863 4705 in
1902 4652 2099 4722 requie
2122 4668 2224 4706 sua
2322 4656 2718 4722 convocentur,
2734 4658 2790 4709 et
2803 4655 2872 4709 ab
2889 4655 3159 4710 omnibus
3180 4656 3500 4727 quibusque
3516 4667 3624 4707 suae
3639 4637 3874 4720 provincia

590 4748 993 4807 stimulabitur.
1025 4747 1120 4801 Est
1143 4744 1245 4817 qui
1269 4744 1469 4816 perdet
1497 4743 1751 4799 animam
1771 4761 1934 4800 suam
1961 4762 2066 4817 pro
2093 4761 2224 4801 con-
2323 4746 2599 4818 episcOpis
2624 4747 2943 4803 audiantur.
2971 4750 3113 4803 Nam
3140 4766 3244 4803 nec
3271 4746 3567 4803 convocari
3591 4742 3655 4798 ad
3682 4745 3872 4794 causam,

590 4844 834 4910 fusione,
862 4845 920 4897 et
946 4840 1017 4894 ab
1044 4837 1392 4910 imprudenti
1422 4853 1665 4909 persona
1693 4838 1895 4910 perdet
1921 4854 2067 4908 eam,
2095 4856 2222 4911 per—
2320 4857 2428 4895 nec
2455 4840 2751 4912 dijudicari
2793 4845 2981 4912 potest
3019 4842 3360 4913 exspoliatus
3387 4842 3474 4898 vel
3504 4835 3756 4910 expulsus,
3781 4822 3875 4896 quia

590 4954 747 4995 sonas
771 4938 968 4991 autem
998 4932 1324 5004 acceptione
1350 4931 1555 5002 perdet
1577 4948 1656 4987 se.
1690 4933 1784 4987 Est
1803 4932 1904 5004 qui
1931 4949 2052 5004 pra:
2081 4950 2218 4989 con-
2323 4951 2436 4989 non
2448 4935 2924 5006 estprivilegium,
2942 4937 3359 5008 quoexspoliari
3372 4933 3660 5009 possitjam
3671 4922 3872 4983 nudatus.

589 5032 811 5090 fusione
835 5027 1115 5102 promittit
1139 5042 1243 5097 pro
1274 5025 1485 5093 amico,
1504 5028 1562 5080 et
1578 5025 1824 5081 lucratus
1850 5030 1937 5081 est
1963 5043 2096 5082 eum
2117 5027 2221 5081 ini-
2322 5028 2482 5084 Unde
2513 5032 2569 5083 et
2605 5028 2919 5100 antiquitus
2961 5028 3253 5086 decretum
3281 5036 3384 5099 est,
3418 5035 3478 5084 ut
3503 5039 3682 5081 omnes
3705 5025 3872 5091 possess

590 5127 807 5185 micum
835 5122 1027 5196 gratis.
1057 5118 1438 5192 Opprobrium
1453 5119 1612 5173 enim
1633 5135 1881 5191 nequam
1906 5120 1966 5174 in
1990 5120 2221 5176 homine
2320 5121 2527 5191 siones,
2557 5126 2615 5177 et
2638 5122 2832 5177 omnia
2872 5123 2977 5177 sibi
3009 5123 3231 5178 sublata
3266 5129 3433 5194 atque
3474 5122 3671 5175 fructus
3696 5110 3873 5166 cunctoit

589 5217 974 5285 mendacium,
991 5214 1119 5271 etin
1136 5230 1235 5269 ore
1264 5212 1813 5284 indisciplinatorum
1836 5213 2058 5269 assidue
2090 5213 2216 5269 erit.
2318 5221 2448 5270 ante
2474 5216 2630 5271 litem
2658 5220 3025 5272 contestatam
3053 5224 3366 5289 praeceptor
3384 5215 3468 5271 vel
3495 5213 3691 5286 primas
3711 5211 3874 5277 posses‘

588 5315 803 5374 Laudat
826 5313 1015 5368 furem
1047 5306 1342 5363 assiduitas
1362 5306 1466 5361 viri
1494 5306 1805 5377 mendacis,
1836 5306 2220 5378 perditionem
2320 5309 2429 5364 sori
2451 5310 2723 5365 restituat.
2746 5312 2815 5365 Et
2835 5311 2970 5367 alibi
2991 5312 3263 5383 scriptum
3294 5310 3567 5365 habetur:
3589 5304 3675 5359 llle
3699 5294 3777 5370 qui
3794 5289 3872 5343 ἥθ’

588 5414 785 5468 autem
808 5405 978 5462 ambo
1005 5400 1444 5458 haereditabunt-
1468 5400 1645 5455 Mores
1664 5400 1967 5456 hominum
1989 5401 2219 5456 menda—
2317 5402 2555 5460 lentiam
2568 5405 3143 5475 pertulituniversain
3159 5411 3305 5462 statu
3317 5420 3434 5476 quo
3454 5400 3667 5457 fuerant
3678 5384 3875 5479 recipiat.

587 5508 742 5563 cium
767 5503 890 5559 sine
916 5501 1151 5567 honore,
1178 5500 1235 5552 et
1252 5493 1510 5550 confusio
1531 5494 1761 5551 illorum
1788 5511 1920 5550 cum
1935 5494 2072 5567 ipsis
2093 5496 2216 5550 sine
2318 5500 2375 5551 et
2402 5514 2529 5568 quin
2550 5473 2799 5570 possidet
2817 5515 3050 5554 securus
3075 5505 3282 5555 teneat.
3310 5473 3386 5553 Et
3410 5494 3541 5549 alibi
3563 5508 3575 5546 :
3596 5492 3650 5544 ln
3667 5473 3884 5557 synodali-

590 5596 1005 5657 intermissione
1029 5592 1208 5665 (Eccli.
1230 5591 1704 5661 xvui,30-32;xix,
1722 5592 1863 5657 1-28;
1881 5606 1972 5660 xx,
1994 5591 2158 5661 1-28).
2183 5611 2213 5642 η
2314 5589 2420 5645 bus
2448 5592 2678 5648 Patrum
2709 5592 2964 5661 decretis,
2992 5596 3049 5648 et
3074 5610 3276 5664 regum
3303 5589 3508 5649 caicus
3542 5583 3730 5655 legitur
3748 5572 3881 5669 stattb

657 5695 786 5761 Vos,
803 5692 1026 5758 fratres,
1047 5686 1425 5743 admonemus
1454 5682 1757 5755 profutura
1775 5682 2107 5738 hominibus
2128 5683 2213 5739 in-
2315 5688 2440 5740 tum
2464 5702 2478 5741 :
2503 5686 2965 5759 Redintegranda
2989 5693 3120 5744 sunt
3147 5688 3339 5744 omnia
3388 5675 3687 5754 exspoliatis
3710 5666 3780 5725 vel
3803 5666 3884 5729 ele‘

585 5784 765 5845 vicem
794 5784 1183 5841 indesinenter
1221 5779 1422 5837 sectari
1462 5778 1523 5834 in
1564 5775 1837 5833 charitate
1876 5776 2105 5851 Christi,
2138 5778 2213 5834 si-
2317 5778 2418 5835 etis
2440 5780 2717 5855 episcopis
2739 5781 3202 5857 poenitentialiter
3228 5776 3587 5841 ordinatione
3606 5761 3878 5851 pontificum
