4026 6166
154 293 224 348 ἒ33
1277 292 1750 351 DECRETALIUM
1785 292 2169 351 COLLECTIO.

3309 284 3412 352 23$

153 401 244 454 etin
265 412 429 452 eorum
466 394 601 451 unde
639 395 1032 454 abscesserunt
1060 399 1184 455 loca
1222 400 1481 457 funditus
1517 419 1676 457 revo-
1701 415 1760 489 Α
1779 403 1869 458 nis
1896 405 2160 477 populus,
2186 405 2361 458 Amen
2391 402 2561 473 (Deut.
2585 418 2751 474 xxvii,
2781 401 2926 475 17).»
2949 400 3102 460 Talia
3129 418 3266 476 ergo
3294 420 3413 461 non

154 491 274 547 cauda
295 506 596 562 quacunque
621 492 944 547 conditione
968 496 1262 566 temporis,
1287 501 1384 551 aut
1411 496 1562 563 dolo,
1582 499 1681 551 aut

152 585 508 656 captivitate,aut
536 576 739 639 virtute
761 586 1062 657 majorum,
1084 592 1183 642 aut
1198 605 1300 659 per
1317 606 1678 661 quascunque

150 680 316 747 injustas
344 695 516 732 causas
550 695 637 733 res
682 680 961 747 Ecclesiae,
993 681 1075 735 vel
1105 682 1387 753 proprias,
1416 689 1512 737 aut
1542 684 1675 737 sub-

146 777 307 831 stantias
319 790 432 829 suas
441 773 747 845 perdidisse
760 779 1089 843 noscuntur,
1106 781 1238 830 ante
1260 777 1677 832 accusationem

144 876 207 923 aut
234 870 512 939 regularem
554 867 623 921 ad
667 868 929 937 synodun
956 869 1314 924 vocationem
1357 887 1578 938 eorum,
1621 875 1678 926 et

144 965 308 1034 reliqua.
333 963 417 1015 Est
441 962 604 1016 etiam
648 961 706 1016 in
752 962 1001 1033 antiquis
1033 963 1293 1017 Ecclesize
1322 966 1544 1019 statutis
1575 965 1672 1018 de-

142 1061 307 1120 cretum,
336 1056 504 1126 utqui
539 1056 721 1109 aliena
746 1056 965 1111 invadit
998 1073 1111 1111 non
1149 1061 1314 1111 exeat
1339 1057 1671 1129 impunitus,

138 1150 203 1202 sed
217 1166 318 1203 cum
340 1148 787 1220 multiplicatione
813 1150 1004 1204 omnia
1037 1151 1315 1206 restituat.
1347 1151 1508 1207 Unde
1537 1156 1593 1206 et
1615 1153 1673 1206 in

140 1243 364 1313 Evangelia
381 1242 639 1314 scriptum
660 1249 776 1298 est:
797 1244 994 1308 «Quod
1016 1245 1061 1299 si
1082 1245 1296 1316 aliquid
1317 1246 1669 1315 defraudavi,

138 1336 258 1390 reddo
278 1337 630 1409 quadruplum
664 1338 805 1406 (Luc.
839 1340 1047 1407 x1x,’8).
1074 1360 1102 1388 ››
1133 1340 1202 1393 Et
1232 1338 1291 1393 in
1321 1340 1544 1411 legibus
1575 1358 1675 1395 sac-

138 1429 210 1482 culi
227 1435 412 1484 cautum
437 1429 752 1495 habetzoui
772 1448 894 1486 rem
918 1433 1161 1504 subripit
1183 1433 1452 1499 alienam,
1476 1434 1558 1488 illi
1582 1452 1674 1488 cu-

131 1523 192 1589 jus
211 1539 277 1577 res
300 1524 490 1595 direpta
518 1530 602 1580 est
627 1523 686 1579 in
712 1525 1016 1598 decuplum
1043 1544 1170 1599 quae
1192 1528 1412 1583 sublata
1434 1532 1565 1583 sunt
1590 1544 1672 1583 re-

136 1617 285 1670 stituat.
312 1618 365 1671 Et
390 1618 441 1671 in
469 1618 595 1690 lege
632 1618 821 1674 divina
850 1620 1063 1692 legitur
1089 1638 1102 1677 :
1139 1620 1264 1694 54
1290 1641 1317 1673 ‹‹
1349 1622 1672 1677 Maledictus

135 1711 263 1764 omnis
271 1710 349 1783 qui
367 1712 624 1767 transfert
635 1713 904 1769 terminos
924 1716 1171 1787 proximi
1184 1716 1291 1771 sui.
1305 1717 1371 1771 Et
1389 1716 1536 1771 dicet
1547 1733 1667 1771 om-

1780 502 2196 569 praesumantur
2213 497 2425 569 absque
2450 498 2686 569 ultione,
2700 515 2804 555 nec
2817 502 3186 555 exerceantur
3198 499 3411 572 absque

1777 609 1877 646 sua
1902 591 2283 647 damnatione.
2306 593 2510 647 Pacem
2536 597 2595 647 et
2616 608 2733 647 non
2759 593 3050 661 damnum,
3076 595 3175 647 aut
3194 593 3412 664 injusti-

1778 685 1916 739 tiam
1946 685 2184 756 alicujus
2213 685 2510 740 sectamini
2544 685 2782 741 invicem
2818 689 2876 741 et
2902 686 2961 741 in
2991 703 3209 742 omnes.
3250 686 3404 742 Veri~

1776 781 1955 833 tatem
1985 782 2176 833 autem
2198 779 2469 834 facientes
2487 778 2547 833 in
2567 780 2861 848 charitate,
2879 796 3197 835 crescamus
3222 780 3283 835 in
3306 781 3407 836 illo

1774 889 1880 943 per
1910 872 2103 926 omnia
2131 873 2228 944 qui
2258 876 2342 927 est
2371 875 2541 943 caput
2568 872 2842 940 Christus,
2866 889 2931 926 ex
2954 888 3067 943 quo
3085 876 3269 929 totum
3288 891 3408 930 cor-

1773 983 1883 1038 pus
1903 970 2264 1038 compactum
2289 970 2344 1021 et
2363 982 2690 1021 connexum
2707 982 2813 1037 per
2831 981 3057 1020 omnem
3079 967 3407 1037 juncturam

1774 1060 2312 1115 subministrationis
2337 1060 2649 1115 secundum
2672 1059 3064 1131 operationem
3092 1059 3152 1114 in
3182 1076 3408 1117 mensu-

1771 1170 1897 1208 ram
1938 1154 2384 1225 uniuscujusque
2432 1153 2698 1224 membri,
2731 1158 3111 1225 augmentum
3150 1156 3407 1225 corporis

1770 1247 1904 1303 facit
1925 1247 1986 1301 in
2019 1247 2455 1303 aediﬁcationem
2496 1247 2583 1302 sui
2621 1247 2681 1302 in
2723 1248 3015 1303 charitate.
3058 1248 3135 1303 De
3174 1252 3401 1315 caetero,

1773 1341 2105 1409 charissimi,
2140 1341 2381 1412 gaudete
2412 1344 2471 1395 et
2496 1341 2735 1413 perfecti
2762 1345 2957 1411 estote,
2999 1341 3400 1397 exhortamini.

1775 1435 1927 1489 Idem
1957 1435 2154 1506 sapite,
2184 1452 2385 1507 pacem
2411 1435 2634 1505 habete,
2660 1439 2719 1490 et
2737 1436 2882 1491 Deus
2900 1434 3052 1507 pacis
3077 1440 3132 1491 et
3159 1435 3404 1490 dilectio-

1769 1529 1858 1583 nis
1901 1528 2012 1583 erit
2053 1528 2358 1583 vobiscum.
2392 1528 2665 1584 Dominus
2705 1528 2988 1585 custodiat
3014 1545 3112 1584 vos
3148 1532 3205 1584 et
3229 1545 3401 1596 nunc,

1771 1625 1829 1677 et
1857 1622 1917 1677 in
1946 1622 2038 1677 die
2076 1621 2425 1677 aeternitatis.
2470 1625 2671 1679 Amen.
2716 1624 2858 1679 Data
2907 1640 2964 1680 ix
3011 1622 3211 1678 Kalen.
3246 1622 3405 1679 Octo—

1769 1715 1907 1787 bris,
1934 1716 2255 1773 Constante.
2285 1732 2365 1772 cc.
2397 1716 2615 1775 consul.

1666 1876 2018 1891 ἡ

250 2018 318 2085 IT
320 2018 425 2087 ΕΜ
465 2020 889 2091 EPISTOLA
934 2021 1268 2092 EUSEBH
1320 2022 1581 2093 PAP/E
1627 2021 2063 2095 EPISCOPIS
2110 2021 2513 2092 THUSCIzE
2557 2022 2669 2092 ET
2717 2021 3224 2092 CAMPANIZE.

175 2191 490 2251 Dilectissimis
538 2198 812 2253 fratribus
837 2241 850 2266 ,
903 2199 1177 2254 universis
1231 2199 1507 2271 episcopis
1564 2211 1743 2283 ρει-Β
1767 2198 2177 2254 consideranda
2221 2203 2278 2254 et
2323 2198 2587 2266 cavenda,
2633 2201 2689 2253 et
2732 2200 2848 2253 tam
2889 2200 3125 2269 propter
3169 2212 3263 2252 eos
3302 2198 3398 2270 qui

125 2283 404 2355 Campaniam
427 2295 479 2345 et
504 2291 805 2347 Thusciam
834 2293 1172 2360 constitutis,
1207 2295 1497 2349 Euseews.

171 2378 437 2436 Benedictus
465 2386 741 2439 Dominus
769 2387 911 2441 Deus
942 2392 1152 2455 noster,
1185 2389 1285 2459 qui
1315 2405 1416 2460 per
1443 2388 1664 2444 miseri-

123 2472 302 2527 cordiam
324 2493 465 2533 suam
491 2480 809 2534 Romanam
833 2481 1140 2536 Ecclesiam
1166 2482 1321 2537 beati
1344 2483 1511 2551 Petri,
1526 2500 1662 2554 apo-

124 2566 315 2621 stolorum
364 2572 669 2645 principis,
720 2575 1031 2629 sacerdotio
1092 2575 1329 2644 ditavit,
1392 2576 1665 2648 nobisque

122 2659 221 2713 Viam
250 2668 653 2722 monstrandam
695 2668 839 2722 circa
867 2685 969 2723 nos
1011 2673 1245 2740 prepter
1287 2670 1664 2725 univcrsalem

122 2766 255 2807 curam
275 2772 379 2827 quae
405 2761 561 2815 nobis
611 2767 841 2832 propter
870 2762 1231 2833 privilegium
1281 2763 1534 2833 ejusdem
1562 2766 1661 2818 Ec-

121 2843 242 2900 clesia?
257 2850 516 2908 charitatis
532 2854 790 2923 indulsit,
807 2858 871 2909 ut
892 2856 986 2927 qui
1010 2857 1365 2912 cohaeremus
1397 2857 1665 2913 ﬁrmitate

123 2936 222 3005 ﬁdei,
238 2942 519 3015 jungamur
542 2965 775 3019 quoque
796 2949 977 3004 votiva
1000 2951 1356 3021 jucunditate
1378 2951 1660 3023 colloquii,

121 3047 192 3097 uno
218 3035 395 3091 facilius
434 3042 569 3095 dum
617 3058 719 3113 per
760 3043 1081 3097 litterarum
1113 3044 1430 3099 ministeria
1467 3045 1538 3099 ad
1569 3062 1664 3100 vos

120 3139 240 3195 usque
272 3135 666 3201 pertendimus,
705 3135 875 3191 etiam
916 3138 1087 3192 corda
1121 3143 1307 3193 vestra
1333 3139 1402 3192 ad
1436 3139 1660 3211 religio-

118 3232 197 3271 sum
230 3223 412 3280 cultum
449 3228 778 3299 apostolicis
808 3230 1294 3285 admonitionibus
1337 3233 1660 3300 incitemus,

118 3312 153 3360 tl
192 3312 293 3369 dum
340 3319 651 3375 dilectionis
708 3326 915 3378 nostra:
978 3325 1094 3394 spei
1156 3325 1443 3379 reddimus
1511 3328 1664 3382 velut

116 3406 316 3470 quoddam
345 3414 620 3481 debitum,
648 3417 879 3487 plenum
907 3418 1054 3472 circa
1077 3419 1251 3473 Deum
1279 3426 1661 3475 monstremus

115 3496 315 3557 allatum.
343 3507 653 3579 Jungamus
691 3526 848 3582 ergo,
887 3512 1232 3566 dilectissimi
1265 3513 1489 3580 fratres,
1522 3530 1660 3568 con-

1769 2292 2246 2364 semetipsos,.aut
2287 2292 2613 2363 cupiditate,
2645 2294 2744 2346 aut
2779 2290 3026 2357 avaritia,
3067 2294 3165 2346 aut
3189 2290 3402 2347 invidia

1765 2389 2004 2461 perdere
2036 2389 2349 2444 moliuntur
2379 2391 2468 2456 (ne
2488 2388 2546 2443 in
2571 2387 2855 2460 profunda
2894 2387 3179 2457 labantur,
3213 2392 3311 2443 aut
3340 2388 3401 2442 in

1764 2482 1897 2537 talia
1923 2482 2171 2537 incidant
2209 2482 2373 2549 mala)
2402 2498 2574 2553 quam
2605 2485 2838 2553 propter
2876 2485 3260 2553 persecutores
3294 2483 3398 2536 Ec-

1767 2576 1949 2630 clesia:
1978 2592 2384 2647 servorumque
2417 2576 2558 2647 ejus,
2599 2575 2697 2647 qui
2720 2576 2888 2647 juxta
2917 2574 3169 2629 veritatis
3204 2591 3399 2629 vocem

1766 2669 1956 2724 oculos
1994 2670 2264 2724 habentes
2307 2685 2422 2724 non
2452 2668 2664 2736 vident,
2709 2672 2767 2723 et
2793 2684 2957 2723 aures
2986 2668 3258 2723 habentes
3280 2684 3400 2724 non

1764 2763 2027 2830 audiunt,
2055 2780 2160 2817 nec
2180 2762 2509 2834 intelligunt
2534 2779 2661 2835 quae
2686 2763 2916 2833 placent
2938 2764 3075 2831 Deo,
3100 2764 3400 2834 sequentes

1765 2856 1824 2912 in
1838 2856 2106 2912 omnibus
2127 2856 2493 2928 apostolicam
2510 2856 2789 2928 regulam,
2813 2860 2870 2911 et
2889 2855 3257 2927 prmdicantes
3277 2857 3400 2928 ejus

1766 2951 1963 3006 omnia
2007 2951 2309 3006 constituta
2358 2951 2431 3005 ob
2481 2950 2791 3006 custodiam
2839 2950 3257 3022 episcoporum,
3301 2951 3400 3022 qui

1764 3044 2044 3100 columnae
2075 3044 2337 3099 Ecclesia:
2382 3062 2416 3099 a
2459 3045 2576 3099 Deo
2628 3044 2762 3099 dicti
2806 3047 2939 3098 sunt
2973 3046 3030 3097 et
3062 3048 3395 3099 cmterorum

1762 3155 2031 3193 verorum
2052 3139 2410 3193 sacerdotum
2430 3136 2725 3193 ﬁrmantes
2748 3154 2889 3192 cana
2913 3139 3144 3193 Patrum
3166 3141 3395 3207 statuta,

1763 3232 2063 3288 statuimus
2100 3232 2308 3288 iterum
2338 3248 2471 3287 cum
2510 3232 2775 3287 omnibus
2813 3232 2911 3303 qui
2938 3231 3232 3286 nobiscum
3267 3237 3400 3287 sunt

1766 3327 2062 3398 episcopis,
2096 3327 2239 3381 sicut
2265 3327 2481 3381 dudum
2509 3327 2800 3381 decretum
2846 3325 3179 3397 reperimus,
3208 3330 3271 3380 ut
3300 3328 3397 3381 ho-

1761 3420 2007 3489 micidze,
2040 3419 2305 3489 maleﬁci,
2337 3420 2509 3487 fures,
2529 3419 2805 3490 sacrilegi,
2828 3423 3103 3489 raptores,
3130 3419 3393 3487 adulteri,

1761 3514 1983 3581 incesti,
2011 3514 2265 3577 veneﬁci,
2299 3514 2562 3584 suspecti,
2588 3512 2898 3581 criminosi,
2926 3512 3237 3579 domestici,
3272 3530 3399 3583 per-

112 3589 236 3647 tinuas
259 3602 306 3651 et
332 3599 572 3656 humiles
606 3580 818 3673 preces,
849 3609 903 3658 et
934 3606 1113 3659 Deum
1153 3609 1411 3660 nostrum
1461 3606 1574 3661 oris
1605 3611 1662 3661 et
1682 3580 1735 3653 Ο
1753 3607 1891 3678 juri,
1913 3607 2085 3678 etqui
2108 3611 2332 3677 raptum
2355 3580 2635 3674 fecerunt,
2663 3606 2753 3661 vel
2772 3580 2975 3660 falsum
3001 3580 3394 3661 testimonium

112 3685 237 3739 Perdis
259 3690 491 3764 lacrymis
527 3697 912 3767 supplicantes
949 3698 1078 3769 jugi
1127 3699 1529 3770 deprecatione
1556 3718 1657 3773 p0-

109 3792 283 3852 ‘mmus,
308 3792 365 3840 ut
390 3788 747 3845 institutione
778 3794 834 3845 et
860 3808 1035 3862 opere
1061 3792 1142 3847 illi
1164 3792 1324 3864 cujus
1346 3810 1464 3848 esse
1488 3812 1663 3849 mem-

110 3868 175 3923 bra
196 3878 427 3949 cupimus,
468 3885 815 3952 haereamus,
866 3901 969 3940 nec
1019 3903 1275 3958 unquam
1323 3887 1393 3941 ab
1433 3887 1527 3943 illa
1573 3889 1660 3944 via

109 3978 194 4030 ‘l'la’.
214 3970 427 4029 Christus
446 3983 531 4033 est
549 3978 719 4032 devio
744 3980 971 4035 tramite
997 3980 1371 4048 declinemus,
1404 3999 1475 4036 ne
1502 3982 1571 4036 ab
1593 4000 1659 4038 eo

103 4066 206 4122 lli-tie
227 4080 369 4135 quem
394 4088 494 4124 nos
522 4072 704 4143 impie
750 4074 1144 4145 relinquimus,
1176 4075 1505 4130 deseramur
1528 4076 1656 4131 inﬁ-

108 4148 225 4208 ἀπειθὲς.
248 4159 386 4222 Quod
408 4180 537 4219 cum
568 4166 800 4236 superni
828 4166 1037 4221 favoris
1056 4167 1263 4222 auxilio
1280 4184 1347 4222 ea
1367 4168 1528 4222 nobis
1553 4186 1655 4240 po-

107 4248 177 4299 ὶί-δῐ
196 4253 377 4310 ratione
407 4259 763 4329 contingere,
783 4261 828 4314 si
851 4262 1157 4331 apostolica
1178 4262 1466 4333 dogmata,
1488 4262 1531 4316 si
1552 4264 1656 4316 Pa-

104 4341 204 4396 tmm
221 4351 451 4406 mandata
470 4370 785 4423 servamus,
802 4355 938 4409 dicit
958 4355 1111 4410 enim
1132 4355 1406 4411 Dominus
1424 4359 1618 4411 noster
1640 4374 1652 4412 :

139 4431 213 4494 Qui
233 4440 391 4514 diligit
411 4463 868 4515 me,sermonem
898 4466 1092 4503 meum
1124 4452 1389 4518 servabit,
1414 4455 1470 4505 et
1499 4452 1659 4505 Pater

103 4539 211 4579 περυε
236 4533 407 4607 diliget
430 4556 589 4603 eum,
623 4547 680 4595 et
717 4542 788 4596 ad
816 4559 948 4597 eum
980 4544 1293 4611 veniemus,
1327 4548 1384 4599 et
1407 4546 1655 4601 mansio-

104 4632 191 4673 t3°m
214 4630 338 4696 apud
374 4650 502 4687 eum
555 4635 829 4689 faciemus
859 4638 1032 4705 (Joan.
1064 4654 1171 4703 xw,
1202 4641 1312 4707 23).
1346 4660 1372 4687 ››
1419 4640 1486 4694 Et
1528 4639 1660 4694 licet

103 4709 181 4767 hic
204 4725 385 4787 possint
411 4728 762 4797 generaliter
789 4729 935 4784 dicta
960 4730 1238 4799 sufﬁcere,
1274 4737 1338 4787 ut
1369 4733 1455 4786 vel
1486 4733 1654 4786 decli-

102 4816 247 4897 firmus
263 4823 453 4887 errata,
478 4822 572 4875 vel
593 4821 977 4897 custodiamus
1005 4825 1296 4892 catholica,
1335 4825 1406 4879 ab
1431 4829 1653 4897 aposto-

1762 3702 2041 3769 dixerunt,
2075 3717 2173 3755 seu
2204 3700 2301 3771 qui
2329 3700 2400 3752 ad
2445 3698 2751 3771 sacrilegos
2798 3698 3129 3771 divinosque
3154 3716 3392 3754 concur-

1761 3798 1960 3849 rerunt
2001 3794 2324 3865 similesque
2367 3808 2567 3847 eorum
2609 3792 2934 3846 nullatenus
2976 3792 3047 3846 ad
3093 3793 3395 3847 accusatio-

1758 3905 1892 3943 nem
1922 3888 2011 3941 vel
2038 3887 2111 3941 ad
2141 3887 2534 3941 testimonium
2561 3888 2731 3941 erunt
2763 3884 3124 3953 admittendi,
3153 3885 3287 3956 quia
3312 3885 3396 3939 in-

1758 3983 1939 4037 fames
1969 3986 2102 4036 sunt
2128 3984 2184 4036 et
2214 3981 2367 4052 juste
2393 3979 2728 4051 repellendi,
2768 3979 2902 4050 quia
2930 3979 3157 4033 funesta
3181 3982 3262 4033 est
3286 3995 3393 4033 vox

1760 4093 1979 4132 eorum.
2008 4077 2217 4130 Vocem
2248 4075 2399 4129 enim
2427 4074 2715 4128 funestam
2750 4073 2810 4127 in
2837 4072 3103 4127 omnibus
3135 4072 3392 4128 interdici

1759 4171 1943 4241 potius
1989 4186 2161 4243 quam
2203 4168 2388 4223 audiri
2437 4168 2680 4240 oportet.
2729 4167 3044 4223 Periculum
3080 4182 3218 4235 ergo
3245 4167 3395 4238 quod

1760 4264 2081 4318 doctoribus
2114 4262 2374 4317 imminet
2414 4277 2776 4333 summopere
2818 4276 3048 4331 semper
3074 4261 3390 4315 cavendum

1759 4362 1843 4411 est
1863 4361 1917 4411 et
1942 4357 2364 4423 declinandum,
2396 4359 2453 4411 et
2477 4356 2555 4410 illi
2586 4359 2719 4410 sunt
2743 4373 2775 4408 a
2801 4355 3015 4410 cunctis
3042 4354 3305 4425 portendi
3339 4360 3397 4410 et

1760 4451 2130 4517 custodiendi,
2146 4451 2369 4505 dicente
2392 4450 2632 4505 Domino
2658 4467 2670 4504 :
2700 4472 2728 4499 ‹‹
2751 4449 2912 4513 Quod
2933 4448 3032 4502 uni
3054 4465 3123 4502 ex
3144 4448 3392 4502 minimis

1759 4546 1901 4600 meis
1929 4544 2155 4612 fecistis,
2185 4545 2327 4598 mihi
2372 4543 2583 4598 fecistis
2615 4543 2828 4615 (Matth.
2860 4559 2986 4607 xxv,
3016 4543 3125 4611 40).
3149 4562 3177 4591 »
3206 4541 3393 4596 Prima

1759 4639 1911 4694 enim
1950 4638 2099 4693 salus
2144 4642 2230 4692 est
2273 4641 2443 4692 rectae
2491 4637 2622 4691 ﬁdei
2665 4635 2894 4707 regulas
2938 4633 3236 4703 custodire,
3271 4639 3329 4689 et
3360 4650 3392 4688 a

1759 4732 2073 4787 constitutis
2111 4734 2337 4785 Patrum
2386 4730 2709 4784 nullatenus
2757 4728 3000 4783 deviare.
3049 4728 3159 4782 Nec
3205 4730 3391 4799 potest

1759 4826 1983 4880 Domini
2003 4825 2182 4880 nostri
2206 4826 2333 4879 Jesu
2372 4824 2580 4879 Christi
2606 4821 2967 4894 praetermitti
2997 4821 3275 4877 sententia
3303 4822 3388 4876 di-

100 4896 141 4947 ‘is
161 4910 311 4961 timeri
341 4928 658 4986 eorumque
684 4917 1097 4973 successoribus
1143 4919 1403 4973 novimus
1448 4919 1653 4973 consti-
1676 4953 1734 5023 D
1760 4919 1937 4973 centis
1960 4938 1973 4974 :
2001 4941 2029 4968 «
2060 4921 2137 4975 Tu
2185 4936 2243 4971 es
2273 4920 2472 4973 Petrus
2510 4922 2567 4971 et
2594 4932 2767 4988 super
2790 4916 2941 4969 hanc
2969 4919 3195 4986 petram
3219 4915 3392 4969 sediti-

100 4992 224 5023 ὶηιη...
258 5004 345 5023 --τί
382 5007 392 5016 ο
479 5009 514 5023 ,ο
743 5011 757 5023 ς
1012 5012 1025 5023 1
1106 5016 1115 5023 .
1464 5012 1480 5023 .
1522 5012 1535 5023 1
1823 5013 1838 5023 ς
1921 5014 1959 5023 ν-
2028 5013 2042 5023 .
2114 5012 2124 5023 .
2475 5012 2548 5023 η.-
2595 5010 2654 5023 η.
2861 5008 2935 5023 ,ια
3071 5012 3081 5023 .
3114 5008 3130 5023 1

98 4992 225 5050 tul'lrn
252 5004 662 5064 criminationes
691 5011 959 5065 adversus
995 5012 1251 5067 doctores
1294 5028 1408 5066 non
1450 5012 1656 5067 debere

96 5091 259 5157 meripi,
285 5115 377 5153 nec
408 5104 969 5176 peregrimajudicia
993 5106 1132 5167 fieri,
1164 5123 1269 5160 nec
1301 5122 1655 5178 ‘Il‘em‘luam

156 5184 261 5239 τῑέιις
276 5190 472 5258 judicis
497 5213 671 5266 quam
690 5199 773 5251 sui
793 5200 1071 5253 sententia
1093 5200 1302 5253 debere
1319 5200 1652 5270 constringi.

92 5277 219 5369 Luat
251 5287 388 5339 enim
437 5290 699 5344 Ecclesize
749 5292 1000 5345 Christus
1049 5298 1151 5361 est,
1211 5293 1417 5348 Christi
1461 5295 1652 5347 autem

94 5372 227 5457 trarii
263 5381 579 5435 sacerdotes
620 5389 768 5445 sunt,
802 5385 899 5454 qui
943 5385 1061 5439 vice
1107 5386 1311 5440 Christi
1365 5387 1654 5457 legatione

92 5456 339 5551 infiguntur
361 5473 417 5527 in
450 5476 712 5531 Ecclesia.
743 5478 952 5532 Idcirco
981 5478 1256 5550 quidquid
1282 5480 1352 5533 ad
1375 5456 1571 5534 eorum
1595 5480 1657 5533 fit

94 5554 313 5629 ml'lriam,
343 5566 413 5619 ad
439 5568 727 5623 Christum
755 5571 1021 5642 pertinet,
1051 5573 1147 5643 qui
1171 5572 1346 5627 dixit:
1375 5594 1402 5621 ‹<
1425 5573 1529 5636 Qui
1554 5590 1655 5627 V03

91 5648 213 5711 audit,
241 5670 321 5710 me
346 5660 537 5729 audit;
570 5667 621 5715 et
648 5663 745 5734 qui
774 5681 872 5718 vos
901 5665 1134 5736 spernit,
1168 5683 1259 5720 me
1303 5665 1540 5736 spernit.
1588 5667 1657 5720 Et

91 5751 153 5788 ’πη
185 5751 376 5813 Spernit
404 5769 521 5821 me,
562 5757 770 5825 spernit
799 5774 930 5811 eum
971 5758 1065 5829 qui
1099 5758 1251 5812 misit
1286 5775 1378 5813 me
1418 5759 1565 5830 (Ltlc-
1599 5775 1651 5826 Χ,

90 5834 161 5885 τιν.
179 5862 195 5877 υ
209 5839 322 5905 Ista,
347 5845 579 5911 fratres,
604 5850 876 5905 terribilia
894 5856 1024 5905 sunt
1043 5857 1101 5908 et
1119 5852 1331 5924 oppido
1352 5852 1653 5925 diligenter

1757 5013 1895 5067 cabo
1921 5012 2225 5068 Ecclesiam
2250 5028 2439 5066 meam
2471 5010 2685 5080 (Matth.
2714 5026 2827 5075 xvi,
2856 5008 2961 5080 18),
2978 5028 3004 5059 ››
3034 5012 3091 5063 et
3114 5008 3237 5063 hmo
3261 5024 3389 5079 quae

1756 5107 1899 5160 dicta
1927 5110 2058 5160 sunt
2095 5122 2289 5160 rerum
2313 5105 2633 5177 probantur
2667 5102 2978 5188 effectibus,
3009 5102 3143 5174 quia
3168 5101 3225 5156 in
3256 5103 3388 5157 sede

1758 5198 2059 5270 apostolica
2086 5200 2246 5253 extra
2272 5198 2554 5252 maculam
2587 5212 2812 5268 semper
2845 5198 2931 5250 est
2971 5194 3247 5249 catholica
3277 5212 3392 5248 ser-

1754 5297 1882 5347 vata
1916 5292 2134 5363 religio.
2175 5292 2320 5360 Ideo,
2352 5289 2687 5361 charissimi,
2722 5293 2778 5343 et
2805 5305 2906 5344 vos
2937 5288 3099 5358 juxta
3136 5293 3388 5342 sanctam

1756 5385 2107 5458 Scripturam
2155 5384 2350 5439 discite
2395 5383 2752 5451 benefacere,
2793 5387 2850 5438 et
2890 5383 3043 5438 mala
3082 5381 3384 5447 declinare,

1755 5483 1813 5533 ct
1836 5481 2065 5533 Patrum
2085 5478 2298 5549 regulis
2321 5476 2522 5544 imbui,
2540 5477 2684 5531 sicut
2699 5476 2972 5548 scriptum
2995 5477 3080 5530 est
3103 5491 3115 5528 :
3144 5472 3325 5538 «Filii,
3342 5472 3387 5525 si

1754 5572 1928 5626 habes
1955 5572 2099 5626 bene
2126 5571 2211 5625 fac
2235 5575 2448 5639 tecum,
2466 5574 2522 5624 et
2543 5570 2657 5622 Deo
2680 5569 2882 5640 dignas
2897 5566 3208 5622 oblationes
3228 5563 3384 5617 offer.

1752 5666 1962 5720 Memor
1976 5670 2116 5731 esto,
2133 5663 2398 5737 quoniam
2412 5646 2568 5718 mors
2579 5678 2695 5716 non
2706 5660 2969 5728 tardat,et
2979 5662 3181 5713 testam
3191 5657 3388 5711 entum

1754 5758 2089 5827 inferorum,
2122 5758 2258 5829 quia
2288 5758 2737 5811 demonstratum
2786 5755 2870 5808 est
2908 5751 3031 5806 tibi.
3063 5752 3386 5806 Testamen-

1754 5856 1877 5907 tum
1896 5852 2063 5925 hujus
2073 5851 2275 5907 mundi
2290 5854 2474 5905 morte
2489 5848 2784 5903 morietur.
2798 5848 2941 5901 Ante
2960 5846 3206 5899 mortem
3225 5842 3369 5899 bene
