4026 6166
643 250 743 305 235

1540 247 1822 301 APPEND.
1862 248 1951 302 AD
1987 248 2148 303 S/EC.
2190 249 2277 302 1X.
2308 276 2376 288 --
2417 249 2657 304 lSlDOltl
2695 247 3118 304 MERCATORIS
3833 266 3907 319 236

638 356 725 412 fac
748 354 933 409 amico
975 359 1090 423 tuo,
1134 358 1189 408 et
1229 353 1539 408 secundum
1576 354 1722 409 vires
1748 356 1870 409 tuas
1905 354 2270 427 exporrigens
2295 370 2351 441 Α
2371 354 2527 411 enim
2555 353 2899 425 concupiscit
2923 353 3316 412 multitudines
3333 355 3570 414 ﬁliorum
3594 360 3856 423 inﬁdelium
3870 376 3911 426 et

640 454 711 509 da
737 451 992 524 pauperi.
1032 452 1153 505 Non
1180 450 1535 507 defrauderis
1561 468 1594 506 a
1620 451 1712 507 die
1743 452 1889 507 bona
1916 457 1971 508 et
1995 453 2276 523 particula

640 547 772 601 boni
799 546 933 600 doni
976 561 1089 599 non
1137 550 1191 599 te
1231 548 1549 616 prmtereat.
1580 547 1780 601 Nonne
1824 547 1945 601 aliis
1984 547 2275 618 relinquas

641 641 863 695 dolores
889 644 945 695 et
966 640 1193 695 labores
1220 639 1384 694 tuos?
1414 642 1477 695 In
1506 639 1780 697 divisione
1809 642 1974 696 sortis
2000 641 2070 697 da
2097 644 2152 696 ct
2179 657 2272 696 ac-

638 734 781 805 cipe,
821 733 1073 805 justiﬁca
1116 733 1367 789 animam
1412 737 1595 790 tuam.
1646 737 1790 790 Ante
1836 735 2057 790 obitum
2109 740 2276 791 tuum

639 843 878 901 operare
899 828 1184 899 justitiam
1209 828 1345 900 quia
1368 844 1487 883 non
1508 833 1591 883 est
1610 830 1761 900 apud
1786 829 1996 885 inferos
2020 829 2275 886 invenire

638 923 849 978 cibum.
882 922 1078 978 Omnis
1109 938 1239 977 caro
1272 922 1415 978 sicut
1456 922 1652 978 fenum
1682 927 2009 993 veterascet,
2037 927 2095 979 et
2134 923 2278 978 sicut

639 1017 842 1073 folium
869 1015 1213 1071 fructiﬁcans
1240 1016 1299 1071 in
1328 1017 1529 1072 arbore
1554 1016 1738 1071 viridi.
1761 1018 1880 1072 Alia
1901 1023 2272 1089 generantur,

638 1115 694 1167 et
724 1110 835 1165 alia
854 1109 1214 1181 dejiciuntur.
1236 1110 1324 1165 Sic
1352 1110 1643 1182 generatio
1666 1111 1853 1166 carnis
1878 1117 1934 1168 et
1953 1112 2271 1184 sanguinis,

637 1204 747 1259 alia
775 1203 990 1271 ﬁnitur,
1023 1206 1080 1259 et
1106 1204 1214 1258 alia
1237 1204 1505 1260 nascitur.
1528 1205 1710 1260 Omne
1739 1221 1881 1276 opus
1910 1208 2275 1278 corruptibile

639 1299 696 1352 in
722 1297 836 1352 ﬁne
851 1297 1091 1367 deﬁciet,
1107 1302 1163 1353 et
1188 1298 1286 1370 qui
1312 1297 1453 1353 illu‘d
1470 1303 1739 1370 operatur
1764 1298 1868 1355 ibit
1891 1317 2021 1356 cum
2048 1301 2192 1372 ipso.
2208 1304 2276 1359 Et

633 1407 804 1447 omne
850 1408 990 1462 opus
1031 1391 1273 1447 electum
1310 1391 1745 1462 justiﬁcabitur,
1781 1396 1839 1448 et
1881 1394 1981 1466 qui
2007 1401 2276 1466 operatur

634 1485 771 1541 illud
799 1480 1179 1540 hondrabitur
1203 1485 1263 1539 in
1296 1484 1413 1540 illo.
1444 1486 1644 1541 Beatus
1671 1486 1757 1541 vir
1786 1486 1885 1558 qui
1911 1487 1971 1542 in
1998 1489 2275 1560 sapientia

636 1595 741 1634 sua
766 1578 1109 1647 morabitur,
1127 1582 1183 1634 et
1206 1578 1304 1650 qui
1332 1580 1391 1633 in
1408 1579 1631 1651 justitia
1653 1596 1759 1635 sua
1797 1582 2190 1651 meditabitur,
2217 1586 2276 1639 et

634 1673 694 1728 in
714 1689 881 1728 sensu
898 1671 1171 1743 cogitabit
1192 1672 1756 1744 circumspectionem
1782 1674 1900 1729 Dei.
1925 1658 2035 1740 Qui
2048 1677 2274 1749 excogi-

2376 448 2685 504 inutilium.
2716 450 2793 503 Ne
2813 448 3149 521 jucunderis
3176 449 3234 503 in
3265 449 3391 505 ﬁliis
3409 451 3605 524 impiis,
3629 455 3669 509 si
3691 459 3908 533 multipli-

2375 544 2595 614 centur,
2624 559 2729 598 nec
2756 542 3052 599 oblecteris
3081 558 3251 614 super
3274 543 3443 615 ipsos,
3473 546 3519 601 si
3538 563 3645 604 non
3668 553 3745 606 est
3781 553 3913 611 timor

2376 636 2477 691 Dei
2507 652 2639 692 cum
2662 636 2791 692 illis.
2819 637 2945 713 Non
2987 636 3180 693 credas
3227 636 3356 693 vitae
3395 638 3627 710 illorum,
3657 647 3823 702 etnon
3846 665 3913 704 re-

2376 730 2623 802 spexeris
2668 731 2728 787 in
2763 718 2990 787 labores
3032 748 3253 789 eorum.
3297 733 3486 789 Melior
3528 738 3608 791 est
3644 737 3779 794 enim
3804 756 3915 797 unus

2375 824 2581 881 timens
2608 826 2809 897 Deum,
2849 842 3025 897 quam
3068 826 3222 883 mille
3246 827 3350 883 ﬁlii
3372 827 3550 902 impii.
3576 830 3638 885 Et
3659 832 3779 888 utile
3806 837 3916 891 mori

2375 919 2496 975 sine
2539 918 2689 990 ﬁliis,
2737 935 2913 992 quam
2951 919 3273 993 relinquere
3310 922 3455 977 ﬁlios
3496 923 3704 996 impios.
3742 927 3808 982 Ab
3827 944 3914 983 uno

2374 1016 2598 1068 sensato
2611 1012 3027 1068 inhabitabitur
3040 1014 3243 1086 patria,
3258 1020 3315 1071 et
3329 1032 3363 1071 a
3375 1016 3550 1072 tribus
3566 1017 3735 1089 impiis
3750 1019 3915 1077 desere-

2373 1111 2485 1162 tur.
2512 1106 2683 1162 Multa
2709 1106 2821 1161 alia
2842 1107 2986 1162 vidit
3014 1108 3213 1164 oculus
3236 1126 3416 1181 meus,
3443 1114 3498 1167 et
3520 1110 3735 1168 fortiora
3758 1114 3915 1170 horum

2373 1200 2587 1255 audivit
2611 1200 2765 1256 auris
2793 1216 2942 1257 mea.
2969 1203 3031 1257 In
3058 1218 3350 1275 synagoga
3375 1204 3709 1276 peccantium
3735 1209 3914 1263 exarde-

2373 1294 2457 1349 bit
2499 1294 2666 1367 ignis,
2697 1294 2760 1350 in
2805 1300 2973 1367 gente
3015 1295 3333 1353 incredibili
3379 1299 3690 1356 exardescet
3717 1299 3804 1356 ira.
3826 1302 3914 1357 Non

2374 1392 2752 1445 exoraverunt
2774 1406 2878 1462 pro
2903 1391 3150 1462 peccatis
3193 1392 3307 1447 suis
3332 1392 3553 1465 antiqui
3590 1392 3825 1465 gigantes,
3846 1397 3915 1466 qui

2373 1483 2777 1540 destruxerunt
2801 1484 3155 1542 conﬁdentes
3174 1504 3290 1542 suae
3305 1487 3515 1554 virtuti,
3536 1491 3590 1542 et
3606 1504 3709 1542 non
3726 1490 3915 1561 pepercit

2372 1577 2823 1649 peregrinationi
2851 1578 3096 1647 illorum,
3119 1581 3218 1636 sed
3244 1581 3518 1653 percussit
3535 1598 3642 1649 eos,
3662 1585 3714 1636 et
3725 1598 3915 1637 exsecra-

2372 1673 2465 1725 tus
2494 1674 2578 1726 est
2604 1672 2733 1727 illos
2761 1688 2879 1744 prae
2908 1674 3172 1744 superbia
3195 1674 3353 1729 verbi
3378 1675 3614 1731 illorum.
3640 1677 3745 1731 Non
3766 1676 3910 1730 miser-

635 1768 717 1821 tat
743 1766 862 1820 vias
888 1766 1039 1820 illius
1080 1764 1139 1820 in
1177 1766 1345 1821 corde
1376 1743 1478 1821 suo
1506 1771 1563 1822 et
1584 1766 1645 1822 in
1675 1767 1965 1823 absconsis
2002 1769 2152 1826 illius
2188 1743 2271 1827 ἔῃ-
2290 1743 2348 1817 Β
2373 1768 2463 1820 tus
2489 1768 2575 1820 est
2604 1764 2732 1834 illis,
2750 1768 2931 1822 totam
2957 1743 3189 1837 gentem
3215 1767 3478 1840 perdens,
3507 1772 3561 1824 et
3588 1770 3911 1824 extollentesse

634 1860 898 1932 telligens
924 1859 1051 1929 erit,
1099 1859 1307 1914 vadens
1335 1863 1467 1932 post
1493 1859 1650 1916 illam
1693 1862 1854 1934 quasi
1877 1862 2266 1936 investigator,

635 1958 693 2010 et
738 1953 800 2009 in
842 1952 941 2008 viis
986 1952 1139 2009 illius
1182 1945 1515 2010 censistens.
1564 1954 1670 2023 Qui
1706 1956 1941 2027 respicit
1967 1973 2070 2029 per
2110 1958 2268 2015 fene-

635 2051 810 2102 stram
830 2046 971 2118 ejus,
990 2049 1048 2100 et
1066 2046 1124 2100 in
1138 2046 1376 2118 januam
1399 2046 1548 2102 illius
1566 2047 1825 2104 audiens.
1840 2050 1946 2115 Qui
1965 2050 2273 2123 requiescit

626 2140 788 2212 juxta
808 2140 1042 2195 domum
1068 2139 1243 2207 illius,
1277 2140 1416 2195 etin
1444 2140 1756 2212 parietibus
1775 2142 1927 2198 illius
1950 2144 2133 2215 ﬁgens
2163 2162 2268 2217 pa-

631 2234 777 2289 lum.
819 2233 1025 2288 Statuit
1067 2234 1312 2288 casulam
1360 2250 1523 2290 suam
1564 2235 1639 2289 ad
1685 2252 1892 2291 manus
1918 2237 2067 2293 illius
2094 2242 2151 2294 et
2176 2255 2267 2295 re-

636 2325 934 2398 quiescunt
957 2326 1018 2381 in
1062 2327 1254 2381 casula
1294 2326 1443 2382 illius
1481 2328 1635 2384 dona
1658 2346 1764 2401 per
1807 2346 2017 2386 aevum.
2053 2332 2272 2389 Statuet

633 2418 775 2475 filios
800 2436 931 2475 suos
954 2420 1057 2475 sub
1084 2420 1343 2492 tegmine
1370 2421 1540 2491 illius,
1566 2424 1623 2478 et
1647 2423 1752 2478 sub
1776 2424 1950 2479 ramis
1978 2425 2130 2480 illius
2151 2442 2270 2481 mo-

630 2514 864 2584 rabitur,
895 2515 1217 2587 protegitur
1255 2515 1358 2571 sub
1387 2516 1560 2571 ramis
1589 2517 1740 2572 illius
1782 2535 1816 2573 a
1856 2520 2097 2588 fervore,
2129 2524 2185 2576 et
2207 2520 2268 2575 in

632 2608 816 2680 gloria
847 2609 969 2681 ejus
1010 2610 1341 2683 requiescet.
1390 2610 1497 2675 Qui
1546 2610 1713 2667 timet
1756 2612 2059 2668 Dominum
2096 2614 2271 2670 faciet

631 2702 789 2774 illud,
809 2708 865 2760 et
880 2703 977 2777 qui
998 2704 1300 2761 continens
1316 2708 1400 2759 est
1410 2704 1647 2776 justitiaa
1672 2707 2069 2778 apprehendet
2088 2707 2265 2780 illam,

633 2800 692 2851 et
742 2796 987 2853 obviabit
1044 2797 1126 2852 illi
1181 2798 1340 2869 quasi
1368 2801 1557 2853 mater
1577 2799 1965 2868 honoriﬁcata,
2010 2802 2068 2856 et
2109 2801 2270 2873 quasi

632 2890 842 2946 mulier
872 2907 907 2946 a
945 2891 1270 2963 virginitate
1309 2891 1574 2963 suscipiet
1615 2892 1796 2948 illum.
1842 2893 2064 2950 Cibabit
2105 2895 2269 2951 illum

634 3000 778 3058 pane
808 2984 938 3041 vitae
972 2988 1029 3041 et
1052 2984 1394 3054 intellectus,
1425 2990 1480 3041 et
1515 3003 1662 3059 aqua
1688 2988 1979 3059 sapientia:
2009 2989 2269 3045 salutaris

633 3077 854 3150 potabit
879 3078 1063 3133 illum.
1092 3080 1160 3136 Et
1187 3077 1507 3134 ﬁrmabitur
1525 3081 1587 3135 in
1614 3080 1735 3148 illo,
1759 3086 1816 3136 et
1840 3098 1954 3136 non
1984 3082 2265 3151 ﬂectetur,

634 3174 691 3226 et
716 3171 1027 3228 continebit
1064 3170 1251 3243 illum,
1292 3175 1349 3227 et
1384 3190 1503 3229 non
1551 3174 1947 3246 confundetur,
1974 3180 2032 3230 et
2061 3178 2272 3232 exalta-

632 3264 715 3319 bit
734 3281 868 3320 eum
893 3265 1045 3338 apud
1076 3265 1366 3338 proximos
1394 3284 1559 3336 suos,
1580 3273 1637 3323 et
1680 3268 1741 3323 in
1788 3269 1977 3324 medio
2020 3270 2269 3325 ecclesia;

634 3358 852 3432 aperiet
890 3376 952 3415 os
998 3360 1140 3432 ejus,
1175 3363 1233 3415 et
1262 3360 1519 3433 implebit
1561 3378 1695 3417 eum
1735 3363 1939 3435 spiritu
1976 3363 2269 3436 sapientiae

632 3455 689 3509 et
737 3452 1075 3522 intellectus,
1117 3459 1173 3510 et
1209 3456 1355 3510 stola
1400 3455 1593 3528 glorise
1637 3456 1837 3512 vestiet
1866 3456 2047 3528 illum,
2068 3457 2271 3529 jucun-

635 3546 870 3602 ditatem
894 3551 950 3602 et
974 3548 1418 3604 exsultationem
1461 3550 1862 3606 thesaurizabit
1886 3568 2057 3623 super
2084 3551 2265 3621 illum,

632 3646 685 3697 et
710 3640 944 3697 nomine
963 3644 1174 3698 aeterno
1200 3642 1557 3699 haereditabit
1594 3644 1778 3700 illum.
1812 3644 2079 3701 Homines
2109 3646 2269 3702 stulti

632 3751 747 3790 non
777 3735 1215 3807 apprehendent
1239 3736 1415 3808 illam,
1448 3739 1506 3791 et
1532 3737 1795 3795 homines
1833 3740 2046 3794 sensati
2083 3739 2269 3795 obvia-

632 3829 775 3885 bunt
799 3828 902 3899 illi,
934 3830 1197 3885 homines
1223 3830 1382 3886 stulti
1410 3848 1525 3887 non
1557 3831 1829 3888 videbunt
1859 3832 2032 3888 illam.
2072 3834 2269 3906 Longe

596 3912 607 3923 “
632 3923 786 3977 enim
814 3923 971 3979 abest
1001 3941 1035 3979 a
1082 3924 1349 3996 superbia
1375 3930 1431 3981 et
1462 3926 1616 3981 dolo.
1664 3926 1779 3980 Viri
1822 3926 2124 3981 mendaces
2149 3943 2295 3981 non-

632 4021 800 4071 erunt
826 4016 993 4084 illius,
1032 4021 1088 4071 et
1132 4017 1236 4071 viri
1275 4034 1504 4073 veraces
1548 4019 1911 4074 invenientur
1952 4018 2011 4074 in
2050 4020 2163 4088 illa,
2212 4023 2270 4073 et

632 4125 915 4163 accessum
979 4109 1270 4164 habebunt
1329 4126 1505 4181 usque
1558 4112 1629 4165 ad
1683 4112 2092 4182 inspectionem
2147 4112 2265 4169 Dei.

632 4202 755 4256 Non
772 4206 856 4256 est
870 4200 1125 4271 speciosa
1140 4202 1262 4256 laus
1278 4202 1336 4257 in
1355 4218 1450 4259 ore
1468 4204 1802 4275 peccatoris,
1817 4204 2089 4277 quoniam
2105 4223 2137 4260 a
2152 4208 2266 4262 Deo

631 4294 884 4365 perfecta
906 4296 990 4349 est
1008 4294 1306 4366 sapientia.
1325 4295 1616 4368 Sapientia
1633 4296 1785 4353 enim
1814 4298 1913 4354 Dei
1938 4298 2105 4353 stabit
2122 4300 2264 4371 laus,

2369 1857 2430 1913 in
2473 1858 2587 1913 suis
2629 1859 2889 1930 peccatis.
2941 1862 3009 1914 Et
3044 1861 3188 1916 sicut
3227 1865 3492 1917 sexcenta
3514 1863 3681 1917 millia
3700 1863 3910 1934 peditum,

2370 1953 2470 2024 qui
2496 1954 2832 2025 congregati
2855 1957 2988 2008 sunt
3012 1954 3071 2009 in
3100 1955 3310 2010 duritia
3338 1956 3520 2011 cordis
3545 1956 3643 2012 sui.
3668 1959 3726 2013 Et
3752 1956 3791 2010 si
3811 1972 3911 2010 unus

2369 2046 2566 2102 fuisset
2588 2047 2914 2117 cervicatus,
2943 2048 3157 2103 mirum
3184 2048 3232 2103 si
3261 2049 3458 2105 fuisset
3498 2049 3763 2105 immunis.
3792 2050 3909 2105 Mise-

2370 2139 2616 2195 ricordia
2645 2139 2802 2195 enim
2831 2145 2887 2196 et
2911 2140 2999 2196 ira
3024 2146 3109 2197 est
3132 2158 3264 2197 cum
3292 2142 3415 2214 illo,
3442 2148 3637 2215 potens
3654 2143 3853 2199 exoratio
3874 2144 3912 2196 et

2371 2232 2670 2288 effundens
2694 2233 2837 2289 iram
2864 2234 3181 2290 secundum
3208 2235 3647 2293 misericordiam
3673 2253 3821 2292 suam.
3852 2236 3911 2291 Sic

2370 2326 2651 2397 correptio
2673 2326 2824 2382 illius
2848 2328 3107 2384 homines
3127 2330 3444 2386 secundum
3464 2347 3627 2402 opera
3647 2347 3735 2386 sua
3745 2330 3908 2402 judica-

2369 2419 2473 2475 bit.
2504 2421 2626 2475 Non
2654 2419 2891 2493 effugiet
2918 2421 2978 2477 in
3020 2422 3226 2493 rapina
3254 2440 3357 2479 sua
3379 2428 3642 2497 peccator,
3667 2431 3825 2480 etnon
3848 2438 3908 2477 re-

2368 2514 2611 2569 tardabit
2629 2515 3015 2571 suﬂerentiam
3033 2516 3294 2572 facientis
3313 2518 3750 2575 misericordiam.
3767 2517 3909 2572 Omnis

2368 2606 2755 2663 misericordia
2785 2608 2948 2664 faciet
2970 2610 3161 2665 locum
3190 2611 3497 2685 unicuique
3532 2611 3802 2668 secundum
3823 2625 3907 2665 me-

2369 2701 2543 2756 ritum
2592 2718 2829 2773 operum
2865 2719 3119 2772 suorum,
3172 2710 3229 2760 et
3275 2706 3585 2762 secundum
3639 2706 3908 2761 intellectum

2368 2795 2862 2867 peregrinationis.
2891 2797 3013 2853 Non
3042 2797 3193 2854 dicas
3218 2816 3231 2855 :
3261 2801 3308 2856 A
3335 2802 3446 2856 Deo
3488 2801 3781 2868 abscondat,
3804 2804 3906 2852 etei

2368 2905 2590 2944 summo
2630 2889 2755 2961 quis
2795 2890 2909 2947 mei
2948 2892 3398 2951 memorabitur?
3437 2898 3499 2950 In
3544 2895 3732 2967 populo
3756 2904 3907 2962 magno

2366 2994 2482 3033 non
2508 2995 2802 3051 agnoscar.
2833 2980 2973 3045 Quae
3004 2985 3089 3037 est
3120 2982 3280 3038 enim
3311 2984 3500 3040 anima
3522 3001 3639 3040 mea
3663 2984 3819 3038 intem
3838 2980 3906 3033 im-

2368 3088 2566 3127 mensa
2594 3075 2888 3130 creatura?
2918 3076 3056 3132 Ecce
3085 3076 3298 3133 coelum
3329 3082 3385 3135 et
3408 3078 3528 3134 coeli
3547 3079 3783 3134 caelorum
3799 3073 3907 3143 abys-

2368 3182 2481 3235 sus,
2509 3166 2772 3222 universa
2795 3172 2947 3224 terra
2974 3173 3032 3225 et
3061 3186 3192 3243 quae
3231 3172 3294 3226 in
3321 3172 3401 3228 eis
3426 3176 3572 3242 sunt,
3600 3172 3653 3226 in
3681 3171 3905 3238 conspectu

2367 3258 2519 3314 illius
2545 3262 3079 3332 commovebuntur,
3109 3268 3338 3322 montes
3368 3266 3623 3322 similiter
3648 3271 3697 3319 et
3726 3260 3907 3317 colleset

2368 3353 2743 3411 fundamenta
2784 3360 2971 3413 terras.
3019 3359 3087 3415 Et
3128 3375 3264 3415 cum
3308 3360 3657 3433 conspexerit
3691 3357 3770 3412 illa
3790 3356 3904 3414 Deus,

2367 3451 2615 3504 tremore
2637 3450 3054 3520 concutientur,
3079 3455 3136 3507 et
3158 3452 3219 3508 in
3246 3454 3516 3509 omnibus
3539 3453 3620 3508 his
3642 3450 3909 3506 inseusatum

2369 3544 2455 3597 est
2483 3559 2601 3599 cor.
2631 3546 2697 3600 Et
2725 3561 2893 3599 omne
2937 3562 3036 3601 cor
3069 3545 3422 3618 intelligitur
3449 3548 3516 3603 ab
3543 3548 3649 3615 illo,
3678 3548 3727 3600 et
3748 3543 3837 3596 vias
3864 3539 3907 3591 il-

2366 3635 2474 3691 lius
2512 3636 2639 3708 quis
2683 3637 2986 3710 intelligit?
3028 3641 3097 3695 Et
3138 3642 3455 3712 procellam
3500 3657 3659 3713 quam
3696 3652 3779 3693 nec
3815 3647 3906 3688 ocu-

2367 3729 2453 3785 lus
2491 3730 2632 3785 vidit
2665 3731 2953 3787 hominis?
2991 3733 3133 3788 Nam
3180 3735 3435 3805 plurima
3469 3751 3631 3807 opera
3667 3732 3789 3788 illius
3819 3728 3910 3781 sunt

2368 3824 2429 3878 in
2455 3824 2762 3893 absconsis,
2790 3826 2888 3881 sed
2912 3841 3082 3898 opera
3104 3827 3349 3899 justitiae
3377 3830 3526 3885 illius
3548 3827 3661 3901 quis
3679 3818 3905 3881 enarrabili

2367 3924 2465 3976 aut
2493 3921 2619 3991 quis
2642 3922 2981 3979 sustinebit?
3005 3925 3185 3999 Large
3234 3927 3393 3983 enim
3431 3932 3512 3984 est
3537 3925 3868 3983 testamentum
3885 3930 3907 3966 ἃ

2368 4017 2726 4089 quibusdam,
2756 4025 2813 4077 et
2833 4022 3200 4095 interrogatio
3226 4026 3529 4083 hominum
3552 4026 3605 4081 in
3634 4029 3905 4078 consumma-

2368 4114 2521 4171 tione
2540 4119 2644 4171 est.
2671 4117 2780 4182 Qui
2795 4120 3117 4177 minoratur
3128 4124 3295 4179 corde
3316 4125 3524 4197 cogitat
3541 4123 3690 4187 mala,
3704 4122 3751 4173 et
3764 4112 3906 4169 virim-

2367 4214 2619 4285 prudens
2649 4220 2707 4272 et
2750 4233 2947 4273 errans
2975 4221 3186 4293 cogitat
3225 4226 3401 4279 stulta
3442 4224 3617 4297 (Eccli.
3641 4235 3737 4288 xiv,
3764 4213 3902 4271 "-27;

2367 4329 2457 4382 xv,
2489 4317 2641 4384 1-22;
2671 4333 2780 4386 xvr,
2818 4318 2981 4390 1-23).
3007 4340 3035 4369 ››
3068 4341 3095 4370 ‹‹
3125 4320 3324 4378 Omnis
3350 4340 3507 4396 ergo,
3545 4323 3742 4386 fratres,
3775 4321 3905 4368 sermo

633 4387 1105 4492 etin-oreﬂﬁdeli
1133 4388 1466 4492 abundabit,
1508 4393 1565 4446 et
1607 4390 1926 4492 dominator
1954 4392 2113 4492 dabit
2141 4409 2327 4492 eam_
2366 4415 2549 4470 malus
2577 4415 2647 4470 de
2681 4432 2779 4471 om
2798 4387 2986 4473 ηειέο
3014 4436 3128 4474 non
3156 4387 3448 4492 procedat:
3471 4387 3569 4477 ,έθά
3594 4420 3637 4475 εί
3659 4415 3765 4490 qui,
3779 4412 3904 4467 bonus

630 4481 729 4590 illi.
754 4483 875 4587 Non
905 4480 1144 4590 dixeris:
1173 4483 1609 4590 PeiiDominurn
1642 4485 1819 4590 abest,
1840 4502 1991 4590 qua:
2006 4487 2123 4544 odit
2148 4504 2266 4590 non
2284 4487 2345 4561 Ι)
2367 4516 2453 4568 εει
2481 4513 2554 4568 ad
2581 4515 3013 4573 aediﬁcationem
3043 4480 3507 4590 Opp‘ortmﬁmt'is,
3541 4522 3602 4575 ut
3625 4480 3708 4572 de}
3727 4507 3906 4584 gratiam

631 4576 851 4645 feceris,
893 4592 1009 4631 non
1056 4576 1367 4634 dicas:llle
1411 4594 1502 4635 me
1547 4578 1899 4651 implanavit.
1948 4581 2069 4635 Non
2112 4582 2266 4638 enim

632 4670 932 4725 necessarii
978 4676 1109 4727 sunt
1146 4671 1229 4728 illi
1268 4671 1527 4728 homines
1567 4672 1750 4746 impii.
1792 4674 1972 4731 Omne
2007 4692 2262 4731 exsecra-

633 4768 889 4818 mentum
915 4765 1121 4819 erroris
1142 4765 1262 4821 odit
1277 4767 1426 4821 Deus
1446 4770 1503 4822 et
1526 4783 1645 4822 non
1673 4767 1783 4823 erit
1798 4768 2040 4823 amabile
2065 4769 2267 4825 timen-

630 4857 778 4911 tibus
824 4875 973 4912 eum.
1026 4858 1170 4913 Deus
1211 4860 1282 4913 ab
1320 4859 1483 4916 initio
1533 4862 1828 4917 constituit
1868 4862 2182 4932 hominem,
2212 4868 2268 4919 et

632 4949 860 5021 reliquit
885 4950 1046 5006 illum
1077 4952 1135 5006 in
1162 4969 1340 5008 manu
1369 4955 1592 5010 consilii
1618 4955 1728 5023 sui,
1759 4956 1965 5027 adjecit
1990 4956 2267 5012 mandata

629 5048 684 5097 et
708 5050 988 5114 prtecepta
1015 5061 1136 5101 sua.
1164 5045 1220 5100 Si
1247 5047 1493 5103 volueris
1537 5049 1822 5117 mandata,
1852 5049 2266 5106 conservabunt

630 5140 684 5190 te
705 5141 760 5190 et
790 5137 847 5191 in
876 5142 1220 5209 perpetuum
1247 5138 1421 5195 ﬁdem
1448 5141 1720 5213 placitam
1760 5143 1963 5199 facere.
1993 5143 2265 5215 Apposuit

628 5230 731 5284 tibi
754 5246 963 5301 aquam
991 5235 1047 5286 et
1072 5231 1290 5303 ignem,
1316 5234 1388 5288 ad
1417 5236 1571 5307 quod
1597 5236 1839 5292 volueris
1876 5237 2109 5309 porrige
2136 5253 2260 5293 ma-

626 5340 787 5393 num,
816 5326 947 5379 ante
972 5324 1266 5381 hominem
1294 5326 1410 5382 vita
1435 5332 1492 5383 et
1510 5345 1682 5397 mors,
1710 5329 1924 5384 bonum
1943 5334 1998 5385 et
2020 5331 2259 5398 malum,

626 5416 782 5490 quod
794 5418 1070 5489 placuerit
1080 5418 1385 5489 ei,dabitur
1393 5421 1494 5488 illi,
1509 5422 1783 5495 quoniam
1797 5424 1976 5479 multa
1988 5423 2261 5495 patientia

626 5512 746 5578 Dei,
786 5516 843 5567 et
874 5510 1039 5568 fortis
1078 5512 1137 5567 in
1170 5513 1458 5585 patientia,
1482 5516 1680 5572 videns
1706 5534 1904 5573 omnes
1930 5516 2050 5573 sine
2082 5516 2255 5572 inter-

625 5604 910 5661 missione.
945 5604 1104 5661 Oculi
1141 5606 1369 5664 Domini
1401 5609 1475 5664 ad
1505 5609 1767 5666 timentes
1787 5627 1920 5666 eum
1941 5616 2000 5666 et
2023 5610 2144 5683 ipse
2169 5627 2259 5666 co-

2368 4612 2744 4671 audientibus.
2778 4616 2846 4671 Et
2870 4617 3043 4672 nolite
3070 4618 3403 4675 contristare
3432 4617 3688 4691 Spiritum
3718 4609 3905 4667 sancti!In

2368 4712 2488 4780 Dei,
2513 4711 2570 4767 in
2600 4730 2715 4784 quo
2744 4714 2951 4786 signati
2977 4716 3108 4770 estis
3134 4715 3193 4771 in
3223 4716 3315 4771 die
3346 4711 3747 4788 redemptionis.
3767 4697 3905 4761 Omnis

2365 4809 2703 4880 amaritudo,
2744 4816 2800 4868 et
2840 4813 2947 4884 ira,
2975 4818 3032 4869 et
3059 4814 3400 4886 indignatio,
3427 4820 3483 4872 et
3509 4815 3723 4877 clamor,
3746 4808 3791 4861 et
3809 4798 3905 4855 blas-

2364 4908 2596 4980 phemia
2634 4910 2867 4965 tollatur
2903 4928 2937 4966 a
2980 4912 3134 4968 vobis
3178 4929 3309 4969 cum
3334 4914 3491 4970 omni
3528 4908 3739 4967 malitia.
3771 4898 3906 4956 Estole

2365 5011 2559 5062 autem
2585 5008 2826 5064 invicem
2855 5008 3109 5082 benigni,
3139 5011 3552 5079 misericordes,
3586 5005 3817 5064 donantes
3844 4994 3904 5046 ίυ·

2362 5104 2563 5174 vicem,
2580 5105 2725 5161 sicut
2755 5109 2813 5161 et
2847 5108 2990 5163 Deus
3009 5109 3069 5164 in
3090 5110 3312 5167 Christo
3350 5110 3573 5167 donavit
3590 5103 3744 5162 vobis.
3771 5096 3904 5152 Estote

2363 5220 2501 5276 ergo
2546 5204 2865 5262 imitatores
2898 5208 2998 5263 Dei
3024 5209 3169 5264 sicut
3195 5210 3297 5266 ﬁlii
3337 5205 3667 5273 charissimi,
3691 5203 3741 5256 et
3759 5191 3902 5252 ambu-

2361 5302 2474 5357 late
2501 5302 2558 5358 in
2587 5302 2913 5375 dilectione,
2958 5306 3102 5362 sicut
3147 5311 3207 5363 et
3244 5308 3495 5367 Christus
3536 5301 3717 5361 dilexit
3752 5286 3907 5355 uaset

2360 5400 2595 5457 tradidit
2610 5404 2983 5476 semetipsum
3000 5422 3102 5478 pro
3116 5407 3281 5463 nobis
3300 5406 3634 5462 oblationem
3659 5403 3709 5455 et
3721 5388 3905 5451 hostiam

2358 5499 2474 5555 Deo
2498 5499 2559 5555 in
2588 5500 2821 5556 odorem
2852 5503 3157 5561 suavitatis.
3189 5504 3501 5562 Fornicatio
3531 5504 3706 5557 autem
3739 5494 3785 5548 et
3817 5496 3902 5540 οω·

2357 5597 2447 5654 nis
2465 5598 2857 5671 immunditia,
2892 5603 2992 5656 aut
3025 5603 3282 5673 avaritia,
3309 5619 3413 5659 nec
3439 5599 3742 5657 nominetur
3770 5589 3816 5643 in
3835 5595 3903 5635 ἴθ’

627 5698 845 5767 gnoscit
870 5715 1104 5757 omnem
1129 5717 1362 5775 operam
1387 5703 1652 5759 hominis.
1683 5704 1910 5759 Nemini
1964 5681 2261 5761 mandavit
2356 5697 2461 5766 bis,
2489 5698 2632 5756 sicut
2658 5698 2823 5756 decet
2849 5705 3095 5771 sanctos,
3132 5706 3234 5759 aut
3271 5700 3579 5773 turpitudo,
3604 5697 3696 5752 aut
3718 5681 3902 5775 εωιιίιτξ

625 5786 796 5857 impie
822 5808 1012 5863 agere,
1038 5799 1095 5851 et
1120 5771 1333 5855 nemini
1362 5797 1517 5855 dedit
1542 5797 1791 5871 spatium
1813 5798 2100 5870 peccandi.
2131 5799 2257 5855 Non
2358 5795 2577 5869 quium,
2600 5800 2698 5854 aut
2718 5797 3048 5869 scurrilitas,
3071 5817 3197 5874 quin
3221 5803 3291 5859 ad
3308 5771 3432 5857 rem
3458 5815 3568 5856 non
3588 5786 3819 5869 pertinet.
3834 5771 3903 5831 Sed
