4026 6166
201 202 299 254 23Ἱ

1427 204 1896 261 DECRETALIUM
1934 207 2318 265 COLLECTIO.

3446 224 3549 279 238

195 305 373 376 magis
404 305 713 377 gratiarum
740 307 1043 364 actio.Hoc
1074 309 1229 364 enim
1271 310 1466 367 scitote
1491 312 1815 384 intelligen-
1837 325 1898 399 Α
1988 317 2182 371 Crucis
2242 333 2379 389 ergo
2441 319 2673 375 Domini
2728 324 2908 377 nostri
2968 324 3100 380 Jesu
3162 325 3367 382 Christi
3420 346 3548 401 quas

191 410 286 473 tes,
316 405 470 476 quod
500 405 686 461 omnis
711 407 1037 474 fornicator,
1059 411 1159 463 aut
1183 408 1536 481 immundus,
1569 417 1668 466 aut
1694 429 1817 467 ava-

192 515 279 553 rus
308 499 486 569 (quod
509 502 596 555 est
618 499 908 556 idolorum
936 501 1197 573 servitus)
1226 520 1341 557 non
1369 504 1543 560 habet
1572 505 1814 561 haeredi-

190 594 357 647 tatem
402 590 463 646 in
499 609 680 664 regno
723 594 932 649 Christi
979 599 1036 649 et
1080 595 1201 651 Dei.
1233 597 1411 651 Nemo
1454 614 1549 653 vos
1586 599 1825 673 seducat‘

189 685 449 740 inanibus
478 686 684 741 verbis.
721 688 963 759 Propter
1002 689 1124 744 haec
1152 690 1308 744 cnim
1335 691 1488 746 venit
1514 692 1597 746 ira
1624 692 1725 746 Dei
1755 693 1815 747 in

188 779 323 834 ﬁlios
347 779 706 835 difﬁdentia.
737 780 921 837 Nolite
942 797 1079 852 ergo
1096 782 1243 838 efﬁci
1266 784 1565 855 participes
1592 801 1813 841 eorum.

189 872 359 929 Eratis
390 873 551 928 enim
580 873 889 945 aliquando
912 875 1187 944 tenebrae,
1214 892 1367 931 nunc
1395 882 1589 933 autem
1624 878 1723 933 lux
1756 879 1817 934 in

187 966 443 1033 Domino,
480 971 543 1022 ut
570 967 675 1023 ﬁlii
701 968 843 1023 lucis
865 968 1174 1026 ambulate.
1223 970 1458 1025 Fructus
1493 971 1648 1027 enim
1677 972 1817 1027 lucis

188 1064 263 1115 est
297 1060 358 1114 in
403 1060 682 1131 bonitate,
726 1067 785 1117 et
820 1062 1064 1134 justitia,
1109 1066 1168 1119 et
1203 1063 1459 1120 veritate.
1507 1066 1819 1122 Probantes

185 1154 310 1224 quid
320 1154 396 1209 sit
404 1154 833 1227 beneplacitum
848 1157 979 1227 Deo,
994 1157 1241 1213 etnolite
1254 1158 1677 1216 communicare
1687 1176 1818 1232 Ope-

187 1248 331 1302 ribus
358 1248 731 1305 infructuosis
755 1250 1141 1320 tenebrarum,
1167 1251 1351 1324 magis
1378 1257 1572 1308 autem
1611 1255 1814 1309 redar-

187 1342 349 1412 guite.
376 1342 519 1406 Quae
555 1342 711 1398 enim
758 1344 819 1399 in
858 1344 1078 1399 occulta
1105 1345 1253 1400 ﬁunt
1276 1345 1347 1401 ab
1376 1346 1513 1417 ipsis
1536 1350 1704 1419 turpe
1733 1353 1819 1403 est

188 1433 380 1489 dicere.
417 1435 631 1491 Omnia
655 1441 849 1492 autem
877 1453 1005 1508 qum
1030 1441 1354 1509 arguuntur
1382 1455 1417 1494 a
1442 1440 1662 1495 lumine
1686 1457 1815 1495 ma-

186 1529 541 1585 nifestantur.
572 1530 753 1585 Omne
780 1530 954 1598 enim,
982 1531 1140 1602 quod
1168 1532 1586 1603 manifestatur,
1622 1534 1819 1589 lumen

186 1628 275 1677 est.
332 1624 581 1694 Propter
625 1624 774 1695 quod
826 1624 961 1680 dicit
1007 1641 1021 1680 :
1079 1625 1261 1696 Surge
1315 1625 1415 1698 qui
1469 1627 1702 1695 dormis,
1761 1631 1820 1681 et

1914 426 2100 480 nuper
2127 410 2290 465 nobis
2315 411 2704 482 gubernacula
2744 420 2948 472 sanctae
2994 418 3263 475 Romanae
3291 422 3549 478 Ecclesia:

1916 504 2241 560 tenentibus
2284 506 2485 578 quinto
2528 509 2711 564 Nonas
2750 510 2876 566 Maii
2914 511 3141 568 inventa
3167 516 3269 582 est,
3303 515 3361 569 in
3396 532 3545 588 prae-

1917 597 2066 654 dicto
2094 599 2477 655 Kalendarum
2520 601 2612 656 die
2650 602 2992 660 inventionis
3033 606 3241 663 festum
3268 608 3429 665 vobis
3456 627 3546 667 so-

1915 691 2180 747 lemniter
2223 693 2511 750 celebrare
2554 696 2912 752 mandamus.
2960 698 3231 756 Similiter
3267 705 3326 757 et
3363 703 3544 761 haere-

1915 786 2055 841 ticos
2088 802 2287 843 omnes
2321 787 2646 861 quicunque
2677 788 2781 845 Dei
2826 791 3007 862 gratia
3034 798 3462 867 convertuntur,
3488 798 3548 854 in

1917 883 2120 935 sanctis
2130 880 2411 936 Trinitatis
2422 881 2657 938 nomine
2669 883 2964 941 credentes
2973 886 3241 958 baptizati
3254 888 3311 962 5
3320 888 3377 964 5
3394 896 3546 961 sunt,

1917 974 2182 1030 Romanae
2196 974 2455 1031 Ecclesia;
2471 978 2728 1048 regulam
2741 979 3022 1048 tenentes,
3035 995 3141 1051 per
3156 997 3359 1039 manus
3368 983 3550 1057 impo-

1916 1068 2179 1124 sitionem
2202 1069 2553 1125 reconciliari
2583 1071 2965 1144 praecipimus.
3013 1074 3207 1131 Manus
3230 1076 3546 1149 impositio-

1916 1163 2006 1217 nis
2029 1168 2448 1219 sacramentum
2471 1180 2687 1236 magna
2710 1166 3080 1223 veneratione
3108 1171 3421 1227 tenendum
3442 1178 3547 1242 est,

1918 1253 2069 1323 quod
2085 1253 2157 1307 ab
2178 1253 2300 1307 aliis
2326 1252 2523 1325 perﬁci
2552 1270 2667 1309 non
2692 1258 2899 1326 potest,
2922 1257 3032 1312 nisi
3059 1276 3091 1313 a
3116 1260 3355 1316 summis
3373 1278 3553 1318 sacer-

1916 1345 2159 1401 dotibus.
2191 1347 2302 1403 Nec
2328 1350 2585 1419 tempore
2617 1350 3002 1420 apostolorum
3028 1352 3100 1407 ab
3125 1352 3249 1408 aliis
3277 1370 3453 1426 quam
3478 1357 3549 1412 ab

1917 1439 2055 1511 ipsis
2074 1440 2341 1511 apostolis
2360 1440 2573 1513 legitur
2586 1444 2688 1497 aut
2705 1443 2880 1498 scitur
2895 1449 3189 1516 peractum
3207 1464 3347 1519 esse,
3361 1465 3551 1523 neque

1917 1533 1987 1587 ab
2035 1534 2161 1589 aliis
2203 1534 2368 1604 (sicut
2407 1535 2531 1606 jam
2578 1536 2793 1591 dictum
2835 1538 2938 1609 est)
2982 1556 3155 1611 quam
3193 1541 3265 1597 ab
3302 1542 3411 1598 illis
3450 1544 3552 1616 qui

1918 1642 2119 1682 eorum
2164 1628 2354 1683 locum
2392 1631 2596 1684 tenent
2641 1646 2899 1703 unquam
2949 1633 3148 1704 perﬁci
3198 1638 3403 1707 potest,
3452 1641 3553 1694 aut

184 1732 409 1787 exsurge
443 1734 480 1772 a
514 1718 785 1786 mortuis,
826 1723 883 1774 et
926 1718 1275 1774 illuminabit
1318 1724 1375 1774 te
1414 1720 1689 1776 Christus.
1724 1722 1813 1776 Vi-
1838 1700 1893 1773 Β
1917 1720 2041 1775 ﬁeri
2066 1721 2251 1777 debet.
2284 1723 2424 1777 Nam
2466 1722 2514 1777 si
2544 1723 2713 1778 aliter
2740 1700 3168 1799 praesumptum
3196 1700 3550 1800 fuerit,virri—

185 1809 300 1864 dcte
324 1810 547 1883 itaque,
576 1811 803 1879 fratres,
841 1812 1124 1883 quomodo
1152 1815 1319 1868 caute
1348 1813 1669 1882 ambuletis,
1699 1832 1815 1870 non

185 1905 328 1975 quasi
355 1905 713 1976 insipientes,
746 1907 843 1961 sed
871 1909 937 1961 ut
963 1906 1267 1978 sapientes,
1299 1907 1651 1963 redimentes
1677 1912 1818 1964 tem-

184 2014 298 2069 pus,
328 1998 606 2070 quoniam
636 2000 757 2055 dies
782 2000 915 2055 mali
952 2006 1101 2070 sunt,
1136 2005 1459 2073 propterea,
1490 2002 1665 2058 nolite
1690 2002 1815 2058 ﬁeri

183 2092 589 2164 imprudentes,
613 2094 710 2148 scd
736 2094 1119 2166 intelligentes
1144 2111 1271 2166 qua:
1301 2094 1374 2150 sit
1407 2096 1666 2151 voluntas
1694 2097 1813 2151 Dei.

184 2188 243 2242 Et
262 2187 443 2240 nolite
472 2187 743 2242 inebriari
771 2188 919 2255 vino,
962 2188 1023 2242 in
1073 2205 1187 2260 quo
1216 2192 1302 2244 est
1330 2190 1573 2257 luxuria,
1604 2192 1701 2245 sed
1727 2191 1813 2245 in-

184 2280 452 2350 pleamini
473 2280 692 2352 Spiritu
731 2285 948 2349 sancto,
983 2284 1279 2354 loquentes
1311 2282 1730 2356 vobismetipsis
1756 2284 1815 2338 in

182 2374 407 2445 psalmis
436 2378 495 2429 et
528 2374 756 2445 hymnis
794 2376 855 2429 in
877 2376 1139 2431 cordibus
1164 2375 1363 2431 vestris
1391 2377 1652 2447 Domino,
1684 2395 1812 2447 gra-

184 2468 276 2521 tias
293 2472 539 2540 agentes
564 2485 788 2540 semper
810 2486 914 2540 pro
949 2469 1214 2524 omnibus
1242 2470 1301 2525 in
1331 2470 1564 2526 nomine
1590 2472 1817 2527 Domini

186 2563 347 2616 nostri
370 2564 512 2617 Jesu
537 2562 763 2629 Christi,
790 2565 904 2618 Deo
929 2566 986 2617 et
1012 2563 1184 2631 Patri,
1226 2564 1463 2635 subjecti
1490 2564 1732 2621 invicem
1758 2566 1818 2621 in

183 2655 371 2710 timore
401 2656 615 2711 Christi
642 2656 796 2727 (Eph.
828 2674 902 2727 iv,
933 2659 1121 2725 29-32;
1146 2674 1199 2727 v,
1239 2661 1399 2725 1-21).
1425 2680 1452 2707 ››

1915 1816 2041 1868 tum
2087 1815 2367 1871 habeatur
2413 1819 2471 1870 et
2511 1832 2779 1888 vacuum,
2824 1834 2929 1874 nec
2978 1819 3127 1876 inter
3174 1823 3551 1881 ecclesiastica

1915 1924 2169 1980 unquam
2194 1908 2556 1980 reputabitur
2581 1916 2952 1966 sacramenta.
2978 1912 3052 1967 De
3076 1917 3299 1985 caetero,
3320 1916 3547 1989 fratres,

1918 2002 2159 2073 gaudete
2198 2006 2255 2057 et
2296 2004 2570 2059 exsultate
2614 2003 2675 2059 in
2715 2004 2975 2074 Domino,
3004 2009 3067 2061 ut
3100 2008 3279 2063 sancti
3307 2008 3551 2081 Spiritus

1918 2096 2098 2167 gratia
2142 2095 2448 2153 illuminati
2484 2101 2541 2152 et
2579 2097 2902 2167 confortati,
2953 2115 3052 2154 vos
3097 2104 3429 2175 vestrosque
3477 2105 3549 2160 ad

1916 2206 2127 2261 pascua
2154 2194 2382 2246 aeterna:
2423 2189 2549 2246 vitae
2595 2192 2891 2263 pervenire
2916 2195 3085 2266 atque
3110 2195 3424 2265 perducere
3447 2197 3550 2253 ad-

1916 2283 2281 2339 miniculante
2318 2283 2555 2339 Domino
2583 2285 2834 2340 valeatis.
2887 2287 3073 2342 Gratia
3110 2288 3335 2344 Domini
3370 2290 3550 2346 nostri

1914 2378 1940 2431 J
1947 2393 2048 2431 esu
2075 2377 2283 2432 Christi
2309 2382 2366 2433 et
2383 2378 2630 2434 Charitas
2657 2380 2760 2434 Dei
2776 2385 2833 2435 et
2847 2381 3282 2438 communicatio
3309 2383 3551 2456 Spiritus

1917 2470 2098 2525 sancti
2128 2470 2200 2525 sit
2228 2487 2455 2543 semper
2502 2489 2633 2527 cum
2663 2473 2930 2529 omnibus
2964 2474 3146 2530 nobis.
3177 2478 3376 2533 Amen.
3410 2478 3550 2534 Data

1917 2580 2015 2621 vui
2042 2566 2238 2622 Kalen.
2267 2565 2512 2637 Septem.
2542 2566 2850 2623 Constante
2878 2585 2925 2623 c.
2956 2569 3206 2624 consule.

684 3035 1251 3130 INCIPIUNT
1320 3037 1846 3132 DECRETA
1911 3038 2606 3132 MELCHIADIS
2674 3041 3036 3134 PAPZE.

1133 3229 1318 3299 (Anno
1353 3229 1581 3285 Domini
1612 3232 1735 3296 3H,
1768 3231 2027 3301 tempore
2053 3226 2341 3284 Maximini
2369 3228 2598 3301 imper.)

244 3513 636 3569 Dilectissimis
664 3515 952 3583 fratribus,
990 3517 1226 3585 qumo,
1272 3518 1593 3585 BENEDICTO,
1634 3517 1809 3574 Leos-
1832 3529 1887 3604 ρ
1917 3515 2021 3585 13).
2056 3536 2084 3566 ››
2133 3515 2320 3570 Primo
2346 3530 2572 3587 semper
2597 3516 2788 3571 omnia
2832 3515 3135 3586 diligenter
3159 3514 3452 3588 inquirite,
3483 3520 3547 3572 ut

182 3623 278 3673 no,
310 3611 368 3661 et
390 3608 617 3663 caeteris
644 3609 1045 3681 Hispaniarum
1071 3626 1135 3665 ac
1162 3610 1272 3665 illis
1302 3610 1362 3666 in
1384 3611 1641 3682 partibus
1672 3628 1808 3666 con-

181 3702 377 3756 stitutis
410 3702 690 3773 episcopis
713 3703 1078 3759 MELcuunrs.

243 3795 559 3867 Apostolici
587 3797 858 3867 praecepti
878 3798 1050 3852 verba
1067 3801 1201 3852 sunt
1220 3798 1373 3869 apud
1397 3798 1621 3854 Iudaeos
1640 3802 1808 3870 atque

184 3892 417 3960 gentiles
439 3890 565 3943 sine
599 3890 907 3944 offensione
930 3907 1031 3944 nos
1051 3907 1170 3945 esse
1194 3892 1419 3960 debere,
1444 3893 1554 3947 hoc
1574 3893 1812 3964 quisque

186 3984 530 4040 Christianus
549 3988 635 4037 est
652 3986 768 4038 tota
786 3984 961 4038 animi
986 3985 1190 4040 virtute
1216 3986 1476 4041 custodit.
1494 3987 1659 4051 Quod
1679 4003 1811 4041 cum

185 4078 254 4130 ita
279 4079 368 4145 sit,
408 4095 531 4132 non
570 4094 775 4158 parum
814 4078 1056 4150 periculi
1085 4078 1164 4133 illi
1189 4096 1423 4135 manere
1447 4081 1660 4151 poterit
1682 4084 1812 4136 ante

187 4172 372 4241 Deum,
404 4171 511 4243 qui
544 4172 654 4225 hoc
685 4171 959 4227 detrectat
1001 4174 1176 4227 etiam
1222 4172 1483 4228 ﬁdelibus
1520 4174 1807 4230 exhibere.

186 4263 311 4319 Nam
339 4266 595 4337 qualiter
624 4282 727 4319 nos
754 4265 851 4336 qui
877 4265 1171 4321 neminem
1192 4267 1381 4337 perire
1402 4267 1679 4338 volumus,
1703 4268 1811 4323 ista

185 4359 513 4413 contristent
559 4375 687 4429 qua:
744 4360 1065 4414 auctoribus
1114 4359 1450 4415 Christianis
1495 4362 1812 4432 percellunt

184 4451 308 4505 alios
357 4451 733 4517 Christianos,
789 4452 1107 4507 Dominicus
1154 4452 1214 4507 in
1263 4453 1572 4525 Evangelio
1626 4470 1810 4508 sermo

184 4548 428 4600 testatur.
487 4545 581 4599 Ait
621 4545 774 4599 enim
821 4545 941 4617 ipse
987 4546 1238 4601 Salvator
1279 4547 1430 4618 quod
1473 4568 1501 4598 «
1548 4547 1812 4619 expediat

185 4639 583 4694 scandalizanti
610 4655 790 4693 unum
818 4639 888 4694 de
912 4639 1129 4711 pusillis
1163 4641 1222 4695 in
1255 4641 1432 4695 maris
1458 4641 1811 4712 profundum

184 4730 429 4804 demergi
458 4732 676 4802 (Matth.
709 4748 865 4799 xvnl,
907 4732 979 4802 6).
1024 4756 1051 4781 ››
1090 4733 1217 4788 ldeo
1245 4750 1373 4805 quae
1400 4734 1471 4789 sit
1497 4734 1619 4805 ejus
1644 4751 1810 4807 poena

184 4840 499 4895 quaeramus
544 4825 637 4880 cui
680 4826 789 4880 tale
834 4826 1175 4897 supplicium
1224 4828 1468 4898 legimus
1520 4828 1803 4899 expedire.

1912 3625 2043 3663 cum
2055 3608 2276 3679 justitia
2303 3611 2360 3663 et
2372 3608 2608 3664 veritate
2627 3608 2931 3665 deﬁniatis.
2955 3608 3253 3666 Neminem
3274 3610 3545 3665 condem-

1910 3702 2059 3758 netis
2102 3705 2234 3757 ante
2275 3719 2474 3758 verum
2517 3705 2574 3757 et
2605 3702 2826 3774 justum
2847 3700 3146 3773 judicium.
3186 3703 3414 3758 Nullum
3450 3720 3542 3758 su-

1912 3794 2177 3869 spicionis
2201 3795 2437 3851 arbitrio
2462 3794 2748 3867 judicetis,
2780 3794 2879 3850 sed
2915 3795 3171 3866 primum
3199 3796 3458 3867 probate,
3488 3800 3547 3852 et

1913 3893 2109 3961 postea
2136 3889 2535 3944 charitativam
2560 3889 2807 3960 proferte
2844 3888 3207 3944 sententiam.
3237 3909 3266 3939 ‹‹
3294 3891 3362 3944 Et
3392 3890 3542 3960 quod

1911 3984 2068 4039 vobis
2097 4000 2212 4038 non
2256 3982 2423 4037 vultis
2469 3982 2613 4049 ﬁeri,
2662 3980 2824 4037 alteri
2862 3981 3037 4036 nolite
3076 3981 3258 4038 facere
3290 3982 3435 4054 (Luc.
3466 4000 3541 4054 vi,

1911 4076 2062 4150 31).»
2094 4078 2432 4133 Mementote
2456 4076 2733 4131 sermonis
2763 4075 2989 4131 Domini
3018 4091 3265 4149 semper,
3294 4077 3391 4149 qui
3423 4077 3503 4131 ait
3528 4094 3540 4133 :

1916 4194 1941 4219 ‹‹
1960 4170 2139 4227 Nolite
2151 4171 2431 4243 judicare,
2448 4174 2630 4225 etnon
2642 4169 3044 4242 judicabimini
3061 4186 3073 4223 :
3088 4170 3268 4225 Nolite
3279 4170 3543 4226 condem-

1913 4281 2070 4334 nare,
2086 4269 2278 4320 utnon
2298 4263 2781 4333 condemnemini,
2798 4263 2853 4318 in
2871 4279 2982 4335 quo
2998 4263 3152 4319 enim
3162 4263 3380 4335 judicio
3394 4264 3545 4336 judi-

1910 4358 2187 4426 caveritis,
2195 4357 2599 4429 judicabimini
2621 4357 2834 4430 (Matth.
2851 4361 2985 4426 vu,l
3014 4361 3063 4412 et
3080 4359 3153 4426 2).
3182 4375 3210 4408 »
3241 4357 3546 4429 Episcopos

1908 4452 2084 4507 nolite
2090 4452 2374 4523 judicare,
2392 4451 2568 4506 nolite
2589 4452 2968 4505 condemnare
2980 4450 3190 4522 absque
3207 4449 3354 4505 sedis
3372 4450 3544 4521 hujus

1909 4545 2266 4601 auctoritate.
2306 4545 2465 4609 Quod
2505 4544 2551 4599 si
2576 4544 2840 4614 feceritis,
2863 4543 3025 4598 irrita
3050 4545 3220 4597 erunt
3242 4546 3426 4598 vestra
3446 4544 3539 4615 ju-

1911 4638 2076 4706 dicia,
2107 4644 2164 4693 et
2182 4655 2281 4693 vos
2306 4636 2845 4693 condemnabimini.
2869 4638 2978 4691 Hoc
3003 4637 3160 4691 enim
3181 4636 3545 4709 privilegium

1908 4732 2042 4787 huic
2068 4737 2273 4787 sanctae
2294 4732 2414 4787 sedi
2438 4748 2473 4786 a
2490 4730 2840 4803 temporibus
2857 4731 3242 4802 apostolorum
3270 4734 3544 4787 statutum

1912 4832 1994 4881 est
2022 4842 2264 4893 servare,
2292 4825 2446 4898 quod
2488 4825 2730 4879 illaesum
2778 4826 2977 4879 manet
3016 4841 3198 4897 usque
3222 4825 3283 4880 in
3310 4825 3542 4881 hodier-

183 4919 530 4992 Quapropter
557 4921 684 4986 ista,
714 4920 1056 4987 charissimi,
1082 4921 1247 4976 valde
1292 4924 1424 4975 sunt
1468 4920 1637 4976 verba
1665 4938 1807 4992 pon-
1828 4902 1888 4974 D
1911 4935 2054 4974 num
2074 4919 2245 4975 diem.
2278 4918 2583 4990 EpiscOpos
2603 4933 2738 4989 ergo
2764 4934 2904 4989 quos
2931 4917 3036 4973 sibi
3054 4918 3326 4974 Dominus
3356 4921 3545 4975 oculos

185 5011 431 5067 deranda
457 5016 517 5068 et
546 5013 815 5083 cavenda,
844 5030 917 5069 ne
942 5030 1047 5086 pro
1066 5013 1478 5085 temporalibus
1511 5017 1814 5082 teterna,et

188 5121 279 5173 pro
305 5107 534 5162 caducis
559 5123 849 5175 mansura,
882 5111 940 5161 et
964 5124 1070 5179 pro
1100 5107 1448 5178 pravissimis
1480 5107 1808 5179 temporali-

185 5197 282 5253 bus
292 5201 609 5271 perdantur
625 5200 796 5272 (quod
812 5201 975 5272 absit)
992 5205 1273 5273 perpetua
1292 5202 1521 5272 gaudia.
1536 5201 1695 5258 Unde
1713 5218 1813 5257 vos

184 5307 446 5363 rogamus
464 5299 522 5350 et
551 5294 906 5350 obsecramus
934 5298 996 5350 ut
1020 5295 1210 5350 nullus
1254 5294 1417 5350 alteri
1454 5299 1676 5362 noceat,
1706 5311 1810 5350 ne-

186 5402 289 5456 que
310 5387 571 5457 infestus,
599 5392 697 5444 aut
720 5403 933 5443 nocens
949 5388 1170 5457 existat,
1187 5390 1282 5445 sed
1298 5390 1466 5461 juxta
1483 5390 1815 5461 Apostolum

192 5500 214 5525 ει
241 5482 399 5536 Alter
428 5483 662 5538 alterius
688 5498 864 5537 onera
887 5487 1074 5553 portet
1098 5486 1165 5538 ut
1188 5484 1377 5555 legem
1403 5481 1609 5538 Christi
1636 5482 1816 5537 adim-

189 5572 335 5642 pleat
363 5574 502 5644 (Gal.
534 5592 606 5645 v1,
631 5575 684 5648 2)
712 5597 742 5626 n
789 5579 847 5629 et
889 5575 1070 5630 nolite
1108 5576 1367 5647 judicare
1414 5575 1679 5645 invicem,
1718 5576 1815 5631 sed

183 5664 336 5734 juxta
364 5670 627 5724 eumdem
665 5669 995 5740 Apostolum
1023 5692 1049 5718 α
1078 5669 1185 5724 hoc
1211 5668 1460 5740 judicate
1501 5669 1709 5742 magis,
1739 5684 1814 5724 ne

193 5760 413 5827 ponatis
428 5762 838 5819 oﬁ'endiculum
861 5762 1021 5818 fratri
1041 5764 1126 5819 vel
1152 5763 1481 5820 scandalum
1512 5762 1676 5832 (Rom.
1697 5779 1812 5833 xxv,

1913 5013 2085 5083 elegit
2134 5016 2191 5069 et
2242 5013 2531 5067 columnas
2587 5011 2843 5067 Ecclesiae
2892 5028 3011 5068 esse
3063 5012 3282 5083 voluit,
3338 5013 3546 5085 quibus

1913 5105 2088 5160 etiam
2128 5106 2343 5176 ligandi
2384 5108 2443 5159 et
2484 5104 2733 5160 solvendi
2771 5104 2933 5160 dedit
2957 5107 3295 5177 potestatem
3321 5093 3544 5176 suo'ju-

1912 5198 2059 5255 dicio
2096 5198 2423 5267 reservavit,
2469 5199 2692 5271 hocque
2732 5198 3100 5272 privilegium
3153 5200 3318 5255 beato
3368 5199 3539 5254 clavi-

1912 5308 2049 5364 gero
2075 5294 2241 5349 Petro
2268 5308 2370 5347 sua
2393 5274 2514 5347 vice
2534 5291 2889 5348 solummodo
2911 5292 3215 5348 commisit.
3241 5291 3398 5357 Quod
3421 5293 3543 5362 ejus

1906 5386 2060 5458 juste
2087 5386 2532 5458 praerogativum
2570 5386 2869 5442 succrescit
2910 5385 3047 5453 sedi,
3071 5384 3277 5440 futuris
3301 5383 3542 5438 haeredi-

1914 5480 2155 5536 tandum
2200 5484 2371 5552 atque
2408 5479 2729 5535 tenendum
2768 5479 3142 5551 temporibus,
3176 5477 3446 5548 quoniam
3487 5480 3545 5532 et

1912 5573 2063 5629 inter
2101 5574 2296 5629 beatos
2340 5574 2621 5645 apostolos
2665 5573 2775 5628 fuit
2817 5571 3048 5645 quidam
3086 5569 3345 5627 discretio
3378 5573 3542 5641 pote-

1914 5666 2090 5723 statis.
2139 5668 2208 5722 Et
2249 5666 2380 5723 licet
2408 5669 2743 5722 cunctorum
2786 5682 2890 5738 par
2920 5664 3121 5721 electio
3165 5662 3330 5733 foret,
3373 5663 3542 5721 beato

1914 5766 2105 5819 tamen
2146 5764 2312 5818 Petro
2355 5776 2681 5817 concessum
2738 5764 2821 5816 est
2870 5763 2933 5813 ut
2980 5757 3103 5814 aliis
3156 5758 3542 5831 praemineret,
