  <div class='ocr_page' id='page_1' title='image "/cluster/home/n/w/nwhite01/storage/ocr_20150623/130/hvd.32044054759915/149.png"; bbox 0 0 4026 6166; ppageno 0'>
   <div class='ocr_carea' id='block_1_1' title="bbox 550 230 3833 295">
    <p class='ocr_par' dir='ltr' id='par_1_1' title="bbox 550 230 3833 295">
     <span class='ocr_line' id='line_1_1' title="bbox 550 230 3833 295; baseline 0 0"><span class='ocrx_word' id='word_1_1' title='bbox 550 238 651 295; x_wconf 68' lang='lat'>239</span> <span class='ocrx_word' id='word_1_2' title='bbox 1433 234 1715 291; x_wconf 75' lang='lat' dir='ltr'>APPEND.</span> <span class='ocrx_word' id='word_1_3' title='bbox 1754 233 1842 290; x_wconf 86' lang='lat' dir='ltr'>AD</span> <span class='ocrx_word' id='word_1_4' title='bbox 1879 233 2040 288; x_wconf 67' lang='lat' dir='ltr'>SIEC.</span> <span class='ocrx_word' id='word_1_5' title='bbox 2080 232 2167 287; x_wconf 82' lang='lat' dir='ltr'>lX.</span> <span class='ocrx_word' id='word_1_6' title='bbox 2199 259 2268 271; x_wconf 86' lang='lat'>-—</span> <span class='ocrx_word' id='word_1_7' title='bbox 2305 230 2549 287; x_wconf 81' lang='lat' dir='ltr'>lSlDORI</span> <span class='ocrx_word' id='word_1_8' title='bbox 2586 231 3008 291; x_wconf 82' lang='lat' dir='ltr'>MERCATORIS</span> <span class='ocrx_word' id='word_1_9' title='bbox 3752 238 3833 295; x_wconf 70' lang='grc'>240</span> 
     </span>
    </p>
   </div>
   <div class='ocr_carea' id='block_1_2' title="bbox 549 340 3838 423">
    <p class='ocr_par' dir='ltr' id='par_1_2' title="bbox 549 340 3838 423">
     <span class='ocr_line' id='line_1_2' title="bbox 549 340 3838 423; baseline 0 -20"><span class='ocrx_word' id='word_1_10' title='bbox 549 360 863 416; x_wconf 89' lang='lat' dir='ltr'>eorumque</span> <span class='ocrx_word' id='word_1_11' title='bbox 914 360 1041 415; x_wconf 66' lang='grc' dir='ltr'>(Ῑιιω</span> <span class='ocrx_word' id='word_1_12' title='bbox 1095 342 1167 398; x_wconf 89' lang='lat' dir='ltr'>ad</span> <span class='ocrx_word' id='word_1_13' title='bbox 1223 341 1517 414; x_wconf 86' lang='lat' dir='ltr'>querelam</span> <span class='ocrx_word' id='word_1_14' title='bbox 1565 340 1823 397; x_wconf 87' lang='lat' dir='ltr'>venirent</span> <span class='ocrx_word' id='word_1_15' title='bbox 1871 355 2066 395; x_wconf 85' lang='lat' dir='ltr'>causas</span> <span class='ocrx_word' id='word_1_16' title='bbox 2116 343 2173 393; x_wconf 87' lang='lat' dir='ltr'>et</span> <span class='ocrx_word' id='word_1_17' title='bbox 2195 340 2467 423; x_wconf 72' lang='lat' dir='ltr'>Acordia</span> <span class='ocrx_word' id='word_1_18' title='bbox 2497 345 2615 410; x_wconf 89' lang='lat' dir='ltr'>tua,</span> <span class='ocrx_word' id='word_1_19' title='bbox 2661 341 2799 401; x_wconf 87' lang='lat' dir='ltr'>ﬁdes</span> <span class='ocrx_word' id='word_1_20' title='bbox 2841 345 2937 397; x_wconf 89' lang='lat' dir='ltr'>tua</span> <span class='ocrx_word' id='word_1_21' title='bbox 2968 358 3147 414; x_wconf 90' lang='lat' dir='ltr'>usque</span> <span class='ocrx_word' id='word_1_22' title='bbox 3189 341 3262 399; x_wconf 87' lang='lat' dir='ltr'>ad</span> <span class='ocrx_word' id='word_1_23' title='bbox 3302 342 3495 413; x_wconf 91' lang='lat' dir='ltr'>nubes,</span> <span class='ocrx_word' id='word_1_24' title='bbox 3533 342 3727 416; x_wconf 85' lang='lat' dir='ltr'>justitia</span> <span class='ocrx_word' id='word_1_25' title='bbox 3760 352 3838 403; x_wconf 83' lang='lat' dir='ltr'>tua</span> 
     </span>
    </p>
   </div>
   <div class='ocr_carea' id='block_1_3' title="bbox 550 433 3839 509">
    <p class='ocr_par' dir='ltr' id='par_1_3' title="bbox 550 433 3839 509">
     <span class='ocr_line' id='line_1_3' title="bbox 550 433 3839 509; baseline 0 -14"><span class='ocrx_word' id='word_1_26' title='bbox 550 437 1023 509; x_wconf 81' lang='lat' dir='ltr'>interrogationes</span> <span class='ocrx_word' id='word_1_27' title='bbox 1047 436 1360 508; x_wconf 86' lang='lat' dir='ltr'>prudenter</span> <span class='ocrx_word' id='word_1_28' title='bbox 1384 435 1728 506; x_wconf 86' lang='lat' dir='ltr'>disponeret.</span> <span class='ocrx_word' id='word_1_29' title='bbox 1758 433 1921 498; x_wconf 88' lang='lat' dir='ltr'>Quod</span> <span class='ocrx_word' id='word_1_30' title='bbox 1947 433 2044 486; x_wconf 89' lang='lat' dir='ltr'>Dei</span> <span class='ocrx_word' id='word_1_31' title='bbox 2076 449 2169 487; x_wconf 84' lang='lat' dir='ltr'>or-</span> <span class='ocrx_word' id='word_1_32' title='bbox 2273 435 2653 491; x_wconf 90' lang='lat' dir='ltr'>sicutmontes</span> <span class='ocrx_word' id='word_1_33' title='bbox 2664 436 2782 503; x_wconf 86' lang='lat' dir='ltr'>Dei,</span> <span class='ocrx_word' id='word_1_34' title='bbox 2792 435 3009 507; x_wconf 91' lang='lat' dir='ltr'>judicia</span> <span class='ocrx_word' id='word_1_35' title='bbox 3025 438 3394 509; x_wconf 84' lang='lat' dir='ltr'>tuaabyssum</span> <span class='ocrx_word' id='word_1_36' title='bbox 3408 440 3839 496; x_wconf 82' lang='lat' dir='ltr'>multa.Homines</span> 
     </span>
    </p>
   </div>
   <div class='ocr_carea' id='block_1_4' title="bbox 551 527 3842 605">
    <p class='ocr_par' dir='ltr' id='par_1_4' title="bbox 551 527 3842 605">
     <span class='ocr_line' id='line_1_4' title="bbox 551 527 3842 605; baseline 0 -17"><span class='ocrx_word' id='word_1_37' title='bbox 551 532 838 589; x_wconf 89' lang='lat' dir='ltr'>dinatione</span> <span class='ocrx_word' id='word_1_38' title='bbox 862 529 1049 585; x_wconf 81' lang='lat' dir='ltr'>taliter</span> <span class='ocrx_word' id='word_1_39' title='bbox 1079 529 1406 584; x_wconf 90' lang='lat' dir='ltr'>ordinatum</span> <span class='ocrx_word' id='word_1_40' title='bbox 1426 544 1544 583; x_wconf 90' lang='lat' dir='ltr'>esse</span> <span class='ocrx_word' id='word_1_41' title='bbox 1563 527 1955 594; x_wconf 89' lang='lat' dir='ltr'>credimus,ne</span> <span class='ocrx_word' id='word_1_42' title='bbox 1976 543 2173 581; x_wconf 90' lang='lat' dir='ltr'>omnes</span> <span class='ocrx_word' id='word_1_43' title='bbox 2274 534 2332 583; x_wconf 88' lang='lat' dir='ltr'>et</span> <span class='ocrx_word' id='word_1_44' title='bbox 2369 529 2635 600; x_wconf 90' lang='lat' dir='ltr'>jumenta</span> <span class='ocrx_word' id='word_1_45' title='bbox 2672 531 2848 585; x_wconf 83' lang='lat' dir='ltr'>salvos</span> <span class='ocrx_word' id='word_1_46' title='bbox 2885 530 3074 600; x_wconf 86' lang='lat' dir='ltr'>facies,</span> <span class='ocrx_word' id='word_1_47' title='bbox 3121 532 3378 600; x_wconf 87' lang='lat' dir='ltr'>Domine,</span> <span class='ocrx_word' id='word_1_48' title='bbox 3426 549 3589 604; x_wconf 86' lang='lat' dir='ltr'>quam</span> <span class='ocrx_word' id='word_1_49' title='bbox 3638 536 3842 605; x_wconf 87' lang='lat' dir='ltr'>pretiosa</span> 
     </span>
    </p>
   </div>
   <div class='ocr_carea' id='block_1_5' title="bbox 546 621 3844 699">
    <p class='ocr_par' dir='ltr' id='par_1_5' title="bbox 546 621 3844 699">
     <span class='ocr_line' id='line_1_5' title="bbox 546 621 3844 699; baseline 0.001 -18"><span class='ocrx_word' id='word_1_50' title='bbox 546 630 905 699; x_wconf 86' lang='lat' dir='ltr'>posterorum</span> <span class='ocrx_word' id='word_1_51' title='bbox 971 626 1173 678; x_wconf 87' lang='lat' dir='ltr'>cuncta</span> <span class='ocrx_word' id='word_1_52' title='bbox 1221 622 1326 677; x_wconf 88' lang='lat' dir='ltr'>sibi</span> <span class='ocrx_word' id='word_1_53' title='bbox 1376 621 1744 688; x_wconf 86' lang='lat' dir='ltr'>vindicarent,</span> <span class='ocrx_word' id='word_1_54' title='bbox 1806 621 1901 675; x_wconf 89' lang='lat' dir='ltr'>sed</span> <span class='ocrx_word' id='word_1_55' title='bbox 1952 636 2175 691; x_wconf 86' lang='lat' dir='ltr'>semper</span> <span class='ocrx_word' id='word_1_56' title='bbox 2273 623 2665 678; x_wconf 85' lang='lat' dir='ltr'>misericordia</span> <span class='ocrx_word' id='word_1_57' title='bbox 2698 627 2812 693; x_wconf 90' lang='lat' dir='ltr'>tua,</span> <span class='ocrx_word' id='word_1_58' title='bbox 2845 626 3008 680; x_wconf 86' lang='lat' dir='ltr'>Deus.</span> <span class='ocrx_word' id='word_1_59' title='bbox 3054 626 3124 680; x_wconf 90' lang='lat' dir='ltr'>Et</span> <span class='ocrx_word' id='word_1_60' title='bbox 3150 625 3444 681; x_wconf 84' lang='lat' dir='ltr'>ﬁliiAdam</span> <span class='ocrx_word' id='word_1_61' title='bbox 3468 627 3527 681; x_wconf 91' lang='lat' dir='ltr'>in</span> <span class='ocrx_word' id='word_1_62' title='bbox 3559 628 3739 683; x_wconf 86' lang='lat' dir='ltr'>umbra</span> <span class='ocrx_word' id='word_1_63' title='bbox 3755 630 3844 683; x_wconf 87' lang='lat' dir='ltr'>ala-</span> 
     </span>
    </p>
   </div>
   <div class='ocr_carea' id='block_1_6' title="bbox 546 713 3843 792">
    <p class='ocr_par' dir='ltr' id='par_1_6' title="bbox 546 713 3843 792">
     <span class='ocr_line' id='line_1_6' title="bbox 546 713 3843 792; baseline -0 -15"><span class='ocrx_word' id='word_1_64' title='bbox 546 720 791 792; x_wconf 88' lang='lat' dir='ltr'>majores</span> <span class='ocrx_word' id='word_1_65' title='bbox 817 734 998 774; x_wconf 80' lang='lat' dir='ltr'>causae</span> <span class='ocrx_word' id='word_1_66' title='bbox 1027 716 1170 772; x_wconf 85' lang='lat' dir='ltr'>sicut</span> <span class='ocrx_word' id='word_1_67' title='bbox 1199 718 1333 771; x_wconf 90' lang='lat' dir='ltr'>sunt</span> <span class='ocrx_word' id='word_1_68' title='bbox 1361 714 1758 787; x_wconf 82' lang='lat' dir='ltr'>episcOporum</span> <span class='ocrx_word' id='word_1_69' title='bbox 1789 718 1845 768; x_wconf 88' lang='lat' dir='ltr'>et</span> <span class='ocrx_word' id='word_1_70' title='bbox 1883 713 2174 785; x_wconf 89' lang='lat' dir='ltr'>potiorum</span> <span class='ocrx_word' id='word_1_71' title='bbox 2273 734 2403 772; x_wconf 91' lang='lat' dir='ltr'>rum</span> <span class='ocrx_word' id='word_1_72' title='bbox 2416 722 2647 772; x_wconf 90' lang='lat' dir='ltr'>tuarum</span> <span class='ocrx_word' id='word_1_73' title='bbox 2661 718 3448 789; x_wconf 87' lang='lat' dir='ltr'>sperabunt.lnebriabuntur</span> <span class='ocrx_word' id='word_1_74' title='bbox 3463 720 3531 774; x_wconf 91' lang='lat' dir='ltr'>de</span> <span class='ocrx_word' id='word_1_75' title='bbox 3546 721 3843 792; x_wconf 84' lang='lat' dir='ltr'>pinguedine</span> 
     </span>
    </p>
   </div>
   <div class='ocr_carea' id='block_1_7' title="bbox 547 807 3845 884">
    <p class='ocr_par' dir='ltr' id='par_1_7' title="bbox 547 807 3845 884">
     <span class='ocr_line' id='line_1_7' title="bbox 547 807 3845 884; baseline 0 -14"><span class='ocrx_word' id='word_1_76' title='bbox 547 831 699 871; x_wconf 63' lang='lat' dir='ltr'>cura:</span> <span class='ocrx_word' id='word_1_77' title='bbox 727 811 1089 884; x_wconf 84' lang='lat' dir='ltr'>negotiorum</span> <span class='ocrx_word' id='word_1_78' title='bbox 1127 809 1199 865; x_wconf 93' lang='lat' dir='ltr'>ad</span> <span class='ocrx_word' id='word_1_79' title='bbox 1240 825 1411 864; x_wconf 91' lang='lat' dir='ltr'>unam</span> <span class='ocrx_word' id='word_1_80' title='bbox 1450 808 1603 863; x_wconf 85' lang='lat' dir='ltr'>beati</span> <span class='ocrx_word' id='word_1_81' title='bbox 1644 807 1916 879; x_wconf 87' lang='lat' dir='ltr'>principis</span> <span class='ocrx_word' id='word_1_82' title='bbox 1945 812 2171 879; x_wconf 91' lang='lat' dir='ltr'>aposto-</span> <span class='ocrx_word' id='word_1_83' title='bbox 2274 812 2475 867; x_wconf 90' lang='lat' dir='ltr'>domus</span> <span class='ocrx_word' id='word_1_84' title='bbox 2513 816 2627 867; x_wconf 79' lang='lat' dir='ltr'>tuae</span> <span class='ocrx_word' id='word_1_85' title='bbox 2667 814 2725 867; x_wconf 90' lang='lat' dir='ltr'>et</span> <span class='ocrx_word' id='word_1_86' title='bbox 2766 815 3019 868; x_wconf 83' lang='lat' dir='ltr'>torrente</span> <span class='ocrx_word' id='word_1_87' title='bbox 3048 812 3379 869; x_wconf 86' lang='lat' dir='ltr'>deliciarum</span> <span class='ocrx_word' id='word_1_88' title='bbox 3422 818 3637 868; x_wconf 87' lang='lat' dir='ltr'>tuarum</span> <span class='ocrx_word' id='word_1_89' title='bbox 3668 815 3845 884; x_wconf 80' lang='lat' dir='ltr'>potabis</span> 
     </span>
    </p>
   </div>
   <div class='ocr_carea' id='block_1_8' title="bbox 544 900 3849 977">
    <p class='ocr_par' dir='ltr' id='par_1_8' title="bbox 544 900 3849 977">
     <span class='ocr_line' id='line_1_8' title="bbox 544 900 3849 977; baseline 0 -14"><span class='ocrx_word' id='word_1_90' title='bbox 544 909 731 963; x_wconf 92' lang='lat' dir='ltr'>lorum</span> <span class='ocrx_word' id='word_1_91' title='bbox 772 904 923 960; x_wconf 90' lang='lat' dir='ltr'>Petri</span> <span class='ocrx_word' id='word_1_92' title='bbox 964 903 1162 959; x_wconf 90' lang='lat' dir='ltr'>sedem</span> <span class='ocrx_word' id='word_1_93' title='bbox 1206 901 1564 963; x_wconf 76' lang='lat' dir='ltr'>conﬂuerent</span> <span class='ocrx_word' id='word_1_94' title='bbox 1609 904 1675 954; x_wconf 92' lang='lat' dir='ltr'>ut</span> <span class='ocrx_word' id='word_1_95' title='bbox 1709 901 1841 955; x_wconf 88' lang='lat' dir='ltr'>inde</span> <span class='ocrx_word' id='word_1_96' title='bbox 1867 900 2176 972; x_wconf 88' lang='lat' dir='ltr'>suscipiant</span> <span class='ocrx_word' id='word_1_97' title='bbox 2275 923 2393 961; x_wconf 91' lang='lat' dir='ltr'>eos.</span> <span class='ocrx_word' id='word_1_98' title='bbox 2426 905 2704 970; x_wconf 87' lang='lat' dir='ltr'>Quoniam</span> <span class='ocrx_word' id='word_1_99' title='bbox 2732 911 2922 961; x_wconf 88' lang='lat' dir='ltr'>tecum</span> <span class='ocrx_word' id='word_1_100' title='bbox 2947 912 3033 961; x_wconf 90' lang='lat' dir='ltr'>est</span> <span class='ocrx_word' id='word_1_101' title='bbox 3064 908 3189 962; x_wconf 87' lang='lat' dir='ltr'>fons</span> <span class='ocrx_word' id='word_1_102' title='bbox 3215 908 3362 977; x_wconf 79' lang='lat' dir='ltr'>vitae,</span> <span class='ocrx_word' id='word_1_103' title='bbox 3384 912 3443 964; x_wconf 89' lang='lat' dir='ltr'>et</span> <span class='ocrx_word' id='word_1_104' title='bbox 3473 908 3531 963; x_wconf 90' lang='lat' dir='ltr'>in</span> <span class='ocrx_word' id='word_1_105' title='bbox 3553 908 3751 965; x_wconf 83' lang='lat' dir='ltr'>lumine</span> <span class='ocrx_word' id='word_1_106' title='bbox 3769 916 3849 965; x_wconf 85' lang='lat' dir='ltr'>tuo</span> 
     </span>
    </p>
   </div>
   <div class='ocr_carea' id='block_1_9' title="bbox 544 993 3849 1071">
    <p class='ocr_par' dir='ltr' id='par_1_9' title="bbox 544 993 3849 1071">
     <span class='ocr_line' id='line_1_9' title="bbox 544 993 3849 1071; baseline 0.001 -14"><span class='ocrx_word' id='word_1_107' title='bbox 544 1000 721 1057; x_wconf 88' lang='lat' dir='ltr'>finem</span> <span class='ocrx_word' id='word_1_108' title='bbox 742 997 1115 1071; x_wconf 88' lang='lat' dir='ltr'>judiciorum,</span> <span class='ocrx_word' id='word_1_109' title='bbox 1145 994 1299 1050; x_wconf 90' lang='lat' dir='ltr'>unde</span> <span class='ocrx_word' id='word_1_110' title='bbox 1331 999 1669 1065; x_wconf 89' lang='lat' dir='ltr'>acceperunt</span> <span class='ocrx_word' id='word_1_111' title='bbox 1693 993 1919 1048; x_wconf 90' lang='lat' dir='ltr'>initium</span> <span class='ocrx_word' id='word_1_112' title='bbox 1944 995 2171 1049; x_wconf 88' lang='lat' dir='ltr'>institu-</span> <span class='ocrx_word' id='word_1_113' title='bbox 2274 999 2588 1055; x_wconf 86' lang='lat' dir='ltr'>videbimus</span> <span class='ocrx_word' id='word_1_114' title='bbox 2603 998 2818 1054; x_wconf 89' lang='lat' dir='ltr'>lumen.</span> <span class='ocrx_word' id='word_1_115' title='bbox 2836 1001 3071 1055; x_wconf 87' lang='lat' dir='ltr'>Attrahe</span> <span class='ocrx_word' id='word_1_116' title='bbox 3089 1001 3525 1058; x_wconf 87' lang='lat' dir='ltr'>misericordiam</span> <span class='ocrx_word' id='word_1_117' title='bbox 3541 1007 3688 1058; x_wconf 88' lang='lat' dir='ltr'>tuam</span> <span class='ocrx_word' id='word_1_118' title='bbox 3706 1004 3849 1059; x_wconf 89' lang='lat' dir='ltr'>scien-</span> 
     </span>
    </p>
   </div>
   <div class='ocr_carea' id='block_1_10' title="bbox 544 1088 3852 1163">
    <p class='ocr_par' dir='ltr' id='par_1_10' title="bbox 544 1088 3852 1163">
     <span class='ocr_line' id='line_1_10' title="bbox 544 1088 3852 1163; baseline 0 -12"><span class='ocrx_word' id='word_1_119' title='bbox 544 1095 789 1160; x_wconf 86' lang='lat' dir='ltr'>tionum,</span> <span class='ocrx_word' id='word_1_120' title='bbox 820 1107 892 1146; x_wconf 92' lang='lat' dir='ltr'>ne</span> <span class='ocrx_word' id='word_1_121' title='bbox 919 1090 1261 1163; x_wconf 87' lang='lat' dir='ltr'>quandoque</span> <span class='ocrx_word' id='word_1_122' title='bbox 1285 1105 1319 1145; x_wconf 88' lang='lat' dir='ltr'>a</span> <span class='ocrx_word' id='word_1_123' title='bbox 1354 1104 1454 1142; x_wconf 90' lang='lat' dir='ltr'>suo</span> <span class='ocrx_word' id='word_1_124' title='bbox 1475 1088 1859 1159; x_wconf 88' lang='lat' dir='ltr'>discreparent</span> <span class='ocrx_word' id='word_1_125' title='bbox 1887 1088 2087 1159; x_wconf 89' lang='lat' dir='ltr'>capite.</span> <span class='ocrx_word' id='word_1_126' title='bbox 2119 1088 2175 1144; x_wconf 92' lang='lat' dir='ltr'>Si</span> <span class='ocrx_word' id='word_1_127' title='bbox 2273 1092 2425 1148; x_wconf 84' lang='lat' dir='ltr'>tibus</span> <span class='ocrx_word' id='word_1_128' title='bbox 2449 1096 2524 1162; x_wconf 83' lang='lat' dir='ltr'>te,</span> <span class='ocrx_word' id='word_1_129' title='bbox 2553 1097 2609 1148; x_wconf 91' lang='lat' dir='ltr'>et</span> <span class='ocrx_word' id='word_1_130' title='bbox 2626 1092 2907 1163; x_wconf 83' lang='lat' dir='ltr'>justitiam</span> <span class='ocrx_word' id='word_1_131' title='bbox 2932 1098 3090 1148; x_wconf 89' lang='lat' dir='ltr'>tuam</span> <span class='ocrx_word' id='word_1_132' title='bbox 3119 1095 3286 1150; x_wconf 89' lang='lat' dir='ltr'>rectis</span> <span class='ocrx_word' id='word_1_133' title='bbox 3329 1096 3519 1150; x_wconf 92' lang='lat' dir='ltr'>corde.</span> <span class='ocrx_word' id='word_1_134' title='bbox 3550 1096 3661 1150; x_wconf 85' lang='lat' dir='ltr'>Non</span> <span class='ocrx_word' id='word_1_135' title='bbox 3694 1097 3852 1152; x_wconf 85' lang='lat' dir='ltr'>veniat</span> 
     </span>
    </p>
   </div>
   <div class='ocr_carea' id='block_1_11' title="bbox 546 1181 3853 1260">
    <p class='ocr_par' dir='ltr' id='par_1_11' title="bbox 546 1181 3853 1260">
     <span class='ocr_line' id='line_1_11' title="bbox 546 1181 3853 1260; baseline 0.002 -20"><span class='ocrx_word' id='word_1_136' title='bbox 546 1203 678 1242; x_wconf 88' lang='lat' dir='ltr'>vero</span> <span class='ocrx_word' id='word_1_137' title='bbox 705 1202 762 1240; x_wconf 90' lang='lat' dir='ltr'>se</span> <span class='ocrx_word' id='word_1_138' title='bbox 787 1184 992 1240; x_wconf 87' lang='lat' dir='ltr'>viderit</span> <span class='ocrx_word' id='word_1_139' title='bbox 1020 1183 1318 1255; x_wconf 86' lang='lat' dir='ltr'>quisquam</span> <span class='ocrx_word' id='word_1_140' title='bbox 1347 1185 1597 1237; x_wconf 90' lang='lat' dir='ltr'>vestrum</span> <span class='ocrx_word' id='word_1_141' title='bbox 1626 1181 1990 1253; x_wconf 68' lang='lat' dir='ltr'>praegravari,</span> <span class='ocrx_word' id='word_1_142' title='bbox 2030 1182 2175 1237; x_wconf 87' lang='lat' dir='ltr'>hanc</span> <span class='ocrx_word' id='word_1_143' title='bbox 2274 1186 2416 1240; x_wconf 90' lang='lat' dir='ltr'>mihi</span> <span class='ocrx_word' id='word_1_144' title='bbox 2444 1202 2545 1258; x_wconf 88' lang='lat' dir='ltr'>pes</span> <span class='ocrx_word' id='word_1_145' title='bbox 2573 1186 2942 1258; x_wconf 82' lang='lat' dir='ltr'>superbiae,et</span> <span class='ocrx_word' id='word_1_146' title='bbox 2961 1204 3161 1243; x_wconf 91' lang='lat' dir='ltr'>manus</span> <span class='ocrx_word' id='word_1_147' title='bbox 3177 1187 3485 1260; x_wconf 87' lang='lat' dir='ltr'>impiorum</span> <span class='ocrx_word' id='word_1_148' title='bbox 3503 1206 3612 1244; x_wconf 91' lang='lat' dir='ltr'>non</span> <span class='ocrx_word' id='word_1_149' title='bbox 3632 1206 3716 1245; x_wconf 90' lang='lat' dir='ltr'>me</span> <span class='ocrx_word' id='word_1_150' title='bbox 3731 1207 3853 1245; x_wconf 88' lang='lat' dir='ltr'>com-</span> 
     </span>
    </p>
   </div>
   <div class='ocr_carea' id='block_1_12' title="bbox 547 1275 3854 1354">
    <p class='ocr_par' dir='ltr' id='par_1_12' title="bbox 547 1275 3854 1354">
     <span class='ocr_line' id='line_1_12' title="bbox 547 1275 3854 1354; baseline 0.001 -18"><span class='ocrx_word' id='word_1_151' title='bbox 547 1281 741 1337; x_wconf 89' lang='lat' dir='ltr'>sedem</span> <span class='ocrx_word' id='word_1_152' title='bbox 767 1278 1028 1349; x_wconf 89' lang='lat' dir='ltr'>appellet,</span> <span class='ocrx_word' id='word_1_153' title='bbox 1078 1277 1189 1331; x_wconf 91' lang='lat' dir='ltr'>huc</span> <span class='ocrx_word' id='word_1_154' title='bbox 1233 1280 1509 1343; x_wconf 88' lang='lat' dir='ltr'>recurrat,</span> <span class='ocrx_word' id='word_1_155' title='bbox 1558 1278 1622 1330; x_wconf 90' lang='lat' dir='ltr'>ut</span> <span class='ocrx_word' id='word_1_156' title='bbox 1665 1291 1890 1346; x_wconf 89' lang='lat' dir='ltr'>semper</span> <span class='ocrx_word' id='word_1_157' title='bbox 1919 1275 2176 1331; x_wconf 89' lang='lat' dir='ltr'>instituta</span> <span class='ocrx_word' id='word_1_158' title='bbox 2274 1283 2523 1349; x_wconf 87' lang='lat' dir='ltr'>moveat,</span> <span class='ocrx_word' id='word_1_159' title='bbox 2566 1280 2645 1334; x_wconf 90' lang='lat' dir='ltr'>ibi</span> <span class='ocrx_word' id='word_1_160' title='bbox 2688 1280 3015 1336; x_wconf 89' lang='lat' dir='ltr'>ceciderunt</span> <span class='ocrx_word' id='word_1_161' title='bbox 3060 1286 3363 1353; x_wconf 88' lang='lat' dir='ltr'>operantes</span> <span class='ocrx_word' id='word_1_162' title='bbox 3410 1282 3759 1354; x_wconf 78' lang='lat' dir='ltr'>iniquitatem,</span> <span class='ocrx_word' id='word_1_163' title='bbox 3785 1302 3854 1339; x_wconf 81' lang='lat' dir='ltr'>ex-</span> 
     </span>
    </p>
   </div>
   <div class='ocr_carea' id='block_1_13' title="bbox 547 1368 3853 1447">
    <p class='ocr_par' dir='ltr' id='par_1_13' title="bbox 547 1368 3853 1447">
     <span class='ocr_line' id='line_1_13' title="bbox 547 1368 3853 1447; baseline 0.001 -17"><span class='ocrx_word' id='word_1_164' title='bbox 547 1375 654 1431; x_wconf 88' lang='lat' dir='ltr'>fuit</span> <span class='ocrx_word' id='word_1_165' title='bbox 678 1370 1047 1439; x_wconf 90' lang='lat' dir='ltr'>consuetudo,</span> <span class='ocrx_word' id='word_1_166' title='bbox 1072 1370 1205 1442; x_wconf 87' lang='lat' dir='ltr'>quia</span> <span class='ocrx_word' id='word_1_167' title='bbox 1230 1374 1289 1425; x_wconf 90' lang='lat' dir='ltr'>ct</span> <span class='ocrx_word' id='word_1_168' title='bbox 1315 1369 1632 1425; x_wconf 88' lang='lat' dir='ltr'>voluntarie</span> <span class='ocrx_word' id='word_1_169' title='bbox 1661 1369 1741 1423; x_wconf 91' lang='lat' dir='ltr'>eis</span> <span class='ocrx_word' id='word_1_170' title='bbox 1767 1368 2176 1439; x_wconf 87' lang='lat' dir='ltr'>compatiemur</span> <span class='ocrx_word' id='word_1_171' title='bbox 2275 1374 2422 1445; x_wconf 91' lang='lat' dir='ltr'>pulsi</span> <span class='ocrx_word' id='word_1_172' title='bbox 2450 1379 2584 1430; x_wconf 91' lang='lat' dir='ltr'>sunt</span> <span class='ocrx_word' id='word_1_173' title='bbox 2608 1377 2666 1430; x_wconf 89' lang='lat' dir='ltr'>et</span> <span class='ocrx_word' id='word_1_174' title='bbox 2688 1391 2806 1430; x_wconf 91' lang='lat' dir='ltr'>non</span> <span class='ocrx_word' id='word_1_175' title='bbox 2834 1378 3149 1446; x_wconf 87' lang='lat' dir='ltr'>potuerunt</span> <span class='ocrx_word' id='word_1_176' title='bbox 3190 1393 3427 1447; x_wconf 78' lang='lat' dir='ltr'>surgere</span> <span class='ocrx_word' id='word_1_177' title='bbox 3474 1378 3629 1445; x_wconf 81' lang='lat' dir='ltr'>(Psal.</span> <span class='ocrx_word' id='word_1_178' title='bbox 3669 1381 3853 1444; x_wconf 79' lang='lat' dir='ltr'>xxxv,2</span> 
     </span>
    </p>
   </div>
   <div class='ocr_carea' id='block_1_14' title="bbox 548 1461 3853 1542">
    <p class='ocr_par' dir='ltr' id='par_1_14' title="bbox 548 1461 3853 1542">
     <span class='ocr_line' id='line_1_14' title="bbox 548 1461 3853 1542; baseline 0.001 -19"><span class='ocrx_word' id='word_1_179' title='bbox 548 1471 606 1523; x_wconf 90' lang='lat' dir='ltr'>et</span> <span class='ocrx_word' id='word_1_180' title='bbox 628 1467 871 1522; x_wconf 88' lang='lat' dir='ltr'>libenter</span> <span class='ocrx_word' id='word_1_181' title='bbox 895 1467 1069 1537; x_wconf 85' lang='lat' dir='ltr'>prout</span> <span class='ocrx_word' id='word_1_182' title='bbox 1101 1463 1373 1518; x_wconf 89' lang='lat' dir='ltr'>Dominus</span> <span class='ocrx_word' id='word_1_183' title='bbox 1408 1462 1626 1518; x_wconf 87' lang='lat' dir='ltr'>dederit</span> <span class='ocrx_word' id='word_1_184' title='bbox 1653 1461 2063 1516; x_wconf 89' lang='lat' dir='ltr'>adminiculum</span> <span class='ocrx_word' id='word_1_185' title='bbox 2091 1462 2172 1518; x_wconf 87' lang='lat' dir='ltr'>fe-</span> <span class='ocrx_word' id='word_1_186' title='bbox 2277 1472 2326 1522; x_wconf 79' lang='lat' dir='ltr'>et</span> <span class='ocrx_word' id='word_1_187' title='bbox 2349 1468 2504 1538; x_wconf 88' lang='lat' dir='ltr'>seq.).</span> <span class='ocrx_word' id='word_1_188' title='bbox 2536 1490 2564 1518; x_wconf 87' lang='lat'><strong>»</strong></span> <span class='ocrx_word' id='word_1_189' title='bbox 2592 1468 2923 1523; x_wconf 88' lang='lat' dir='ltr'>Audivimus</span> <span class='ocrx_word' id='word_1_190' title='bbox 2954 1486 2989 1523; x_wconf 87' lang='lat' dir='ltr'>a</span> <span class='ocrx_word' id='word_1_191' title='bbox 3028 1469 3372 1541; x_wconf 87' lang='lat' dir='ltr'>quibusdam</span> <span class='ocrx_word' id='word_1_192' title='bbox 3407 1470 3662 1526; x_wconf 70' lang='lat' dir='ltr'>fratribus</span> <span class='ocrx_word' id='word_1_193' title='bbox 3688 1471 3853 1542; x_wconf 89' lang='lat' dir='ltr'>quibus</span> 
     </span>
    </p>
   </div>
   <div class='ocr_carea' id='block_1_15' title="bbox 547 1555 3854 1635">
    <p class='ocr_par' dir='ltr' id='par_1_15' title="bbox 547 1555 3854 1635">
     <span class='ocr_line' id='line_1_15' title="bbox 547 1555 3854 1635; baseline 0.002 -23"><span class='ocrx_word' id='word_1_194' title='bbox 547 1561 933 1616; x_wconf 87' lang='lat' dir='ltr'>remus.Neca</span> <span class='ocrx_word' id='word_1_195' title='bbox 956 1557 1502 1632; x_wconf 88' lang='lat' dir='ltr'>quoquam,fratres,</span> <span class='ocrx_word' id='word_1_196' title='bbox 1518 1555 1844 1610; x_wconf 87' lang='lat' dir='ltr'>inhibeatur</span> <span class='ocrx_word' id='word_1_197' title='bbox 1867 1560 1965 1611; x_wconf 89' lang='lat' dir='ltr'>aut</span> <span class='ocrx_word' id='word_1_198' title='bbox 1983 1555 2173 1626; x_wconf 84' lang='lat' dir='ltr'>objur-</span> <span class='ocrx_word' id='word_1_199' title='bbox 2276 1560 2468 1616; x_wconf 82' lang='lat' dir='ltr'>infesti</span> <span class='ocrx_word' id='word_1_200' title='bbox 2506 1562 2675 1617; x_wconf 91' lang='lat' dir='ltr'>eratis</span> <span class='ocrx_word' id='word_1_201' title='bbox 2714 1562 2889 1617; x_wconf 89' lang='lat' dir='ltr'>nimis</span> <span class='ocrx_word' id='word_1_202' title='bbox 2932 1564 3086 1635; x_wconf 89' lang='lat' dir='ltr'>quod</span> <span class='ocrx_word' id='word_1_203' title='bbox 3123 1564 3319 1635; x_wconf 84' lang='lat' dir='ltr'>jurgia</span> <span class='ocrx_word' id='word_1_204' title='bbox 3359 1570 3417 1619; x_wconf 91' lang='lat' dir='ltr'>et</span> <span class='ocrx_word' id='word_1_205' title='bbox 3454 1565 3728 1619; x_wconf 74' lang='lat' dir='ltr'>discordiae</span> <span class='ocrx_word' id='word_1_206' title='bbox 3765 1565 3854 1619; x_wconf 89' lang='lat' dir='ltr'>sint</span> 
     </span>
    </p>
   </div>
   <div class='ocr_carea' id='block_1_16' title="bbox 548 1652 3851 1733">
    <p class='ocr_par' dir='ltr' id='par_1_16' title="bbox 548 1652 3851 1733">
     <span class='ocr_line' id='line_1_16' title="bbox 548 1652 3851 1733; baseline -0.001 -18"><span class='ocrx_word' id='word_1_207' title='bbox 548 1663 718 1733; x_wconf 87' lang='lat' dir='ltr'>getur</span> <span class='ocrx_word' id='word_1_208' title='bbox 735 1658 833 1730; x_wconf 88' lang='lat' dir='ltr'>qui</span> <span class='ocrx_word' id='word_1_209' title='bbox 852 1660 1058 1712; x_wconf 63' lang='lat' dir='ltr'>nostra:</span> <span class='ocrx_word' id='word_1_210' title='bbox 1078 1672 1308 1711; x_wconf 89' lang='lat' dir='ltr'>consors</span> <span class='ocrx_word' id='word_1_211' title='bbox 1330 1653 1746 1709; x_wconf 89' lang='lat' dir='ltr'>communionis</span> <span class='ocrx_word' id='word_1_212' title='bbox 1765 1669 1889 1709; x_wconf 90' lang='lat' dir='ltr'>esse</span> <span class='ocrx_word' id='word_1_213' title='bbox 1915 1653 2174 1722; x_wconf 87' lang='lat' dir='ltr'>voluerit,</span> <span class='ocrx_word' id='word_1_214' title='bbox 2195 1722 2248 1733; x_wconf 39' lang='lat' dir='ltr'><strong>ﬁ</strong></span> <span class='ocrx_word' id='word_1_215' title='bbox 2275 1652 2428 1709; x_wconf 91' lang='lat' dir='ltr'>inter</span> <span class='ocrx_word' id='word_1_216' title='bbox 2470 1672 2588 1710; x_wconf 88' lang='lat' dir='ltr'>vos.</span> <span class='ocrx_word' id='word_1_217' title='bbox 2645 1657 2947 1725; x_wconf 84' lang='lat' dir='ltr'>Propterea</span> <span class='ocrx_word' id='word_1_218' title='bbox 2994 1657 3103 1711; x_wconf 90' lang='lat' dir='ltr'>ista</span> <span class='ocrx_word' id='word_1_219' title='bbox 3147 1657 3477 1729; x_wconf 86' lang='lat' dir='ltr'>scripsimus</span> <span class='ocrx_word' id='word_1_220' title='bbox 3526 1657 3674 1713; x_wconf 89' lang='lat' dir='ltr'>vobis</span> <span class='ocrx_word' id='word_1_221' title='bbox 3721 1674 3851 1712; x_wconf 90' lang='lat' dir='ltr'>man-</span> 
     </span>
    </p>
   </div>
   <div class='ocr_carea' id='block_1_17' title="bbox 548 1722 3853 1824">
    <p class='ocr_par' dir='ltr' id='par_1_17' title="bbox 548 1722 3853 1824">
     <span class='ocr_line' id='line_1_17' title="bbox 548 1722 3853 1824; baseline -0.001 -16"><span class='ocrx_word' id='word_1_222' title='bbox 548 1722 606 1808; x_wconf 67' lang='lat' dir='ltr'>et</span> <span class='ocrx_word' id='word_1_223' title='bbox 630 1722 818 1824; x_wconf 73' lang='lat' dir='ltr'>magis</span> <span class='ocrx_word' id='word_1_224' title='bbox 849 1751 901 1806; x_wconf 92' lang='lat' dir='ltr'>ei</span> <span class='ocrx_word' id='word_1_225' title='bbox 926 1748 1189 1805; x_wconf 87' lang='lat' dir='ltr'>veniendi</span> <span class='ocrx_word' id='word_1_226' title='bbox 1217 1746 1496 1802; x_wconf 84' lang='lat' dir='ltr'>auxilium</span> <span class='ocrx_word' id='word_1_227' title='bbox 1531 1750 1783 1819; x_wconf 63' lang='lat' dir='ltr'>praestet,</span> <span class='ocrx_word' id='word_1_228' title='bbox 1812 1747 1944 1818; x_wconf 88' lang='lat' dir='ltr'>quia</span> <span class='ocrx_word' id='word_1_229' title='bbox 1973 1722 2255 1801; x_wconf 82' lang='lat' dir='ltr'>sufﬁcitB</span> <span class='ocrx_word' id='word_1_230' title='bbox 2278 1748 2477 1803; x_wconf 89' lang='lat' dir='ltr'>dantes</span> <span class='ocrx_word' id='word_1_231' title='bbox 2527 1752 2590 1804; x_wconf 92' lang='lat' dir='ltr'>ut</span> <span class='ocrx_word' id='word_1_232' title='bbox 2626 1748 2703 1803; x_wconf 90' lang='lat' dir='ltr'>ita</span> <span class='ocrx_word' id='word_1_233' title='bbox 2741 1722 2980 1804; x_wconf 74' lang='lat' dir='ltr'>teneatis</span> <span class='ocrx_word' id='word_1_234' title='bbox 3028 1750 3174 1805; x_wconf 86' lang='lat' dir='ltr'>sicut</span> <span class='ocrx_word' id='word_1_235' title='bbox 3215 1722 3277 1806; x_wconf 77' lang='lat' dir='ltr'>et</span> <span class='ocrx_word' id='word_1_236' title='bbox 3314 1752 3385 1806; x_wconf 89' lang='lat' dir='ltr'>ab</span> <span class='ocrx_word' id='word_1_237' title='bbox 3423 1730 3853 1822; x_wconf 33' lang='lat' dir='ltr'>apostolica-sede</span> 
     </span>
    </p>
   </div>
   <div class='ocr_carea' id='block_1_18' title="bbox 548 1839 3853 1917">
    <p class='ocr_par' dir='ltr' id='par_1_18' title="bbox 548 1839 3853 1917">
     <span class='ocr_line' id='line_1_18' title="bbox 548 1839 3853 1917; baseline -0.001 -16"><span class='ocrx_word' id='word_1_238' title='bbox 548 1845 855 1917; x_wconf 89' lang='lat' dir='ltr'>unicuique</span> <span class='ocrx_word' id='word_1_239' title='bbox 896 1841 1219 1914; x_wconf 87' lang='lat' dir='ltr'>objurgatio</span> <span class='ocrx_word' id='word_1_240' title='bbox 1263 1858 1390 1913; x_wconf 67' lang='lat' dir='ltr'>quas</span> <span class='ocrx_word' id='word_1_241' title='bbox 1433 1840 1499 1896; x_wconf 88' lang='lat' dir='ltr'>ﬁt</span> <span class='ocrx_word' id='word_1_242' title='bbox 1543 1857 1577 1894; x_wconf 83' lang='lat' dir='ltr'>a</span> <span class='ocrx_word' id='word_1_243' title='bbox 1613 1839 1890 1911; x_wconf 90' lang='lat' dir='ltr'>plurimis,</span> <span class='ocrx_word' id='word_1_244' title='bbox 1915 1844 1982 1896; x_wconf 91' lang='lat' dir='ltr'>ut</span> <span class='ocrx_word' id='word_1_245' title='bbox 2018 1841 2181 1912; x_wconf 80' lang='lat' dir='ltr'>juxta</span> <span class='ocrx_word' id='word_1_246' title='bbox 2277 1841 2432 1897; x_wconf 90' lang='lat' dir='ltr'>vobis</span> <span class='ocrx_word' id='word_1_247' title='bbox 2465 1842 2712 1897; x_wconf 89' lang='lat' dir='ltr'>tenenda</span> <span class='ocrx_word' id='word_1_248' title='bbox 2746 1844 3110 1898; x_wconf 88' lang='lat' dir='ltr'>mandantur.</span> <span class='ocrx_word' id='word_1_249' title='bbox 3144 1844 3309 1899; x_wconf 88' lang='lat' dir='ltr'>Unde</span> <span class='ocrx_word' id='word_1_250' title='bbox 3345 1845 3606 1900; x_wconf 83' lang='lat' dir='ltr'>Dominus</span> <span class='ocrx_word' id='word_1_251' title='bbox 3630 1845 3684 1899; x_wconf 92' lang='lat' dir='ltr'>in</span> <span class='ocrx_word' id='word_1_252' title='bbox 3708 1845 3853 1898; x_wconf 84' lang='lat' dir='ltr'>Evan-</span> 
     </span>
    </p>
   </div>
   <div class='ocr_carea' id='block_1_19' title="bbox 545 1933 3851 2012">
    <p class='ocr_par' dir='ltr' id='par_1_19' title="bbox 545 1933 3851 2012">
     <span class='ocr_line' id='line_1_19' title="bbox 545 1933 3851 2012; baseline -0.001 -18"><span class='ocrx_word' id='word_1_253' title='bbox 545 1939 875 2012; x_wconf 83' lang='lat' dir='ltr'>Apostolum</span> <span class='ocrx_word' id='word_1_254' title='bbox 904 1957 934 1990; x_wconf 82' lang='grc'>‹‹</span> <span class='ocrx_word' id='word_1_255' title='bbox 957 1936 1140 2006; x_wconf 90' lang='lat' dir='ltr'>magis</span> <span class='ocrx_word' id='word_1_256' title='bbox 1166 1933 1391 1990; x_wconf 90' lang='lat' dir='ltr'>donetis</span> <span class='ocrx_word' id='word_1_257' title='bbox 1420 1938 1479 1989; x_wconf 90' lang='lat' dir='ltr'>et</span> <span class='ocrx_word' id='word_1_258' title='bbox 1510 1934 1902 2002; x_wconf 90' lang='lat' dir='ltr'>consolemini,</span> <span class='ocrx_word' id='word_1_259' title='bbox 1935 1950 2008 1989; x_wconf 89' lang='lat' dir='ltr'>ne</span> <span class='ocrx_word' id='word_1_260' title='bbox 2033 1935 2179 1989; x_wconf 84' lang='lat' dir='ltr'>forte</span> <span class='ocrx_word' id='word_1_261' title='bbox 2282 1935 2427 2008; x_wconf 88' lang='lat' dir='ltr'>gelio</span> <span class='ocrx_word' id='word_1_262' title='bbox 2467 1935 2743 1991; x_wconf 88' lang='lat' dir='ltr'>militibus</span> <span class='ocrx_word' id='word_1_263' title='bbox 2786 1936 3274 2009; x_wconf 87' lang='lat' dir='ltr'>interrogantibus</span> <span class='ocrx_word' id='word_1_264' title='bbox 3323 1938 3608 2010; x_wconf 89' lang='lat' dir='ltr'>respondit</span> <span class='ocrx_word' id='word_1_265' title='bbox 3653 1938 3851 1993; x_wconf 86' lang='lat' dir='ltr'>dicens:</span> 
     </span>
    </p>
   </div>
   <div class='ocr_carea' id='block_1_20' title="bbox 547 2026 3853 2109">
    <p class='ocr_par' dir='ltr' id='par_1_20' title="bbox 547 2026 3853 2109">
     <span class='ocr_line' id='line_1_20' title="bbox 547 2026 3853 2109; baseline -0.001 -20"><span class='ocrx_word' id='word_1_266' title='bbox 547 2030 951 2089; x_wconf 87' lang='lat' dir='ltr'>abundantiori</span> <span class='ocrx_word' id='word_1_267' title='bbox 995 2028 1223 2085; x_wconf 87' lang='lat' dir='ltr'>tristitia</span> <span class='ocrx_word' id='word_1_268' title='bbox 1264 2027 1633 2084; x_wconf 89' lang='lat' dir='ltr'>absorbeatur</span> <span class='ocrx_word' id='word_1_269' title='bbox 1675 2028 1776 2099; x_wconf 89' lang='lat' dir='ltr'>qui</span> <span class='ocrx_word' id='word_1_270' title='bbox 1817 2028 1879 2083; x_wconf 90' lang='lat' dir='ltr'>in</span> <span class='ocrx_word' id='word_1_271' title='bbox 1919 2026 2182 2099; x_wconf 83' lang='lat' dir='ltr'>angustia</span> <span class='ocrx_word' id='word_1_272' title='bbox 2282 2029 2634 2085; x_wconf 84' lang='lat' dir='ltr'>«Neminem</span> <span class='ocrx_word' id='word_1_273' title='bbox 2681 2030 3011 2109; x_wconf 83' lang='lat' dir='ltr'>concutiatis</span> <span class='ocrx_word' id='word_1_274' title='bbox 3053 2046 3243 2103; x_wconf 88' lang='lat' dir='ltr'>neque</span> <span class='ocrx_word' id='word_1_275' title='bbox 3288 2031 3625 2087; x_wconf 88' lang='lat' dir='ltr'>calumniam</span> <span class='ocrx_word' id='word_1_276' title='bbox 3664 2031 3853 2099; x_wconf 85' lang='lat' dir='ltr'>faciatis,</span> 
     </span>
    </p>
   </div>
   <div class='ocr_carea' id='block_1_21' title="bbox 547 2120 3854 2196">
    <p class='ocr_par' dir='ltr' id='par_1_21' title="bbox 547 2120 3854 2196">
     <span class='ocr_line' id='line_1_21' title="bbox 547 2120 3854 2196; baseline -0.003 -14"><span class='ocrx_word' id='word_1_277' title='bbox 547 2130 647 2183; x_wconf 91' lang='lat' dir='ltr'>est.</span> <span class='ocrx_word' id='word_1_278' title='bbox 673 2128 911 2196; x_wconf 91' lang='lat' dir='ltr'>Propter</span> <span class='ocrx_word' id='word_1_279' title='bbox 949 2122 1101 2195; x_wconf 90' lang='lat' dir='ltr'>quod</span> <span class='ocrx_word' id='word_1_280' title='bbox 1142 2122 1372 2178; x_wconf 91' lang='lat' dir='ltr'>obsecro</span> <span class='ocrx_word' id='word_1_281' title='bbox 1408 2137 1526 2189; x_wconf 91' lang='lat' dir='ltr'>vos,</span> <span class='ocrx_word' id='word_1_282' title='bbox 1557 2124 1625 2176; x_wconf 90' lang='lat' dir='ltr'>ut</span> <span class='ocrx_word' id='word_1_283' title='bbox 1665 2121 1787 2192; x_wconf 90' lang='lat' dir='ltr'>ipse</span> <span class='ocrx_word' id='word_1_284' title='bbox 1814 2120 1913 2190; x_wconf 89' lang='lat' dir='ltr'>ait,</span> <span class='ocrx_word' id='word_1_285' title='bbox 1946 2124 2011 2175; x_wconf 90' lang='lat' dir='ltr'>ut</span> <span class='ocrx_word' id='word_1_286' title='bbox 2054 2137 2182 2176; x_wconf 90' lang='lat' dir='ltr'>con-</span> <span class='ocrx_word' id='word_1_287' title='bbox 2280 2123 2378 2177; x_wconf 91' lang='lat' dir='ltr'>sed</span> <span class='ocrx_word' id='word_1_288' title='bbox 2413 2123 2665 2178; x_wconf 87' lang='lat' dir='ltr'>contenti</span> <span class='ocrx_word' id='word_1_289' title='bbox 2689 2126 2865 2178; x_wconf 86' lang='lat' dir='ltr'>estote</span> <span class='ocrx_word' id='word_1_290' title='bbox 2903 2124 3199 2195; x_wconf 85' lang='lat' dir='ltr'>stipendiis</span> <span class='ocrx_word' id='word_1_291' title='bbox 3226 2125 3425 2180; x_wconf 89' lang='lat' dir='ltr'>vestris</span> <span class='ocrx_word' id='word_1_292' title='bbox 3456 2127 3598 2196; x_wconf 84' lang='lat' dir='ltr'>(Luc.</span> <span class='ocrx_word' id='word_1_293' title='bbox 3627 2141 3699 2193; x_wconf 83' lang='lat' dir='ltr'>Ill,</span> <span class='ocrx_word' id='word_1_294' title='bbox 3724 2126 3809 2191; x_wconf 77' lang='grc'>14).</span> <span class='ocrx_word' id='word_1_295' title='bbox 3832 2143 3854 2173; x_wconf 69' lang='grc' dir='ltr'>ι</span> 
     </span>
    </p>
   </div>
   <div class='ocr_carea' id='block_1_22' title="bbox 549 2213 3853 2290">
    <p class='ocr_par' dir='ltr' id='par_1_22' title="bbox 549 2213 3853 2290">
     <span class='ocr_line' id='line_1_22' title="bbox 549 2213 3853 2290; baseline -0.002 -14"><span class='ocrx_word' id='word_1_296' title='bbox 549 2218 790 2276; x_wconf 86' lang='lat' dir='ltr'>ﬁrmetis</span> <span class='ocrx_word' id='word_1_297' title='bbox 828 2218 889 2272; x_wconf 91' lang='lat' dir='ltr'>in</span> <span class='ocrx_word' id='word_1_298' title='bbox 918 2217 1014 2271; x_wconf 90' lang='lat' dir='ltr'>illo</span> <span class='ocrx_word' id='word_1_299' title='bbox 1054 2215 1405 2271; x_wconf 87' lang='lat' dir='ltr'>charitatem.</span> <span class='ocrx_word' id='word_1_300' title='bbox 1435 2236 1464 2264; x_wconf 84' lang='grc'><strong>››</strong></span> <span class='ocrx_word' id='word_1_301' title='bbox 1510 2214 1591 2287; x_wconf 90' lang='grc' dir='ltr'>(ΙΙ</span> <span class='ocrx_word' id='word_1_302' title='bbox 1616 2216 1736 2273; x_wconf 78' lang='lat' dir='ltr'>Cor.</span> <span class='ocrx_word' id='word_1_303' title='bbox 1770 2231 1829 2282; x_wconf 83' lang='grc' dir='ltr'>ιι,</span> <span class='ocrx_word' id='word_1_304' title='bbox 1857 2213 1931 2285; x_wconf 88' lang='grc'>7.)</span> <span class='ocrx_word' id='word_1_305' title='bbox 1972 2215 2181 2269; x_wconf 90' lang='lat' dir='ltr'>Eorum</span> <span class='ocrx_word' id='word_1_306' title='bbox 2279 2216 2541 2271; x_wconf 74' lang='lat' dir='ltr'>Concutit</span> <span class='ocrx_word' id='word_1_307' title='bbox 2554 2217 2707 2272; x_wconf 88' lang='lat' dir='ltr'>enim</span> <span class='ocrx_word' id='word_1_308' title='bbox 2722 2217 3018 2272; x_wconf 88' lang='lat' dir='ltr'>hominem</span> <span class='ocrx_word' id='word_1_309' title='bbox 3047 2217 3145 2289; x_wconf 89' lang='lat' dir='ltr'>qui</span> <span class='ocrx_word' id='word_1_310' title='bbox 3170 2218 3335 2273; x_wconf 89' lang='lat' dir='ltr'>illum</span> <span class='ocrx_word' id='word_1_311' title='bbox 3362 2219 3563 2290; x_wconf 90' lang='lat' dir='ltr'>injuste</span> <span class='ocrx_word' id='word_1_312' title='bbox 3587 2218 3853 2283; x_wconf 87' lang='lat' dir='ltr'>conturbat,</span> 
     </span>
    </p>
   </div>
   <div class='ocr_carea' id='block_1_23' title="bbox 549 2306 3858 2369">
    <p class='ocr_par' dir='ltr' id='par_1_23' title="bbox 549 2306 3858 2369">
     <span class='ocr_line' id='line_1_23' title="bbox 549 2306 3858 2369; baseline -0.002 0"><span class='ocrx_word' id='word_1_313' title='bbox 549 2314 705 2369; x_wconf 91' lang='lat' dir='ltr'>enim</span> <span class='ocrx_word' id='word_1_314' title='bbox 729 2329 792 2366; x_wconf 91' lang='lat' dir='ltr'>os</span> <span class='ocrx_word' id='word_1_315' title='bbox 816 2309 1124 2366; x_wconf 89' lang='lat' dir='ltr'>accusandi</span> <span class='ocrx_word' id='word_1_316' title='bbox 1148 2307 1463 2363; x_wconf 81' lang='lat' dir='ltr'>sacerdotes</span> <span class='ocrx_word' id='word_1_317' title='bbox 1501 2307 1590 2363; x_wconf 91' lang='lat' dir='ltr'>vel</span> <span class='ocrx_word' id='word_1_318' title='bbox 1631 2306 1968 2362; x_wconf 86' lang='lat' dir='ltr'>testiﬁcandi</span> <span class='ocrx_word' id='word_1_319' title='bbox 2000 2306 2059 2361; x_wconf 92' lang='lat' dir='ltr'>in</span> <span class='ocrx_word' id='word_1_320' title='bbox 2087 2323 2181 2363; x_wconf 91' lang='lat' dir='ltr'>eos</span> <span class='ocrx_word' id='word_1_321' title='bbox 2281 2309 2349 2363; x_wconf 89' lang='lat' dir='ltr'>de</span> <span class='ocrx_word' id='word_1_322' title='bbox 2373 2309 2460 2363; x_wconf 90' lang='lat' dir='ltr'>his</span> <span class='ocrx_word' id='word_1_323' title='bbox 2486 2309 2609 2363; x_wconf 77' lang='lat' dir='ltr'>haec</span> <span class='ocrx_word' id='word_1_324' title='bbox 2634 2310 2790 2364; x_wconf 89' lang='lat' dir='ltr'>vobis</span> <span class='ocrx_word' id='word_1_325' title='bbox 2820 2310 3109 2365; x_wconf 90' lang='lat' dir='ltr'>interdum</span> <span class='ocrx_word' id='word_1_326' title='bbox 3133 2311 3437 2367; x_wconf 86' lang='lat' dir='ltr'>sufﬁciant.</span> <span class='ocrx_word' id='word_1_327' title='bbox 3482 2312 3536 2367; x_wconf 91' lang='lat' dir='ltr'>Si</span> <span class='ocrx_word' id='word_1_328' title='bbox 3571 2315 3744 2367; x_wconf 88' lang='lat' dir='ltr'>autem</span> <span class='ocrx_word' id='word_1_329' title='bbox 3768 2327 3858 2363; x_wconf 87' lang='lat' dir='ltr'>ma-</span> 
     </span>
    </p>
   </div>
   <div class='ocr_carea' id='block_1_24' title="bbox 443 2400 3857 2475">
    <p class='ocr_par' dir='ltr' id='par_1_24' title="bbox 443 2400 3857 2475">
     <span class='ocr_line' id='line_1_24' title="bbox 443 2400 3857 2475; baseline -0.001 -14"><span class='ocrx_word' id='word_1_330' title='bbox 443 2417 448 2423; x_wconf 86' lang='lat'><strong><em>‘</em></strong></span> <span class='ocrx_word' id='word_1_331' title='bbox 549 2405 916 2474; x_wconf 90' lang='lat' dir='ltr'>obstruimus,</span> <span class='ocrx_word' id='word_1_332' title='bbox 945 2419 1089 2475; x_wconf 91' lang='lat' dir='ltr'>quos</span> <span class='ocrx_word' id='word_1_333' title='bbox 1116 2418 1235 2457; x_wconf 91' lang='lat' dir='ltr'>non</span> <span class='ocrx_word' id='word_1_334' title='bbox 1264 2400 1550 2468; x_wconf 88' lang='lat' dir='ltr'>humanis,</span> <span class='ocrx_word' id='word_1_335' title='bbox 1581 2400 1679 2456; x_wconf 91' lang='lat' dir='ltr'>sed</span> <span class='ocrx_word' id='word_1_336' title='bbox 1723 2400 1925 2456; x_wconf 89' lang='lat' dir='ltr'>divinis</span> <span class='ocrx_word' id='word_1_337' title='bbox 1950 2400 2182 2455; x_wconf 89' lang='lat' dir='ltr'>vocibus</span> <span class='ocrx_word' id='word_1_338' title='bbox 2273 2402 2495 2474; x_wconf 89' lang='lat' dir='ltr'>joribus</span> <span class='ocrx_word' id='word_1_339' title='bbox 2514 2403 2890 2474; x_wconf 86' lang='lat' dir='ltr'>indigueritis,</span> <span class='ocrx_word' id='word_1_340' title='bbox 2915 2405 3029 2459; x_wconf 88' lang='lat' dir='ltr'>vita</span> <span class='ocrx_word' id='word_1_341' title='bbox 3056 2405 3260 2461; x_wconf 88' lang='lat' dir='ltr'>comite</span> <span class='ocrx_word' id='word_1_342' title='bbox 3286 2406 3510 2473; x_wconf 89' lang='lat' dir='ltr'>mittite,</span> <span class='ocrx_word' id='word_1_343' title='bbox 3534 2408 3588 2460; x_wconf 90' lang='lat' dir='ltr'>et</span> <span class='ocrx_word' id='word_1_344' title='bbox 3609 2405 3857 2459; x_wconf 82' lang='lat' dir='ltr'>mittentur</span> 
     </span>
    </p>
   </div>
   <div class='ocr_carea' id='block_1_25' title="bbox 546 2494 3857 2570">
    <p class='ocr_par' dir='ltr' id='par_1_25' title="bbox 546 2494 3857 2570">
     <span class='ocr_line' id='line_1_25' title="bbox 546 2494 3857 2570; baseline -0.002 -14"><span class='ocrx_word' id='word_1_345' title='bbox 546 2503 800 2556; x_wconf 91' lang='lat' dir='ltr'>mortuos</span> <span class='ocrx_word' id='word_1_346' title='bbox 830 2512 950 2554; x_wconf 89' lang='lat' dir='ltr'>esse</span> <span class='ocrx_word' id='word_1_347' title='bbox 979 2496 1206 2564; x_wconf 90' lang='lat' dir='ltr'>scimus,</span> <span class='ocrx_word' id='word_1_348' title='bbox 1239 2495 1509 2567; x_wconf 83' lang='lat' dir='ltr'>quoniam</span> <span class='ocrx_word' id='word_1_349' title='bbox 1538 2495 1785 2550; x_wconf 90' lang='lat' dir='ltr'>inﬁdelis</span> <span class='ocrx_word' id='word_1_350' title='bbox 1811 2494 1985 2549; x_wconf 90' lang='lat' dir='ltr'>homo</span> <span class='ocrx_word' id='word_1_351' title='bbox 2022 2510 2177 2549; x_wconf 89' lang='lat' dir='ltr'>mor-</span> <span class='ocrx_word' id='word_1_352' title='bbox 2280 2496 2456 2552; x_wconf 87' lang='lat' dir='ltr'>vobis.</span> <span class='ocrx_word' id='word_1_353' title='bbox 2490 2498 2565 2552; x_wconf 93' lang='lat' dir='ltr'>De</span> <span class='ocrx_word' id='word_1_354' title='bbox 2590 2497 2680 2551; x_wconf 87' lang='lat' dir='ltr'>his</span> <span class='ocrx_word' id='word_1_355' title='bbox 2706 2513 2837 2552; x_wconf 91' lang='lat' dir='ltr'>vero</span> <span class='ocrx_word' id='word_1_356' title='bbox 2863 2514 3036 2569; x_wconf 90' lang='lat' dir='ltr'>super</span> <span class='ocrx_word' id='word_1_357' title='bbox 3063 2499 3271 2570; x_wconf 89' lang='lat' dir='ltr'>quibus</span> <span class='ocrx_word' id='word_1_358' title='bbox 3306 2499 3587 2570; x_wconf 88' lang='lat' dir='ltr'>rogitastis</span> <span class='ocrx_word' id='word_1_359' title='bbox 3614 2515 3700 2553; x_wconf 90' lang='lat' dir='ltr'>vos</span> <span class='ocrx_word' id='word_1_360' title='bbox 3721 2497 3857 2552; x_wconf 85' lang='lat' dir='ltr'>infor-</span> 
     </span>
    </p>
   </div>
   <div class='ocr_carea' id='block_1_26' title="bbox 547 2587 3856 2667">
    <p class='ocr_par' dir='ltr' id='par_1_26' title="bbox 547 2587 3856 2667">
     <span class='ocr_line' id='line_1_26' title="bbox 547 2587 3856 2667; baseline -0.002 -18"><span class='ocrx_word' id='word_1_361' title='bbox 547 2598 681 2650; x_wconf 89' lang='lat' dir='ltr'>tuus</span> <span class='ocrx_word' id='word_1_362' title='bbox 712 2597 796 2649; x_wconf 88' lang='lat' dir='ltr'>est</span> <span class='ocrx_word' id='word_1_363' title='bbox 822 2592 883 2667; x_wconf 86' lang='lat' dir='ltr'>in</span> <span class='ocrx_word' id='word_1_364' title='bbox 919 2606 1156 2663; x_wconf 90' lang='lat' dir='ltr'>corpore</span> <span class='ocrx_word' id='word_1_365' title='bbox 1185 2589 1428 2657; x_wconf 87' lang='lat' dir='ltr'>vivente,</span> <span class='ocrx_word' id='word_1_366' title='bbox 1461 2605 1566 2644; x_wconf 89' lang='lat' dir='ltr'>nec</span> <span class='ocrx_word' id='word_1_367' title='bbox 1594 2589 1655 2644; x_wconf 92' lang='lat' dir='ltr'>in</span> <span class='ocrx_word' id='word_1_368' title='bbox 1681 2587 2055 2659; x_wconf 89' lang='lat' dir='ltr'>suspicionem</span> <span class='ocrx_word' id='word_1_369' title='bbox 2085 2604 2181 2641; x_wconf 88' lang='lat' dir='ltr'>ve-</span> <span class='ocrx_word' id='word_1_370' title='bbox 2281 2590 2445 2660; x_wconf 90' lang='lat' dir='ltr'>mari,</span> <span class='ocrx_word' id='word_1_371' title='bbox 2466 2590 2523 2644; x_wconf 93' lang='lat' dir='ltr'>id</span> <span class='ocrx_word' id='word_1_372' title='bbox 2552 2594 2639 2645; x_wconf 91' lang='lat' dir='ltr'>est</span> <span class='ocrx_word' id='word_1_373' title='bbox 2665 2594 2862 2646; x_wconf 87' lang='lat' dir='ltr'>utrum</span> <span class='ocrx_word' id='word_1_374' title='bbox 2889 2591 3073 2663; x_wconf 89' lang='lat' dir='ltr'>majus</span> <span class='ocrx_word' id='word_1_375' title='bbox 3093 2597 3238 2647; x_wconf 89' lang='lat' dir='ltr'>esset</span> <span class='ocrx_word' id='word_1_376' title='bbox 3270 2598 3672 2648; x_wconf 87' lang='lat' dir='ltr'>sacramentum</span> <span class='ocrx_word' id='word_1_377' title='bbox 3694 2607 3856 2646; x_wconf 88' lang='lat' dir='ltr'>manus</span> 
     </span>
    </p>
   </div>
   <div class='ocr_carea' id='block_1_27' title="bbox 547 2680 3858 2757">
    <p class='ocr_par' dir='ltr' id='par_1_27' title="bbox 547 2680 3858 2757">
     <span class='ocr_line' id='line_1_27' title="bbox 547 2680 3858 2757; baseline -0.002 -14"><span class='ocrx_word' id='word_1_378' title='bbox 547 2688 670 2743; x_wconf 91' lang='lat' dir='ltr'>niat</span> <span class='ocrx_word' id='word_1_379' title='bbox 696 2687 874 2743; x_wconf 91' lang='lat' dir='ltr'>homo</span> <span class='ocrx_word' id='word_1_380' title='bbox 903 2685 1103 2754; x_wconf 86' lang='lat' dir='ltr'>ﬁdelis,</span> <span class='ocrx_word' id='word_1_381' title='bbox 1132 2686 1197 2739; x_wconf 92' lang='lat' dir='ltr'>ut</span> <span class='ocrx_word' id='word_1_382' title='bbox 1242 2683 1392 2737; x_wconf 86' lang='lat' dir='ltr'>dicat</span> <span class='ocrx_word' id='word_1_383' title='bbox 1434 2687 1532 2738; x_wconf 87' lang='lat' dir='ltr'>aut</span> <span class='ocrx_word' id='word_1_384' title='bbox 1572 2682 1741 2738; x_wconf 86' lang='lat' dir='ltr'>faciat</span> <span class='ocrx_word' id='word_1_385' title='bbox 1782 2698 1850 2737; x_wconf 88' lang='lat' dir='ltr'>ea</span> <span class='ocrx_word' id='word_1_386' title='bbox 1895 2697 2023 2753; x_wconf 86' lang='lat' dir='ltr'>quae</span> <span class='ocrx_word' id='word_1_387' title='bbox 2066 2680 2185 2752; x_wconf 90' lang='lat' dir='ltr'>pati</span> <span class='ocrx_word' id='word_1_388' title='bbox 2283 2683 2572 2754; x_wconf 90' lang='lat' dir='ltr'>impositio</span> <span class='ocrx_word' id='word_1_389' title='bbox 2589 2684 2982 2756; x_wconf 90' lang='lat' dir='ltr'>episcoporum</span> <span class='ocrx_word' id='word_1_390' title='bbox 3008 2688 3108 2740; x_wconf 87' lang='lat' dir='ltr'>aut</span> <span class='ocrx_word' id='word_1_391' title='bbox 3135 2686 3470 2757; x_wconf 90' lang='lat' dir='ltr'>baptismus,</span> <span class='ocrx_word' id='word_1_392' title='bbox 3486 2686 3668 2742; x_wconf 90' lang='lat' dir='ltr'>scitote</span> <span class='ocrx_word' id='word_1_393' title='bbox 3687 2690 3858 2740; x_wconf 86' lang='lat' dir='ltr'>utrum-</span> 
     </span>
    </p>
   </div>
   <div class='ocr_carea' id='block_1_28' title="bbox 548 2776 3857 2850">
    <p class='ocr_par' dir='ltr' id='par_1_28' title="bbox 548 2776 3857 2850">
     <span class='ocr_line' id='line_1_28' title="bbox 548 2776 3857 2850; baseline -0.002 -14"><span class='ocrx_word' id='word_1_394' title='bbox 548 2798 664 2838; x_wconf 91' lang='lat' dir='ltr'>non</span> <span class='ocrx_word' id='word_1_395' title='bbox 688 2780 828 2834; x_wconf 91' lang='lat' dir='ltr'>vult.</span> <span class='ocrx_word' id='word_1_396' title='bbox 863 2779 917 2834; x_wconf 94' lang='lat' dir='ltr'>Si</span> <span class='ocrx_word' id='word_1_397' title='bbox 944 2778 1069 2850; x_wconf 89' lang='lat' dir='ltr'>quis</span> <span class='ocrx_word' id='word_1_398' title='bbox 1099 2777 1278 2833; x_wconf 89' lang='lat' dir='ltr'>ﬁdelis</span> <span class='ocrx_word' id='word_1_399' title='bbox 1304 2781 1387 2832; x_wconf 91' lang='lat' dir='ltr'>est</span> <span class='ocrx_word' id='word_1_400' title='bbox 1414 2776 1600 2831; x_wconf 88' lang='lat' dir='ltr'>videat</span> <span class='ocrx_word' id='word_1_401' title='bbox 1630 2792 1701 2830; x_wconf 91' lang='lat' dir='ltr'>ne</span> <span class='ocrx_word' id='word_1_402' title='bbox 1728 2776 1866 2831; x_wconf 87' lang='lat' dir='ltr'>falsa</span> <span class='ocrx_word' id='word_1_403' title='bbox 1893 2777 2180 2849; x_wconf 87' lang='lat' dir='ltr'>loquatur,</span> <span class='ocrx_word' id='word_1_404' title='bbox 2283 2794 2393 2848; x_wconf 91' lang='lat' dir='ltr'>que</span> <span class='ocrx_word' id='word_1_405' title='bbox 2432 2794 2711 2849; x_wconf 88' lang='lat' dir='ltr'>magnum</span> <span class='ocrx_word' id='word_1_406' title='bbox 2762 2795 2881 2833; x_wconf 90' lang='lat' dir='ltr'>esse</span> <span class='ocrx_word' id='word_1_407' title='bbox 2940 2784 3382 2835; x_wconf 88' lang='lat' dir='ltr'>sacramentum.</span> <span class='ocrx_word' id='word_1_408' title='bbox 3438 2781 3504 2835; x_wconf 87' lang='lat' dir='ltr'>Et</span> <span class='ocrx_word' id='word_1_409' title='bbox 3549 2780 3683 2835; x_wconf 86' lang='lat' dir='ltr'>sicut</span> <span class='ocrx_word' id='word_1_410' title='bbox 3715 2794 3857 2832; x_wconf 88' lang='lat' dir='ltr'>unum</span> 
     </span>
    </p>
   </div>
   <div class='ocr_carea' id='block_1_29' title="bbox 551 2869 3858 2944">
    <p class='ocr_par' dir='ltr' id='par_1_29' title="bbox 551 2869 3858 2944">
     <span class='ocr_line' id='line_1_29' title="bbox 551 2869 3858 2944; baseline -0.002 -15"><span class='ocrx_word' id='word_1_411' title='bbox 551 2878 650 2930; x_wconf 91' lang='lat' dir='ltr'>aut</span> <span class='ocrx_word' id='word_1_412' title='bbox 674 2873 940 2944; x_wconf 88' lang='lat' dir='ltr'>cuiquam</span> <span class='ocrx_word' id='word_1_413' title='bbox 969 2870 1205 2926; x_wconf 89' lang='lat' dir='ltr'>insidias</span> <span class='ocrx_word' id='word_1_414' title='bbox 1234 2872 1429 2941; x_wconf 89' lang='lat' dir='ltr'>ponat.</span> <span class='ocrx_word' id='word_1_415' title='bbox 1473 2869 1654 2925; x_wconf 89' lang='lat' dir='ltr'>Facile</span> <span class='ocrx_word' id='word_1_416' title='bbox 1700 2873 1784 2923; x_wconf 91' lang='lat' dir='ltr'>est</span> <span class='ocrx_word' id='word_1_417' title='bbox 1830 2886 1966 2941; x_wconf 88' lang='lat' dir='ltr'>ergo</span> <span class='ocrx_word' id='word_1_418' title='bbox 1995 2872 2181 2927; x_wconf 92' lang='lat' dir='ltr'>homi-</span> <span class='ocrx_word' id='word_1_419' title='bbox 2281 2888 2313 2925; x_wconf 90' lang='lat' dir='ltr'>a</span> <span class='ocrx_word' id='word_1_420' title='bbox 2340 2871 2655 2941; x_wconf 87' lang='lat' dir='ltr'>majoribus</span> <span class='ocrx_word' id='word_1_421' title='bbox 2680 2870 2761 2939; x_wconf 86' lang='lat' dir='ltr'>ﬁt,</span> <span class='ocrx_word' id='word_1_422' title='bbox 2791 2872 2849 2926; x_wconf 92' lang='lat' dir='ltr'>id</span> <span class='ocrx_word' id='word_1_423' title='bbox 2879 2875 2983 2943; x_wconf 89' lang='lat' dir='ltr'>est,</span> <span class='ocrx_word' id='word_1_424' title='bbox 3011 2889 3045 2926; x_wconf 92' lang='lat' dir='ltr'>a</span> <span class='ocrx_word' id='word_1_425' title='bbox 3069 2874 3316 2928; x_wconf 89' lang='lat' dir='ltr'>summis</span> <span class='ocrx_word' id='word_1_426' title='bbox 3358 2873 3717 2944; x_wconf 88' lang='lat' dir='ltr'>pontiﬁcibus,</span> <span class='ocrx_word' id='word_1_427' title='bbox 3741 2869 3858 2941; x_wconf 86' lang='lat' dir='ltr'>quod</span> 
     </span>
    </p>
   </div>
   <div class='ocr_carea' id='block_1_30' title="bbox 549 2962 3859 3039">
    <p class='ocr_par' dir='ltr' id='par_1_30' title="bbox 549 2962 3859 3039">
     <span class='ocr_line' id='line_1_30' title="bbox 549 2962 3859 3039; baseline -0.002 -16"><span class='ocrx_word' id='word_1_428' title='bbox 549 2983 682 3025; x_wconf 89' lang='lat' dir='ltr'>nem</span> <span class='ocrx_word' id='word_1_429' title='bbox 713 2965 928 3033; x_wconf 86' lang='lat' dir='ltr'>fallere,</span> <span class='ocrx_word' id='word_1_430' title='bbox 956 2980 1071 3019; x_wconf 93' lang='lat' dir='ltr'>non</span> <span class='ocrx_word' id='word_1_431' title='bbox 1100 2968 1293 3018; x_wconf 92' lang='lat' dir='ltr'>tamen</span> <span class='ocrx_word' id='word_1_432' title='bbox 1331 2963 1535 3017; x_wconf 91' lang='lat' dir='ltr'>Deum.</span> <span class='ocrx_word' id='word_1_433' title='bbox 1573 2962 1806 3033; x_wconf 89' lang='lat' dir='ltr'>Sapiens</span> <span class='ocrx_word' id='word_1_434' title='bbox 1831 2980 1946 3019; x_wconf 91' lang='lat' dir='ltr'>non</span> <span class='ocrx_word' id='word_1_435' title='bbox 1976 2969 2059 3020; x_wconf 92' lang='lat' dir='ltr'>est</span> <span class='ocrx_word' id='word_1_436' title='bbox 2082 2966 2182 3037; x_wconf 88' lang='lat' dir='ltr'>qui</span> <span class='ocrx_word' id='word_1_437' title='bbox 2284 2982 2318 3019; x_wconf 89' lang='lat' dir='ltr'>a</span> <span class='ocrx_word' id='word_1_438' title='bbox 2346 2965 2657 3019; x_wconf 89' lang='lat' dir='ltr'>minoribus</span> <span class='ocrx_word' id='word_1_439' title='bbox 2694 2964 2889 3037; x_wconf 82' lang='lat' dir='ltr'>perlici</span> <span class='ocrx_word' id='word_1_440' title='bbox 2917 2983 3035 3021; x_wconf 92' lang='lat' dir='ltr'>non</span> <span class='ocrx_word' id='word_1_441' title='bbox 3065 2971 3273 3038; x_wconf 89' lang='lat' dir='ltr'>potest,</span> <span class='ocrx_word' id='word_1_442' title='bbox 3324 2969 3405 3023; x_wconf 87' lang='lat' dir='ltr'>ita</span> <span class='ocrx_word' id='word_1_443' title='bbox 3441 2973 3497 3023; x_wconf 91' lang='lat' dir='ltr'>et</span> <span class='ocrx_word' id='word_1_444' title='bbox 3528 2966 3713 3039; x_wconf 87' lang='lat' dir='ltr'>majori</span> <span class='ocrx_word' id='word_1_445' title='bbox 3735 2980 3859 3019; x_wconf 87' lang='lat' dir='ltr'>vene-</span> 
     </span>
    </p>
   </div>
   <div class='ocr_carea' id='block_1_31' title="bbox 549 3055 3862 3129">
    <p class='ocr_par' dir='ltr' id='par_1_31' title="bbox 549 3055 3862 3129">
     <span class='ocr_line' id='line_1_31' title="bbox 549 3055 3862 3129; baseline -0.002 -12"><span class='ocrx_word' id='word_1_446' title='bbox 549 3063 739 3117; x_wconf 88' lang='lat' dir='ltr'>nocet.</span> <span class='ocrx_word' id='word_1_447' title='bbox 772 3061 839 3115; x_wconf 86' lang='lat' dir='ltr'>Et</span> <span class='ocrx_word' id='word_1_448' title='bbox 861 3058 1005 3114; x_wconf 87' lang='lat' dir='ltr'>nihil</span> <span class='ocrx_word' id='word_1_449' title='bbox 1034 3057 1173 3113; x_wconf 86' lang='lat' dir='ltr'>mali</span> <span class='ocrx_word' id='word_1_450' title='bbox 1201 3057 1321 3111; x_wconf 88' lang='lat' dir='ltr'>vult</span> <span class='ocrx_word' id='word_1_451' title='bbox 1347 3056 1444 3128; x_wconf 92' lang='lat' dir='ltr'>qui</span> <span class='ocrx_word' id='word_1_452' title='bbox 1467 3059 1550 3111; x_wconf 90' lang='lat' dir='ltr'>est</span> <span class='ocrx_word' id='word_1_453' title='bbox 1573 3055 1776 3125; x_wconf 90' lang='lat' dir='ltr'>ﬁdelis,</span> <span class='ocrx_word' id='word_1_454' title='bbox 1808 3057 1868 3112; x_wconf 93' lang='lat' dir='ltr'>in</span> <span class='ocrx_word' id='word_1_455' title='bbox 1911 3059 2000 3114; x_wconf 90' lang='lat' dir='ltr'>his</span> <span class='ocrx_word' id='word_1_456' title='bbox 2027 3059 2183 3115; x_wconf 91' lang='lat' dir='ltr'>enim</span> <span class='ocrx_word' id='word_1_457' title='bbox 2204 3094 2255 3129; x_wconf 66' lang='grc' dir='ltr'><strong><em>ρ</em></strong></span> <span class='ocrx_word' id='word_1_458' title='bbox 2283 3058 2505 3113; x_wconf 85' lang='lat' dir='ltr'>ratione</span> <span class='ocrx_word' id='word_1_459' title='bbox 2532 3059 2923 3114; x_wconf 88' lang='lat' dir='ltr'>venerandum</span> <span class='ocrx_word' id='word_1_460' title='bbox 2964 3064 3022 3115; x_wconf 90' lang='lat' dir='ltr'>et</span> <span class='ocrx_word' id='word_1_461' title='bbox 3050 3061 3371 3117; x_wconf 87' lang='lat' dir='ltr'>tenendum</span> <span class='ocrx_word' id='word_1_462' title='bbox 3413 3067 3512 3129; x_wconf 87' lang='lat' dir='ltr'>est,</span> <span class='ocrx_word' id='word_1_463' title='bbox 3561 3061 3651 3116; x_wconf 90' lang='lat' dir='ltr'>sed</span> <span class='ocrx_word' id='word_1_464' title='bbox 3677 3061 3743 3115; x_wconf 86' lang='lat' dir='ltr'>ita</span> <span class='ocrx_word' id='word_1_465' title='bbox 3764 3073 3862 3112; x_wconf 88' lang='lat' dir='ltr'>con-</span> 
     </span>
    </p>
   </div>
   <div class='ocr_carea' id='block_1_32' title="bbox 554 3149 3860 3224">
    <p class='ocr_par' dir='ltr' id='par_1_32' title="bbox 554 3149 3860 3224">
     <span class='ocr_line' id='line_1_32' title="bbox 554 3149 3860 3224; baseline -0.002 -15"><span class='ocrx_word' id='word_1_466' title='bbox 554 3154 783 3209; x_wconf 90' lang='lat' dir='ltr'>ﬁdelem</span> <span class='ocrx_word' id='word_1_467' title='bbox 808 3158 863 3208; x_wconf 92' lang='lat' dir='ltr'>et</span> <span class='ocrx_word' id='word_1_468' title='bbox 884 3152 1172 3208; x_wconf 80' lang='lat' dir='ltr'>infidelem</span> <span class='ocrx_word' id='word_1_469' title='bbox 1209 3151 1503 3206; x_wconf 90' lang='lat' dir='ltr'>hominem</span> <span class='ocrx_word' id='word_1_470' title='bbox 1528 3167 1862 3222; x_wconf 87' lang='lat' dir='ltr'>cognoscere</span> <span class='ocrx_word' id='word_1_471' title='bbox 1886 3168 2184 3223; x_wconf 89' lang='lat' dir='ltr'>possumus</span> <span class='ocrx_word' id='word_1_472' title='bbox 2207 3149 2259 3169; x_wconf 67' lang='grc' dir='ltr'>υ</span> <span class='ocrx_word' id='word_1_473' title='bbox 2276 3152 2476 3224; x_wconf 88' lang='lat' dir='ltr'>juncta</span> <span class='ocrx_word' id='word_1_474' title='bbox 2497 3157 2629 3206; x_wconf 88' lang='lat' dir='ltr'>sunt</span> <span class='ocrx_word' id='word_1_475' title='bbox 2655 3152 2776 3207; x_wconf 87' lang='lat' dir='ltr'>haec</span> <span class='ocrx_word' id='word_1_476' title='bbox 2803 3153 2913 3207; x_wconf 92' lang='lat' dir='ltr'>duo</span> <span class='ocrx_word' id='word_1_477' title='bbox 2942 3157 3325 3224; x_wconf 86' lang='lat' dir='ltr'>sacramenta,</span> <span class='ocrx_word' id='word_1_478' title='bbox 3352 3160 3417 3210; x_wconf 90' lang='lat' dir='ltr'>ut</span> <span class='ocrx_word' id='word_1_479' title='bbox 3444 3156 3512 3210; x_wconf 87' lang='lat' dir='ltr'>ab</span> <span class='ocrx_word' id='word_1_480' title='bbox 3542 3154 3757 3211; x_wconf 83' lang='lat' dir='ltr'>invicem</span> <span class='ocrx_word' id='word_1_481' title='bbox 3780 3149 3860 3205; x_wconf 89' lang='lat' dir='ltr'>nisi</span> 
     </span>
    </p>
   </div>
   <div class='ocr_carea' id='block_1_33' title="bbox 551 3244 3861 3320">
    <p class='ocr_par' dir='ltr' id='par_1_33' title="bbox 551 3244 3861 3320">
     <span class='ocr_line' id='line_1_33' title="bbox 551 3244 3861 3320; baseline -0.002 -17"><span class='ocrx_word' id='word_1_482' title='bbox 551 3250 610 3304; x_wconf 91' lang='lat' dir='ltr'>in</span> <span class='ocrx_word' id='word_1_483' title='bbox 637 3246 895 3303; x_wconf 89' lang='lat' dir='ltr'>nocendo</span> <span class='ocrx_word' id='word_1_484' title='bbox 935 3250 991 3302; x_wconf 90' lang='lat' dir='ltr'>et</span> <span class='ocrx_word' id='word_1_485' title='bbox 1024 3244 1363 3317; x_wconf 90' lang='lat' dir='ltr'>adjuvando,</span> <span class='ocrx_word' id='word_1_486' title='bbox 1386 3248 1449 3299; x_wconf 90' lang='lat' dir='ltr'>ut</span> <span class='ocrx_word' id='word_1_487' title='bbox 1477 3244 1596 3315; x_wconf 90' lang='lat' dir='ltr'>ipsa</span> <span class='ocrx_word' id='word_1_488' title='bbox 1623 3245 1837 3300; x_wconf 88' lang='lat' dir='ltr'>Veritas</span> <span class='ocrx_word' id='word_1_489' title='bbox 1863 3244 1943 3300; x_wconf 88' lang='lat' dir='ltr'>ait</span> <span class='ocrx_word' id='word_1_490' title='bbox 1969 3265 1985 3300; x_wconf 91' lang='lat'><strong><em>:</em></strong></span> <span class='ocrx_word' id='word_1_491' title='bbox 2020 3268 2049 3296; x_wconf 87' lang='grc'><strong>‹‹</strong></span> <span class='ocrx_word' id='word_1_492' title='bbox 2079 3249 2181 3302; x_wconf 91' lang='grc' dir='ltr'>Βο-</span> <span class='ocrx_word' id='word_1_493' title='bbox 2284 3250 2467 3300; x_wconf 90' lang='lat' dir='ltr'>morte</span> <span class='ocrx_word' id='word_1_494' title='bbox 2504 3245 2883 3317; x_wconf 67' lang='lat' dir='ltr'>praeveniente</span> <span class='ocrx_word' id='word_1_495' title='bbox 2913 3247 3233 3302; x_wconf 84' lang='lat' dir='ltr'>nullatenus</span> <span class='ocrx_word' id='word_1_496' title='bbox 3270 3249 3497 3320; x_wconf 90' lang='lat' dir='ltr'>possint</span> <span class='ocrx_word' id='word_1_497' title='bbox 3523 3245 3798 3317; x_wconf 78' lang='lat' dir='ltr'>segregari,</span> <span class='ocrx_word' id='word_1_498' title='bbox 3820 3248 3861 3297; x_wconf 89' lang='lat' dir='ltr'>et</span> 
     </span>
    </p>
   </div>
   <div class='ocr_carea' id='block_1_34' title="bbox 551 3337 3858 3414">
    <p class='ocr_par' dir='ltr' id='par_1_34' title="bbox 551 3337 3858 3414">
     <span class='ocr_line' id='line_1_34' title="bbox 551 3337 3858 3414; baseline -0.003 -16"><span class='ocrx_word' id='word_1_499' title='bbox 551 3360 658 3399; x_wconf 90' lang='lat' dir='ltr'>nus</span> <span class='ocrx_word' id='word_1_500' title='bbox 689 3342 860 3397; x_wconf 90' lang='lat' dir='ltr'>homo</span> <span class='ocrx_word' id='word_1_501' title='bbox 889 3357 959 3395; x_wconf 86' lang='lat' dir='ltr'>ex</span> <span class='ocrx_word' id='word_1_502' title='bbox 986 3340 1138 3394; x_wconf 90' lang='lat' dir='ltr'>bono</span> <span class='ocrx_word' id='word_1_503' title='bbox 1166 3339 1433 3394; x_wconf 90' lang='lat' dir='ltr'>thesauro</span> <span class='ocrx_word' id='word_1_504' title='bbox 1454 3337 1635 3392; x_wconf 91' lang='lat' dir='ltr'>cordis</span> <span class='ocrx_word' id='word_1_505' title='bbox 1654 3337 1741 3392; x_wconf 91' lang='lat' dir='ltr'>sui</span> <span class='ocrx_word' id='word_1_506' title='bbox 1767 3338 1988 3410; x_wconf 90' lang='lat' dir='ltr'>profert</span> <span class='ocrx_word' id='word_1_507' title='bbox 2013 3340 2181 3410; x_wconf 91' lang='lat' dir='ltr'>bona,</span> <span class='ocrx_word' id='word_1_508' title='bbox 2283 3356 2467 3394; x_wconf 88' lang='lat' dir='ltr'>unum</span> <span class='ocrx_word' id='word_1_509' title='bbox 2498 3339 2619 3393; x_wconf 89' lang='lat' dir='ltr'>sine</span> <span class='ocrx_word' id='word_1_510' title='bbox 2649 3339 2829 3393; x_wconf 89' lang='lat' dir='ltr'>altero</span> <span class='ocrx_word' id='word_1_511' title='bbox 2853 3340 2958 3395; x_wconf 89' lang='lat' dir='ltr'>rite</span> <span class='ocrx_word' id='word_1_512' title='bbox 2986 3342 3179 3411; x_wconf 86' lang='lat' dir='ltr'>perﬁci</span> <span class='ocrx_word' id='word_1_513' title='bbox 3195 3358 3313 3396; x_wconf 89' lang='lat' dir='ltr'>non</span> <span class='ocrx_word' id='word_1_514' title='bbox 3346 3348 3540 3414; x_wconf 84' lang='lat' dir='ltr'>potest.</span> <span class='ocrx_word' id='word_1_515' title='bbox 3569 3343 3695 3396; x_wconf 86' lang='lat' dir='ltr'>Nam</span> <span class='ocrx_word' id='word_1_516' title='bbox 3721 3353 3858 3393; x_wconf 89' lang='lat' dir='ltr'>unum</span> 
     </span>
    </p>
   </div>
   <div class='ocr_carea' id='block_1_35' title="bbox 555 3429 3861 3505">
    <p class='ocr_par' dir='ltr' id='par_1_35' title="bbox 555 3429 3861 3505">
     <span class='ocr_line' id='line_1_35' title="bbox 555 3429 3861 3505; baseline -0.003 -13"><span class='ocrx_word' id='word_1_517' title='bbox 555 3443 611 3492; x_wconf 91' lang='lat' dir='ltr'>et</span> <span class='ocrx_word' id='word_1_518' title='bbox 636 3435 821 3491; x_wconf 89' lang='lat' dir='ltr'>malus</span> <span class='ocrx_word' id='word_1_519' title='bbox 842 3434 1015 3489; x_wconf 91' lang='lat' dir='ltr'>homo</span> <span class='ocrx_word' id='word_1_520' title='bbox 1045 3448 1114 3488; x_wconf 90' lang='lat' dir='ltr'>ex</span> <span class='ocrx_word' id='word_1_521' title='bbox 1144 3432 1295 3486; x_wconf 87' lang='lat' dir='ltr'>malo</span> <span class='ocrx_word' id='word_1_522' title='bbox 1319 3430 1587 3487; x_wconf 87' lang='lat' dir='ltr'>thesauro</span> <span class='ocrx_word' id='word_1_523' title='bbox 1629 3431 1812 3486; x_wconf 89' lang='lat' dir='ltr'>cordis</span> <span class='ocrx_word' id='word_1_524' title='bbox 1838 3432 1925 3487; x_wconf 88' lang='lat' dir='ltr'>sui</span> <span class='ocrx_word' id='word_1_525' title='bbox 1968 3433 2186 3503; x_wconf 90' lang='lat' dir='ltr'>profert</span> <span class='ocrx_word' id='word_1_526' title='bbox 2284 3433 2670 3504; x_wconf 62' lang='lat' dir='ltr'>praeveniente</span> <span class='ocrx_word' id='word_1_527' title='bbox 2699 3436 2880 3488; x_wconf 88' lang='lat' dir='ltr'>morte</span> <span class='ocrx_word' id='word_1_528' title='bbox 2907 3435 3117 3489; x_wconf 86' lang='lat' dir='ltr'>salvare</span> <span class='ocrx_word' id='word_1_529' title='bbox 3152 3435 3272 3489; x_wconf 90' lang='lat' dir='ltr'>sine</span> <span class='ocrx_word' id='word_1_530' title='bbox 3318 3437 3493 3491; x_wconf 89' lang='lat' dir='ltr'>altero</span> <span class='ocrx_word' id='word_1_531' title='bbox 3536 3436 3719 3505; x_wconf 80' lang='lat' dir='ltr'>potest,</span> <span class='ocrx_word' id='word_1_532' title='bbox 3744 3429 3861 3485; x_wconf 86' lang='lat' dir='ltr'>aliud</span> 
     </span>
    </p>
   </div>
   <div class='ocr_carea' id='block_1_36' title="bbox 552 3524 3862 3600">
    <p class='ocr_par' dir='ltr' id='par_1_36' title="bbox 552 3524 3862 3600">
     <span class='ocr_line' id='line_1_36' title="bbox 552 3524 3862 3600; baseline -0.003 -14"><span class='ocrx_word' id='word_1_533' title='bbox 552 3531 722 3597; x_wconf 90' lang='lat' dir='ltr'>mala,</span> <span class='ocrx_word' id='word_1_534' title='bbox 751 3546 821 3585; x_wconf 88' lang='lat' dir='ltr'>ex</span> <span class='ocrx_word' id='word_1_535' title='bbox 845 3526 1190 3583; x_wconf 90' lang='lat' dir='ltr'>abundantia</span> <span class='ocrx_word' id='word_1_536' title='bbox 1219 3524 1373 3581; x_wconf 91' lang='lat' dir='ltr'>enim</span> <span class='ocrx_word' id='word_1_537' title='bbox 1401 3524 1587 3580; x_wconf 88' lang='lat' dir='ltr'>cordis</span> <span class='ocrx_word' id='word_1_538' title='bbox 1612 3541 1674 3579; x_wconf 83' lang='lat' dir='ltr'>es</span> <span class='ocrx_word' id='word_1_539' title='bbox 1698 3525 1949 3597; x_wconf 91' lang='lat' dir='ltr'>loquitur</span> <span class='ocrx_word' id='word_1_540' title='bbox 1969 3526 2183 3597; x_wconf 78' lang='lat' dir='ltr'>(Matth.</span> <span class='ocrx_word' id='word_1_541' title='bbox 2287 3529 2478 3581; x_wconf 91' lang='lat' dir='ltr'>autem</span> <span class='ocrx_word' id='word_1_542' title='bbox 2509 3544 2622 3580; x_wconf 87' lang='lat' dir='ltr'>non</span> <span class='ocrx_word' id='word_1_543' title='bbox 2667 3531 2869 3598; x_wconf 84' lang='lat' dir='ltr'>potest.</span> <span class='ocrx_word' id='word_1_544' title='bbox 2902 3527 3062 3582; x_wconf 90' lang='lat' dir='ltr'>Unde</span> <span class='ocrx_word' id='word_1_545' title='bbox 3105 3528 3386 3600; x_wconf 82' lang='lat' dir='ltr'>scriptum</span> <span class='ocrx_word' id='word_1_546' title='bbox 3419 3536 3501 3585; x_wconf 87' lang='lat' dir='ltr'>est</span> <span class='ocrx_word' id='word_1_547' title='bbox 3532 3547 3546 3584; x_wconf 73' lang='grc' dir='ltr'>ς</span> <span class='ocrx_word' id='word_1_548' title='bbox 3576 3552 3601 3577; x_wconf 71' lang='grc' dir='ltr'>ς(</span> <span class='ocrx_word' id='word_1_549' title='bbox 3631 3530 3682 3582; x_wconf 89' lang='lat' dir='ltr'>ln</span> <span class='ocrx_word' id='word_1_550' title='bbox 3706 3524 3862 3581; x_wconf 77' lang='lat' dir='ltr'>diebus</span> 
     </span>
    </p>
   </div>
   <div class='ocr_carea' id='block_1_37' title="bbox 556 3618 3862 3694">
    <p class='ocr_par' dir='ltr' id='par_1_37' title="bbox 556 3618 3862 3694">
     <span class='ocr_line' id='line_1_37' title="bbox 556 3618 3862 3694; baseline -0.002 -15"><span class='ocrx_word' id='word_1_551' title='bbox 556 3642 650 3692; x_wconf 74' lang='lat' dir='ltr'>xu,</span> <span class='ocrx_word' id='word_1_552' title='bbox 691 3624 779 3691; x_wconf 75' lang='grc'>34,</span> <span class='ocrx_word' id='word_1_553' title='bbox 822 3623 930 3691; x_wconf 72' lang='grc'>35).</span> <span class='ocrx_word' id='word_1_554' title='bbox 964 3643 992 3671; x_wconf 84' lang='grc'><strong>››</strong></span> <span class='ocrx_word' id='word_1_555' title='bbox 1037 3622 1145 3675; x_wconf 92' lang='lat' dir='ltr'>Pro</span> <span class='ocrx_word' id='word_1_556' title='bbox 1190 3618 1354 3673; x_wconf 90' lang='lat' dir='ltr'>nobis</span> <span class='ocrx_word' id='word_1_557' title='bbox 1394 3618 1546 3674; x_wconf 89' lang='lat' dir='ltr'>enim</span> <span class='ocrx_word' id='word_1_558' title='bbox 1592 3618 1728 3674; x_wconf 89' lang='lat' dir='ltr'>dicit</span> <span class='ocrx_word' id='word_1_559' title='bbox 1768 3620 2040 3675; x_wconf 88' lang='lat' dir='ltr'>Dominus</span> <span class='ocrx_word' id='word_1_560' title='bbox 2082 3638 2186 3693; x_wconf 91' lang='lat' dir='ltr'>per</span> <span class='ocrx_word' id='word_1_561' title='bbox 2286 3619 2393 3674; x_wconf 89' lang='lat' dir='ltr'>illis</span> <span class='ocrx_word' id='word_1_562' title='bbox 2417 3620 2551 3674; x_wconf 91' lang='lat' dir='ltr'>dicit</span> <span class='ocrx_word' id='word_1_563' title='bbox 2576 3620 2884 3675; x_wconf 88' lang='lat' dir='ltr'>Dominus:</span> <span class='ocrx_word' id='word_1_564' title='bbox 2917 3620 3216 3677; x_wconf 74' lang='lat' dir='ltr'>Effundam</span> <span class='ocrx_word' id='word_1_565' title='bbox 3245 3622 3317 3676; x_wconf 84' lang='lat' dir='ltr'>de</span> <span class='ocrx_word' id='word_1_566' title='bbox 3357 3622 3564 3694; x_wconf 87' lang='lat' dir='ltr'>Spiritu</span> <span class='ocrx_word' id='word_1_567' title='bbox 3588 3637 3705 3675; x_wconf 89' lang='lat' dir='ltr'>meo</span> <span class='ocrx_word' id='word_1_568' title='bbox 3731 3630 3862 3687; x_wconf 80' lang='lat' dir='ltr'>super</span> 
     </span>
    </p>
   </div>
   <div class='ocr_carea' id='block_1_38' title="bbox 553 3712 3862 3790">
    <p class='ocr_par' dir='ltr' id='par_1_38' title="bbox 553 3712 3862 3790">
     <span class='ocr_line' id='line_1_38' title="bbox 553 3712 3862 3790; baseline -0.003 -17"><span class='ocrx_word' id='word_1_569' title='bbox 553 3718 910 3790; x_wconf 89' lang='lat' dir='ltr'>prophetam.</span> <span class='ocrx_word' id='word_1_570' title='bbox 929 3716 1038 3770; x_wconf 90' lang='lat' dir='ltr'>Eos</span> <span class='ocrx_word' id='word_1_571' title='bbox 1062 3728 1193 3768; x_wconf 90' lang='lat' dir='ltr'>vero</span> <span class='ocrx_word' id='word_1_572' title='bbox 1219 3712 1595 3784; x_wconf 89' lang='lat' dir='ltr'>quijudicant</span> <span class='ocrx_word' id='word_1_573' title='bbox 1622 3729 1739 3782; x_wconf 91' lang='lat' dir='ltr'>vos,</span> <span class='ocrx_word' id='word_1_574' title='bbox 1763 3729 1870 3784; x_wconf 87' lang='lat' dir='ltr'>ego</span> <span class='ocrx_word' id='word_1_575' title='bbox 1890 3713 2182 3784; x_wconf 89' lang='lat' dir='ltr'>judicabo.</span> <span class='ocrx_word' id='word_1_576' title='bbox 2286 3731 2519 3768; x_wconf 89' lang='lat' dir='ltr'>omnem</span> <span class='ocrx_word' id='word_1_577' title='bbox 2550 3731 2777 3768; x_wconf 87' lang='lat' dir='ltr'>carnem</span> <span class='ocrx_word' id='word_1_578' title='bbox 2807 3713 2952 3782; x_wconf 84' lang='lat' dir='ltr'>(Joel.</span> <span class='ocrx_word' id='word_1_579' title='bbox 2984 3731 3044 3782; x_wconf 84' lang='grc' dir='ltr'>ιι,</span> <span class='ocrx_word' id='word_1_580' title='bbox 3076 3716 3184 3785; x_wconf 78' lang='lat'>28).</span> <span class='ocrx_word' id='word_1_581' title='bbox 3215 3737 3243 3764; x_wconf 88' lang='grc'><strong>››</strong></span> <span class='ocrx_word' id='word_1_582' title='bbox 3271 3717 3635 3771; x_wconf 82' lang='lat' dir='ltr'>Advertamus</span> <span class='ocrx_word' id='word_1_583' title='bbox 3661 3724 3862 3767; x_wconf 83' lang='lat' dir='ltr'>summas</span> 
     </span>
    </p>
   </div>
   <div class='ocr_carea' id='block_1_39' title="bbox 554 3804 3859 3878">
    <p class='ocr_par' dir='ltr' id='par_1_39' title="bbox 554 3804 3859 3878">
     <span class='ocr_line' id='line_1_39' title="bbox 554 3804 3859 3878; baseline -0.003 -12"><span class='ocrx_word' id='word_1_584' title='bbox 554 3813 624 3867; x_wconf 89' lang='lat' dir='ltr'>Et</span> <span class='ocrx_word' id='word_1_585' title='bbox 666 3810 877 3866; x_wconf 90' lang='lat' dir='ltr'>iterum</span> <span class='ocrx_word' id='word_1_586' title='bbox 920 3807 992 3863; x_wconf 88' lang='lat' dir='ltr'>ad</span> <span class='ocrx_word' id='word_1_587' title='bbox 1035 3823 1224 3862; x_wconf 90' lang='lat' dir='ltr'>servos</span> <span class='ocrx_word' id='word_1_588' title='bbox 1265 3805 1448 3861; x_wconf 80' lang='lat' dir='ltr'>dixit:</span> <span class='ocrx_word' id='word_1_589' title='bbox 1480 3805 1666 3861; x_wconf 87' lang='lat' dir='ltr'>Nolite</span> <span class='ocrx_word' id='word_1_590' title='bbox 1724 3806 1928 3861; x_wconf 91' lang='lat' dir='ltr'>timere</span> <span class='ocrx_word' id='word_1_591' title='bbox 1972 3823 2183 3878; x_wconf 89' lang='lat' dir='ltr'>oppro-</span> <span class='ocrx_word' id='word_1_592' title='bbox 2286 3808 2503 3863; x_wconf 89' lang='lat' dir='ltr'>divitias</span> <span class='ocrx_word' id='word_1_593' title='bbox 2527 3807 2795 3862; x_wconf 83' lang='lat' dir='ltr'>bonitatis</span> <span class='ocrx_word' id='word_1_594' title='bbox 2824 3807 2943 3863; x_wconf 89' lang='lat' dir='ltr'>Dei.</span> <span class='ocrx_word' id='word_1_595' title='bbox 2964 3808 3121 3871; x_wconf 85' lang='lat' dir='ltr'>Quod</span> <span class='ocrx_word' id='word_1_596' title='bbox 3150 3808 3207 3862; x_wconf 90' lang='lat' dir='ltr'>in</span> <span class='ocrx_word' id='word_1_597' title='bbox 3235 3809 3634 3865; x_wconf 88' lang='lat' dir='ltr'>conﬁrmandis</span> <span class='ocrx_word' id='word_1_598' title='bbox 3660 3804 3859 3875; x_wconf 43' lang='lat' dir='ltr'>neophy&#39;</span> 
     </span>
    </p>
   </div>
   <div class='ocr_carea' id='block_1_40' title="bbox 552 3896 3863 3975">
    <p class='ocr_par' dir='ltr' id='par_1_40' title="bbox 552 3896 3863 3975">
     <span class='ocr_line' id='line_1_40' title="bbox 552 3896 3863 3975; baseline -0.004 -14"><span class='ocrx_word' id='word_1_599' title='bbox 552 3906 744 3961; x_wconf 87' lang='lat' dir='ltr'>brium</span> <span class='ocrx_word' id='word_1_600' title='bbox 765 3900 1065 3959; x_wconf 90' lang='lat' dir='ltr'>hominum</span> <span class='ocrx_word' id='word_1_601' title='bbox 1090 3905 1146 3957; x_wconf 90' lang='lat' dir='ltr'>et</span> <span class='ocrx_word' id='word_1_602' title='bbox 1168 3899 1548 3972; x_wconf 89' lang='lat' dir='ltr'>blasphemias</span> <span class='ocrx_word' id='word_1_603' title='bbox 1568 3915 1769 3955; x_wconf 90' lang='lat' dir='ltr'>eorum</span> <span class='ocrx_word' id='word_1_604' title='bbox 1796 3916 1867 3955; x_wconf 90' lang='lat' dir='ltr'>ne</span> <span class='ocrx_word' id='word_1_605' title='bbox 1892 3900 2182 3954; x_wconf 90' lang='lat' dir='ltr'>metuatis.</span> <span class='ocrx_word' id='word_1_606' title='bbox 2286 3900 2352 3954; x_wconf 88' lang='lat' dir='ltr'>lis</span> <span class='ocrx_word' id='word_1_607' title='bbox 2381 3916 2587 3954; x_wconf 90' lang='lat' dir='ltr'>manus</span> <span class='ocrx_word' id='word_1_608' title='bbox 2630 3901 2710 3953; x_wconf 91' lang='lat' dir='ltr'>im</span> <span class='ocrx_word' id='word_1_609' title='bbox 2718 3900 2923 3971; x_wconf 89' lang='lat' dir='ltr'>positio</span> <span class='ocrx_word' id='word_1_610' title='bbox 2963 3901 3161 3956; x_wconf 87' lang='lat' dir='ltr'>tribuit</span> <span class='ocrx_word' id='word_1_611' title='bbox 3207 3902 3471 3975; x_wconf 86' lang='lat' dir='ltr'>singulis,</span> <span class='ocrx_word' id='word_1_612' title='bbox 3502 3903 3604 3958; x_wconf 90' lang='lat' dir='ltr'>hoc</span> <span class='ocrx_word' id='word_1_613' title='bbox 3631 3907 3749 3957; x_wconf 88' lang='lat' dir='ltr'>tunc</span> <span class='ocrx_word' id='word_1_614' title='bbox 3770 3896 3863 3967; x_wconf 84' lang='lat' dir='ltr'>Spi-</span> 
     </span>
    </p>
   </div>
   <div class='ocr_carea' id='block_1_41' title="bbox 557 3987 3864 4069">
    <p class='ocr_par' dir='ltr' id='par_1_41' title="bbox 557 3987 3864 4069">
     <span class='ocr_line' id='line_1_41' title="bbox 557 3987 3864 4069; baseline -0.003 -15"><span class='ocrx_word' id='word_1_615' title='bbox 557 4001 631 4054; x_wconf 92' lang='lat' dir='ltr'>De</span> <span class='ocrx_word' id='word_1_616' title='bbox 661 3998 865 4054; x_wconf 90' lang='lat' dir='ltr'>talibus</span> <span class='ocrx_word' id='word_1_617' title='bbox 893 4011 1121 4068; x_wconf 91' lang='lat' dir='ltr'>quoque</span> <span class='ocrx_word' id='word_1_618' title='bbox 1149 3994 1428 4064; x_wconf 90' lang='lat' dir='ltr'>propheta</span> <span class='ocrx_word' id='word_1_619' title='bbox 1448 3993 1617 4062; x_wconf 91' lang='lat' dir='ltr'>canit,</span> <span class='ocrx_word' id='word_1_620' title='bbox 1640 3993 1836 4047; x_wconf 87' lang='lat' dir='ltr'>dicens</span> <span class='ocrx_word' id='word_1_621' title='bbox 1868 4009 1880 4047; x_wconf 90' lang='lat'><strong>:</strong></span> <span class='ocrx_word' id='word_1_622' title='bbox 1914 4015 1941 4042; x_wconf 77' lang='lat' dir='ltr'>u</span> <span class='ocrx_word' id='word_1_623' title='bbox 1963 3994 2084 4047; x_wconf 85' lang='lat' dir='ltr'>Non</span> <span class='ocrx_word' id='word_1_624' title='bbox 2110 3993 2187 4047; x_wconf 91' lang='lat' dir='ltr'>sic</span> <span class='ocrx_word' id='word_1_625' title='bbox 2286 3994 2428 4048; x_wconf 87' lang='lat' dir='ltr'>ritus</span> <span class='ocrx_word' id='word_1_626' title='bbox 2456 3994 2629 4047; x_wconf 86' lang='lat' dir='ltr'>sancti</span> <span class='ocrx_word' id='word_1_627' title='bbox 2647 3994 2936 4049; x_wconf 87' lang='lat' dir='ltr'>descensio</span> <span class='ocrx_word' id='word_1_628' title='bbox 2957 3994 3015 4050; x_wconf 91' lang='lat' dir='ltr'>in</span> <span class='ocrx_word' id='word_1_629' title='bbox 3037 3994 3396 4052; x_wconf 85' lang='lat' dir='ltr'>credentium</span> <span class='ocrx_word' id='word_1_630' title='bbox 3425 3996 3649 4069; x_wconf 92' lang='lat' dir='ltr'>populos</span> <span class='ocrx_word' id='word_1_631' title='bbox 3675 3987 3864 4048; x_wconf 75' lang='lat' dir='ltr'>donavit</span> 
     </span>
    </p>
   </div>
   <div class='ocr_carea' id='block_1_42' title="bbox 560 4083 3863 4163">
    <p class='ocr_par' dir='ltr' id='par_1_42' title="bbox 560 4083 3863 4163">
     <span class='ocr_line' id='line_1_42' title="bbox 560 4083 3863 4163; baseline -0.004 -16"><span class='ocrx_word' id='word_1_632' title='bbox 560 4092 738 4163; x_wconf 90' lang='lat' dir='ltr'>impii,</span> <span class='ocrx_word' id='word_1_633' title='bbox 780 4090 879 4144; x_wconf 90' lang='lat' dir='ltr'>sed</span> <span class='ocrx_word' id='word_1_634' title='bbox 926 4094 1202 4159; x_wconf 86' lang='lat' dir='ltr'>tanquam</span> <span class='ocrx_word' id='word_1_635' title='bbox 1246 4085 1429 4157; x_wconf 90' lang='lat' dir='ltr'>pulvis</span> <span class='ocrx_word' id='word_1_636' title='bbox 1472 4101 1646 4156; x_wconf 89' lang='lat' dir='ltr'>quem</span> <span class='ocrx_word' id='word_1_637' title='bbox 1696 4084 1921 4155; x_wconf 90' lang='lat' dir='ltr'>projicit</span> <span class='ocrx_word' id='word_1_638' title='bbox 1964 4088 2185 4152; x_wconf 88' lang='lat' dir='ltr'>ventus,</span> <span class='ocrx_word' id='word_1_639' title='bbox 2288 4086 2579 4141; x_wconf 89' lang='lat' dir='ltr'>universis.</span> <span class='ocrx_word' id='word_1_640' title='bbox 2611 4086 2721 4142; x_wconf 87' lang='lat' dir='ltr'>Sed</span> <span class='ocrx_word' id='word_1_641' title='bbox 2746 4087 2879 4159; x_wconf 88' lang='lat' dir='ltr'>quia</span> <span class='ocrx_word' id='word_1_642' title='bbox 2910 4087 3152 4143; x_wconf 88' lang='lat' dir='ltr'>dicimus</span> <span class='ocrx_word' id='word_1_643' title='bbox 3178 4090 3330 4160; x_wconf 89' lang='lat' dir='ltr'>quod</span> <span class='ocrx_word' id='word_1_644' title='bbox 3378 4108 3577 4145; x_wconf 86' lang='lat' dir='ltr'>manus</span> <span class='ocrx_word' id='word_1_645' title='bbox 3601 4083 3863 4158; x_wconf 85' lang='lat' dir='ltr'>impositio,</span> 
     </span>
    </p>
   </div>
   <div class='ocr_carea' id='block_1_43' title="bbox 560 4176 3864 4255">
    <p class='ocr_par' dir='ltr' id='par_1_43' title="bbox 560 4176 3864 4255">
     <span class='ocr_line' id='line_1_43' title="bbox 560 4176 3864 4255; baseline -0.003 -16"><span class='ocrx_word' id='word_1_646' title='bbox 560 4188 857 4255; x_wconf 85' lang='lat' dir='ltr'>propterea</span> <span class='ocrx_word' id='word_1_647' title='bbox 909 4197 1025 4235; x_wconf 91' lang='lat' dir='ltr'>non</span> <span class='ocrx_word' id='word_1_648' title='bbox 1067 4182 1368 4248; x_wconf 87' lang='lat' dir='ltr'>resurgent</span> <span class='ocrx_word' id='word_1_649' title='bbox 1418 4176 1582 4248; x_wconf 90' lang='lat' dir='ltr'>impii</span> <span class='ocrx_word' id='word_1_650' title='bbox 1631 4176 1693 4231; x_wconf 92' lang='lat' dir='ltr'>in</span> <span class='ocrx_word' id='word_1_651' title='bbox 1738 4176 1955 4247; x_wconf 90' lang='lat' dir='ltr'>judicio</span> <span class='ocrx_word' id='word_1_652' title='bbox 2003 4193 2188 4250; x_wconf 90' lang='lat' dir='ltr'>neque</span> <span class='ocrx_word' id='word_1_653' title='bbox 2287 4183 2343 4235; x_wconf 92' lang='lat' dir='ltr'>et</span> <span class='ocrx_word' id='word_1_654' title='bbox 2373 4179 2744 4248; x_wconf 89' lang='lat' dir='ltr'>conﬁrmatio,</span> <span class='ocrx_word' id='word_1_655' title='bbox 2778 4184 2832 4236; x_wconf 90' lang='lat' dir='ltr'>et</span> <span class='ocrx_word' id='word_1_656' title='bbox 2860 4182 2957 4254; x_wconf 90' lang='lat' dir='ltr'>qui</span> <span class='ocrx_word' id='word_1_657' title='bbox 2970 4183 3093 4253; x_wconf 89' lang='lat' dir='ltr'>jam</span> <span class='ocrx_word' id='word_1_658' title='bbox 3114 4190 3485 4254; x_wconf 88' lang='lat' dir='ltr'>regeneratus</span> <span class='ocrx_word' id='word_1_659' title='bbox 3509 4184 3565 4239; x_wconf 93' lang='lat' dir='ltr'>in</span> <span class='ocrx_word' id='word_1_660' title='bbox 3590 4180 3785 4238; x_wconf 86' lang='lat' dir='ltr'>Christo</span> <span class='ocrx_word' id='word_1_661' title='bbox 3802 4178 3864 4229; x_wconf 86' lang='lat' dir='ltr'>est</span> 
     </span>
    </p>
   </div>
   <div class='ocr_carea' id='block_1_44' title="bbox 560 4270 3861 4349">
    <p class='ocr_par' dir='ltr' id='par_1_44' title="bbox 560 4270 3861 4349">
     <span class='ocr_line' id='line_1_44' title="bbox 560 4270 3861 4349; baseline -0.002 -18"><span class='ocrx_word' id='word_1_662' title='bbox 560 4278 877 4349; x_wconf 87' lang='lat' dir='ltr'>peccatores</span> <span class='ocrx_word' id='word_1_663' title='bbox 939 4273 998 4327; x_wconf 92' lang='lat' dir='ltr'>in</span> <span class='ocrx_word' id='word_1_664' title='bbox 1051 4270 1493 4342; x_wconf 87' lang='lat' dir='ltr'>congregatione</span> <span class='ocrx_word' id='word_1_665' title='bbox 1543 4270 1851 4341; x_wconf 87' lang='lat' dir='ltr'>justorum.</span> <span class='ocrx_word' id='word_1_666' title='bbox 1905 4271 2190 4336; x_wconf 86' lang='lat' dir='ltr'>Quoniam</span> <span class='ocrx_word' id='word_1_667' title='bbox 2288 4274 2621 4330; x_wconf 88' lang='lat' dir='ltr'>conﬁrmare</span> <span class='ocrx_word' id='word_1_668' title='bbox 2657 4274 2870 4348; x_wconf 87' lang='lat' dir='ltr'>aliquid</span> <span class='ocrx_word' id='word_1_669' title='bbox 2896 4276 3089 4348; x_wconf 87' lang='lat' dir='ltr'>possit,</span> <span class='ocrx_word' id='word_1_670' title='bbox 3117 4276 3264 4331; x_wconf 88' lang='lat' dir='ltr'>forte</span> <span class='ocrx_word' id='word_1_671' title='bbox 3294 4279 3506 4349; x_wconf 87' lang='lat' dir='ltr'>cogitat</span> <span class='ocrx_word' id='word_1_672' title='bbox 3532 4276 3630 4332; x_wconf 82' lang='lat' dir='ltr'>sibi</span> <span class='ocrx_word' id='word_1_673' title='bbox 3665 4270 3861 4343; x_wconf 85' lang='lat' dir='ltr'>aliquis:</span> 
     </span>
    </p>
   </div>
   <div class='ocr_carea' id='block_1_45' title="bbox 557 4363 3864 4444">
    <p class='ocr_par' dir='ltr' id='par_1_45' title="bbox 557 4363 3864 4444">
     <span class='ocr_line' id='line_1_45' title="bbox 557 4363 3864 4444; baseline -0.002 -19"><span class='ocrx_word' id='word_1_674' title='bbox 557 4370 713 4425; x_wconf 89' lang='lat' dir='ltr'>novit</span> <span class='ocrx_word' id='word_1_675' title='bbox 762 4366 1033 4422; x_wconf 89' lang='lat' dir='ltr'>Dominus</span> <span class='ocrx_word' id='word_1_676' title='bbox 1084 4366 1236 4421; x_wconf 88' lang='lat' dir='ltr'>viam</span> <span class='ocrx_word' id='word_1_677' title='bbox 1281 4365 1571 4436; x_wconf 90' lang='lat' dir='ltr'>justorum</span> <span class='ocrx_word' id='word_1_678' title='bbox 1615 4366 1671 4420; x_wconf 90' lang='lat' dir='ltr'>et</span> <span class='ocrx_word' id='word_1_679' title='bbox 1722 4363 1830 4418; x_wconf 87' lang='lat' dir='ltr'>iter</span> <span class='ocrx_word' id='word_1_680' title='bbox 1854 4363 2188 4437; x_wconf 90' lang='lat' dir='ltr'>impliorum</span> <span class='ocrx_word' id='word_1_681' title='bbox 2288 4368 2431 4433; x_wconf 91' lang='lat' dir='ltr'>Quid</span> <span class='ocrx_word' id='word_1_682' title='bbox 2461 4368 2606 4423; x_wconf 92' lang='lat' dir='ltr'>mihi</span> <span class='ocrx_word' id='word_1_683' title='bbox 2640 4370 2869 4441; x_wconf 91' lang='lat' dir='ltr'>prodest</span> <span class='ocrx_word' id='word_1_684' title='bbox 2893 4374 3022 4441; x_wconf 90' lang='lat' dir='ltr'>post</span> <span class='ocrx_word' id='word_1_685' title='bbox 3064 4371 3400 4442; x_wconf 78' lang='lat' dir='ltr'>mysterium</span> <span class='ocrx_word' id='word_1_686' title='bbox 3428 4368 3754 4444; x_wconf 83' lang='lat' dir='ltr'>baptismatis</span> <span class='ocrx_word' id='word_1_687' title='bbox 3774 4377 3864 4431; x_wconf 78' lang='lat' dir='ltr'>my-</span> 
     </span>
    </p>
   </div>
   <div class='ocr_carea' id='block_1_46' title="bbox 560 4458 3866 4537">
    <p class='ocr_par' dir='ltr' id='par_1_46' title="bbox 560 4458 3866 4537">
     <span class='ocr_line' id='line_1_46' title="bbox 560 4458 3866 4537; baseline -0.002 -17"><span class='ocrx_word' id='word_1_688' title='bbox 560 4462 767 4536; x_wconf 90' lang='lat' dir='ltr'>peribit</span> <span class='ocrx_word' id='word_1_689' title='bbox 797 4462 960 4533; x_wconf 84' lang='lat' dir='ltr'>(Psal.</span> <span class='ocrx_word' id='word_1_690' title='bbox 989 4478 1028 4529; x_wconf 84' lang='grc' dir='ltr'>ι,</span> <span class='ocrx_word' id='word_1_691' title='bbox 1056 4462 1089 4515; x_wconf 82' lang='grc'><strong>4</strong></span> <span class='ocrx_word' id='word_1_692' title='bbox 1115 4465 1166 4516; x_wconf 86' lang='lat' dir='ltr'>et</span> <span class='ocrx_word' id='word_1_693' title='bbox 1189 4458 1345 4530; x_wconf 87' lang='lat' dir='ltr'>seq.).</span> <span class='ocrx_word' id='word_1_694' title='bbox 1365 4480 1394 4508; x_wconf 85' lang='lat'>»</span> <span class='ocrx_word' id='word_1_695' title='bbox 1420 4480 1448 4509; x_wconf 87' lang='grc'>‹‹</span> <span class='ocrx_word' id='word_1_696' title='bbox 1468 4459 1654 4523; x_wconf 89' lang='lat' dir='ltr'>Quare</span> <span class='ocrx_word' id='word_1_697' title='bbox 1674 4458 2025 4514; x_wconf 75' lang='lat' dir='ltr'>conturbatae</span> <span class='ocrx_word' id='word_1_698' title='bbox 2061 4461 2269 4535; x_wconf 88' lang='lat' dir='ltr'>suntD</span> <span class='ocrx_word' id='word_1_699' title='bbox 2293 4462 2529 4517; x_wconf 89' lang='lat' dir='ltr'>sterium</span> <span class='ocrx_word' id='word_1_700' title='bbox 2583 4464 3024 4519; x_wconf 87' lang='lat' dir='ltr'>conﬁrmationis</span> <span class='ocrx_word' id='word_1_701' title='bbox 3041 4464 3068 4519; x_wconf 84' lang='lat'>?</span> <span class='ocrx_word' id='word_1_702' title='bbox 3113 4468 3223 4520; x_wconf 84' lang='lat' dir='ltr'>Aut</span> <span class='ocrx_word' id='word_1_703' title='bbox 3271 4468 3552 4537; x_wconf 85' lang='lat' dir='ltr'>quantum</span> <span class='ocrx_word' id='word_1_704' title='bbox 3594 4463 3741 4517; x_wconf 87' lang='lat' dir='ltr'>video</span> <span class='ocrx_word' id='word_1_705' title='bbox 3781 4470 3866 4510; x_wconf 85' lang='lat' dir='ltr'>non</span> 
     </span>
    </p>
   </div>
   <div class='ocr_carea' id='block_1_47' title="bbox 561 4551 3865 4630">
    <p class='ocr_par' dir='ltr' id='par_1_47' title="bbox 561 4551 3865 4630">
     <span class='ocr_line' id='line_1_47' title="bbox 561 4551 3865 4630; baseline -0.003 -17"><span class='ocrx_word' id='word_1_706' title='bbox 561 4563 775 4630; x_wconf 85' lang='lat' dir='ltr'>gentes,</span> <span class='ocrx_word' id='word_1_707' title='bbox 809 4562 867 4612; x_wconf 89' lang='lat' dir='ltr'>et</span> <span class='ocrx_word' id='word_1_708' title='bbox 899 4556 1092 4629; x_wconf 90' lang='lat' dir='ltr'>plebes</span> <span class='ocrx_word' id='word_1_709' title='bbox 1120 4552 1556 4610; x_wconf 86' lang='lat' dir='ltr'>meditabuntur</span> <span class='ocrx_word' id='word_1_710' title='bbox 1584 4551 1812 4608; x_wconf 84' lang='lat' dir='ltr'>inania?</span> <span class='ocrx_word' id='word_1_711' title='bbox 1834 4555 2193 4626; x_wconf 89' lang='lat' dir='ltr'>Consurgent</span> <span class='ocrx_word' id='word_1_712' title='bbox 2293 4560 2475 4610; x_wconf 91' lang='lat' dir='ltr'>totum</span> <span class='ocrx_word' id='word_1_713' title='bbox 2504 4556 2574 4610; x_wconf 92' lang='lat' dir='ltr'>de</span> <span class='ocrx_word' id='word_1_714' title='bbox 2592 4555 2750 4612; x_wconf 90' lang='lat' dir='ltr'>fonte</span> <span class='ocrx_word' id='word_1_715' title='bbox 2772 4556 3140 4630; x_wconf 88' lang='lat' dir='ltr'>suscepimus,</span> <span class='ocrx_word' id='word_1_716' title='bbox 3161 4558 3207 4612; x_wconf 91' lang='lat' dir='ltr'>si</span> <span class='ocrx_word' id='word_1_717' title='bbox 3224 4563 3349 4629; x_wconf 90' lang='lat' dir='ltr'>post</span> <span class='ocrx_word' id='word_1_718' title='bbox 3366 4560 3581 4614; x_wconf 87' lang='lat' dir='ltr'>fontem</span> <span class='ocrx_word' id='word_1_719' title='bbox 3602 4551 3865 4627; x_wconf 81' lang='lat' dir='ltr'>adjectione</span> 
     </span>
    </p>
   </div>
   <div class='ocr_carea' id='block_1_48' title="bbox 558 4646 3869 4723">
    <p class='ocr_par' dir='ltr' id='par_1_48' title="bbox 558 4646 3869 4723">
     <span class='ocr_line' id='line_1_48' title="bbox 558 4646 3869 4723; baseline -0.004 -16"><span class='ocrx_word' id='word_1_720' title='bbox 558 4668 719 4723; x_wconf 87' lang='lat' dir='ltr'>reges</span> <span class='ocrx_word' id='word_1_721' title='bbox 750 4656 937 4718; x_wconf 71' lang='lat' dir='ltr'>terrae,</span> <span class='ocrx_word' id='word_1_722' title='bbox 966 4653 1023 4705; x_wconf 92' lang='lat' dir='ltr'>et</span> <span class='ocrx_word' id='word_1_723' title='bbox 1048 4649 1333 4721; x_wconf 89' lang='lat' dir='ltr'>principes</span> <span class='ocrx_word' id='word_1_724' title='bbox 1352 4646 1671 4703; x_wconf 86' lang='lat' dir='ltr'>tractabunt</span> <span class='ocrx_word' id='word_1_725' title='bbox 1690 4646 1903 4718; x_wconf 90' lang='lat' dir='ltr'>pariter</span> <span class='ocrx_word' id='word_1_726' title='bbox 1926 4648 2193 4703; x_wconf 89' lang='lat' dir='ltr'>adversus</span> <span class='ocrx_word' id='word_1_727' title='bbox 2291 4649 2425 4704; x_wconf 91' lang='lat' dir='ltr'>novi</span> <span class='ocrx_word' id='word_1_728' title='bbox 2450 4649 2674 4720; x_wconf 87' lang='lat' dir='ltr'>generis</span> <span class='ocrx_word' id='word_1_729' title='bbox 2697 4649 3042 4722; x_wconf 90' lang='lat' dir='ltr'>indigemus.</span> <span class='ocrx_word' id='word_1_730' title='bbox 3078 4652 3199 4705; x_wconf 92' lang='lat' dir='ltr'>Non</span> <span class='ocrx_word' id='word_1_731' title='bbox 3226 4652 3323 4720; x_wconf 88' lang='lat' dir='ltr'>ita,</span> <span class='ocrx_word' id='word_1_732' title='bbox 3359 4648 3711 4715; x_wconf 88' lang='lat' dir='ltr'>dilectissimi,</span> <span class='ocrx_word' id='word_1_733' title='bbox 3731 4649 3869 4699; x_wconf 79' lang='lat' dir='ltr'>atten-</span> 
     </span>
    </p>
   </div>
   <div class='ocr_carea' id='block_1_49' title="bbox 558 4739 3865 4818">
    <p class='ocr_par' dir='ltr' id='par_1_49' title="bbox 558 4739 3865 4818">
     <span class='ocr_line' id='line_1_49' title="bbox 558 4739 3865 4818; baseline -0 -18"><span class='ocrx_word' id='word_1_734' title='bbox 558 4744 861 4800; x_wconf 90' lang='lat' dir='ltr'>Dominum</span> <span class='ocrx_word' id='word_1_735' title='bbox 887 4748 943 4798; x_wconf 90' lang='lat' dir='ltr'>et</span> <span class='ocrx_word' id='word_1_736' title='bbox 969 4744 1234 4799; x_wconf 87' lang='lat' dir='ltr'>adversus</span> <span class='ocrx_word' id='word_1_737' title='bbox 1265 4742 1553 4799; x_wconf 85' lang='lat' dir='ltr'>Christum</span> <span class='ocrx_word' id='word_1_738' title='bbox 1587 4741 1727 4812; x_wconf 89' lang='lat' dir='ltr'>ejus.</span> <span class='ocrx_word' id='word_1_739' title='bbox 1764 4740 2192 4813; x_wconf 89' lang='lat' dir='ltr'>Disrumpamus</span> <span class='ocrx_word' id='word_1_740' title='bbox 2294 4742 2393 4796; x_wconf 90' lang='lat' dir='ltr'>dat</span> <span class='ocrx_word' id='word_1_741' title='bbox 2421 4742 2668 4798; x_wconf 77' lang='lat' dir='ltr'>Charitas</span> <span class='ocrx_word' id='word_1_742' title='bbox 2694 4747 2899 4799; x_wconf 90' lang='lat' dir='ltr'>vestra.</span> <span class='ocrx_word' id='word_1_743' title='bbox 2948 4744 3105 4799; x_wconf 92' lang='lat' dir='ltr'>Sicut</span> <span class='ocrx_word' id='word_1_744' title='bbox 3152 4745 3330 4818; x_wconf 83' lang='lat' dir='ltr'>exigit</span> <span class='ocrx_word' id='word_1_745' title='bbox 3366 4744 3620 4801; x_wconf 90' lang='lat' dir='ltr'>militaris</span> <span class='ocrx_word' id='word_1_746' title='bbox 3656 4740 3777 4797; x_wconf 91' lang='lat' dir='ltr'>ordo</span> <span class='ocrx_word' id='word_1_747' title='bbox 3804 4739 3865 4799; x_wconf 50' lang='lat' dir='ltr'>ut:</span> 
     </span>
    </p>
   </div>
   <div class='ocr_carea' id='block_1_50' title="bbox 557 4826 3869 4910">
    <p class='ocr_par' dir='ltr' id='par_1_50' title="bbox 557 4826 3869 4910">
     <span class='ocr_line' id='line_1_50' title="bbox 557 4826 3869 4910; baseline -0.002 -19"><span class='ocrx_word' id='word_1_748' title='bbox 557 4838 780 4893; x_wconf 89' lang='lat' dir='ltr'>vincula</span> <span class='ocrx_word' id='word_1_749' title='bbox 822 4854 1040 4906; x_wconf 91' lang='lat' dir='ltr'>eorum,</span> <span class='ocrx_word' id='word_1_750' title='bbox 1088 4841 1144 4891; x_wconf 90' lang='lat' dir='ltr'>et</span> <span class='ocrx_word' id='word_1_751' title='bbox 1190 4835 1556 4908; x_wconf 89' lang='lat' dir='ltr'>projiciamus</span> <span class='ocrx_word' id='word_1_752' title='bbox 1596 4851 1629 4889; x_wconf 88' lang='lat' dir='ltr'>a</span> <span class='ocrx_word' id='word_1_753' title='bbox 1672 4834 1832 4890; x_wconf 89' lang='lat' dir='ltr'>nobis</span> <span class='ocrx_word' id='word_1_754' title='bbox 1866 4835 2075 4906; x_wconf 91' lang='lat' dir='ltr'>jugum</span> <span class='ocrx_word' id='word_1_755' title='bbox 2101 4836 2188 4907; x_wconf 92' lang='lat' dir='ltr'>ip-</span> <span class='ocrx_word' id='word_1_756' title='bbox 2293 4853 2424 4891; x_wconf 88' lang='lat' dir='ltr'>cum</span> <span class='ocrx_word' id='word_1_757' title='bbox 2464 4835 2774 4907; x_wconf 89' lang='lat' dir='ltr'>imperator</span> <span class='ocrx_word' id='word_1_758' title='bbox 2814 4854 3215 4910; x_wconf 87' lang='lat' dir='ltr'>quemcunque</span> <span class='ocrx_word' id='word_1_759' title='bbox 3260 4839 3318 4893; x_wconf 93' lang='lat' dir='ltr'>in</span> <span class='ocrx_word' id='word_1_760' title='bbox 3360 4839 3605 4894; x_wconf 87' lang='lat' dir='ltr'>militum</span> <span class='ocrx_word' id='word_1_761' title='bbox 3639 4826 3869 4902; x_wconf 69' lang='lat' dir='ltr'>receperit</span> 
     </span>
    </p>
   </div>
   <div class='ocr_carea' id='block_1_51' title="bbox 558 4923 3866 5004">
    <p class='ocr_par' dir='ltr' id='par_1_51' title="bbox 558 4923 3866 5004">
     <span class='ocr_line' id='line_1_51' title="bbox 558 4923 3866 5004; baseline -0.001 -17"><span class='ocrx_word' id='word_1_762' title='bbox 558 4949 774 4988; x_wconf 87' lang='lat' dir='ltr'>surum.</span> <span class='ocrx_word' id='word_1_763' title='bbox 806 4930 1093 4988; x_wconf 87' lang='lat' dir='ltr'>Habitator</span> <span class='ocrx_word' id='word_1_764' title='bbox 1135 4929 1260 4985; x_wconf 84' lang='lat' dir='ltr'>coeli</span> <span class='ocrx_word' id='word_1_765' title='bbox 1304 4929 1528 4997; x_wconf 90' lang='lat' dir='ltr'>ridebit,</span> <span class='ocrx_word' id='word_1_766' title='bbox 1562 4932 1619 4983; x_wconf 89' lang='lat' dir='ltr'>et</span> <span class='ocrx_word' id='word_1_767' title='bbox 1648 4928 1923 4984; x_wconf 91' lang='lat' dir='ltr'>Dominus</span> <span class='ocrx_word' id='word_1_768' title='bbox 1965 4928 2192 4984; x_wconf 90' lang='lat' dir='ltr'>subsan-</span> <span class='ocrx_word' id='word_1_769' title='bbox 2290 4945 2616 4999; x_wconf 90' lang='lat' dir='ltr'>numerum,</span> <span class='ocrx_word' id='word_1_770' title='bbox 2659 4947 2774 4985; x_wconf 92' lang='lat' dir='ltr'>non</span> <span class='ocrx_word' id='word_1_771' title='bbox 2817 4932 3001 4986; x_wconf 86' lang='lat' dir='ltr'>solum</span> <span class='ocrx_word' id='word_1_772' title='bbox 3036 4930 3223 5002; x_wconf 85' lang='lat' dir='ltr'>signet</span> <span class='ocrx_word' id='word_1_773' title='bbox 3250 4936 3565 5004; x_wconf 89' lang='lat' dir='ltr'>receptum,</span> <span class='ocrx_word' id='word_1_774' title='bbox 3609 4928 3696 4984; x_wconf 88' lang='lat' dir='ltr'>sed</span> <span class='ocrx_word' id='word_1_775' title='bbox 3729 4923 3866 4978; x_wconf 70' lang='lat' dir='ltr'>etiam</span> 
     </span>
    </p>
   </div>
   <div class='ocr_carea' id='block_1_52' title="bbox 557 5013 3865 5098">
    <p class='ocr_par' dir='ltr' id='par_1_52' title="bbox 557 5013 3865 5098">
     <span class='ocr_line' id='line_1_52' title="bbox 557 5013 3865 5098; baseline -0.003 -18"><span class='ocrx_word' id='word_1_776' title='bbox 557 5024 720 5080; x_wconf 87' lang='lat' dir='ltr'>nabit</span> <span class='ocrx_word' id='word_1_777' title='bbox 762 5041 876 5079; x_wconf 90' lang='lat' dir='ltr'>eos.</span> <span class='ocrx_word' id='word_1_778' title='bbox 923 5025 1077 5079; x_wconf 90' lang='lat' dir='ltr'>Tunc</span> <span class='ocrx_word' id='word_1_779' title='bbox 1115 5023 1379 5094; x_wconf 89' lang='lat' dir='ltr'>loquetur</span> <span class='ocrx_word' id='word_1_780' title='bbox 1420 5022 1490 5076; x_wconf 88' lang='lat' dir='ltr'>ad</span> <span class='ocrx_word' id='word_1_781' title='bbox 1535 5037 1628 5076; x_wconf 89' lang='lat' dir='ltr'>eos</span> <span class='ocrx_word' id='word_1_782' title='bbox 1658 5021 1719 5075; x_wconf 91' lang='lat' dir='ltr'>in</span> <span class='ocrx_word' id='word_1_783' title='bbox 1756 5020 1840 5075; x_wconf 88' lang='lat' dir='ltr'>ira</span> <span class='ocrx_word' id='word_1_784' title='bbox 1879 5037 2001 5089; x_wconf 89' lang='lat' dir='ltr'>sua,</span> <span class='ocrx_word' id='word_1_785' title='bbox 2039 5024 2096 5076; x_wconf 90' lang='lat' dir='ltr'>et</span> <span class='ocrx_word' id='word_1_786' title='bbox 2131 5022 2193 5077; x_wconf 91' lang='lat' dir='ltr'>in</span> <span class='ocrx_word' id='word_1_787' title='bbox 2290 5023 2463 5078; x_wconf 88' lang='lat' dir='ltr'>armis</span> <span class='ocrx_word' id='word_1_788' title='bbox 2507 5024 2960 5095; x_wconf 89' lang='lat' dir='ltr'>competentibus</span> <span class='ocrx_word' id='word_1_789' title='bbox 3004 5024 3244 5082; x_wconf 90' lang='lat' dir='ltr'>instruat</span> <span class='ocrx_word' id='word_1_790' title='bbox 3290 5031 3692 5098; x_wconf 85' lang='lat' dir='ltr'>pugnaturum;</span> <span class='ocrx_word' id='word_1_791' title='bbox 3734 5019 3801 5073; x_wconf 82' lang='lat' dir='ltr'>ita</span> <span class='ocrx_word' id='word_1_792' title='bbox 3821 5013 3865 5065; x_wconf 87' lang='lat' dir='ltr'>in</span> 
     </span>
    </p>
   </div>
   <div class='ocr_carea' id='block_1_53' title="bbox 560 5104 3868 5187">
    <p class='ocr_par' dir='ltr' id='par_1_53' title="bbox 560 5104 3868 5187">
     <span class='ocr_line' id='line_1_53' title="bbox 560 5104 3868 5187; baseline -0.005 -14"><span class='ocrx_word' id='word_1_793' title='bbox 560 5119 752 5173; x_wconf 81' lang='lat' dir='ltr'>furore</span> <span class='ocrx_word' id='word_1_794' title='bbox 789 5134 888 5172; x_wconf 89' lang='lat' dir='ltr'>suo</span> <span class='ocrx_word' id='word_1_795' title='bbox 913 5115 1275 5172; x_wconf 85' lang='lat' dir='ltr'>conturbabit</span> <span class='ocrx_word' id='word_1_796' title='bbox 1308 5131 1405 5170; x_wconf 91' lang='lat' dir='ltr'>eos</span> <span class='ocrx_word' id='word_1_797' title='bbox 1443 5115 1605 5185; x_wconf 71' lang='lat' dir='ltr'>(Psal.</span> <span class='ocrx_word' id='word_1_798' title='bbox 1630 5129 1690 5181; x_wconf 84' lang='lat'>11,</span> <span class='ocrx_word' id='word_1_799' title='bbox 1722 5118 1743 5169; x_wconf 87' lang='grc'><strong>1</strong></span> <span class='ocrx_word' id='word_1_800' title='bbox 1787 5118 1837 5169; x_wconf 80' lang='lat' dir='ltr'>et</span> <span class='ocrx_word' id='word_1_801' title='bbox 1871 5115 2072 5187; x_wconf 79' lang='lat' dir='ltr'>seq.).»</span> <span class='ocrx_word' id='word_1_802' title='bbox 2124 5116 2194 5170; x_wconf 88' lang='lat' dir='ltr'>Et</span> <span class='ocrx_word' id='word_1_803' title='bbox 2292 5116 2575 5187; x_wconf 86' lang='lat' dir='ltr'>baptizato</span> <span class='ocrx_word' id='word_1_804' title='bbox 2603 5117 2916 5172; x_wconf 87' lang='lat' dir='ltr'>benedictio</span> <span class='ocrx_word' id='word_1_805' title='bbox 2963 5118 3057 5172; x_wconf 91' lang='lat' dir='ltr'>illa</span> <span class='ocrx_word' id='word_1_806' title='bbox 3098 5119 3338 5174; x_wconf 88' lang='lat' dir='ltr'>munitio</span> <span class='ocrx_word' id='word_1_807' title='bbox 3385 5125 3487 5175; x_wconf 89' lang='lat' dir='ltr'>est.</span> <span class='ocrx_word' id='word_1_808' title='bbox 3533 5113 3730 5173; x_wconf 89' lang='lat' dir='ltr'>Dedisti</span> <span class='ocrx_word' id='word_1_809' title='bbox 3753 5104 3868 5164; x_wconf 88' lang='lat' dir='ltr'>mili-</span> 
     </span>
    </p>
   </div>
   <div class='ocr_carea' id='block_1_54' title="bbox 559 5202 3864 5284">
    <p class='ocr_par' dir='ltr' id='par_1_54' title="bbox 559 5202 3864 5284">
     <span class='ocr_line' id='line_1_54' title="bbox 559 5202 3864 5284; baseline -0.002 -16"><span class='ocrx_word' id='word_1_810' title='bbox 559 5212 692 5268; x_wconf 89' lang='lat' dir='ltr'>alibi</span> <span class='ocrx_word' id='word_1_811' title='bbox 721 5211 898 5267; x_wconf 88' lang='lat' dir='ltr'>dixit:</span> <span class='ocrx_word' id='word_1_812' title='bbox 925 5210 1160 5265; x_wconf 82' lang='lat' dir='ltr'>«Scelus</span> <span class='ocrx_word' id='word_1_813' title='bbox 1188 5208 1349 5280; x_wconf 90' lang='lat' dir='ltr'>impii</span> <span class='ocrx_word' id='word_1_814' title='bbox 1375 5207 1435 5262; x_wconf 92' lang='lat' dir='ltr'>in</span> <span class='ocrx_word' id='word_1_815' title='bbox 1461 5207 1652 5263; x_wconf 88' lang='lat' dir='ltr'>medio</span> <span class='ocrx_word' id='word_1_816' title='bbox 1680 5207 1863 5262; x_wconf 91' lang='lat' dir='ltr'>cordis</span> <span class='ocrx_word' id='word_1_817' title='bbox 1908 5208 2048 5279; x_wconf 91' lang='lat' dir='ltr'>ejus,</span> <span class='ocrx_word' id='word_1_818' title='bbox 2077 5224 2193 5262; x_wconf 92' lang='lat' dir='ltr'>non</span> <span class='ocrx_word' id='word_1_819' title='bbox 2291 5213 2426 5276; x_wconf 89' lang='lat' dir='ltr'>tem,</span> <span class='ocrx_word' id='word_1_820' title='bbox 2457 5209 2529 5264; x_wconf 91' lang='lat' dir='ltr'>da</span> <span class='ocrx_word' id='word_1_821' title='bbox 2549 5209 2599 5263; x_wconf 92' lang='lat' dir='ltr'>ei</span> <span class='ocrx_word' id='word_1_822' title='bbox 2624 5210 3022 5281; x_wconf 89' lang='lat' dir='ltr'>adjumentum</span> <span class='ocrx_word' id='word_1_823' title='bbox 3069 5212 3306 5266; x_wconf 63' lang='lat' dir='ltr'>militias.</span> <span class='ocrx_word' id='word_1_824' title='bbox 3355 5210 3616 5284; x_wconf 84' lang='lat' dir='ltr'>Nunquid</span> <span class='ocrx_word' id='word_1_825' title='bbox 3657 5202 3864 5279; x_wconf 67' lang='lat' dir='ltr'>prodest.</span> 
     </span>
    </p>
   </div>
   <div class='ocr_carea' id='block_1_55' title="bbox 557 5294 3868 5377">
    <p class='ocr_par' dir='ltr' id='par_1_55' title="bbox 557 5294 3868 5377">
     <span class='ocr_line' id='line_1_55' title="bbox 557 5294 3868 5377; baseline -0.004 -16"><span class='ocrx_word' id='word_1_826' title='bbox 557 5310 639 5361; x_wconf 87' lang='lat' dir='ltr'>est</span> <span class='ocrx_word' id='word_1_827' title='bbox 667 5305 840 5361; x_wconf 91' lang='lat' dir='ltr'>timor</span> <span class='ocrx_word' id='word_1_828' title='bbox 866 5304 968 5359; x_wconf 91' lang='lat' dir='ltr'>Dei</span> <span class='ocrx_word' id='word_1_829' title='bbox 995 5307 1129 5358; x_wconf 90' lang='lat' dir='ltr'>ante</span> <span class='ocrx_word' id='word_1_830' title='bbox 1154 5303 1342 5358; x_wconf 89' lang='lat' dir='ltr'>oculos</span> <span class='ocrx_word' id='word_1_831' title='bbox 1370 5301 1493 5373; x_wconf 91' lang='lat' dir='ltr'>ejus</span> <span class='ocrx_word' id='word_1_832' title='bbox 1514 5300 1679 5372; x_wconf 27' lang='lat' dir='ltr'>(Psarl.</span> <span class='ocrx_word' id='word_1_833' title='bbox 1710 5303 1910 5369; x_wconf 85' lang='lat' dir='ltr'>xm,3).</span> <span class='ocrx_word' id='word_1_834' title='bbox 1932 5322 1959 5350; x_wconf 84' lang='lat'>»</span> <span class='ocrx_word' id='word_1_835' title='bbox 1991 5323 2017 5349; x_wconf 88' lang='grc'>‹‹</span> <span class='ocrx_word' id='word_1_836' title='bbox 2040 5301 2188 5365; x_wconf 88' lang='lat' dir='ltr'>Quo—</span> <span class='ocrx_word' id='word_1_837' title='bbox 2293 5302 2339 5355; x_wconf 91' lang='lat' dir='ltr'>si</span> <span class='ocrx_word' id='word_1_838' title='bbox 2365 5302 2669 5374; x_wconf 89' lang='lat' dir='ltr'>quisquam</span> <span class='ocrx_word' id='word_1_839' title='bbox 2696 5308 2995 5374; x_wconf 89' lang='lat' dir='ltr'>parentum</span> <span class='ocrx_word' id='word_1_840' title='bbox 3025 5320 3302 5376; x_wconf 87' lang='lat' dir='ltr'>magnam</span> <span class='ocrx_word' id='word_1_841' title='bbox 3329 5305 3546 5377; x_wconf 90' lang='lat' dir='ltr'>pupillo</span> <span class='ocrx_word' id='word_1_842' title='bbox 3573 5301 3794 5357; x_wconf 86' lang='lat' dir='ltr'>conferat</span> <span class='ocrx_word' id='word_1_843' title='bbox 3808 5294 3868 5346; x_wconf 80' lang='lat' dir='ltr'>fa-</span> 
     </span>
    </p>
   </div>
   <div class='ocr_carea' id='block_1_56' title="bbox 556 5393 3865 5469">
    <p class='ocr_par' dir='ltr' id='par_1_56' title="bbox 556 5393 3865 5469">
     <span class='ocr_line' id='line_1_56' title="bbox 556 5393 3865 5469; baseline -0.003 -15"><span class='ocrx_word' id='word_1_844' title='bbox 556 5399 715 5454; x_wconf 89' lang='lat' dir='ltr'>niam</span> <span class='ocrx_word' id='word_1_845' title='bbox 758 5398 951 5454; x_wconf 91' lang='lat' dir='ltr'>dolose</span> <span class='ocrx_word' id='word_1_846' title='bbox 995 5397 1115 5469; x_wconf 86' lang='lat' dir='ltr'>egit</span> <span class='ocrx_word' id='word_1_847' title='bbox 1151 5396 1418 5452; x_wconf 88' lang='lat' dir='ltr'>adversus</span> <span class='ocrx_word' id='word_1_848' title='bbox 1459 5411 1593 5450; x_wconf 90' lang='lat' dir='ltr'>eum</span> <span class='ocrx_word' id='word_1_849' title='bbox 1635 5395 1696 5450; x_wconf 89' lang='lat' dir='ltr'>in</span> <span class='ocrx_word' id='word_1_850' title='bbox 1741 5394 1917 5449; x_wconf 91' lang='lat' dir='ltr'>oculis</span> <span class='ocrx_word' id='word_1_851' title='bbox 1960 5394 2099 5466; x_wconf 88' lang='lat' dir='ltr'>ejus,</span> <span class='ocrx_word' id='word_1_852' title='bbox 2132 5397 2192 5449; x_wconf 92' lang='lat' dir='ltr'>ut</span> <span class='ocrx_word' id='word_1_853' title='bbox 2292 5397 2578 5463; x_wconf 87' lang='lat' dir='ltr'>cultatem,</span> <span class='ocrx_word' id='word_1_854' title='bbox 2606 5396 2712 5450; x_wconf 92' lang='lat' dir='ltr'>nisi</span> <span class='ocrx_word' id='word_1_855' title='bbox 2735 5397 3034 5467; x_wconf 86' lang='lat' dir='ltr'>providere</span> <span class='ocrx_word' id='word_1_856' title='bbox 3065 5398 3289 5454; x_wconf 90' lang='lat' dir='ltr'>studeat</span> <span class='ocrx_word' id='word_1_857' title='bbox 3317 5402 3372 5454; x_wconf 91' lang='lat' dir='ltr'>et</span> <span class='ocrx_word' id='word_1_858' title='bbox 3396 5396 3669 5453; x_wconf 79' lang='lat' dir='ltr'>tutorem?</span> <span class='ocrx_word' id='word_1_859' title='bbox 3710 5393 3865 5457; x_wconf 75' lang='lat' dir='ltr'>Itaque</span> 
     </span>
    </p>
   </div>
   <div class='ocr_carea' id='block_1_57' title="bbox 557 5487 3866 5563">
    <p class='ocr_par' dir='ltr' id='par_1_57' title="bbox 557 5487 3866 5563">
     <span class='ocr_line' id='line_1_57' title="bbox 557 5487 3866 5563; baseline -0.005 -16"><span class='ocrx_word' id='word_1_860' title='bbox 557 5492 839 5549; x_wconf 89' lang='lat' dir='ltr'>inveniret</span> <span class='ocrx_word' id='word_1_861' title='bbox 857 5491 1217 5563; x_wconf 88' lang='lat' dir='ltr'>iniquitatem</span> <span class='ocrx_word' id='word_1_862' title='bbox 1244 5489 1315 5545; x_wconf 86' lang='lat' dir='ltr'>ad</span> <span class='ocrx_word' id='word_1_863' title='bbox 1344 5489 1559 5545; x_wconf 90' lang='lat' dir='ltr'>odium.</span> <span class='ocrx_word' id='word_1_864' title='bbox 1588 5488 1767 5544; x_wconf 89' lang='lat' dir='ltr'>Verba</span> <span class='ocrx_word' id='word_1_865' title='bbox 1791 5488 1903 5543; x_wconf 89' lang='lat' dir='ltr'>oris</span> <span class='ocrx_word' id='word_1_866' title='bbox 1928 5488 2049 5560; x_wconf 89' lang='lat' dir='ltr'>ejus</span> <span class='ocrx_word' id='word_1_867' title='bbox 2078 5487 2188 5543; x_wconf 91' lang='lat' dir='ltr'>ini-</span> <span class='ocrx_word' id='word_1_868' title='bbox 2289 5489 2608 5544; x_wconf 85' lang='lat' dir='ltr'>Paracletus</span> <span class='ocrx_word' id='word_1_869' title='bbox 2632 5491 2979 5561; x_wconf 83' lang='lat' dir='ltr'>regeneratis</span> <span class='ocrx_word' id='word_1_870' title='bbox 3025 5491 3085 5546; x_wconf 92' lang='lat' dir='ltr'>in</span> <span class='ocrx_word' id='word_1_871' title='bbox 3124 5492 3342 5548; x_wconf 87' lang='lat' dir='ltr'>Christo</span> <span class='ocrx_word' id='word_1_872' title='bbox 3382 5496 3583 5555; x_wconf 87' lang='lat' dir='ltr'>custos,</span> <span class='ocrx_word' id='word_1_873' title='bbox 3621 5492 3673 5542; x_wconf 89' lang='lat' dir='ltr'>et</span> <span class='ocrx_word' id='word_1_874' title='bbox 3708 5492 3866 5538; x_wconf 86' lang='lat' dir='ltr'>conso-</span> 
     </span>
    </p>
   </div>
   <div class='ocr_carea' id='block_1_58' title="bbox 555 5568 3865 5658">
    <p class='ocr_par' dir='ltr' id='par_1_58' title="bbox 555 5568 3865 5658">
     <span class='ocr_line' id='line_1_58' title="bbox 555 5568 3865 5658; baseline -0.002 -17"><span class='ocrx_word' id='word_1_875' title='bbox 555 5586 743 5658; x_wconf 88' lang='lat' dir='ltr'>quitas</span> <span class='ocrx_word' id='word_1_876' title='bbox 770 5591 827 5642; x_wconf 88' lang='lat' dir='ltr'>et</span> <span class='ocrx_word' id='word_1_877' title='bbox 854 5585 1035 5653; x_wconf 90' lang='lat' dir='ltr'>dolus,</span> <span class='ocrx_word' id='word_1_878' title='bbox 1067 5584 1299 5640; x_wconf 89' lang='lat' dir='ltr'>cessavit</span> <span class='ocrx_word' id='word_1_879' title='bbox 1323 5582 1568 5655; x_wconf 87' lang='lat' dir='ltr'>cogitare</span> <span class='ocrx_word' id='word_1_880' title='bbox 1599 5587 1659 5637; x_wconf 90' lang='lat' dir='ltr'>ut</span> <span class='ocrx_word' id='word_1_881' title='bbox 1684 5581 2055 5637; x_wconf 87' lang='lat' dir='ltr'>benefaceret.</span> <span class='ocrx_word' id='word_1_882' title='bbox 2084 5581 2191 5638; x_wconf 90' lang='lat' dir='ltr'>Ini-</span> <span class='ocrx_word' id='word_1_883' title='bbox 2288 5582 2437 5637; x_wconf 91' lang='lat' dir='ltr'>lator</span> <span class='ocrx_word' id='word_1_884' title='bbox 2465 5586 2522 5637; x_wconf 90' lang='lat' dir='ltr'>et</span> <span class='ocrx_word' id='word_1_885' title='bbox 2554 5586 2709 5638; x_wconf 86' lang='lat' dir='ltr'>tutor</span> <span class='ocrx_word' id='word_1_886' title='bbox 2738 5588 2836 5639; x_wconf 90' lang='lat' dir='ltr'>est.</span> <span class='ocrx_word' id='word_1_887' title='bbox 2878 5584 3013 5640; x_wconf 89' lang='lat' dir='ltr'>Ideo</span> <span class='ocrx_word' id='word_1_888' title='bbox 3060 5584 3198 5641; x_wconf 88' lang='lat' dir='ltr'>dicit</span> <span class='ocrx_word' id='word_1_889' title='bbox 3237 5602 3423 5641; x_wconf 88' lang='lat' dir='ltr'>sermo</span> <span class='ocrx_word' id='word_1_890' title='bbox 3470 5582 3712 5639; x_wconf 85' lang='lat' dir='ltr'>divinus:</span> <span class='ocrx_word' id='word_1_891' title='bbox 3733 5568 3865 5628; x_wconf 62' lang='lat' dir='ltr'>«Nisi</span> 
     </span>
    </p>
   </div>
   <div class='ocr_carea' id='block_1_59' title="bbox 554 5659 3873 5752">
    <p class='ocr_par' dir='ltr' id='par_1_59' title="bbox 554 5659 3873 5752">
     <span class='ocr_line' id='line_1_59' title="bbox 554 5659 3873 5752; baseline -0.003 -20"><span class='ocrx_word' id='word_1_892' title='bbox 554 5679 828 5748; x_wconf 85' lang='lat' dir='ltr'>quitatem</span> <span class='ocrx_word' id='word_1_893' title='bbox 877 5678 1089 5752; x_wconf 86' lang='lat' dir='ltr'>cogitat</span> <span class='ocrx_word' id='word_1_894' title='bbox 1130 5678 1189 5733; x_wconf 88' lang='lat' dir='ltr'>in</span> <span class='ocrx_word' id='word_1_895' title='bbox 1233 5677 1406 5734; x_wconf 88' lang='lat' dir='ltr'>cubili</span> <span class='ocrx_word' id='word_1_896' title='bbox 1448 5693 1569 5747; x_wconf 87' lang='lat' dir='ltr'>suo,</span> <span class='ocrx_word' id='word_1_897' title='bbox 1615 5675 1787 5731; x_wconf 86' lang='lat' dir='ltr'>stabit</span> <span class='ocrx_word' id='word_1_898' title='bbox 1830 5676 1888 5730; x_wconf 93' lang='lat' dir='ltr'>in</span> <span class='ocrx_word' id='word_1_899' title='bbox 1936 5675 2025 5730; x_wconf 87' lang='lat' dir='ltr'>via</span> <span class='ocrx_word' id='word_1_900' title='bbox 2076 5692 2189 5731; x_wconf 90' lang='lat' dir='ltr'>non</span> <span class='ocrx_word' id='word_1_901' title='bbox 2290 5675 2564 5731; x_wconf 91' lang='lat' dir='ltr'>Dominus</span> <span class='ocrx_word' id='word_1_902' title='bbox 2612 5677 2942 5733; x_wconf 88' lang='lat' dir='ltr'>custodierit</span> <span class='ocrx_word' id='word_1_903' title='bbox 2992 5677 3281 5734; x_wconf 87' lang='lat' dir='ltr'>civitatem</span> <span class='ocrx_word' id='word_1_904' title='bbox 3322 5680 3546 5743; x_wconf 79' lang='lat' dir='ltr'>frustra</span> <span class='ocrx_word' id='word_1_905' title='bbox 3585 5671 3765 5743; x_wconf 82' lang='lat' dir='ltr'>vigilat</span> <span class='ocrx_word' id='word_1_906' title='bbox 3795 5659 3873 5734; x_wconf 67' lang='lat' dir='ltr'>qui</span> 
     </span>
    </p>
   </div>
   <div class='ocr_carea' id='block_1_60' title="bbox 558 5765 3875 5843">
    <p class='ocr_par' dir='ltr' id='par_1_60' title="bbox 558 5765 3875 5843">
     <span class='ocr_line' id='line_1_60' title="bbox 558 5765 3875 5843; baseline -0.002 -19"><span class='ocrx_word' id='word_1_907' title='bbox 558 5769 724 5824; x_wconf 60' lang='lat' dir='ltr'>bona.</span> <span class='ocrx_word' id='word_1_908' title='bbox 762 5775 968 5827; x_wconf 80' lang='lat' dir='ltr'>malum</span> <span class='ocrx_word' id='word_1_909' title='bbox 1014 5790 1127 5828; x_wconf 83' lang='lat' dir='ltr'>non</span> <span class='ocrx_word' id='word_1_910' title='bbox 1156 5772 1400 5843; x_wconf 87' lang='lat' dir='ltr'>abjiciet.</span> <span class='ocrx_word' id='word_1_911' title='bbox 1438 5770 1696 5832; x_wconf 87' lang='lat' dir='ltr'>Domine.</span> <span class='ocrx_word' id='word_1_912' title='bbox 1726 5770 1782 5826; x_wconf 92' lang='lat' dir='ltr'>in</span> <span class='ocrx_word' id='word_1_913' title='bbox 1809 5770 1947 5825; x_wconf 66' lang='lat' dir='ltr'>coelo</span> <span class='ocrx_word' id='word_1_914' title='bbox 1975 5768 2191 5825; x_wconf 83' lang='lat' dir='ltr'>miseri-</span> <span class='ocrx_word' id='word_1_915' title='bbox 2291 5769 2533 5823; x_wconf 86' lang='lat' dir='ltr'>custodit</span> <span class='ocrx_word' id='word_1_916' title='bbox 2577 5786 2701 5825; x_wconf 89' lang='lat' dir='ltr'>eam</span> <span class='ocrx_word' id='word_1_917' title='bbox 2749 5770 2915 5833; x_wconf 82' lang='lat' dir='ltr'>(Psal.</span> <span class='ocrx_word' id='word_1_918' title='bbox 2957 5787 3134 5839; x_wconf 73' lang='lat' dir='ltr'>cxxvr,</span> <span class='ocrx_word' id='word_1_919' title='bbox 3170 5771 3238 5843; x_wconf 81' lang='lat' dir='ltr'>l).</span> <span class='ocrx_word' id='word_1_920' title='bbox 3262 5796 3287 5819; x_wconf 74' lang='grc' dir='ltr'>η</span> <span class='ocrx_word' id='word_1_921' title='bbox 3318 5776 3479 5840; x_wconf 68' lang='lat' dir='ltr'>Ergo</span> <span class='ocrx_word' id='word_1_922' title='bbox 3522 5765 3744 5839; x_wconf 87' lang='lat' dir='ltr'>Spiritus</span> <span class='ocrx_word' id='word_1_923' title='bbox 3776 5772 3875 5813; x_wconf 76' lang='lat' dir='ltr'>sall-</span> 
     </span>
    </p>
   </div>
  </div>
