4026 6166
210 240 296 299 241

1430 242 1903 307 DECRETALIUM
1938 252 2324 312 COLLECTIO.

3447 251 3550 312 242

202 359 335 418 ctus,
496 366 667 448 super
693 367 867 448 aquas
892 350 1158 425 baptismi
1198 355 1491 412 salutifero
1529 359 1822 416 descendit
1837 374 1899 448 Α
1919 363 2074 420 enim
2098 364 2159 419 in
2185 364 2466 437 baptismo
2484 364 2542 421 in
2563 382 2677 438 quo
2695 363 3075 422 resurrexistis
3098 381 3203 438 per
3226 363 3398 422 ﬁdem
3420 382 3553 437 ope-

204 448 415 518 illapsu,
444 446 502 501 in
533 446 691 502 fonte
721 447 1204 518 pulchritudinem
1224 450 1423 506 tribuit
1448 453 1522 507 ad
1553 452 1821 509 innocen-

200 541 350 604 tiam,
376 540 435 594 in
460 540 897 595 conﬁrmatione
922 547 1300 611 augmentum
1331 550 1561 615 praestat
1588 546 1661 601 ad
1688 563 1816 617 gra-

200 635 348 700 tiam,
381 633 519 704 quia
547 633 608 688 in
636 634 747 689 hoc
783 636 999 690 mundo
1044 639 1166 690 tota
1196 642 1361 692 aetate
1406 640 1637 694 victuris
1674 641 1822 696 inter

200 727 499 782 invisibiles
550 727 740 782 hostes
784 732 842 782 et
885 729 1133 799 pericula
1176 732 1552 801 gradiendum
1597 739 1713 801 est,
1761 734 1820 789 in

199 821 467 893 baptismo
491 837 908 892 regeneramur
945 821 1018 877 ad
1059 823 1257 891 vitam,
1306 828 1435 895 post
1474 826 1821 897 baptismum

198 915 598 970 conﬁrmamur
613 915 682 969 ad
698 931 972 986 pugnam.
991 917 1051 969 In
1067 915 1351 988 baptismo
1374 919 1680 986 abluimur,
1695 925 1821 992 post

199 1008 540 1079 baptismum
586 1007 944 1075 roboramur,
982 1012 1042 1063 at
1081 1010 1128 1065 si
1176 1011 1446 1067 continuo
1498 1013 1819 1069 transituris

199 1102 476 1157 sufﬁciant
489 1102 942 1173 regenerationis
953 1103 1252 1170 beneﬁcia,
1268 1105 1496 1160 victuris
1516 1109 1708 1163 tamen
1727 1124 1822 1163 ne-

197 1197 428 1250 cessaria
452 1198 589 1250 sunt
607 1195 1057 1252 conﬁrmationis
1071 1198 1305 1254 auxilia.
1321 1200 1703 1271 Regeneratio
1717 1218 1821 1272 per

199 1307 247 1344 se
261 1291 437 1344 salvat
452 1305 586 1344 mox
602 1288 661 1344 in
684 1305 821 1360 pace
836 1290 994 1345 beati
1016 1291 1210 1346 saeculi
1222 1290 1598 1363 recipiendos,
1618 1293 1819 1349 conﬁr-

198 1383 360 1438 matio
371 1387 573 1438 autem
583 1387 772 1438 armat
791 1388 850 1438 et
865 1383 1096 1439 instruit
1113 1385 1183 1439 ad
1205 1401 1418 1456 agones
1438 1386 1636 1442 mundi
1651 1388 1822 1458 huius

198 1476 453 1549 etpraelia
462 1476 853 1531 reservandos.
862 1475 970 1541 Qui
981 1480 1172 1533 autem
1184 1484 1311 1549 post
1321 1478 1676 1552 baptismum
1687 1497 1820 1536 cum

197 1570 465 1642 acquisita
495 1569 825 1625 innocentia
858 1570 1261 1626 immaculatus
1293 1573 1552 1643 pervenit
1575 1574 1649 1629 ad
1673 1590 1822 1630 mor-

198 1670 301 1718 tem
324 1663 708 1719 conﬁrmatur
726 1666 934 1731 morte,
951 1663 1085 1735 quia
1099 1680 1214 1719 non
1234 1671 1423 1737 potest
1439 1684 1674 1739 peccare
1692 1672 1822 1740 post

1920 459 2159 515 rationis
2197 459 2315 526 Dei,
2345 460 2441 531 qui
2482 460 2765 515 suscitavit
2798 460 2959 515 illum
2986 477 3020 515 a
3043 460 3302 515 mortuis.
3337 462 3403 515 Et
3427 476 3545 525 vos,

1921 570 2052 607 cum
2097 554 2309 608 mortui
2354 554 2548 608 essetis
2594 556 2651 609 in
2688 556 2907 609 delictis
2952 560 3010 609 et
3052 555 3332 626 praeputio
3362 553 3547 609 carnis

1919 650 2144 715 vestrm,
2177 648 2590 703 conviviﬁcavit
2618 665 2747 703 cum
2776 648 2891 718 illo,
2924 649 3142 704 donans
3168 649 3325 703 vobis
3355 647 3550 702 omnia

1922 740 2141 807 delicta,
2170 741 2366 797 delens
2409 742 2567 813 quod
2597 742 2900 796 adversum
2950 759 3047 797 vos
3089 747 3208 796 erat
3254 742 3548 812 chirogra—

1919 835 2101 906 phum
2126 836 2359 904 decreti,
2375 836 2530 907 quod
2556 839 2678 891 erat
2704 836 3051 891 contrarium
3077 836 3257 904 nobis,
3285 838 3343 890 et
3362 836 3548 906 ipsum

1919 928 2053 983 tulit
2098 929 2169 983 de
2209 929 2397 984 medio
2445 933 2502 983 et
2546 930 2784 1000 afﬁgens
2827 930 2963 985 illud
3013 930 3188 995 cruci,
3228 930 3546 1001 exspolians

1918 1021 2266 1092 principatus
2303 1025 2361 1076 et
2397 1027 2722 1092 potestates,
2761 1023 3007 1079 traduxit
3040 1022 3409 1089 conﬁdenter,
3445 1039 3544 1093 pa-

1918 1115 2032 1168 lam
2060 1114 2423 1186 triumphans
2465 1115 2590 1170 illos
2626 1116 2686 1170 in
2725 1116 3048 1187 semetipso.
3086 1117 3261 1170 Nemo
3289 1132 3426 1186 ergo
3449 1131 3549 1169 vos

1912 1206 2135 1278 judicet
2170 1207 2228 1262 in
2267 1208 2394 1263 cibo
2454 1212 2513 1263 et
2551 1212 2710 1281 potu,
2738 1215 2834 1265 aut
2863 1210 2922 1264 in
2952 1212 3112 1281 parte
3137 1209 3249 1264 diei
3274 1209 3421 1274 festi,
3450 1211 3551 1262 aut

1918 1301 2257 1368 neomenias,
2298 1306 2398 1357 aut
2432 1302 2821 1371 sabbatorum,
2853 1320 2983 1375 quas
3008 1306 3143 1358 sunt
3173 1302 3376 1357 umbra
3402 1302 3550 1356 futu-

1919 1405 2142 1457 rorum,
2184 1406 2387 1462 corpus
2429 1398 2620 1447 autem
2662 1392 2892 1448 Christi.
2939 1394 3117 1447 Nemo
3158 1408 3254 1447 vos
3288 1391 3548 1458 seducat,

1918 1480 2111 1535 volens
2124 1479 2184 1535 in
2203 1480 2528 1537 humilitate
2547 1484 2606 1536 et
2624 1481 2903 1553 religione
2921 1482 3259 1551 angelorum
3282 1498 3410 1553 qua:
3430 1497 3550 1536 non

1917 1572 2079 1641 vidit,
2105 1574 2403 1630 ambulans
2443 1575 2672 1643 frustra,
2716 1575 2947 1631 inﬂatus
2988 1592 3158 1631 sensu
3193 1574 3381 1630 carnis
3406 1591 3547 1638 suas,

1919 1669 1977 1721 et
2021 1684 2141 1723 non
2194 1672 2398 1724 tenens
2448 1674 2619 1740 caput
2667 1685 2738 1725 ex
2793 1686 2907 1741 quo
2956 1673 3145 1725 totum
3186 1686 3393 1741 corpus
3447 1684 3552 1740 per

197 1757 562 1813 mortem.Hic
573 1756 620 1811 si
630 1756 926 1812 forteillud
940 1757 1111 1813 etiam
1124 1759 1416 1830 requirere
1428 1761 1822 1833 velimus,post
1839 1751 1896 1823 B
1919 1776 2152 1829 nexum,
2189 1766 2247 1817 et
2271 1762 2737 1833 conjunctionem
2778 1763 3270 1818 subministratum
3312 1768 3370 1817 et
3409 1778 3548 1816 con-

199 1851 517 1923 passionem
544 1858 601 1905 et
625 1850 1101 1907 resurrectionem
1127 1852 1355 1921 Christi,
1388 1854 1527 1926 quid
1553 1856 1823 1926 apostolis

196 1949 468 2020 profuerit
496 1948 777 2003 adventus
800 1947 1044 2019 Spiritus
1068 1951 1269 2020 sancti,
1292 1952 1415 2023 ipse
1436 1953 1717 2008 Dominus
1740 1953 1823 2008 eis

196 2041 483 2097 evidenter
509 2042 765 2113 exponit.
796 2063 825 2091 «
845 2042 980 2106 Quae
1007 2042 1156 2111 dico,
1173 2043 1380 2116 inquit,
1396 2045 1556 2100 vobis
1577 2062 1692 2101 non
1714 2063 1820 2117 po-

196 2136 338 2189 testis
350 2153 423 2190 ea
434 2138 664 2207 portare
679 2134 871 2202 modo,
885 2151 1016 2190 cum
1032 2140 1226 2191 autem
1237 2138 1456 2194 venerit
1470 2139 1566 2194 ille
1583 2140 1823 2211 Spiritus

197 2229 462 2298 veritatis,
496 2229 620 2300 ipse
648 2229 873 2284 docebit
902 2245 1139 2285 omnem
1173 2231 1471 2287 veritatem
1499 2232 1675 2304 (Joan.
1703 2250 1819 2302 XVI,

202 2327 256 2377 l2
278 2329 325 2378 et
356 2323 512 2392 13).»
560 2322 726 2378 Vides
750 2323 883 2394 quia
915 2339 1047 2378 cum
1075 2324 1316 2395 Spiritus
1359 2330 1591 2382 sanctus
1627 2327 1818 2383 infun-

198 2416 355 2483 ditur,
380 2432 487 2471 cor
508 2414 678 2471 ﬁdele
702 2416 776 2470 ad
800 2416 1164 2486 prudentiam
1192 2421 1251 2472 et
1275 2420 1650 2475 constantiam
1680 2421 1818 2477 dila-

198 2514 356 2565 tatur.
373 2512 575 2581 Itaque
589 2514 721 2564 ante
740 2510 1168 2565 descensionem
1188 2511 1428 2583 Spiritus
1450 2514 1626 2569 sancti
1641 2531 1822 2587 usque

196 2604 255 2657 ad
279 2603 654 2674 negationem
686 2603 927 2674 apostoli
968 2604 1349 2676 deterrentur,
1389 2612 1519 2678 post
1546 2608 1819 2664 visitatio-

200 2715 317 2752 nem
342 2713 485 2752 vero
513 2697 640 2767 ejus
670 2714 849 2768 usque
887 2697 959 2751 ad
993 2699 1331 2769 martyrium
1374 2704 1704 2773 contemptu
1735 2719 1818 2757 sa-

196 2790 313 2846 lutis
335 2793 662 2858 armantur,
679 2791 990 2846 secundum
1009 2791 1115 2847 hoc
1142 2809 1247 2863 per
1268 2793 1556 2850 Christum
1581 2796 1820 2851 redimi-

198 2902 332 2951 mur,
344 2902 455 2957 per
468 2884 748 2955 Spiritum
762 2900 897 2939 vero
908 2890 1165 2940 sanctum
1177 2886 1329 2941 dono
1350 2888 1646 2959 sapientiae
1662 2890 1824 2961 spiri-

200 2979 349 3032 tualis
379 2977 805 3045 illuminamur,
833 2977 1206 3048 aediﬁcamur,
1234 2980 1554 3049 erudimur,
1583 2982 1819 3037 instrui-

200 3088 334 3141 mur,
370 3086 863 3139 consummamur,
883 3075 944 3126 ut
968 3071 1126 3127 illam
1157 3074 1333 3128 sancti
1363 3074 1606 3145 Spiritus
1622 3092 1821 3131 vocem

196 3122 378 3220 audire
397 3164 705 3235 possimus.
742 3185 770 3213 ‹‹
803 3122 1164 3220 Intellectum
1189 3167 1287 3222 tibi
1304 3122 1449 3223 dabin
1466 3171 1524 3223 et
1545 3168 1821 3225 instruam
1842 3122 1896 3196 Ο

200 3264 247 3312 te
288 3260 345 3313 in
392 3259 486 3312 via
534 3259 640 3312 hac
681 3275 798 3329 qua
838 3259 1112 3330 gradieris
1156 3260 1317 3329 (Psul.
1361 3278 1506 3331 xxxx,
1556 3265 1626 3333 8).
1670 3285 1697 3313 »
1742 3266 1821 3319 De

198 3352 400 3422 Spiritu
439 3357 636 3407 sancto
676 3351 1006 3422 accipimus,
1039 3358 1105 3408 ut
1132 3354 1450 3425 spirituales
1481 3356 1819 3427 efﬁciamur,

198 3447 367 3516 quia«
392 3445 660 3500 animalis
688 3446 864 3500 homo
891 3463 1011 3501 non
1032 3447 1272 3518 percipit
1300 3465 1364 3502 ea
1392 3466 1506 3519 qua
1534 3454 1667 3505 sunt
1692 3451 1819 3522 Spi-

198 3541 327 3593 ritus
361 3539 469 3594 Dei
505 3539 558 3610 (I
583 3541 704 3597 Cor.
742 3556 804 3607 ιι,
852 3540 956 3610 14).
1000 3561 1028 3589 ››
1075 3542 1152 3595 De
1183 3540 1394 3612 Spiritu
1439 3548 1633 3598 sancto
1676 3544 1819 3599 acci-

199 3633 399 3703 pimus,
429 3636 496 3687 ut
520 3632 810 3702 sapiamus
836 3632 985 3687 inter
1006 3632 1227 3689 bonum
1257 3636 1587 3707 malumque
1618 3636 1824 3692 discer-

201 3743 345 3793 nere,
377 3727 533 3797 justa
570 3724 830 3797 diligere,
854 3726 1064 3796 injusta
1091 3743 1382 3798 respuere,
1404 3733 1470 3782 ut
1494 3730 1727 3785 malitia
1758 3747 1823 3785 ac

200 3820 471 3890 superbiae
497 3835 906 3891 repugnemus,
927 3822 995 3874 ut
1021 3820 1264 3876 luxuria:
1288 3838 1353 3875 ac
1373 3822 1608 3877 diversis
1627 3823 1821 3879 illece-

198 3912 303 3968 bris
344 3920 408 3968 et
450 3913 616 3968 fmdis
643 3912 1011 3984 indignisque
1041 3914 1441 3986 cupiditatibus
1470 3916 1820 3972 resistamus.

202 4007 270 4061 De
302 4008 520 4079 Spiritu
568 4010 766 4062 sancto
811 4006 1119 4079 accipimus
1165 4008 1294 4063 vita:
1334 4025 1589 4066 amorem
1614 4015 1672 4067 et
1700 4013 1819 4083 glo-

204 4103 288 4156 rise
319 4101 611 4167 ardorem,
632 4103 700 4155 ut
725 4101 979 4156 succensi
1006 4101 1274 4158 divinitus
1290 4102 1511 4175 erigere
1530 4122 1563 4158 a
1583 4106 1825 4160 terrenis

204 4199 447 4251 mentem
485 4195 559 4249 ad
604 4210 851 4265 superna
882 4199 940 4249 et
966 4194 1158 4251 divina
1196 4197 1506 4253 valeamus.
1538 4199 1826 4269 Jejunium

203 4305 327 4360 ergo
368 4287 649 4343 Dominici
678 4287 789 4343 diei
817 4293 874 4343 et
897 4289 1113 4360 quintae
1142 4290 1301 4346 feriae
1336 4306 1507 4346 nemo
1543 4293 1825 4348 celebrare

206 4381 389 4449 debet,
407 4388 464 4437 ut
481 4382 933 4453 interjejunium
967 4383 1416 4439 Christianorum
1441 4388 1498 4439 et
1524 4386 1825 4457 gentilium

1923 1858 2200 1910 structum
2227 1856 2427 1911 crescit
2451 1856 2510 1910 in
2537 1861 2915 1927 augmentum
2934 1856 3089 1911 ﬁdei.
3113 1857 3169 1912 Si
3191 1855 3549 1911 mortuiestis

1922 1964 2055 2003 cum
2075 1948 2297 2004 Christo
2324 1948 2395 2003 ab
2424 1950 2720 2005 elementis
2747 1949 2914 2019 hujus
2946 1950 3167 2019 mundi,
3200 1949 3339 2021 quid
3362 1949 3549 2004 adhuc

1922 2045 2195 2113 tanquam
2219 2042 2467 2098 viventes
2487 2042 2546 2098 in
2571 2043 2789 2099 mundo
2803 2042 3107 2098 decernitis
3118 2044 3146 2098 Ἰ
3157 2044 3236 2097 Ne
3249 2041 3549 2113 tetigeritis

1921 2152 2110 2207 neque
2142 2136 2514 2207 gustaveritis,
2548 2152 2732 2208 neque
2760 2136 3236 2192 contrectaveritis
3263 2151 3391 2207 quae
3419 2137 3552 2190 sunt

1921 2230 2114 2285 omnia
2140 2230 2201 2285 in
2228 2230 2464 2285 interitu
2505 2230 2629 2302 ipso
2674 2247 2778 2285 usu
2823 2230 3139 2286 secundum
3181 2232 3466 2302 praecepta
3494 2234 3552 2285 et

1922 2323 2206 2379 doctrinas
2261 2323 2583 2392 hominum,
2633 2341 2765 2396 qua:
2814 2329 2948 2380 sunt
2996 2324 3284 2380 rationem
3319 2323 3550 2396 quidem

1924 2417 2192 2473 habentia
2216 2417 2507 2489 sapientiae
2530 2418 2590 2472 in
2615 2419 3020 2490 superstitione
3048 2423 3105 2474 et
3132 2418 3471 2486 humilitate,
3495 2422 3554 2473 et

1923 2528 2041 2566 non
2069 2512 2142 2567 ad
2168 2511 2520 2582 parcendum
2538 2511 2785 2582 corpori,
2807 2528 2924 2567 non
2952 2512 3011 2567 in
3037 2512 3249 2566 honore
3271 2511 3461 2583 aliquo
3480 2511 3552 2565 ad

1921 2605 2279 2660 saturitatem
2336 2605 2539 2659 carnis.
2593 2605 2790 2675 Igitur,
2845 2606 2893 2660 si
2935 2605 3367 2660 consurrexistis
3418 2621 3551 2659 cum

1919 2698 2162 2767 Christo,
2194 2715 2320 2769 qua:
2349 2714 2577 2753 sursum
2604 2701 2736 2753 sunt
2771 2698 3029 2770 quierite,
3062 2698 3158 2752 ubi
3184 2699 3439 2753 Christus
3465 2702 3553 2752 est

1922 2791 1981 2846 in
2009 2793 2244 2847 dextera
2269 2792 2364 2847 Dei
2391 2793 2611 2859 sedens,
2639 2808 2769 2863 quae
2798 2808 3027 2847 sursum
3056 2797 3190 2846 sunt
3219 2792 3549 2862 sapite,non

1920 2902 2048 2957 quin
2076 2902 2247 2957 super
2279 2889 2514 2941 terram.
2543 2886 2747 2941 Mortui
2773 2886 2931 2942 enim
2963 2885 3114 2952 estis,
3142 2890 3200 2940 et
3224 2885 3337 2940 vita
3362 2889 3553 2939 vestra

1921 2979 2252 3034 abscondita
2281 2984 2365 3035 est
2403 2997 2532 3034 cum
2576 2980 2797 3036 Christo
2843 2980 2901 3034 in
2944 2980 3081 3034 Deo.
3123 2979 3264 3034 Cum
3298 2978 3554 3034 Christus

1919 3073 2249 3145 apparuerit
2273 3074 2387 3128 vita
2415 3077 2617 3141 vestra,
2656 3080 2793 3129 tunc
2835 3079 2892 3129 et
2927 3089 3023 3129 vos
3049 3072 3392 3145 apparebitis
3419 3089 3551 3128 cum

1921 3168 2045 3239 ipso
2070 3168 2130 3222 in
2156 3166 2363 3238 gloria.
2389 3168 2719 3223 Mortiﬁcate
2747 3184 2883 3239 ergo
2909 3168 3172 3223 membra
3189 3169 3394 3235 vestra,
3423 3183 3553 3238 quae

1922 3265 2055 3316 sunt
2104 3276 2276 3333 super
2313 3265 2554 3331 terram,
2602 3262 3063 3329 fornicationem,
3103 3260 3549 3325 immunditiam,

1919 3354 2236 3422 libidinem,
2266 3355 2776 3427 concupiscentiam
2802 3356 3012 3410 malam
3032 3359 3090 3411 et
3110 3354 3403 3410 avaritiam
3423 3371 3552 3424 quas

1922 3451 2007 3503 est
2045 3449 2480 3504 simulacrorum
2522 3449 2776 3517 servitus,
2808 3454 3043 3520 propter
3086 3465 3215 3519 quae
3262 3448 3421 3502 venit
3464 3447 3552 3501 ira

1920 3542 2022 3596 Dei
2050 3543 2109 3596 in
2128 3542 2272 3596 ﬁlios
2291 3542 2720 3597 incredulitatis.
2741 3544 2801 3597 In
2821 3542 3027 3614 quibus
3042 3546 3098 3597 et
3111 3558 3209 3596 vos
3224 3540 3551 3597 ambulastis

1922 3636 2232 3706 aliquando
2258 3652 2389 3690 cum
2415 3636 2673 3691 viveretis
2701 3653 2830 3691 cum
2857 3636 2988 3691 illis.
3032 3637 3190 3691 Nunc
3229 3640 3422 3691 autem
3449 3634 3549 3691 de-

1919 3730 2114 3801 ponite
2150 3746 2248 3784 vos
2273 3746 2508 3784 omnem
2534 3730 2706 3799 iram,
2738 3729 3218 3799 indignationem,
3250 3727 3548 3794 malitiam,

1920 3823 2358 3894 blasphemiam,
2416 3826 2643 3894 turpem
2688 3839 3010 3878 sermonem
3066 3823 3137 3878 de
3190 3839 3288 3877 ore
3340 3825 3549 3875 vestro.

1924 3916 2100 3971 Nolite
2142 3916 2373 3970 mentiri
2425 3916 2688 3984 invicem,
2731 3916 3107 3988 exspoliantes
3149 3932 3250 3970 vos
3300 3918 3549 3971 veterem

1922 4010 2215 4065 hominem
2256 4026 2388 4064 cum
2433 4010 2648 4065 actibus
2695 4010 2831 4080 suis,
2880 4015 2937 4065 et
2974 4010 3276 4065 induentes
3319 4025 3549 4077 novum,

1924 4121 2057 4160 eum
2077 4104 2174 4175 qui
2193 4106 2495 4159 renovatur
2514 4104 2570 4158 in
2590 4104 2885 4176 agnitione
2908 4104 3219 4160 secundum
3240 4103 3553 4174 imaginem

1924 4199 2046 4269 ejus
2071 4197 2167 4269 qui
2198 4198 2409 4253 creavit
2442 4215 2601 4267 eum,
2635 4198 2734 4253 ubi
2772 4215 2887 4253 non
2932 4203 3017 4253 est
3052 4199 3299 4265 Judazus,
3328 4200 3385 4252 et
3411 4213 3552 4268 gen-

1924 4291 2037 4346 tilis
2076 4292 2451 4361 circumcisio,
2494 4296 2551 4347 et
2592 4292 2958 4364 praeputium,
3005 4292 3280 4347 barbarus
3327 4291 3553 4361 Scytha,

1926 4401 2116 4439 servus
2145 4387 2202 4440 et
2223 4384 2387 4454 liber,
2419 4386 2521 4439 sed
2552 4385 2749 4440 omnia
2778 4386 2836 4440 in
2861 4385 3128 4440 Omnibus
3158 4385 3429 4440 Christus.
3463 4386 3553 4438 ln-

204 4477 468 4531 veraciter
513 4475 870 4531 credentium
919 4480 1090 4548 atque
1136 4477 1451 4533 inﬁdelium
1502 4482 1558 4534 et
1594 4479 1822 4535 haereti-
1845 4478 2082 4567 Dduite
2122 4494 2259 4549 ergo
2306 4494 2423 4546 vos,
2474 4479 2613 4534 sicut
2655 4479 2822 4534 electi
2868 4479 2985 4546 Dei,
3029 4478 3205 4533 sancti
3245 4482 3303 4533 et
3341 4477 3553 4547 dilecti,

205 4585 391 4624 corum
431 4585 566 4625 vera
601 4572 659 4624 et
700 4585 819 4624 non
867 4569 1008 4625 falsa
1047 4570 1308 4626 discretio
1344 4571 1640 4641 habeatur,
1674 4574 1827 4629 unde

206 4663 466 4735 scriptum
493 4666 614 4717 est:
638 4684 663 4712 ‹‹
682 4663 818 4728 Quae
848 4679 976 4734 pars
1011 4663 1219 4719 Christi
1237 4664 1309 4719 ad
1332 4665 1551 4721 Belial?
1572 4670 1671 4721 aut
1695 4684 1826 4739 qua:

208 4773 328 4826 pars
354 4756 506 4812 ﬁdeli
539 4773 674 4811 cum
718 4755 979 4812 inﬁdeli?
1016 4758 1153 4821 Quae
1195 4760 1295 4812 aut
1333 4759 1689 4831 participatio
1726 4762 1824 4831 ju-

206 4850 361 4906 stitia:
388 4867 520 4906 cum
547 4850 888 4922 iniquitate?
910 4870 938 4899 ››
981 4850 1059 4921 (Π
1079 4853 1199 4909 Cor.
1228 4868 1303 4920 v1,
1344 4851 1450 4924 l5.)
1476 4854 1543 4908 Et
1569 4854 1775 4910 iterum
1809 4872 1823 4910 :

212 4962 234 4993 ιι
260 4944 431 5001 Nolite
446 4945 659 5017 jugum
684 4944 893 4999 ducere
930 4960 1061 4999 cum
1102 4944 1428 5000 inﬁdelibus
1463 4947 1620 5015 (Ibid.
1656 4950 1759 5017 14).
1793 4970 1822 4998 ››

210 5038 338 5093 «De
377 5042 605 5103 caetero,
648 5038 873 5107 fratres,
921 5036 1107 5094 videte
1151 5055 1224 5093 ne
1268 5038 1396 5111 quis
1443 5056 1541 5093 vos
1586 5040 1830 5113 decipiat

212 5129 455 5188 inanibus
486 5131 689 5201 verbis,
713 5147 903 5203 neque
929 5148 1034 5203 per
1068 5132 1490 5204 philosophiam
1515 5138 1572 5189 et
1598 5134 1827 5190 inanem

210 5223 476 5282 fallaciam
485 5224 804 5282 secundum
816 5224 1181 5281 traditionem
1194 5226 1826 5295 hominum,secundum

212 5314 330 5389 56
348 5320 633 5376 elementa
665 5317 892 5386 mundi,
923 5322 980 5374 et
1008 5335 1126 5374 non
1163 5319 1478 5375 secundum
1516 5320 1823 5389 Christum,

192 5410 409 5493 tquiain
437 5413 660 5468 Christo
700 5412 923 5468 habitat
959 5411 1146 5468 omnis
1182 5412 1480 5483 plenitudo
1522 5413 1827 5470 divinitatis

209 5506 578 5575 corporaliter,
627 5510 685 5562 et
728 5506 859 5561 estis
903 5506 963 5561 in
1006 5506 1102 5561 illo
1145 5506 1375 5578 repleti,
1404 5508 1502 5577 qui
1540 5510 1626 5562 est
1658 5512 1829 5580 caput

211 5598 382 5653 omnis
404 5600 753 5673 principatus
781 5602 840 5655 et
860 5599 1172 5672 potestatis,
1200 5599 1260 5656 in
1288 5616 1401 5672 quo
1426 5603 1484 5656 et
1513 5600 1829 5658 circumcisi

212 5691 359 5759 estis,
384 5693 809 5751 circumcisione
837 5710 951 5750 non
977 5695 1304 5750 manufacta
1325 5695 1386 5749 in
1416 5696 1828 5768 exspoliatione

213 5788 446 5855 corporis
470 5788 677 5861 carnis,
708 5788 769 5845 in
794 5788 1218 5847 circumcisione
1254 5788 1480 5858 Christi,
1513 5790 1825 5863 consepulti

1926 4572 2138 4626 viscera
2185 4570 2606 4640 misericordiae,
2656 4571 3092 4643 benignitatem,
3148 4568 3551 4639 humilitatem,

1925 4665 2283 4736 modestiam,
2335 4664 2696 4736 patientiam,
2740 4668 3143 4736 supportantes
3186 4662 3450 4734 invicem,
3499 4668 3558 4719 et

1928 4758 2205 4813 donantes
2254 4758 2686 4829 vobismetipsis,
2734 4758 2779 4812 si
2824 4757 2952 4828 quis
2998 4757 3270 4812 adversus
3310 4758 3557 4829 aliquem

1926 4851 2097 4907 habet
2139 4853 2452 4923 querelam.
2500 4851 2659 4906 Sicut
2700 4854 2759 4906 et
2803 4851 3057 4907 Christus
3109 4852 3340 4906 donavit
3379 4851 3556 4918 vobis,

1925 4946 2006 4999 ita
2033 4950 2091 5000 et
2118 4962 2237 5000 vos.
2266 4948 2447 5016 Super
2471 4948 2668 5001 autem
2693 4944 2885 5000 omnia
2910 4945 3054 5012 haec,
3085 4944 3424 5000 charitatem
3451 4945 3554 4999 ha-

1926 5039 2143 5106 bentes,
2162 5039 2317 5110 quod
2343 5043 2428 5094 est
2452 5038 2741 5094 vinculum
2775 5038 3156 5109 perfectionis.
3180 5040 3250 5095 Et
3269 5057 3380 5111 pax
3405 5037 3561 5095 Chri-

1928 5132 1998 5187 sti
2026 5132 2213 5203 vigeat
2239 5132 2301 5187 in
2337 5132 2604 5188 cordibus
2640 5132 2862 5201 vestris,
2902 5132 2960 5187 in
2986 5150 3099 5205 qua
3123 5136 3180 5189 et
3203 5133 3386 5188 vocati
3427 5132 3560 5187 estis

1926 5225 1986 5280 in
2014 5242 2129 5281 uno
2157 5242 2414 5298 corpore,
2444 5230 2502 5281 et
2526 5226 2673 5298 grati
2712 5230 2912 5283 estote.
2945 5226 3191 5282 Verbum
3214 5227 3317 5281 Dei
3345 5225 3561 5280 habitet

1927 5319 1988 5374 in
2016 5319 2176 5376 vobis
2200 5320 2560 5376 abundanter
2584 5320 2646 5375 in
2672 5320 2829 5376 omni
2873 5320 3171 5393 sapientia,
3214 5319 3478 5374 docentes
3503 5320 3561 5371 et

1927 5419 2355 5470 commouentes
2399 5415 2768 5486 vosmetipsos
2809 5415 3060 5486 psalmis,
3090 5412 3318 5484 hymnis
3343 5414 3400 5466 et
3422 5426 3555 5465 can-

1926 5508 2052 5564 ticis
2081 5507 2489 5580 spiritualibus,
2541 5507 2602 5562 in
2647 5508 2832 5579 gratia
2869 5510 3160 5563 cantantes
3186 5507 3247 5560 in
3291 5503 3560 5559 cordibus

1925 5603 2129 5659 vestris
2158 5603 2292 5659 Deo.
2325 5601 2508 5658 Omne
2546 5601 2926 5674 quodcunque
2968 5599 3149 5657 facitis
3175 5598 3236 5653 in
3265 5596 3435 5653 verbo
3460 5602 3560 5654 aut

1928 5697 1987 5753 in
2011 5712 2202 5769 opere,
2232 5696 2431 5752 omnia
2451 5695 2509 5751 in
2538 5694 2771 5750 nomine
2802 5692 3023 5749 Domini
3051 5692 3229 5748 nostri
3251 5693 3383 5750 Jesu
3404 5692 3559 5749 Chri-

1928 5791 1997 5848 sti
2027 5790 2213 5859 facite,
2262 5791 2471 5861 gratias
2519 5793 2751 5859 agentes
2796 5788 2912 5840 Deo
2951 5790 3010 5842 et
3046 5786 3193 5842 Patri
3228 5802 3332 5859 per
3371 5788 3557 5859 ipsum
3656 5804 3663 5807 λ
