4026 6166
519 250 622 306 243

1414 249 1695 303 ΛΡΡΕΝΙ).
1737 249 1821 313 ΑΙ)
1862 247 2018 303 δτΕΟ.
2062 247 2146 301 IX.

2247 275 2250 284 -
2290 244 2535 301 lSlDOltl
2574 245 2997 300 MERCATORIS
3711 259 3789 312 244

519 358 649 423 (σοι.
676 376 735 429 ιι,
765 361 917 426 8-23;
958 375 1035 427 ιιι,
1074 356 1233 427 1-17).
1262 376 1290 407 ››
1324 357 1453 425 Vos,
1475 355 1811 427 charissimi,
1834 356 2011 413 nolite
2041 356 2144 412 de-

2247 356 2394 411 Deus
2425 356 2617 411 autem
2658 353 2814 427 pacis
2851 353 2947 409 det
2990 351 3147 409 vobis
3184 352 3418 425 idipsum
3458 374 3632 430 sapere
3664 361 3714 416 in
3735 367 3792 419 al-

519 454 687 508 licere
713 451 1151 507 benefacientes.
1188 450 1351 516 Quod
1382 450 1427 504 si
1452 451 1654 523 aliquis
1686 452 1859 508 fuerit
1898 450 1995 523 qui
2034 468 2148 507 non

519 545 800 599 obedierit
844 544 1027 598 verbis
1067 544 1405 615 apostolicis,
1454 544 1607 611 hunc
1652 548 1868 612 notate,
1925 549 1980 599 et
2032 562 2150 601 non

523 637 1003 693 commisceamini
1028 654 1159 692 cum
1188 638 1310 707 illo,
1333 642 1397 693 ut
1430 638 1831 695 confundatur.
1862 641 1931 695 Et
1973 639 2151 695 nolite

519 731 677 804 quasi
702 730 997 786 inimicum
1027 730 1374 802 existimare,
1390 732 1487 786 sed
1509 731 1773 804 corripite
1797 735 1863 787 ut
1887 732 2146 801 fratrem,

2252 452 2531 505 terutrum
2558 451 2617 503 et
2654 448 2713 503 in
2755 464 2973 519 omnes,
3002 452 3058 503 et
3086 447 3207 518 ipse
3235 449 3301 503 sit
3328 466 3533 522 semper
3559 453 3791 511 vobiscum

2248 544 2308 598 in
2334 544 2493 598 omni
2531 543 2677 598 loco.
2723 545 2925 612 Amen,
2967 543 3110 596 Data
3145 542 3266 596 Kal.
3295 543 3521 609 Martias,
3551 547 3794 604 Volusiano

2251 639 2308 692 et
2332 636 2536 693 Ruﬁno
2558 635 2691 691 viris
2716 634 3041 690 clarissimis
3069 635 3400 691 consulibus.

845 1063 990 1155 DE
1071 1062 1656 1157 PRIMITIVA
1722 1065 2273 1158 ECCLESIA
2336 1062 2480 1156 ET
2549 1062 2994 1155 SYNODO
3069 1060 3536 1154 NIC/ENA.

590 1387 789 1455 Nemo,
820 1388 919 1458 qui
955 1388 1268 1460 Scripturas
1296 1389 1515 1446 divinas
1546 1389 1691 1461 legit
1720 1389 1950 1459 ignorat
1975 1388 2146 1459 quod,

522 1480 579 1537 in
613 1481 893 1554 principio
923 1484 1208 1537 nascentis
1235 1484 1511 1551 Ecclesiae,
1547 1482 1834 1553 discipulis
1866 1482 1927 1537 in
1967 1498 2151 1537 unum

520 1575 904 1647 congregatis,
930 1592 1060 1631 cum
1082 1577 1449 1632 multitudine
1471 1576 1842 1644 credentium,
1869 1575 1928 1631 in
1947 1575 2151 1648 quibus

518 1671 640 1723 erat
665 1685 764 1723 cor
788 1685 968 1724 unum
999 1673 1057 1724 et
1084 1671 1273 1726 anima
1293 1688 1429 1739 una,
1450 1671 1661 1743 quique
1680 1670 1988 1725 vendentes
2007 1686 2149 1741 prte-

2247 1383 2518 1457 Apostoli,
2557 1403 2585 1434 «
2613 1381 2912 1449 orationes,
2958 1378 3382 1451 postulationes,
3429 1375 3805 1443 obsecrationes,

2251 1479 2565 1552 gratiarum
2585 1477 2835 1532 actiones
2859 1475 3042 1530 facere
3068 1489 3172 1545 pro
3192 1471 3466 1540 omnibus,
3492 1486 3589 1542 pro
3601 1470 3807 1541 regibus,

2251 1575 2310 1627 et
2337 1572 2434 1645 qui
2459 1572 2521 1626 in
2546 1569 2890 1626 sublimitate
2928 1570 3081 1635 sunt,
3114 1570 3178 1622 ut
3200 1565 3447 1638 quietam
3485 1567 3539 1620 et
3578 1564 3808 1634 tranquil-

2248 1667 2363 1720 lam
2389 1665 2559 1720 vitam
2584 1663 2854 1719 habeant.
2882 1663 2951 1717 Et
2976 1662 3083 1716 hoc
3107 1661 3321 1715 bonum
3346 1661 3403 1713 et
3424 1660 3692 1728 acceptum
3714 1672 3809 1710 esse

516 1761 609 1817 dia
634 1766 690 1816 et
716 1764 1093 1834 possessiones
1135 1781 1265 1819 suas
1311 1764 1646 1832 afferebant,
1687 1769 1744 1820 et
1793 1746 2223 1820 dividebatur-3
2248 1776 2444 1815 coram
2492 1759 2603 1813 Deo
2647 1758 2695 1827 (Ι
2732 1760 2866 1813 Tim.
2907 1772 2965 1824 ιι,
3008 1759 3028 1810 1
3073 1759 3125 1810 et
3165 1754 3317 1824 seq).
3359 1774 3388 1803 »
3427 1751 3553 1808 Ideo
3592 1749 3812 1821 magister

516 1854 772 1925 singulis,
805 1860 976 1928 prout
1003 1858 1204 1930 cuique
1236 1875 1376 1930 opus
1404 1863 1525 1913 erat
1547 1858 1688 1928 (Act.
1718 1874 1793 1926 ιν,
1822 1861 1891 1914 32
1916 1862 1968 1913 et
1990 1859 2145 1928 seq.).

520 1949 790 2005 Futuram
840 1967 1093 2022 namque
1148 1952 1455 2008 Ecclesiam
1504 1953 1562 2007 in
1606 1952 1871 2024 gentibus
1907 1951 2150 2024 apostoli

518 2043 924 2113 prmvidebant,
956 2046 1322 2118 maximeque
1365 2046 1502 2118 quia
1543 2046 1820 2102 Dominus
1851 2046 1965 2101 illis
1998 2062 2146 2117 pras-

521 2135 769 2192 dixerat:
788 2138 1071 2193 Euntesin
1096 2140 1376 2195 mundum
1394 2140 1749 2207 universum,
1772 2139 2150 2211 praedicantes

518 2230 883 2302 evangelium
936 2232 1123 2300 (Marc.
1183 2250 1290 2301 xvi,
1350 2233 1456 2304 l5),
1511 2234 1598 2287 vel
1651 2233 1786 2304 quia
1828 2232 2148 2304 expellendi

518 2327 678 2378 erant
694 2340 728 2377 a
755 2324 974 2392 Judaza,
997 2331 1273 2381 noverant
1287 2342 1344 2379 se
1360 2325 1415 2380 in
1438 2322 1700 2397 gentibus
1717 2327 2145 2398 dispergendos,

519 2417 934 2490 Ecclesiamque
954 2420 1425 2491 congregandam
1451 2436 1515 2475 ex
1538 2419 1665 2475 rudi
1692 2421 1921 2492 populo.
1936 2420 2147 2475 Idcirco

516 2510 729 2580 praedia
755 2511 817 2566 in
844 2512 1097 2569 Judaeani
1125 2512 1365 2569 minime
1406 2518 1538 2569 sunt
1565 2514 1777 2586 adepti,
1819 2513 1919 2569 sed
1959 2512 2149 2585 pretia

517 2606 911 2661 tantummodo
937 2607 1011 2662 ad
1037 2608 1309 2663 fovendos
1331 2612 1580 2679 egentes.
1604 2609 1677 2662 At
1692 2623 1826 2663 vero
1844 2624 1975 2663 cum
1990 2607 2145 2662 inter

516 2698 769 2755 turbines
814 2703 874 2755 et
914 2701 1151 2757 adversa
1201 2702 1402 2758 mundi
1453 2705 1831 2758 succresceret
1878 2701 2144 2770 Ecclesia,

517 2809 584 2846 eo
612 2809 790 2864 usque
818 2796 1079 2865 pervenit
1121 2800 1189 2850 ut
1232 2813 1346 2851 non
1381 2796 1571 2852 solum
1601 2799 1816 2867 gentes,
1846 2795 1947 2850 sed
1972 2795 2150 2849 etiam

519 2887 759 2941 Romani
781 2888 1065 2961 principes
1087 2889 1205 2962 (qui
1222 2906 1366 2960 pene
1392 2890 1560 2945 totius
1580 2889 1733 2945 orbis
1760 2889 2150 2953 monarchiam

520 2979 808 3052 tenebant)
834 2983 904 3037 ad
930 2983 1103 3038 ﬁdem
1150 2983 1353 3039 Christi
1401 2988 1457 3039 et
1495 2983 1767 3056 baptismi
1800 2986 2151 3039 sacramenta

517 3080 941 3132 concurrerent.
991 3078 1058 3133 Et
1097 3077 1301 3150 quibus
1348 3078 1433 3132 vir
1477 3077 1955 3150 religiosissimus,
1998 3078 2145 3133 Con-

517 3167 798 3223 stantinus
825 3170 1064 3240 primus,
1094 3171 1267 3226 ﬁdem
1310 3171 1562 3227 veritatis
1595 3174 1863 3243 patenter
1885 3172 2144 3242 adeptus,

518 3260 808 3318 licentiam
843 3264 999 3320 dedit
1021 3281 1124 3337 per
1156 3265 1485 3321 universum
1510 3265 1707 3321 orbem
1745 3282 1848 3321 suo
1874 3266 2151 3336 degentes

516 3354 759 3428 imperio
795 3374 911 3413 non
948 3360 1133 3414 solum
1161 3358 1288 3415 ﬁeri
1313 3359 1677 3427 Christianos,
1724 3359 1824 3415 sed
1854 3360 2027 3414 etiam
2062 3358 2146 3413 fa-

514 3448 810 3505 bricandas
837 3453 1116 3523 ecclesias,
1153 3458 1210 3508 et
1252 3453 1468 3525 praedia
1496 3453 1801 3508 tribuenda
1839 3452 2145 3508 constituit.

516 3544 764 3615 Denique
793 3545 947 3601 idem
974 3547 1242 3618 praefatus
1267 3548 1531 3619 princeps
1568 3547 1804 3602 donaria
1844 3547 2145 3615 immensa,

516 3642 571 3691 et
592 3637 866 3695 fabricam
894 3641 1089 3712 templi
1119 3642 1319 3713 primm
1348 3641 1494 3697 sedis
1517 3641 1667 3696 beati
1704 3641 1975 3713 principis
2008 3656 2145 3713 apo-

518 3731 790 3788 stolorum
817 3733 1080 3806 instituit,
1105 3735 1248 3790 adeo
1276 3739 1337 3790 ut
1367 3736 1559 3791 sedem
1586 3735 2146 3807 impe‘rialem,quam

516 3826 760 3882 Romani
782 3827 1064 3901 principes
1089 3830 1474 3901 possederant,
1501 3830 1871 3902 relinqueret,
1899 3831 1957 3885 et
1981 3829 2147 3884 beato

516 3921 678 3976 Petro
717 3923 947 3994 suisque
994 3924 1333 3994 praesulibus
1378 3924 1740 3995 profuturam
1789 3923 2143 3978 concederet.

516 4014 669 4068 Idem
708 4032 844 4071 vero
892 4016 1205 4087 prtesidens
1242 4017 1302 4071 in
1342 4021 1533 4071 sancta
1569 4017 1803 4087 synodo,
1834 4032 1962 4086 quae
1994 4015 2147 4086 apud

514 4109 556 4161 Ν
563 4107 805 4163 icamum
828 4112 1177 4180 congregata
1188 4114 1291 4177 est,
1308 4127 1440 4164 cum
1455 4111 1750 4180 querelam
1767 4108 2147 4179 quorumdam

516 4200 866 4272 conspiceret
907 4219 1096 4257 coram
1132 4219 1191 4258 se
1231 4202 1620 4269 deferendam,
1665 4203 1743 4257 ait
1773 4219 1787 4257 :
1817 4203 1926 4258 Vos
1966 4221 1998 4257 a
2041 4219 2144 4257 ne-

516 4294 671 4348 mine
716 4294 1013 4365 dijudicari
1057 4296 1309 4368 potestis,
1362 4295 1498 4368 quia
1551 4295 1723 4350 solius
1781 4296 1883 4350 Dei
1926 4296 2144 4368 judicio

516 4389 907 4457 reservamini,
941 4390 1018 4444 dii
1065 4391 1274 4445 ctenim
1322 4391 1504 4444 vocati
1549 4390 1698 4446 estis.
1747 4390 1982 4458 Idcirco,
2030 4408 2145 4446 non

2168 3122 2223 3196 C

2248 1854 2503 1927 gentium
2532 1854 2894 1923 protestatur,
2913 1849 3004 1905 cui
3027 1871 3053 1900 «
3086 1847 3400 1903 sollicitudo
3418 1844 3656 1901 omnium
3675 1842 3813 1898 eccle-

2247 1948 2456 2003 siarum
2507 1944 2785 2001 incumbit
2815 1945 2887 2017 (Il
2928 1947 3046 2003 Cor.
3095 1959 3152 2011 ιι,
3201 1941 3314 2013 28),
3360 1962 3387 1990 »
3435 1939 3633 2011 quique
3668 1959 3692 1987 ‹‹
3721 1935 3810 2006 epi-

2247 2058 2442 2112 scopos
2466 2056 2666 2111 regere
2709 2054 2813 2111 per
2859 2037 3133 2110 Spiritum
3169 2038 3426 2092 sanctum
3450 2030 3713 2088 constituit
3734 2031 3811 2084 Ec-

2248 2135 2479 2191 clesium
2508 2134 2605 2190 Dei
2634 2134 2774 2205 (Act.
2806 2150 2894 2202 xx,
2917 2131 3028 2203 26).
3054 2150 3083 2180 ››
3103 2130 3318 2195 Quibus
3343 2129 3419 2184 ait
3447 2144 3461 2182 :
3494 2147 3521 2177 ‹‹
3540 2123 3724 2181 Pascite
3739 2121 3813 2193 qui

2248 2229 2307 2285 in
2335 2229 2494 2284 vobis
2521 2231 2607 2283 est
2639 2242 2877 2299 gregem
2901 2226 3020 2295 Dei,
3042 2224 3400 2296 providentes
3423 2236 3536 2276 non
3549 2220 3718 2275 coacte
3738 2216 3813 2270 sed

2248 2327 2445 2395 sponte
2481 2321 2796 2377 secundum
2825 2321 3024 2388 Deum,
3056 2335 3246 2390 neque
3281 2316 3458 2387 turpis
3496 2313 3630 2370 lucri
3671 2309 3815 2383 gratia

2248 2417 2348 2473 sed
2385 2414 2699 2471 voluntarie
2746 2414 2793 2486 (Ι
2831 2417 2971 2470 Petr.
3018 2429 3072 2483 v,
3108 2412 3183 2483 2).
3218 2434 3249 2461 ››
3295 2412 3435 2467 Cum
3475 2407 3619 2464 enim
3655 2403 3811 2460 dicat:

2250 2533 2278 2562 ‹‹
2307 2513 2484 2567 Nemo
2498 2509 2753 2565 militans
2777 2510 2887 2565 Deo
2902 2507 3161 2578 implicat
3179 2523 3243 2562 se
3261 2503 3496 2577 negotiis
3512 2497 3816 2559 saecularibus

2249 2605 2325 2678 (Π
2336 2607 2471 2661 Tim.
2488 2621 2526 2659 ιι
2535 2604 2606 2675 ,4)
2615 2645 2627 2658 .
2636 2623 2663 2655 ››
2680 2603 2723 2668 Q
2732 2619 2818 2657 uae
2831 2602 2985 2658 enim
2997 2605 3130 2656 sunt
3138 2599 3373 2672 negotia
3384 2595 3667 2664 saecularia,
3679 2589 3817 2648 sancti

2248 2715 2490 2755 canones
2504 2697 2870 2754 manifestant
2888 2701 2945 2751 et
2961 2694 3222 2751 inhibent
3251 2693 3564 2766 perspicue,
3579 2687 3713 2761 quod
3724 2684 3818 2757 qui-

2249 2794 2384 2849 dam
2414 2793 2513 2864 qui
2541 2792 2602 2846 in
2624 2791 2771 2847 clero
2795 2790 3059 2846 videntur
3081 2787 3246 2844 electi
3264 2791 3496 2861 prepter
3507 2785 3654 2840 lucra
3670 2778 3818 2851 turpia

2248 2887 2620 2944 conductores
2634 2886 2949 2942 alienarum
2963 2883 3386 2956 possessionum
3398 2881 3550 2947 ﬁant,
3563 2882 3615 2934 et
3630 2872 3814 2932 saecula-

2248 2981 2332 3036 ria
2355 2981 2585 3053 negotia
2614 2980 2717 3035 sub
2763 2996 2898 3035 cura
2937 2994 3040 3034 sua
3067 2977 3366 3049 accipiant,
3392 2972 3603 3032 Domini
3628 2969 3818 3044 quidem

2249 3075 2630 3132 ministerium
2644 3073 3135 3146 parvipendentes,
3153 3071 3507 3128 saecularium
3521 3084 3640 3124 vero
3653 3064 3819 3120 discur-

2248 3174 2438 3225 rentes
2458 3169 2679 3238 domos,
2710 3171 2767 3223 et
2790 3170 3027 3240 propter
3050 3166 3351 3223 avaritiam
3376 3160 3817 3238 patrimoniorum,

2247 3262 2687 3319 sollicitudinem
2727 3266 3034 3330 sumentes,
3092 3261 3344 3317 decrevit
3396 3263 3578 3314 sancta
3618 3250 3819 3326 synodus

2246 3358 2471 3413 nullum
2502 3356 2768 3428 deinceps
2807 3356 3076 3411 clericum
3119 3358 3217 3411 aut
3260 3353 3622 3427 possessiones
3646 3344 3819 3403 condu-

2247 3468 2393 3521 cere,
2442 3455 2544 3506 aut
2583 3451 2824 3522 negotiis
2871 3449 3238 3505 saecularibus
3283 3467 3343 3505 se
3382 3449 3607 3503 miscere
3652 3444 3821 3514 praeter

2246 3545 2595 3618 pupillorum
2642 3551 2698 3600 et
2747 3545 3153 3616 orphanorum,
3183 3550 3286 3600 aut
3327 3544 3373 3598 si
3409 3543 3553 3597 forte
3578 3539 3822 3610 episcOpus

2247 3640 2500 3707 civitatis,
2540 3639 3037 3694 ecclesiasticarum
3071 3655 3266 3694 rerum
3315 3633 3720 3693 sollicitudinem
3742 3628 3823 3680 ha-

2246 3734 2380 3789 bere
2409 3732 2722 3805 praecipiat,
2762 3735 2828 3786 ut
2865 3731 3080 3803 liquido
3106 3735 3286 3803 patet,
3318 3732 3456 3805 quia
3480 3729 3585 3784 alia
3609 3729 3725 3780 sunt
3749 3736 3823 3774 ne-

2249 3828 2405 3899 gotia
2433 3825 2748 3893 saecularia,
2781 3825 2893 3880 alia
2922 3825 3315 3881 ecclesiastica.
3347 3826 3538 3881 Nonne
3579 3822 3762 3890 Moyses
3781 3812 3825 3866 ίη

2246 3921 2452 3976 saeculo
2481 3924 2602 3975 erat
2631 3935 2761 3973 cum
2791 3919 2989 3974 crebro
3019 3940 3046 3968 ‹‹
3080 3919 3515 3976 tabernaculum
3548 3912 3752 3970 intraret
3785 3909 3827 3958 et

2247 4014 2444 4081 exiret,
2460 4013 2559 4084 qui
2573 4013 2725 4067 intus
2743 4013 3217 4084 contemplatione
3232 4016 3435 4086 raptus
3465 4010 3645 4082 (Exod.
3672 4016 3823 4067 χχχιιι,

2247 4107 2321 4177 8),
2352 4127 2380 4157 »
2421 4106 2561 4162 foris
2603 4105 3021 4161 inﬁrmantium
3067 4106 3315 4178 negotiis
3344 4106 3666 4177 urgebatur,
3706 4098 3827 4152 intus

2248 4200 2345 4256 Dei
2371 4217 2576 4256 arcana
2605 4199 2983 4267 considerans,
3014 4200 3153 4255 foris
3190 4216 3367 4256 onera
3406 4196 3695 4255 carnalium
3720 4204 3824 4262 por-

2247 4295 2436 4350 tabat?
2479 4294 2647 4366 Cujus
2694 4297 2893 4366 typum
2937 4294 3259 4349 sacerdotes
3309 4294 3369 4349 in
3417 4291 3648 4348 Ecclesia
3683 4296 3823 4356 agere

2246 4388 2475 4457 debent,
2504 4392 2570 4444 ut
2598 4388 2738 4442 dum
2764 4388 2915 4442 foras
2941 4392 3149 4443 exeunt
3179 4388 3250 4443 ad
3273 4385 3613 4443 exsecranda
3640 4375 3827 4448 negotia

515 4483 748 4556 potestis
775 4485 844 4539 ab
871 4483 1199 4570 hominibus
1220 4484 1485 4555 judicari.
1516 4484 1598 4538 Ab
1629 4484 1725 4539 illo
1756 4484 1969 4540 etenim
1996 4490 2143 4541 tem-
2164 4499 2223 4570 D
2246 4499 2349 4555 pro
2378 4481 2800 4538 necessitatibus
2838 4481 3220 4550 subditorum,
3262 4481 3420 4536 intus
3452 4480 3523 4535 ad
3547 4496 3600 4533 se
3628 4473 3829 4570 redeant

516 4594 656 4649 pore
690 4582 749 4633 et
770 4578 1051 4651 deinceps,
1074 4564 1181 4633 viri
1215 4577 1624 4650 religiosissimi
1652 4596 1766 4633 non
1805 4579 1987 4633 solum
2010 4595 2145 4650 pos-

515 4671 790 4726 sessiones
834 4677 890 4727 et
934 4673 1153 4744 praedia
1206 4689 1336 4745 quae
1382 4673 1768 4744 possederant,
1825 4674 1919 4728 sed
1977 4672 2148 4728 etiam

430 4812 435 4819 .
516 4766 847 4837 semetipsos
878 4767 1121 4822 Domino
1162 4772 1584 4837 consecrarunt,
1617 4766 1960 4821 aediﬁcantes
1994 4766 2143 4821 basi-

515 4858 645 4913 licas
662 4858 720 4912 in
742 4860 856 4913 suis
875 4860 1085 4927 fundis,
1108 4860 1169 4914 in
1190 4861 1405 4916 honore
1426 4863 1771 4929 sanctorum,
1800 4864 2142 4932 martyrum,

512 4969 615 5024 per
655 4952 907 5009 civitates
960 4970 1023 5008 ac
1074 4955 1414 5009 monasteria
1466 4954 1786 5022 innumera,
1837 4953 1895 5007 in
1941 4954 2146 5025 quibus

516 5052 691 5101 cmtus
719 5047 958 5102 Domino
986 5048 1352 5103 servientium
1389 5049 1736 5102 conveniret.
1771 5047 2023 5119 Denique
2056 5064 2141 5102 re-

513 5157 630 5210 ges,
679 5145 735 5196 et
780 5141 1047 5213 praesides
1081 5158 1145 5196 ac
1187 5141 1555 5212 magistratus
1600 5158 1715 5195 non
1764 5142 1950 5196 solum
1999 5142 2146 5195 hanc

513 5235 806 5290 licentiam
849 5235 1118 5303 tribuere,
1162 5235 1261 5290 sed
1306 5234 1477 5290 etiam
1524 5234 1631 5306 ipsi
1685 5235 1913 5305 propria
1956 5234 2146 5306 largiti

512 5334 645 5383 sunt
674 5346 776 5400 per
812 5328 1073 5384 universa
1112 5345 1294 5400 regna
1331 5332 1633 5395 terrarum,
1670 5327 1818 5383 unde
1858 5327 2148 5382 alerentur

512 5426 746 5494 egentes
777 5424 873 5495 qui
900 5423 1043 5479 nihil
1065 5422 1125 5477 in
1153 5422 1369 5477 mundo
1398 5421 1763 5493 possidebant
1783 5420 2145 5493 ecclesiaeque

512 5516 609 5570 Dei
652 5516 1065 5573 fabricarentur
1104 5521 1287 5589 atque
1321 5517 1797 5583 restaurarentur,
1829 5495 2061 5587 Deoque
2091 5518 2148 5569 et

511 5610 771 5666 Ecclesia:
797 5612 919 5683 ejus
946 5611 1054 5666 rite
1079 5610 1487 5665 famulantibus
1512 5609 1800 5681 servisque
1825 5609 1977 5663 illius
2005 5624 2143 5680 sup-

512 5701 804 5771 plementa
824 5705 906 5776 (ut
920 5706 1130 5778 absque
1157 5704 1492 5760 necessitate
1510 5703 1714 5774 essent)
1730 5702 2142 5772 tribuerentur,

510 5797 613 5860 ut,
667 5795 789 5852 haec
838 5799 1193 5872 accipientes,
1234 5802 1502 5873 possent,
1558 5797 1873 5855 secundum
1923 5796 2147 5853 monita

2244 4573 2351 4649 per
2395 4576 2937 4647 contemplationem
2986 4575 3411 4645 mandatorum,
3464 4575 3602 4628 sicut
3637 4565 3825 4629 Paulus,

2251 4692 2279 4720 ‹‹
2305 4670 2404 4742 qui
2432 4669 2755 4725 coelestibus
2780 4669 3008 4724 secretis
3035 4668 3301 4723 inseritur
3329 4672 3402 4739 (II
3424 4656 3539 4724 05¢.
3568 4681 3655 4729 xn,
3683 4660 3769 4732 4)»
3786 4659 3829 4709 et

2248 4767 2439 4818 tamen
2469 4779 2569 4834 per
2597 4762 3083 4818 condescensionis
3106 4762 3319 4817 viscera
3350 4759 3653 4817 carnalium
3678 4749 3828 4810 cubile

2243 4860 2652 4930 perscrutatur.
2695 4856 2781 4912 Sic
2819 4860 2875 4912 et
2914 4855 3080 4911 Jacob
3125 4856 3494 4911 ascendentes
3537 4858 3591 4909 et
3633 4851 3828 4905 descen-

2246 4953 2439 5007 dentes
2468 4952 2700 5022 angelos
2724 4950 2863 5005 vidit
2891 4948 3041 5021 (Gen.
3085 4966 3276 5018 xxvm,
3313 4950 3419 5020 l2),
3451 4948 3584 5020 quia
3610 4936 3832 4998 videlicet

2246 5050 2488 5101 rectores
2514 5044 2775 5100 Ecclesire
2807 5061 2923 5098 non
2952 5043 3134 5098 solum
3163 5044 3275 5099 De'o
3316 5036 3736 5113 contemplanda
3757 5046 3829 5085 su-

2246 5155 2421 5211 perna
2450 5141 2741 5210 appetunt,
2772 5138 2872 5192 sed
2910 5137 3180 5193 deorsum
3228 5154 3454 5210 quoque
3496 5135 3566 5189 ad
3610 5125 3833 5186 membra

2246 5232 2397 5286 illius
2440 5231 2761 5286 miserando
2806 5231 3175 5286 descendunt.
3232 5233 3318 5297 Et,
3376 5230 3515 5285 dum
3557 5221 3833 5282 sacerdotes

2246 5327 2453 5380 horum
2492 5326 2642 5380 facta
2670 5325 2968 5380 imitantur
2998 5329 3054 5380 et
3078 5341 3138 5381 se
3165 5324 3514 5391 custodiunt,
3542 5323 3596 5375 et
3618 5311 3831 5373 subdito-

2244 5436 2377 5474 rum
2416 5436 2592 5474 onera
2631 5423 2878 5491 portant,
2924 5421 2982 5473 et
3032 5419 3294 5475 videntur
3332 5418 3474 5474 tales
3514 5429 3646 5482 esse,
3672 5403 3835 5481 quales

2246 5513 2399 5568 idem
2429 5512 2696 5585 egregius
2715 5513 3056 5585 praedicator
3071 5513 3225 5585 dicit,
3249 5518 3310 5569 ut
3333 5531 3361 5564 α
3385 5510 3484 5583 qui
3508 5507 3731 5563 utuntur
3746 5499 3837 5554 hoc

2245 5606 2462 5661 mundo
2488 5612 2760 5679 tanquam
2794 5623 2909 5662 non
2936 5611 3189 5676 utantur,
3233 5612 3290 5663 et
3326 5605 3428 5677 qui
3470 5600 3708 5676 gaudent
3730 5598 3834 5649 tan-

2244 5717 2418 5773 quam
2453 5717 2568 5756 uon
2616 5701 2941 5772 gaudentes,
2989 5705 3048 5757 et
3087 5702 3181 5774 qui
3224 5701 3423 5759 emunt
3455 5701 3717 5770 tanquam
3740 5698 3836 5745 non

2243 5792 2592 5869 possidentes
2621 5795 2669 5866 (Ι
2691 5796 2809 5852 Cor.
2840 5814 2937 5866 vn,
2966 5796 3071 5867 30).
3102 5816 3130 5847 ι)
