4026 6166
290 210 386 265 245

1520 209 1993 266 DECRETALIUM
2031 209 2415 266 COLLECTIO.

3536 213 3642 269 246

956 370 1340 440 EDICTUM
1385 371 1691 440 DOMINI
1736 369 2311 441 CONSTANTINI
2357 369 2966 441 IMPERATOBIS.

350 518 407 571 In
434 516 670 571 nomine
711 521 920 573 sanctae
956 521 1013 573 et
1058 517 1366 574 individua:
1400 519 1707 588 Trinitatis,
1734 519 1912 575 Patris
1931 529 1991 604 Α
2010 518 2328 589 virtutibus,
2360 522 2418 574 et
2443 518 2725 574 universis
2751 523 2918 574 terrae
2944 517 3197 575 materiis
3226 517 3320 591 pio
3348 518 3643 591 sapientiae

283 609 509 678 scilicet,
537 614 596 665 et
615 610 757 680 Filii,
791 614 849 666 et
878 611 1120 684 Spiritus
1144 612 1346 682 sancti,
1376 612 1690 682 imperator
1717 614 1908 670 Caesar

284 705 511 759 Funus
552 706 983 775 Consraurmus,
1016 705 1075 761 in
1100 706 1321 763 Christo
1367 708 1519 775 Iesu,
1550 725 1666 762 uno
1708 724 1779 763 ex
1808 724 1907 763 ea-

283 798 405 852 dem
433 798 710 854 Trinitate
734 804 948 868 sancta,
971 800 1277 870 Salvatore,
1303 801 1544 857 Domino
1573 802 1683 857 Deo
1715 806 1909 859 nostro

280 890 478 959 ﬁdelis,
511 896 865 962 mansuetus,
908 894 1217 967 beneﬁcus,
1243 894 1663 964 Alemannicus,
1711 896 1908 952 Gothi-

279 1003 386 1056 cus,
439 987 813 1057 Sarmaticus,
842 988 1225 1056 Germanicus,
1269 989 1643 1060 Britannicus,
1688 990 1908 1060 unicus,

281 1079 417 1152 pius,
443 1080 603 1151 felix,
626 1081 823 1151 victor,
850 1100 916 1138 ac
936 1083 1339 1155 triumphator,
1367 1099 1593 1155 semper
1612 1087 1907 1156 angustus,

279 1174 634 1230 sanctissimo
685 1192 750 1230 ac
804 1175 1137 1233 beatissimo
1193 1176 1345 1233 Patri
1393 1178 1712 1246 SILVESTBO,
1752 1177 1911 1233 urbis

278 1269 471 1324 Roma
512 1268 781 1342 episcopo
826 1274 885 1326 et
916 1286 1100 1344 papa,
1130 1273 1306 1343 atque
1332 1271 1599 1328 omnibus
1626 1272 1749 1345 ejus
1776 1288 1904 1328 suc-

275 1362 613 1432 cessoribus,
645 1364 745 1437 qui
788 1364 847 1420 in
890 1364 1027 1421 sede
1054 1364 1205 1422 beati
1246 1365 1397 1422 Petri
1449 1382 1628 1439 usque
1651 1365 1712 1422 in
1733 1365 1910 1423 ﬁnem

276 1457 463 1512 saeculi
487 1457 701 1513 sessuri
726 1461 878 1526 sunt,
905 1458 1267 1531 pontiﬁcibus
1290 1476 1396 1515 nec
1413 1476 1532 1516 non
1563 1464 1620 1516 et
1637 1460 1908 1517 omnibus

276 1551 761 1607 reverendissimis
810 1555 869 1609 et
917 1553 1030 1610 Deo
1071 1553 1411 1610 amabilibus
1454 1554 1746 1611 catholicis
1786 1554 1908 1628 epi-

275 1644 456 1716 scopis
485 1645 679 1700 eidem
721 1649 1089 1703 sacrosancta:
1134 1648 1302 1703 Rom.
1343 1648 1605 1705 Ecclesiae
1630 1665 1734 1721 per
1760 1649 1911 1706 hanc

275 1743 526 1793 nostram
581 1738 937 1813 imperialem
990 1741 1458 1799 constitutionem
1512 1742 1782 1814 subjectis
1845 1743 1909 1800 in

273 1833 539 1889 universo
568 1834 704 1889 orbe
729 1839 1036 1902 terrarum,
1070 1851 1223 1892 nunc
1246 1838 1304 1893 et
1327 1837 1389 1892 in
1417 1836 1661 1909 posteris
1688 1838 1907 1895 cunctis

278 1931 422 1983 retro
452 1927 811 1999 temporibus
853 1929 1192 1999 constitutis,
1226 1904 1439 2002 gratia,
1470 1947 1601 2003 pax,
1639 1931 1902 2003 charitas,
1924 1904 1982 1977 B

277 2021 575 2093 gaudium,
624 2022 1048 2094 longanimitas,
1081 2023 1488 2093 misericordia,
1516 2042 1550 2080 a
1580 2027 1696 2082 Deo
1738 2028 1903 2082 Patre

275 2115 668 2188 omnipotente
711 2119 768 2171 et
810 2118 940 2172 Iesu
984 2117 1205 2174 Christo
1245 2117 1388 2174 Filio
1431 2118 1575 2190 ejus,
1608 2122 1667 2175 et
1692 2118 1908 2192 Spiritu

275 2215 462 2265 sancto
491 2226 626 2265 cum
658 2210 926 2266 omnibus
953 2210 1132 2267 vobis.

339 2305 416 2358 Ea
453 2320 590 2376 quae
632 2304 876 2360 salvator
925 2308 981 2360 et
1022 2304 1352 2378 redemptor
1382 2307 1598 2374 noster,
1630 2305 1908 2362 Dominus

276 2400 466 2452 noster
490 2399 656 2453 Iesus
683 2398 937 2454 Christus
961 2398 1222 2454 altissimi
1246 2399 1426 2455 Patris
1452 2400 1623 2455 Filius
1642 2416 1750 2472 per
1779 2416 1908 2455 suos

274 2494 495 2547 sanctos
530 2492 810 2563 apostolos
853 2494 1088 2548 Petrum
1118 2499 1176 2549 et
1202 2494 1459 2563 Paulum,
1489 2494 1913 2551 interveniente

275 2588 432 2641 Patre
456 2591 656 2640 nostro
685 2586 973 2655 Silvestro,
1002 2603 1231 2644 summo
1259 2587 1529 2660 pontiﬁce
1576 2592 1634 2644 et
1673 2589 1903 2646 univer-

273 2680 370 2734 sali
410 2697 562 2752 papa
598 2679 941 2737 mirabiliter
974 2680 1240 2753 dignatus
1280 2684 1367 2738 est
1413 2682 1659 2754 operari,
1687 2682 1909 2755 liquida

275 2773 627 2844 narratione,
648 2790 755 2846 per
770 2774 943 2846 hujus
962 2778 1176 2832 nostra:
1199 2776 1508 2848 imperialis
1532 2776 1907 2832 institutionis

276 2867 563 2939 paginam,
613 2868 688 2923 ad
720 2870 1105 2941 cognitionem
1152 2870 1415 2927 omnium
1461 2871 1805 2943 populorum
1846 2871 1908 2927 in

275 2961 538 3017 universo
578 2962 718 3018 orbe
757 2967 1043 3019 terrarum
1086 2964 1301 3020 studuit
1347 2980 1667 3037 propagare
1710 2966 1909 3021 nostra

277 3056 729 3113 mansuetissima
767 3058 1062 3114 serenitas.
1091 3058 1349 3114 Primum
1386 3058 1620 3130 quidem
1649 3063 1904 3114 nostram

277 3150 457 3218 ﬁdem,
490 3167 669 3222 quam
700 3168 735 3205 a
759 3151 993 3223 prmlato
1020 3151 1349 3235 beatissimo
1383 3154 1546 3208 Patre
1590 3155 1648 3208 et
1689 3156 1908 3209 oratore

278 3248 466 3300 nostro
513 3245 782 3301 Silvestro
828 3246 1131 3301 universali
1176 3247 1446 3317 pontiﬁce
1486 3247 1640 3302 docti
1688 3263 1902 3317 sumus,
1925 3277 1982 3352 Ο

281 3338 474 3393 intima
506 3338 690 3393 cordis
729 3338 1086 3395 confessione
1134 3340 1207 3395 ad
1253 3340 1615 3396 instruendas
1645 3341 1906 3397 omnium

280 3437 524 3491 vestrum
544 3434 765 3489 mentes
784 3433 1158 3505 proferentes,
1181 3437 1240 3489 et
1262 3433 1343 3489 ita
1368 3434 1601 3490 demum
1620 3435 1715 3492 Dei
1744 3435 1909 3491 mise-

280 3524 578 3581 ricordiam
608 3543 778 3597 super
823 3544 918 3583 vos
962 3526 1231 3582 diﬁ‘usam
1276 3528 1701 3583 annuntiantes.
1732 3529 1905 3583 Nosse

282 3618 425 3673 enim
472 3635 570 3674 vos
616 3619 892 3689 volumus,
921 3619 1066 3675 sicut
1109 3636 1213 3692 per
1262 3622 1611 3676 anteriorem
1647 3626 1906 3677 nostram

282 3728 488 3767 sacram
514 3713 928 3785 pragmaticam
965 3714 1286 3786 jussionem
1311 3716 1771 3787 signiﬁcavimus,
1803 3732 1907 3771 nos

284 3822 311 3858 a
332 3806 565 3863 culturis
596 3807 903 3879 idolorum,
936 3808 1257 3865 simulacris
1290 3811 1465 3866 mutis
1490 3814 1548 3867 et
1569 3810 1752 3866 surdis
1781 3826 1903 3865 ma-

288 3900 535 3970 nufactis,
564 3901 855 3957 diabolicis
879 3902 1382 3975 compositionibus
1419 3908 1591 3977 atque
1618 3904 1690 3959 ab
1716 3904 1902 3960 omni-

285 3993 378 4048 bus
405 3996 628 4051 Satanm
654 3997 880 4069 pompis
906 3996 1222 4064 recessisse,
1254 4002 1311 4053 et
1335 3998 1407 4053 ad
1436 3999 1723 4071 integram
1750 3998 1908 4055 Chri-

286 4088 584 4144 stianorum
610 4088 781 4146 ﬁdem
819 4107 948 4163 quae
993 4096 1079 4146 est
1123 4107 1255 4146 vera
1280 4092 1375 4147 lux
1410 4095 1468 4147 et
1492 4093 1606 4149 vita
1636 4095 1908 4165 perpetua

287 4184 620 4252 pervenisse,
653 4185 952 4240 credentes
975 4185 1142 4255 juxta
1171 4185 1231 4240 id
1258 4186 1416 4257 quod
1440 4203 1547 4242 nos
1573 4186 1728 4242 idem
1746 4187 1908 4242 almi-

288 4274 432 4344 ﬁcus,
464 4294 725 4332 summus
755 4280 922 4334 Pater
963 4282 1020 4333 et
1063 4278 1258 4334 doctor
1290 4283 1483 4335 noster
1514 4279 1784 4336 Silvester
1813 4280 1904 4335 in-

289 4370 478 4425 struxit
502 4372 778 4442 pontifex,
806 4375 865 4427 in
889 4376 1054 4428 Deum
1082 4375 1298 4429 Patrem
1326 4376 1760 4443 omnipotentem,
1785 4375 1904 4442 fac-
1939 4380 1944 4385 '

210 4489 221 4501 -
291 4467 441 4519 torem
482 4466 602 4519 caeli
648 4468 699 4520 et
743 4470 916 4529 terrae,
966 4467 1266 4522 visibilium
1307 4470 1545 4523 omnium
1572 4473 1621 4523 et
1658 4469 1903 4523 invisibi-

291 4556 429 4613 lium.
459 4560 532 4613 Et
554 4562 613 4614 in
638 4561 821 4615 Iesum
863 4560 1137 4616 Christum
1184 4562 1385 4617 Filium
1419 4561 1532 4632 ejus
1569 4564 1907 4629 unigenitum

2008 629 2126 668 suae
2175 618 2320 669 nutu
2374 612 2449 668 ad
2508 613 2818 684 imaginem
2872 616 2931 667 et
2987 612 3423 669 similitudinem
3478 629 3642 669 suam

2011 706 2132 780 57
2163 706 2416 778 primum
2433 707 2504 762 de
2520 706 2659 763 limo
2676 712 2842 763 terrae
2857 707 3081 779 ﬁngens
3096 706 3393 763 hominem
3409 707 3563 763 hunc
3581 708 3643 763 in

2008 800 2266 873 paradiso
2306 801 2496 873 posuit
2523 801 2846 873 voluptatis.
2888 801 3072 865 Quem
3103 801 3373 872 antiquus
3407 818 3642 872 serpens

2010 896 2069 949 et
2099 895 2275 950 hostis
2304 895 2563 950 invidens
2604 894 2864 950 diabolus
2911 910 3014 967 per
3053 893 3473 950 amarissimum
3498 894 3643 967 ligni

2009 988 2167 1043 vetiti
2219 992 2473 1061 gustum,
2534 989 2786 1045 exsulem
2829 988 2901 1044 ab
2952 987 3172 1045 eisdem
3229 989 3365 1044 fecit
3419 988 3642 1060 gaudiis

2009 1082 2160 1154 (Gen.
2193 1100 2232 1151 ι,
2274 1084 2352 1153 n),
2396 1099 2580 1155 eoque
2623 1083 2856 1155 expulso
2902 1100 3023 1139 non
3075 1082 3281 1139 desinit
3324 1099 3427 1139 sua
3470 1098 3638 1139 vene-

2007 1194 2172 1247 nosa,
2214 1176 2409 1233 multis
2455 1176 2639 1232 modis
2676 1177 2955 1248 protelare
3000 1177 3214 1248 jacula,
3244 1180 3306 1232 ut
3341 1193 3377 1232 a
3416 1177 3505 1232 via
3542 1192 3637 1232 ve-

2007 1271 2188 1327 ritatis
2218 1271 2541 1327 humanum
2573 1269 2909 1326 abstrahens
2949 1286 3154 1343 genus,
3198 1270 3488 1327 idolorum
3519 1270 3639 1326 cul-

2006 1369 2174 1437 turus,
2200 1365 2463 1422 videlicet
2487 1368 2781 1436 creaturas,
2814 1369 2872 1422 et
2912 1381 3033 1421 non
3081 1365 3337 1422 Creatori
3361 1364 3643 1421 deservire

2008 1460 2263 1529 suadeat,
2294 1463 2575 1532 quatenus
2593 1476 2697 1532 per
2724 1460 2832 1516 hos
2855 1476 2952 1516 eos
2980 1476 3121 1533 quos
3149 1459 3264 1516 suis
3289 1460 3535 1516 voluerit
3561 1459 3639 1515 ir-

2007 1554 2180 1611 retire
2219 1554 2458 1624 insidiis,
2507 1571 2705 1611 secum
2751 1557 2969 1611 aeterno
3013 1553 3224 1612 efﬁciat
3264 1569 3638 1611 concreman-

2008 1650 2112 1704 dos
2139 1648 2437 1721 supplicio.
2475 1649 2583 1706 Sed
2615 1650 2765 1706 Deus
2792 1653 3006 1717 noster,
3039 1649 3307 1705 misertus
3348 1648 3642 1721 plasmatis

2010 1742 2118 1812 sui,
2145 1742 2398 1815 dirigens
2442 1745 2664 1799 sanctos
2710 1759 2843 1799 suos
2883 1743 3206 1816 prophetas,
3238 1758 3345 1815 per
3378 1758 3520 1815 quos
3547 1743 3638 1798 lu-

2007 1852 2146 1892 men
2172 1836 2381 1893 futurae
2411 1836 2559 1906 vitae,
2594 1836 2905 1893 adventum
2930 1836 3192 1892 videlicet
3236 1836 3359 1892 Filii
3397 1836 3485 1892 sui
3526 1837 3638 1892 Do—

2004 1930 2148 1985 mini
2184 1930 2286 1986 Dei
2331 1935 2389 1987 et
2428 1930 2724 1987 salvatoris
2765 1930 2945 1986 nostri
2985 1932 3115 1986 Iesu
3156 1928 3383 1998 Christi,
3412 1946 3636 1986 annun-

2004 2023 2155 2080 tians
2178 2023 2335 2081 misit
2358 2024 2627 2081 eumdem
2647 2023 3013 2096 unigenitum
3041 2022 3247 2079 Filium
3268 2039 3436 2079 suum
3462 2026 3521 2079 et
3545 2039 3636 2078 sa-

2004 2118 2236 2190 pientiae
2257 2118 2531 2175 Verbum.
2565 2118 2698 2188 Qui,
2740 2118 3087 2174 descendens
3112 2119 3183 2173 de
3209 2116 3367 2173 caelis
3404 2120 3639 2189 propter

2006 2216 2256 2268 nostram
2282 2212 2543 2283 salutem,
2571 2216 2738 2269 natus
2780 2212 2851 2268 de
2895 2211 3107 2283 Spiritu
3144 2215 3341 2267 sancto
3368 2228 3436 2265 ex
3464 2210 3639 2265 Maria

2005 2305 2246 2378 virgine,
2280 2307 2514 2363 Verbum
2544 2322 2668 2362 caro
2695 2307 2905 2374 factum
2931 2310 3029 2368 est,
3059 2310 3110 2361 et
3158 2306 3427 2360 habitavit
3454 2308 3515 2360 in
3540 2320 3637 2360 no-

2009 2401 2088 2456 bis
2117 2399 2292 2472 (Joan.
2320 2415 2361 2467 1,
2391 2399 2497 2468 14),
2529 2416 2644 2455 non
2688 2399 2882 2454 amisit
2900 2399 3055 2472 quod
3098 2399 3304 2469 fuerat,
3337 2398 3439 2454 sed
3472 2398 3642 2470 ccepit

2006 2510 2125 2551 esse
2156 2494 2308 2565 quod
2349 2510 2464 2548 non
2505 2498 2649 2549 erat.
2684 2494 2866 2548 Deum
2906 2493 3228 2565 perfectum
3258 2494 3317 2547 et
3344 2492 3640 2547 hominem

2004 2588 2323 2659 perfectum
2349 2590 2411 2642 ut
2436 2587 2605 2654 Deus,
2622 2586 2908 2642 mirabilia
2936 2586 3257 2658 perﬁciens,
3289 2588 3348 2640 et
3374 2589 3439 2640 ut
3466 2586 3640 2640 homo

2006 2681 2285 2736 humanas
2313 2680 2603 2752 passiones
2633 2680 2935 2751 sustinens,
2965 2681 3045 2736 ita
3072 2680 3317 2735 Verbum
3342 2679 3638 2734 hominem

2006 2778 2066 2831 et
2088 2774 2335 2830 Verbum
2361 2775 2560 2842 Deum,
2584 2773 2930 2845 praedicante
2957 2775 3123 2829 Patre
3147 2775 3341 2827 nostro
3370 2772 3638 2828 Silvestro

2005 2884 2229 2923 summo
2250 2867 2541 2941 pontiﬁce,
2576 2867 2973 2940 intelligimus,
2995 2871 3061 2922 ut
3085 2882 3283 2921 verum
3312 2866 3512 2932 Deum,
3541 2881 3636 2920 ve-

2005 2979 2134 3017 rum
2154 2962 2452 3018 hominem
2465 2962 2634 3018 fuisse
2650 2961 2809 3018 nullo
2826 2961 2998 3017 modo
3012 2960 3396 3032 ambigamus.
3410 2959 3639 3015 Electis-

2006 3073 2118 3128 que
2148 3056 2454 3112 duodecim
2474 3055 2759 3128 apostolis,
2774 3054 3065 3110 miraculis
3083 3070 3281 3109 coram
3298 3053 3381 3108 eis
3400 3058 3458 3108 et
3476 3053 3642 3108 innu-

2008 3150 2297 3206 merabilis
2324 3150 2521 3222 populi
2546 3149 2916 3206 multitudine
2937 3148 3270 3204 coruscavit.
3295 3146 3642 3203 Conﬁtemur

2006 3244 2274 3300 eumdem
2307 3244 2611 3300 Dominum
2639 3246 2832 3299 Iesum
2865 3242 3153 3300 Christum
3193 3241 3533 3313 adimplesse
3558 3240 3639 3295 le-

2009 3355 2137 3410 gem
2183 3343 2241 3394 et
2282 3338 2610 3409 prophetas,
2658 3353 2907 3409 passum,
2955 3336 3289 3391 cruciﬁxum
3331 3334 3644 3389 secundum

2006 3432 2339 3504 Scripturas,
2384 3432 2553 3487 tertia
2598 3431 2690 3487 die
2735 3448 2770 3486 a
2815 3429 3059 3486 mortuis
3100 3428 3495 3497 resurrexisse,
3552 3444 3639 3481 as-

2004 3530 2301 3596 sumptum
2350 3524 2409 3579 in
2458 3525 2643 3592 caelos,
2696 3528 2868 3596 atque
2909 3524 3202 3580 sedentem
3241 3521 3312 3577 ad
3351 3521 3643 3599 dexteram

2003 3618 2202 3674 Patris.
2254 3618 2392 3675 Inde
2437 3622 2742 3674 venturum
2776 3617 3034 3689 judicare
3082 3616 3240 3671 vivos
3274 3619 3332 3671 et
3360 3618 3640 3682 mortuos,

2004 3713 2163 3783 cujus
2191 3711 2422 3783 imperii
2455 3728 2574 3767 non
2603 3710 2713 3766 erit
2740 3710 2886 3765 ﬁnis.
2916 3712 3044 3765 Hinc
3083 3714 3169 3765 est
3196 3710 3350 3766 enim
3374 3708 3512 3764 ﬁdes
3540 3725 3640 3763 no-

2006 3809 2140 3873 stra,
2167 3804 2460 3875 catholica,
2490 3803 3216 3873 orthodoxa,abeatissimo
3250 3805 3414 3858 Patre
3444 3803 3640 3857 nostro

2005 3900 2266 3956 Silvestre
2294 3915 2518 3955 summo
2550 3898 2814 3971 pontiﬁce
2840 3897 3002 3953 nobis
3026 3897 3267 3969 prolata.

2076 3994 2390 4052 Exhortans
2433 3993 2642 4049 idcirco
2691 4008 2923 4048 omnem
2962 3991 3257 4063 populum,
3296 3993 3354 4045 et
3397 3989 3643 4045 diversas

2008 4090 2266 4161 gentium
2289 4088 2551 4147 nationes
2576 4088 2724 4142 hanc
2749 4086 2923 4142 ﬁdem
2952 4088 3167 4154 tenere,
3197 4083 3382 4139 colere
3411 4086 3468 4139 et
3490 4100 3640 4155 prae-

2008 4182 2217 4251 dicare,
2261 4186 2318 4237 et
2362 4181 2425 4237 in
2472 4184 2683 4236 sanctm
2730 4178 3018 4235 Trinitatis
3072 4177 3307 4233 nomine
3349 4176 3641 4249 aptissime

2008 4276 2253 4348 gratiam
2271 4276 2565 4348 consequi,
2591 4279 2649 4330 et
2672 4274 2976 4329 Dominum
2990 4276 3252 4328 nostrum
3268 4273 3465 4328 Iesum
3479 4270 3640 4325 Chri-

2007 4373 2157 4425 stum
2193 4369 2551 4437 salvatorem,
2603 4368 2701 4441 qui
2744 4385 2875 4423 cum
2918 4369 3084 4423 Patre
3113 4371 3169 4422 et
3199 4365 3415 4437 Spiritu
3444 4367 3641 4420 sancto

2007 4480 2108 4536 per
2131 4462 2353 4518 inﬁnita
2380 4462 2585 4518 saecula
2628 4461 2763 4517 vivit
2791 4465 2849 4517 et
2876 4464 3101 4531 regnat.
3134 4460 3315 4525 Quem
3354 4458 3640 4527 Silvester,

2005 4556 2362 4614 beatissimus
2391 4558 2557 4612 Pater
2580 4559 2776 4612 noster
2804 4554 3162 4623 universalis,
3193 4551 3464 4624 praedicat
3492 4566 3639 4624 pon-

288 4653 559 4707 Dominum
597 4658 859 4717 nostrum,
897 4670 1000 4725 per
1029 4670 1184 4724 quem
1228 4658 1414 4711 creata
1451 4660 1580 4712 sunt
1612 4658 1812 4712 omnia.
1839 4658 1911 4710 Et
1928 4653 1989 4726 D
2010 4652 2148 4708 tifex
2173 4650 2340 4706 corde
2366 4651 2565 4706 devoto
2590 4650 2844 4705 adorare.
2878 4649 2997 4720 Ipse
3025 4647 3180 4703 enim
3208 4645 3487 4702 Dominus
3535 4662 3641 4700 no-

288 4746 335 4798 in
361 4745 626 4817 Spiritum
653 4754 899 4802 sanctum
925 4751 1226 4812 Dominum,
1275 4753 1326 4804 et
1366 4750 1753 4819 viviﬁcatorem
1780 4752 1907 4804 uni-

287 4853 437 4895 versae
478 4845 760 4902 creaturae,
806 4842 898 4897 hos
943 4845 1162 4899 Patrem
1203 4847 1254 4899 et
1281 4843 1500 4905 Filium,
1547 4848 1599 4898 et
1643 4845 1911 4914 Spiritum

282 4938 514 4988 sanctum
542 4938 872 5005 conﬁtemur,
923 4938 1004 4990 ita
1048 4941 1107 4992 ut
1152 4939 1210 4991 in
1264 4938 1532 4992 Trinitate
1562 4937 1826 5006 perfecta,
1861 4940 1913 4991 et

277 5027 554 5095 plenitudo
594 5030 668 5084 sit
698 5030 1023 5092 divinitatis,
1071 5034 1122 5085 et
1162 5032 1349 5086 unitas
1389 5032 1692 5101 potestatis,
1751 5033 1914 5086 Pater

280 5122 426 5183 Deus,
475 5123 650 5177 Filius
694 5126 854 5187 Deus,
903 5128 954 5178 et
995 5125 1234 5195 Spiritus
1275 5128 1493 5180 sanctus
1537 5127 1697 5187 Deus,
1727 5129 1777 5180 et
1808 5128 1912 5180 tres

279 5228 437 5270 unum
474 5221 605 5271 sunt
643 5219 700 5272 in
741 5219 864 5272 Iesu
910 5217 1140 5274 Christo.
1170 5219 1304 5273 Tres
1341 5217 1535 5290 itaque
1558 5217 1780 5287 formae,
1813 5218 1911 5274 sed

282 5323 386 5362 una
434 5313 708 5381 potestas.
765 5311 909 5366 Nam
968 5310 1196 5383 sapiens
1259 5314 1415 5367 retro
1483 5328 1712 5384 semper
1762 5313 1911 5368 Deus

279 5401 445 5457 edidit
498 5419 564 5458 ex
612 5420 693 5473 se,
751 5421 858 5476 per
912 5406 1068 5477 quod
1121 5422 1348 5478 semper
1395 5408 1561 5463 erant
1618 5406 1910 5478 gignenda

280 5496 515 5563 saecula,
573 5497 839 5553 Verbum.
902 5500 1007 5567 Et,
1073 5499 1304 5571 quando
1365 5499 1566 5556 eodem
1618 5500 1735 5555 solo
1793 5515 1909 5555 sure

280 5589 566 5659 sapientia:
638 5592 818 5647 Verbo
883 5592 1210 5649 universam
1280 5610 1346 5650 ex
1400 5593 1581 5651 nihilo
1644 5593 1911 5649 formavit

280 5688 590 5739 creaturam
618 5727 633 5753 ,
707 5701 839 5740 cum
913 5705 981 5742 eo
1052 5691 1175 5742 erat
1247 5691 1452 5744 cuncta
1529 5704 1631 5743 suo
1704 5703 1910 5742 arcano

281 5790 626 5848 componens
694 5780 964 5850 mysterio
987 5821 1002 5848 ,
1064 5780 1240 5853 igitur
1304 5780 1571 5854 perfectis
1632 5781 1907 5838 caelorum

2009 4752 2125 4801 ster
2172 4745 2438 4800 misertus
2479 4743 2624 4799 mihi
2671 4741 2974 4814 peccatori,
3020 4740 3175 4796 misit
3229 4744 3456 4796 sanctos
3511 4756 3644 4795 suos

2010 4840 2295 4912 apostolos
2319 4838 2393 4893 ad
2411 4837 2509 4893 visi
2518 4838 2752 4893 tandum
2769 4852 2893 4904 nos,
2912 4840 2968 4891 et
2996 4835 3194 4890 lumen
3219 4834 3308 4890 sui
3326 4833 3644 4907 splendoris

2008 4933 2226 4989 infulsit
2253 4932 2437 4999 nobis,
2483 4933 2541 4986 et
2580 4931 2930 4986 abstractum
2973 4946 3008 4984 a
3060 4928 3316 4984 tenebris
3351 4927 3424 4983 ad
3451 4943 3641 4982 veram

2008 5028 2197 5083 lucem
2227 5029 2285 5082 et
2307 5025 2662 5097 agnitionem
2689 5040 2783 5079 me
2814 5022 3034 5080 venisse
3060 5022 3449 5094 gratulamini.
3472 5023 3639 5087 Nam,

2011 5122 2150 5177 dum
2178 5120 2368 5177 valida
2402 5118 2679 5192 squaloris
2706 5118 2866 5190 lepra
2902 5120 3082 5173 totam
3114 5116 3231 5172 mei
3264 5115 3524 5188 corporis
3551 5114 3640 5168 in-

2009 5216 2245 5272 vasisset
2286 5230 2539 5282 carnem,
2586 5215 2643 5269 et
2691 5213 3010 5268 multorum
3037 5210 3391 5266 medicorum
3437 5222 3635 5281 conve-

2009 5309 2294 5367 nientium
2320 5324 2454 5364 cura
2482 5306 2871 5376 adhiberetur,
2902 5322 3009 5362 nec
3035 5305 3206 5361 ullius
3235 5303 3465 5376 quidem
3503 5315 3640 5355 cura

2008 5402 2523 5477 promeruissemus
2548 5401 2812 5471 salutem,
2839 5400 2913 5455 ad
2942 5400 3048 5455 hoc
3072 5398 3352 5454 venerunt
3374 5392 3636 5449 sacerdo-

2008 5502 2095 5554 tes
2121 5496 2384 5568 Capitolii
2410 5495 2681 5563 dicentes,
2723 5493 2867 5550 mihi
2911 5492 3117 5549 debere
3157 5488 3283 5545 ﬁeri
3324 5488 3542 5544 fontem
3576 5487 3639 5543 in

2006 5589 2281 5663 Capitolio
2310 5592 2369 5646 et
2396 5588 2672 5661 compleri
2719 5588 2875 5644 hunc
2914 5582 3306 5641 innocentium
3334 5580 3636 5654 sanguine,

2007 5688 2065 5741 et
2087 5684 2149 5740 in
2169 5699 2236 5741 eo
2262 5684 2480 5740 calente
2520 5682 2646 5739 loco
2689 5696 2783 5737 me
2822 5695 2987 5752 posse
3015 5675 3310 5734 mtmdari.
3340 5678 3409 5733 Et
3433 5692 3636 5733 secun-

2007 5779 2146 5836 dum
2172 5794 2372 5837 eorum
2401 5776 2571 5844 dicta,
2598 5773 2926 5846 aggregatis
2949 5770 3211 5845 plurimis
3238 5770 3637 5831 innocentibus
