4026 6166
298 5320 305 5329 ~
365 5290 373 5339 l

444 262 544 317 247

1325 258 1612 315 ΛΡΡΕΝΙ).
1655 259 1745 313 AD
1783 259 1942 314 Si“).
1987 259 2074 313 IX.
2107 288 2172 297 -—-
2212 258 2452 315 ISlDORl
2492 258 2914 315 MERCATORIS

3232 16 3237 31 J'
3256 14 3269 30 Ὶ

3232 14 3269 31 IV

2749 3 2907 103 ’βμμρ
2929 46 2973 71 λι
2998 50 3105 81 μὴ»,
3140 50 3145 59 ί
3226 36 3275 83 ιχ,

2883 107 2894 125 ι

3674 270 3759 324 248

438 370 769 438 infantibus,
800 368 940 425 dum
963 370 1174 423 vellent
1204 366 1462 440 sacrilegi
1496 383 1855 439 paganorum
1882 384 2073 422 sacer-
2097 378 2156 454 Α
2178 368 2586 441 Benedicloque
2630 369 2807 437 fonte,
2838 368 2951 425 illic
2992 385 3085 425 me
3125 369 3276 425 trina
3322 370 3595 427 mersione
3629 376 3784 454 undaf

438 466 597 521 dotes
625 481 719 520 eos
738 463 995 532 mactari,
1029 466 1084 517 et
1106 480 1172 516 ex
1200 478 1401 517 eorum
1421 461 1702 533 sanguine
1732 462 1953 516 fontem
1980 478 2074 517 re-

436 558 599 630 pleri,
650 573 886 613 cernens
930 556 1207 611 serenitas
1251 560 1447 611 nostra
1494 556 1777 627 lacrymas
1819 558 2076 611 matrum

438 668 654 718 eorum,
702 650 848 705 illico
892 650 1159 705 exhorrui
1206 651 1449 720 facinus,
1494 650 1906 721 miseratusque
1957 666 2071 719 eas,

435 744 697 817 proprios
737 744 847 798 illis
885 744 1116 799 restitui
1143 744 1524 815 praecepimus
1548 742 1692 799 ﬁlios
1717 760 1868 813 suos,
1900 742 2075 799 datis-

436 857 546 911 que
576 838 847 893 vehiculis
888 842 945 893 et
985 838 1145 893 donis
1176 837 1453 893 concessis
1481 837 1815 909 gaudentes,
1846 836 1918 891 ad
1940 853 2074 909 pro-

438 934 561 1004 pria
587 931 991 988 relaxavimus.

506 1027 722 1082 Eadem
756 1025 934 1097 igitur
975 1028 1260 1081 transacta
1304 1025 1415 1095 die,
1453 1040 1555 1097 per
1600 1026 1883 1080 nocturna
1915 1024 2076 1078 nobis

436 1122 584 1176 facta
604 1120 850 1185 silentia,
874 1119 1012 1174 dum
1035 1119 1219 1174 somni
1245 1123 1474 1190 tempus
1499 1118 1839 1185 advenisset,
1866 1118 2078 1173 adsunt

439 1215 679 1287 apostoli
717 1218 945 1268 sanctus
984 1214 1184 1269 Petrus
1234 1217 1292 1269 et
1336 1215 1562 1283 Paulus,
1593 1213 1846 1269 dicentes
1872 1211 2072 1281 ,mihi:

442 1330 469 1360 ‹‹
496 1308 775 1374 Quoniam
800 1307 1031 1378 ﬂagitiis
1046 1308 1281 1379 posuisti
1302 1308 1631 1376 terminum,
1656 1310 1713 1361 ct
1738 1306 2077 1361 effusionem

441 1401 739 1474 sanguinis
765 1400 1082 1457 innocentis
1123 1401 1414 1472 horruisti,
1443 1402 1599 1456 missi
1624 1417 1820 1456 sumus
1849 1418 1884 1456 a
1911 1401 2073 1457 Chri-

438 1502 524 1552 sto
553 1496 794 1552 Domino
834 1497 949 1551 Deo
997 1499 1194 1551 nostro
1240 1495 1515 1552 dare-tibi
1555 1494 1813 1550 sanitatis
1837 1510 2072 1565 recupe-

440 1590 636 1646 randae
663 1589 984 1646 consilium.
1032 1589 1180 1645 Audi
1226 1606 1362 1662 ergo
1407 1589 1629 1645 monita
1664 1593 1876 1656 nostra,
1905 1592 1962 1644 et
1989 1589 2076 1643 fac

441 1684 823 1757 quodcunque
848 1683 1169 1740 indicamus
1188 1683 1311 1739 tibi.
1344 1683 1623 1754 Silvester,
1652 1683 1950 1754 episcopus
1975 1682 2077 1738 hu-

2179 463 2376 517 salutis
2419 463 2752 535 puriﬁcavit.
2802 463 3107 535 Positoque
3150 481 3241 518 me
3285 464 3346 518 in
3386 465 3550 520 fontis
3578 464 3779 538 gremio.i

2181 574 2417 611 manum
2459 557 2530 611 de
2578 558 2716 612 ccelo
2750 573 2841 611 me
2868 558 3292 629 contingentem
3338 559 3568 630 propriis
3614 536 3796 630 oculis?

2178 650 2310 705 vidi.
2346 652 2419 706 De
2450 667 2564 722 qua
2593 651 2841 705 mundus
2862 667 3172 722 exsurgens
3198 652 3268 705 ab
3297 652 3451 706 omni
3492 669 3579 708 me
3614 612 3791 727 lepra;

2179 746 2441 816 squalore
2493 744 2830 799 mundatum
2873 745 3183 816 agnoscite,
3237 745 3526 818 levatoque
3581 765 3665 802 me
3707 751 3766 805 de

2176 839 2486 893 venerabili
2518 840 2674 892 fonte
2718 839 2946 893 indutus
2983 839 3227 893 vestibus
3253 839 3505 893 candidis
3531 841 3763 912 septifor-

2177 934 2282 986 mis
2309 932 2508 1003 gratiae
2547 932 2726 987 sancti
2760 931 3002 1003 Spiritus
3028 932 3510 1002 consignationem
3540 935 3769 991 adhibuit

2174 1025 2325 1081 beati
2372 1026 2689 1080 chrismatis
2720 1026 3002 1094 unctione,
3036 1030 3093 1080 et
3120 1026 3387 1080 vexillum
3430 1031 3628 1082 sanctze
3657 1045 3765 1083 cru-

2175 1119 2254 1174 cis
2278 1120 2336 1174 in
2365 1137 2492 1174 mea
2525 1120 2711 1175 fronte
2741 1119 2927 1174 linivit
2954 1119 3148 1175 dicens
3187 1121 3418 1188 :Signat
3458 1125 3506 1175 te
3546 1125 3669 1176 Deus
3705 1126 3766 1175 si-

2175 1215 2306 1283 gillo
2333 1215 2461 1283 ﬁdei
2502 1230 2611 1269 suae
2639 1233 2655 1268 :
2683 1217 2746 1270 In
2778 1217 2992 1268 nomine
3014 1216 3215 1277 Patris,
3246 1219 3297 1269 et
3320 1215 3464 1277 Filii,
3493 1219 3541 1269 et
3562 1216 3771 1285 Spiritus

2175 1311 2387 1371 sancti,
2438 1310 2498 1362 in
2550 1310 2948 1377 consignatione
3000 1308 3147 1376 ﬁdei.
3208 1308 3561 1380 Cunctusque
3612 1309 3771 1363 clerus

2173 1400 2486 1473 respondit,
2512 1402 2704 1456 Amen.
2739 1402 2805 1455 Et
2829 1399 3037 1471 adjecit
3051 1402 3261 1472 praesul
3291 1417 3305 1455 ε
3335 1403 3454 1456 Paw
3478 1402 3590 1456 tibi.
3605 1402 3769 1456 Prima

2174 1494 2368 1566 itaque
2396 1494 2487 1549 die
2517 1500 2641 1566 post
2668 1500 3002 1567 perceptum
3028 1494 3170 1548 sacri
3200 1494 3549 1565 baptismatis
3582 1498 3768 1566 myste-

2175 1588 2327 1644 rium
2356 1592 2413 1643 et
2436 1593 2563 1660 post
2593 1588 2947 1643 curationem
2970 1587 3223 1660 corporis
3252 1588 3366 1643 mei
3392 1604 3426 1642 a
3448 1589 3613 1659 lepra:
3630 1604 3771 1659 squa-

2175 1682 2298 1738 lore
2326 1683 2530 1755 agnovi
2559 1698 2678 1737 non
2703 1698 2826 1737 esse
2854 1681 3030 1737 alium
3054 1682 3237 1737 Deum
3262 1681 3371 1737 nisi
3394 1682 3610 1737 Patrem
3630 1684 3680 1736 et
3695 1683 3769 1736 Fi-

433 1752 529 1850 jus
560 1752 819 1848 civitatis,
850 1777 924 1832 ad
947 1780 1209 1833 montem
1236 1777 1484 1833 Soracte:
1509 1752 1929 1849 persecutiones
1948 1780 2076 1835 tuas
2095 1752 2152 1825 B
2174 1776 2318 1832 lium
2348 1752 2404 1832 et
2433 1775 2708 1849 Spiritum
2751 1780 3031 1845 sanctum,
3077 1791 3253 1847 quem
3296 1775 3494 1830 beatus
3539 1774 3772 1831 Silvester

439 1872 689 1943 fugiens,
719 1871 779 1926 in
800 1871 1056 1927 cavernis
1081 1874 1378 1943 petrarum
1405 1887 1537 1926 cum
1558 1870 1674 1926 suis
1701 1870 1915 1926 clericis
1937 1870 2077 1924 late-

436 1966 600 2021 bram
626 1965 799 2035 fovet,
832 1966 986 2020 hunc
1014 1964 1089 2019 ad
1114 1970 1169 2021 te
1199 1981 1330 2020 cum
1362 1964 1684 2032 adduxeris,
1713 1964 1833 2036 ipse
1860 1963 1964 2019 tibi
1992 1963 2078 2035 pi-

436 2059 650 2114 scinam
677 2059 903 2130 pietatis
929 2058 1212 2129 ostendet,
1239 2059 1301 2113 in
1328 2075 1441 2130 qua
1472 2058 1611 2113 dum
1638 2060 1694 2113 te
1719 2057 1891 2113 tertio
1920 2074 2072 2114 mer-

435 2153 590 2221 serit,
631 2153 818 2208 omnis
854 2158 910 2209 te
939 2152 1200 2207 valetudo
1246 2152 1356 2207 ista
1400 2153 1623 2207 deseret
1668 2152 1862 2222 leprae.
1910 2151 2077 2216 Quod

436 2247 574 2301 dum
592 2246 807 2301 factum
836 2246 1024 2313 fuerit,
1044 2246 1196 2301 hanc
1221 2244 1670 2301 vicissitudinem
1694 2249 1792 2300 tuo
1810 2245 2075 2299 salvatori

437 2355 768 2410 compensa,
794 2344 857 2394 ut
882 2356 1078 2394 omnes
1101 2340 1265 2410 jussu
1290 2343 1389 2393 tuo
1419 2355 1525 2411 per
1550 2341 1734 2393 totum
1763 2338 1959 2393 orbem
1989 2355 2074 2393 re-

437 2436 768 2488 staurentur
798 2434 1068 2488 ecclesiae.
1097 2435 1172 2488 Te
1199 2437 1392 2489 autem
1423 2432 1611 2504 ipsum
1654 2432 1715 2486 in
1758 2432 1865 2486 hac
1914 2434 2074 2503 parte

439 2527 698 2599 puriﬁca,
741 2531 806 2582 ut
858 2527 1053 2582 relicta
1100 2528 1258 2583 omni
1313 2527 1714 2600 superstitione
1766 2526 2069 2594 idolorum,

438 2622 617 2678 Deum
646 2622 839 2677 vivum
868 2624 927 2677 et
958 2638 1179 2691 verum,
1208 2621 1307 2694 qui
1343 2622 1497 2677 solus
1522 2625 1608 2676 est
1633 2624 1690 2676 et
1714 2636 1900 2688 verus,
1932 2619 2068 2675 ado-

437 2732 527 2771 res
556 2720 613 2771 et
637 2716 874 2783 excolas,
918 2720 980 2770 ut
1009 2716 1083 2770 ad
1118 2717 1470 2771 voluntatem
1497 2714 1766 2787 attingas.
1800 2732 1829 2767 »
1861 2716 2070 2769 Exsur-

438 2826 579 2880 gens
606 2808 781 2880 igitur
805 2827 838 2863 a
865 2825 1089 2878 somno,
1118 2808 1376 2880 protinus
1401 2809 1566 2879 juxta
1602 2807 1662 2862 id
1685 2808 1842 2879 quod
1881 2824 1914 2861 a
1940 2824 2069 2862 san-

437 2902 540 2956 ctis
577 2902 844 2972 apostolis
891 2902 1218 2956 admonitus
1262 2919 1409 2970 sum,
1437 2901 1654 2973 peregi,
1685 2901 2070 2972 advocatoque

436 2996 638 3050 eodem
678 2996 968 3066 praecipuo
1000 3000 1057 3051 et
1085 2995 1385 3068 magniﬁco
1410 2997 1571 3050 Patre
1599 2998 1657 3049 et
1683 2994 2070 3050 illuminatore

436 3093 630 3144 nostro
674 3088 960 3157 Silvestre,
1007 3089 1311 3145 universali
1355 3106 1524 3162 papa,
1561 3088 1753 3144 omnia
1791 3106 1825 3143 a
1866 3088 2068 3144 sanctis

435 3182 704 3253 apostolis
744 3183 887 3236 mihi
923 3187 1208 3254 praecepta
1245 3183 1359 3238 dixi
1398 3183 1592 3238 verba.
1626 3182 1945 3237 Percontati
1970 3199 2065 3236 su—

436 3293 565 3330 mus
604 3277 674 3331 ab
719 3294 786 3331 eo
828 3276 927 3348 qui
955 3276 1046 3330 isti
1089 3276 1168 3330 dii
1197 3280 1387 3332 essent
1410 3278 1609 3332 Petrus
1635 3281 1693 3332 et
1717 3278 1937 3331 Paulus.
1972 3276 2067 3331 Ille

436 3386 566 3424 vero
595 3387 711 3425 non
739 3387 832 3425 eos
858 3370 993 3426 deos
1022 3386 1150 3425 vere
1176 3369 1307 3437 dici,
1339 3371 1438 3425 sed
1469 3372 1747 3441 apostolos
1781 3370 2068 3425 salvatoris

436 3463 614 3518 nostri
640 3462 869 3518 Domini
894 3463 989 3518 Dei
1012 3464 1141 3519 Iesu
1169 3462 1375 3519 Christi
1405 3463 1717 3534 respondit.
1751 3464 1819 3518 Et
1842 3480 2068 3518 rursum

434 3556 786 3628 interrogare
816 3555 1090 3627 coepimus
1121 3556 1387 3612 eumdem
1412 3555 1805 3612 beatissimum
1838 3573 2063 3628 papam,

435 3656 625 3704 utrum
662 3650 902 3705 istorum
931 3650 1321 3722 apostolorum
1348 3649 1629 3723 imagines
1655 3666 1945 3722 expressas
1969 3650 2068 3705 ha—

431 3746 611 3814 beret,
638 3749 700 3800 ut
737 3761 805 3799 ex
833 3745 1052 3817 pictura
1076 3745 1424 3801 disceremus
1452 3746 1553 3799 hos
1580 3761 1702 3800 esse
1729 3762 1874 3817 quos
1903 3761 2065 3801 reve-

430 3837 562 3893 latio
590 3838 880 3894 docuerat.
909 3840 1063 3895 Tunc
1097 3839 1251 3896 idem
1281 3839 1618 3895 venerabilis
1656 3840 1821 3894 Pater
1860 3838 2063 3910 imagi-

432 3949 531 3987 nes
557 3934 895 3988 corumdem
920 3934 1309 4005 apostolorum
1335 3950 1441 4004 per
1468 3933 1776 3988 diaconum
1796 3949 1963 3988 suum
1980 3949 2068 3987 ex-

434 4026 614 4080 hiberi
636 4028 923 4099 praecepit,
949 4043 1088 4097 quas
1115 4026 1255 4081 dum
1277 4026 1586 4096 aspicerem
1609 4028 1665 4080 et
1689 4042 1907 4094 eorum,
1922 4041 2066 4096 quos

430 4120 490 4173 in
522 4136 720 4174 somno
756 4120 1010 4175 videram
1037 4119 1312 4190 figuratos
1342 4119 1403 4173 in
1434 4118 1570 4189 ipsis
1597 4118 1941 4191 imaginibus
1972 4135 2062 4172 co-

431 4212 751 4284 gnovissem
793 4211 1001 4281 vultus,
1030 4211 1250 4283 ingenti
1293 4213 1542 4267 clamore
1580 4228 1773 4266 coram
1801 4210 2066 4267 omnibus

428 4305 667 4377 satrapis
697 4305 837 4360 meis
872 4305 1162 4360 confessus
1188 4322 1316 4360 sum
1341 4321 1437 4360 eos
1467 4321 1587 4361 esse
1607 4322 1746 4378 quos
1772 4306 1834 4360 in
1862 4322 2063 4361 somno

428 4399 698 4455 videram.

2174 1887 2324 1943 papa
2375 1870 2665 1942 praedicat,
2720 1872 3019 1925 trinitatem
3070 1873 3129 1925 in
3165 1872 3398 1932 unitate,
3441 1872 3688 1925 unitatem
3722 1872 3770 1923 in

2176 1967 2441 2020 trinitate.
2473 1965 2613 2019 Nam
2639 1980 2839 2020 omnes
2859 1963 2937 2018 dii
2969 1963 3229 2034 gentium
3255 1979 3401 2035 quos
3417 1979 3590 2035 usque
3608 1962 3772 2017 hacte—

2174 2075 2280 2113 nus
2333 2058 2498 2124 colui,
2555 2057 2858 2126 daamonia,
2912 2073 3084 2129 opera
3130 2057 3433 2112 hominum
3476 2057 3771 2111 manufacta

2174 2152 2641 2224 comprobantur.
2655 2152 2880 2207 Etenim
2894 2155 3168 2222 quantam
3182 2154 3515 2223 potestatem
3526 2150 3665 2206 idem
3674 2150 3772 2206 Sal-

2173 2250 2329 2301 vator
2354 2249 2550 2301 noster
2579 2262 2679 2301 suo
2714 2245 2968 2317 apostolo
2996 2245 3168 2300 beato
3212 2247 3380 2301 Petro
3421 2244 3698 2300 contulerit
3719 2244 3769 2297 in

2173 2342 2314 2395 coelo
2350 2357 2414 2395 ac
2459 2344 2612 2395 terra
2661 2339 3005 2394 lucidissime
3046 2338 3211 2395 nobis
3264 2339 3421 2394 idem
3466 2336 3769 2394 venerabilis

2171 2435 2342 2488 Pater
2364 2433 2559 2501 edixit,
2583 2433 2721 2488 dum
2752 2432 2981 2488 fidelem
3001 2449 3136 2490 eum
3158 2433 3219 2488 in
3239 2450 3340 2489 sua
3358 2433 3768 2503 interrogatione

2171 2527 2464 2582 inveniens
2496 2526 2574 2582 ait
2607 2544 2620 2581 :
2658 2548 2686 2577 «
2710 2528 2791 2582 Tu
2814 2543 2874 2583 es
2899 2530 3097 2583 Petrus
3124 2530 3181 2583 et
3211 2543 3385 2599 super
3409 2527 3549 2582 hanc
3573 2530 3767 2598 petram

2173 2621 2467 2677 aediﬁcabo
2494 2620 2801 2676 Ecclesiam
2826 2637 3016 2677 meam
3042 2626 3099 2677 et
3127 2625 3310 2694 portae
3336 2621 3500 2677 inferi
3519 2636 3625 2675 non
3650 2616 3816 2735 prae-ft

2173 2716 2253 2735 _.-l
2275 2716 2317 2735 ,ι
2350 2718 2425 2735 __-1
2463 2731 2481 2735 -
2502 2715 2722 2735 j__---___
2758 2731 2871 2735 ---_-
2926 2715 3105 2735 Iit-AA!
3182 2732 3273 2735 ____
3339 2716 3415 2735 An\
3527 2716 3543 2735 Δ
3566 2712 3785 2735 λ----.ιέι,.)1

2170 2716 2434 2771 valebunt
2458 2715 2726 2770 adversus
2752 2731 2882 2770 eam
2924 2715 3139 2784 (Matth.
3182 2732 3294 2785 xvr,
3336 2716 3484 2786 18).»
3514 2712 3815 2803 Advertitq’}?

2170 2812 2435 2880 potentes
2456 2813 2513 2863 et
2541 2825 2678 2863 aure
2707 2808 2890 2864 cordis
2918 2809 3217 2878 intendite,
3251 2808 3395 2881 quid
3420 2808 3595 2863 bonus
3617 2806 3784 2876 MagiLi

2172 2907 2285 2957 ster
2315 2906 2373 2956 et
2407 2902 2683 2957 Dominus
2726 2919 2829 2957 suo
2875 2902 3150 2974 discipulo
3184 2902 3464 2974 adjunxit,
3493 2901 3768 2972 inquiens:

2173 3016 2200 3049 ‹‹
2231 2996 2616 3068 Quodcunque
2641 2995 2903 3068 ligaveris
2924 3013 3097 3068 super
3108 3001 3352 3065 terram,
3375 2995 3713 3067 eritligatum
3728 2997 3773 3047 et

2169 3088 2228 3144 in
2257 3090 2413 3145 caelis
2437 3090 2594 3160 (Ibid.
2627 3092 2728 3160 19).
2762 3111 2789 3139 »
2835 3090 3038 3146 Mirum
3069 3094 3154 3145 est
3180 3090 3291 3145 hoc
3324 3091 3484 3146 valde
3511 3093 3567 3145 et
3590 3086 3767 3160 glorio-

2169 3200 2296 3238 sum
2323 3183 2383 3238 in
2415 3186 2565 3239 terra
2589 3183 2767 3255 ligare
2802 3188 2858 3239 et
2881 3185 3114 3254 solvere,
3141 3187 3197 3239 et
3222 3182 3282 3238 in
3320 3186 3459 3240 ccelo
3483 3184 3701 3256 ligatum
3725 3184 3772 3234 et

2167 3278 2417 3331 solutum
2448 3293 2586 3332 esse.
2626 3279 2712 3345 Et,
2759 3277 2899 3333 dum
2938 3279 3061 3333 haec
3107 3277 3459 3349 praedicante
3488 3278 3646 3332 beato
3683 3273 3767 3331 Sil-

2168 3374 2349 3425 vestre
2378 3387 2746 3442 agnoscerem
2776 3374 2831 3424 et
2859 3371 3151 3426 beneﬁciis
3170 3371 3357 3443 ipsius
3375 3371 3519 3427 beati
3544 3369 3679 3425 Petri
3701 3369 3771 3422 in-

2166 3466 2220 3518 te
2228 3463 2473 3535 gerrime
2502 3463 2731 3519 sanitati
2748 3481 2842 3519 me
2860 3464 3112 3535 comperi
3132 3464 3483 3536 restitutum,
3504 3464 3631 3519 utile
3643 3460 3771 3533 judi-

2167 3558 2414 3612 cavimus
2440 3575 2556 3612 una
2581 3575 2712 3613 cum
2742 3557 3006 3614 omnibus
3045 3559 3255 3613 nostris
3293 3559 3533 3631 satrapis
3570 3561 3622 3612 et
3663 3554 3766 3609 uni-

2166 3668 2329 3706 verso
2362 3655 2582 3720 senatu,
2610 3652 2976 3724 optimatibus
3000 3652 3160 3722 meis,
3185 3653 3362 3708 etiam
3388 3657 3446 3708 et
3470 3655 3659 3708 cuncto
3686 3663 3768 3720 po-

2164 3745 2299 3816 pulo
2332 3746 2586 3800 Romano
2619 3746 2815 3816 gloriae
2840 3746 3071 3817 imperii
3118 3745 3457 3817 subjacenti,
3482 3748 3546 3801 ut
3570 3744 3698 3800 sicut
3720 3740 3767 3795 in

2164 3838 2332 3893 terris
2360 3837 2602 3893 vicarius
2618 3838 2741 3893 Filii
2757 3839 2857 3895 Dei
2879 3854 2999 3894 esse
3019 3839 3246 3895 videtur
3260 3839 3606 3905 constitutus,
3620 3835 3766 3891 etiam

2166 3934 2225 3985 et
2252 3930 2567 4002 pontiﬁces,
2616 3932 2713 4003 qui
2754 3932 2932 4003 ipsius
2976 3932 3247 4005 principis
3288 3934 3665 4006 apostolorum
3690 3943 3748 3999 ge

2163 4027 2299 4079 runt
2340 4025 2493 4087 vices
2541 4024 2912 4097 principatus,
2952 4029 3293 4098 potestatem
3345 4027 3581 4100 amplius
3618 4036 3769 4096 quam

2163 4123 2473 4188 terrenam,
2500 4119 2817 4191 imperialis
2842 4124 3054 4176 nostrae
3075 4120 3393 4177 serenitatis
3422 4116 3766 4176 mansuetudo

2164 4212 2372 4267 habere
2392 4212 2620 4269 videtur
2639 4229 2966 4270 concessam
2991 4231 3024 4269 a
3043 4214 3204 4271 nobis
3224 4218 3530 4288 nostroque
3551 4208 3765 4284 imperio

2163 4306 2477 4378 obtineant,
2497 4296 2771 4379 eligentes
2792 4307 2956 4363 nobis
2980 4309 3169 4381 ipsum
3190 4310 3504 4382 principem
3528 4303 3767 4380 apostolo-

2162 4417 2292 4455 rum
2323 4402 2409 4457 vel
2436 4401 2558 4473 ejus
2586 4402 2829 4457 vicarios
2855 4402 3055 4457 ﬁrmos
3082 4404 3231 4475 apud
3257 4404 3436 4459 Deum
3466 4419 3582 4457 esse
3601 4401 3765 4472 patro-

500 4493 580 4549 Ad
609 4494 727 4550 haec
755 4492 1113 4551 beatissimus
1159 4493 1314 4549 idem
1344 4492 1608 4550 Silvester
1650 4495 1820 4549 Pater
1847 4496 2058 4564 noster,
2079 4499 2139 4572 D
2161 4510 2284 4564 nos,
2316 4498 2373 4549 et
2398 4494 2541 4550 sicut
2566 4498 2759 4550 nostra
2789 4498 2876 4551 est
2918 4499 3149 4552 terrena
3179 4496 3492 4569 imperialis
3519 4490 3761 4568 potentia,
3854 4494 3867 4510 ⁶

427 4588 584 4643 urbis
601 4590 794 4645 Romae
809 4590 1104 4662 episcopus
1130 4588 1336 4644 indixit
1357 4588 1522 4644 nobis
1552 4587 1901 4660 poenitentiae
1920 4593 2061 4644 tem-

426 4699 532 4753 pus
549 4682 699 4737 intra
725 4683 1003 4755 palatium
1029 4689 1288 4739 nostrum
1313 4684 1718 4753 Lateranense,
1751 4682 1812 4737 in
1843 4698 1954 4737 uno
1978 4683 2056 4737 ci-

423 4775 575 4846 licio,
622 4778 688 4831 ut
725 4777 919 4833 omnia
964 4794 1093 4850 quae
1137 4796 1171 4832 a
1219 4777 1382 4834 nobis
1412 4776 1587 4849 impie
1629 4780 1861 4848 peracta
1888 4781 2058 4849 atque

377 4868 391 4949 (
424 4869 631 4941 injuste
662 4870 933 4943 disposita
971 4871 1215 4939 fuerant,
1243 4870 1469 4943 vigiliis,
1496 4870 1730 4941 jejuniis
1759 4872 1932 4941 atque
1971 4871 2056 4925 la-

380 4956 385 5037 ξ
424 4963 633 5035 crymis
654 4968 711 5019 et
723 4964 1075 5019 orationibus
1100 4966 1253 5037 apud
1271 4964 1578 5020 Dominum
1594 4969 1853 5019 nostrum
1869 4965 2059 5019 Jesum

423 5057 713 5114 Christum
730 5058 1065 5115 salvatorem
1083 5059 1478 5131 impetramus.
1507 5058 1717 5114 Deinde
1735 5074 1838 5129 per
1857 5074 2058 5113 manus

362 5151 371 5241 ξ
422 5151 848 5225 impositionem
879 5152 1219 5208 clericorum
1237 5169 1417 5224 usque
1448 5152 1519 5208 ad
1540 5152 1728 5223 ipsum
1754 5153 2057 5224 praesulem

363 5244 373 5320 ξ
423 5246 573 5318 veni,
604 5247 798 5320 ibique
826 5246 1165 5302 renuntians
1209 5247 1454 5314 Satanae,
1497 5246 1725 5318 pompis
1770 5250 1826 5301 et
1869 5246 2053 5317 operi-

372 5358 375 5363 '
421 5341 529 5397 bus
568 5342 710 5414 ejus,
750 5341 840 5395 vel
882 5339 1157 5397 universis
1202 5339 1367 5395 idolis
1410 5339 1779 5408 manufactis,
1826 5340 2056 5395 credere

422 5452 515 5490 me
532 5436 593 5491 in
610 5437 788 5491 Deum
808 5436 1033 5491 Patrem
1049 5433 1530 5507 omnipotentem,
1552 5434 1830 5490 factorem
1852 5434 1975 5489 coeli
2003 5438 2059 5490 et

422 5537 607 5599 terrae,
635 5529 949 5585 visibilium
979 5534 1036 5585 et
1062 5528 1453 5599 invisibilium,
1484 5533 1542 5584 et
1569 5529 1629 5583 in
1654 5530 1847 5585 Iesum
1893 5527 2051 5585 Chri-

422 5625 573 5676 stum
615 5622 820 5679 Filium
864 5624 985 5696 ejus
1029 5623 1266 5679 unicum
1307 5621 1614 5679 Dominum
1644 5626 1924 5694 nostrum,
1958 5622 2056 5694 qui

425 5716 593 5768 natus
616 5720 701 5771 est
729 5717 798 5773 de
840 5718 1053 5791 Spiritu
1085 5721 1276 5776 sancto
1308 5734 1379 5773 ex
1406 5716 1579 5774 Maria
1606 5716 1849 5789 virgine,
1883 5733 2053 5789 spon-

429 5809 591 5861 tanea
621 5808 913 5868 voluntate
941 5829 1129 5869 coram
1159 5813 1315 5871 omni
1341 5812 1552 5886 populo
1597 5811 1879 5885 professus
1905 5827 2051 5867 sum.

2160 4589 2281 4659 ejus
2306 4593 2721 4644 sacrosanctam
2748 4590 3065 4645 Romanam
3103 4590 3401 4646 ecclesiam
3442 4586 3763 4646 decrevimus

2157 4686 2500 4738 veneranter
2525 4683 2809 4740 honorare
2840 4689 2896 4739 et
2920 4685 3166 4757 amplius
3196 4701 3369 4756 quam
3399 4686 3649 4739 nostrum
3675 4678 3762 4731 im-

2157 4777 2378 4848 perium
2410 4779 2468 4830 ct
2499 4778 2791 4832 terrenum
2830 4779 3103 4833 thronum
3132 4778 3327 4834 sedem
3357 4773 3762 4833 sacratissimam

2157 4869 2310 4925 beati
2353 4869 2503 4925 Petri
2532 4871 2777 4941 gloriose
2817 4872 3072 4942 exaltari,
3116 4872 3431 4928 tribuentes
3459 4870 3510 4924 ei
3538 4867 3759 4941 potesta-

2157 4968 2277 5019 tem
2298 4968 2354 5020 et
2380 4964 2575 5036 gloriae
2597 4964 2938 5037 dignitatem
2957 4968 3128 5038 atque
3151 4966 3405 5037 vigorem
3429 4968 3486 5019 et
3507 4956 3756 5018 honoriﬁ-

2159 5057 2405 5113 centiam
2425 5058 2806 5130 imperialem,
2825 5062 2996 5130 atque
3014 5060 3384 5115 decernentes
3396 5056 3684 5122 sancimus,
3704 5051 3760 5103 ut

2155 5151 2537 5224 principatum
2578 5156 2773 5208 teneat
2814 5156 2931 5208 tam
2981 5170 3150 5226 super
3193 5157 3438 5226 quatuor
3475 5148 3758 5224 praecipuas

2157 5246 2316 5301 sedes
2344 5246 2777 5317 Antiochenam,
2826 5247 3289 5316 Alexandrinam,
3318 5243 3753 5309 Constantinopo-

2156 5339 2416 5407 litanam,
2452 5343 2509 5395 et
2532 5339 3119 5412 Hierosolymitanam,
3153 5355 3433 5413 quamque
3477 5336 3641 5393 etiam
3676 5345 3754 5384 su-

2154 5450 2257 5505 per
2283 5450 2480 5489 omnes
2504 5434 2564 5489 in
2591 5435 2853 5490 universo
2883 5435 3017 5490 orbe
3049 5440 3334 5491 terrarum
3362 5432 3459 5488 Dei
3486 5424 3753 5487 Ecclesias.

2153 5529 2222 5583 Et
2264 5528 2541 5600 pontifex,
2595 5529 2693 5601 qui
2741 5545 2845 5601 pro
2902 5532 3155 5601 tempore
3204 5529 3378 5602 ipsius
3418 5521 3755 5581 sacrosancta:

2155 5622 2427 5677 Romanae
2480 5622 2741 5678 Ecclesiae
2791 5623 3104 5692 exstiterit,
3158 5623 3357 5680 celsior
3412 5624 3468 5675 et
3518 5616 3759 5690 prince?S

2153 5716 2371 5772 cunctis
2398 5716 2783 5772 sacerdotibus
2823 5717 2996 5773 totius
3046 5717 3251 5773 mundi
3297 5713 3550 5779 exsistat,
3582 5712 3633 5764 ei
3660 5704 3764 5775 93‘"

2147 5810 2363 5881 judicio
2390 5825 2629 5882 quasque
2659 5811 2730 5865 ad
2764 5812 2978 5867 cultum
3010 5811 3125 5879 Dei,
3154 5811 3241 5866 vel
3274 5808 3411 5870 fidei
3445 5802 3758 5863 Christiano-
