4026 6166
268 293 362 345 ⁵2νίἓῦ

1486 284 1957 342 DECRETALIUM
1996 284 2381 341 COLLECTIU.

3522 291 3624 344 250

262 416 382 454 rum
413 394 781 451 stabilitatem
813 390 1233 465 procurandam
1262 394 1477 449 fuerint
1497 395 1886 467 disponantur,
1910 407 1970 482 Α
1989 392 2321 465 phrygium,
2336 409 2558 449 necnon
2576 396 2633 448 et
2652 392 3137 465 superhumerale,
3154 394 3421 450 videlicet
3438 396 3625 452 lorum

254 493 465 563 justum
495 490 706 561 quippe
734 491 821 543 est
844 492 904 543 ut
924 488 1000 542 ibi
1022 488 1115 543 lex
1132 491 1326 543 sancta
1342 493 1511 561 caput
1531 493 1721 545 teneat
1740 490 1892 561 prin-

259 586 492 656 cipatus,
543 584 639 638 ubi
693 586 1020 637 sanctarum
1068 582 1267 653 legum
1314 582 1605 639 institutor
1641 583 1893 640 Salvator

259 682 445 734 noster
468 678 703 732 beatum
724 678 955 731 Petrum
979 676 1326 747 apostolatus
1342 677 1600 731 obtinere
1620 678 1893 748 praecepit

258 772 599 837 cathedram,
635 770 748 837 ubi,
779 775 836 824 et
862 770 1046 824 crucis
1075 769 1400 842 patibulum
1429 770 1734 838 sustinens,
1761 771 1891 826 bea-

256 871 323 920 tae
374 865 580 919 mortis
632 864 872 935 sumpsit
926 864 1220 934 poculum,
1271 864 1471 935 suique
1527 864 1779 936 Magistri
1836 869 1891 919 et

256 958 478 1015 Domini
509 958 763 1012 imitator
789 957 1073 1029 apparuit.
1108 958 1175 1011 Et
1207 957 1286 1012 ibi
1326 962 1527 1027 gentes
1555 975 1659 1029 pro
1686 958 1891 1013 Christi

258 1052 502 1108 nominis
528 1051 879 1106 confessione
909 1051 1053 1105 colla
1082 1050 1313 1106 ﬂectant
1331 1051 1429 1106 ubi
1446 1068 1645 1107 eorum
1668 1052 1885 1121 doctor,

253 1146 446 1201 beatus
490 1146 701 1199 Puulus
739 1144 1027 1216 apostolus
1065 1160 1170 1215 pro
1212 1144 1433 1199 Christo
1475 1149 1701 1200 extenso
1745 1146 1887 1199 collo

254 1239 532 1311 martyrio
554 1242 863 1294 coronatus
882 1241 986 1305 est,
1014 1237 1126 1291 illic
1146 1254 1324 1309 usque
1344 1238 1403 1292 in
1429 1239 1604 1293 finem
1628 1244 1889 1310 quierant

254 1334 545 1388 doctorem
599 1332 696 1387 ubi
739 1338 999 1387 sanctum
1028 1332 1269 1386 doctoris
1299 1332 1537 1403 quiescit
1571 1350 1797 1405 corpus,
1833 1339 1889 1389 et

255 1427 323 1480 ibi
352 1427 527 1498 proni
566 1443 631 1481 ac
666 1426 952 1480 humiliati
993 1426 1230 1480 caelestis
1266 1427 1416 1495 regis
1457 1427 1558 1481 Dei
1594 1427 1887 1481 salvatoris

253 1520 425 1575 nostri
454 1522 588 1575 Jesu
627 1519 832 1576 Christi
874 1519 1231 1574 famulentur
1276 1520 1484 1588 ofﬁcio,
1525 1520 1622 1574 ubi
1658 1521 1888 1592 superbi

254 1613 460 1667 terreni
492 1613 647 1684 regis
684 1612 1004 1667 serviebant
1042 1612 1306 1684 imperio.
1349 1616 1568 1669 Interea
1602 1631 1768 1669 nosse
1797 1632 1889 1669 vo-

252 1708 435 1761 lumus
490 1722 722 1761 omnem
766 1707 1043 1778 populum
1091 1706 1488 1761 universarum
1530 1708 1787 1779 gentium
1822 1726 1887 1763 ac

1991 486 2146 558 quod
2188 486 2481 558 imperiale
2523 488 2875 543 circumdare
2913 490 3118 545 assolet
3158 489 3387 561 collum,
3428 506 3629 546 verum

1992 582 2165 635 etiam
2190 584 2245 635 et
2271 580 2629 651 chlamydem
2651 597 3001 653 purpuream
3032 588 3204 653 atque
3236 583 3487 638 tunicam
3507 600 3629 639 coc-

1991 674 2233 743 cineam,
2269 676 2326 728 et
2353 673 2544 728 omnia
2579 675 2895 745 imperialia
2935 676 3292 746 indumenta,
3326 694 3428 731 seu
3454 680 3512 733 et
3539 678 3626 733 di-

1992 768 2270 839 gnitatem
2298 767 2680 838 imperialium
2711 769 3137 839 praesidentium
3176 770 3455 842 equitum,
3489 765 3624 827 con-

1989 861 2237 916 ferentes
2284 862 2455 916 etiam
2498 866 2555 916 et
2599 861 2915 933 imperialia
2952 868 3192 935 sceptra,
3244 864 3525 936 simulque
3572 871 3629 921 et

1989 957 2189 1010 cuncta
2234 955 2398 1026 signa
2451 959 2622 1027 atque
2665 956 2853 1010 banna
2891 956 3063 1011 etiam
3105 961 3163 1011 et
3201 957 3422 1013 diversa
3465 976 3629 1013 orna-

1988 1054 2178 1104 menta
2209 1048 2543 1119 imperialia,
2573 1054 2631 1105 et
2654 1066 2882 1105 omnem
2910 1051 3336 1123 processionem
3354 1052 3620 1124 imperia-

1989 1142 2058 1197 lis
2089 1142 2355 1197 culminis
2380 1146 2438 1199 et
2466 1143 2706 1215 gloriam
2730 1144 3029 1215 potestatis
3056 1149 3283 1199 nostrae.

2062 1235 2187 1309 58
2217 1236 2362 1291 Viris
2401 1237 2555 1292 enim
2592 1237 3103 1304 reverendissimis,
3147 1237 3364 1293 clericis
3393 1239 3628 1309 diversis

1991 1331 2305 1400 ordinibus,
2326 1332 2509 1386 eidem
2537 1335 2910 1387 sacrosancta:
2933 1333 3098 1387 Rom.
3117 1333 3373 1388 Ecclesiae
3389 1332 3631 1389 servien-

1987 1425 2137 1479 tibus
2158 1425 2295 1479 illud
2315 1425 2542 1480 culmen
2565 1426 3039 1498 singularitatem,
3062 1428 3383 1499 potentiam
3405 1431 3461 1482 et
3482 1444 3626 1499 pl‘tB-

1989 1518 2303 1573 cellentiam
2334 1519 2547 1573 habere
2577 1520 2883 1590 sancimus,
2917 1521 3076 1592 cujus
3116 1521 3499 1593 amplissinms
3523 1539 3625 1576 no-

1988 1614 2104 1667 ster
2132 1615 2359 1667 senatus
2379 1612 2603 1667 videtur
2627 1614 2808 1685 gloria
2835 1614 3124 1682 adornari,
3154 1614 3212 1669 id
3244 1618 3329 1669 est
3357 1615 3626 1685 patricios

1985 1710 2157 1776 atque
2185 1706 2444 1760 consules
2470 1706 2638 1773 efﬁci,
2671 1724 2897 1762 necnon
2919 1711 2973 1761 et
3000 1708 3223 1762 caeteris
3250 1708 3625 1780 dignitatibus

251 1802 566 1869 nationum,
589 1817 695 1872 per
724 1805 911 1855 totum
951 1800 1151 1855 orbem
1190 1803 1475 1855 terrarum
1513 1804 1883 1857 construxisse
1907 1785 1962 1856 B
1987 1799 2373 1871 imperialibus
2402 1817 2500 1854 eos
2538 1802 3037 1872 promulgantibus
3076 1802 3352 1857 decorari.
3391 1803 3461 1856 Et
3484 1804 3629 1857 sicut

251 1911 363 1961 nos,
392 1896 551 1948 intra
576 1895 849 1964 palatium
880 1898 1140 1949 nostrum
1170 1895 1550 1950 Lateranense
1582 1895 1768 1951 eidem
1784 1897 1886 1951 sai-

250 1987 420 2043 vatori
449 1991 648 2042 nostro
679 1988 917 2042 Domino
947 1989 1078 2043 Iesu
1106 1987 1325 2042 Christo
1358 1988 1655 2043 ecclesiam
1688 2007 1721 2043 a
1748 1991 1881 2044 fun-

253 2080 529 2136 damentis
557 2098 691 2136 cum
730 2082 1087 2154 baptisteria,
1128 2085 1186 2136 et
1223 2082 1522 2137 duodecim
1555 2100 1662 2138 nos
1698 2084 1884 2138 sciatis

251 2176 313 2229 de
331 2176 456 2245 ejus
480 2174 889 2243 fundamentis,
919 2176 1231 2231 secundum
1251 2193 1553 2233 numerum
1582 2177 1885 2232 duodecim

249 2271 658 2339 apostolorum,
684 2270 961 2341 cophinos
992 2274 1156 2325 terra:
1195 2274 1488 2326 onustatos
1521 2272 1765 2343 propriis
1792 2289 1883 2327 as-

248 2368 501 2434 portasse
533 2363 808 2434 humeris,
831 2380 1004 2436 quam
1028 2367 1445 2420 sacrosanctam
1468 2366 1776 2421 Ecclesiam
1799 2383 1885 2420 ca-

248 2464 343 2529 put
370 2464 430 2513 et
456 2457 727 2512 verticem
756 2458 1013 2512 omnium
1044 2458 1424 2514 Ecclesiarum
1450 2460 1713 2514 universo
1746 2461 1883 2516 orbe

248 2555 532 2606 terrarum
560 2550 689 2619 dici,
713 2552 842 2619 coli,
864 2552 1117 2606 venerari
1152 2569 1216 2607 ac
1248 2552 1547 2624 praedicari
1576 2553 1880 2623 sancimus,

246 2645 383 2700 sicut
409 2661 519 2716 per
565 2644 679 2698 alia
724 2649 915 2699 nostra
958 2645 1275 2716 imperialia
1320 2647 1547 2701 decreta
1586 2647 1880 2702 constitui-

248 2755 391 2793 mus.
427 2737 862 2795 Construximus
889 2738 1076 2811 itaque
1123 2736 1383 2794 ecclesias
1404 2740 1701 2795 beatorum
1732 2741 1879 2796 Petri

247 2835 299 2886 et
324 2832 508 2899 Pauli,
554 2832 872 2903 primorum
911 2832 1324 2905 apostolorum,
1360 2850 1504 2905 quas
1538 2850 1678 2890 auro
1714 2840 1770 2890 et
1797 2852 1882 2889 ar-

248 2930 418 2996 gento
446 2925 933 2997 locupletavimus,
954 2926 1049 2980 ubi
1076 2932 1131 2982 et
1154 2927 1527 2983 sacratissima
1544 2946 1742 2984 eorum
1761 2946 1881 2984 cor-

246 3035 381 3089 pora
422 3036 555 3073 cum
599 3035 813 3091 magno
839 3020 1056 3074 honore
1086 3022 1482 3091 recondentes,
1517 3022 1705 3077 thecas
1736 3023 1880 3094 ipso-

247 3130 370 3167 rum
395 3130 465 3168 ex
491 3114 702 3168 electro
728 3114 820 3169 cui
849 3115 1007 3169 nulla
1037 3114 1311 3169 fortitudo
1338 3116 1608 3187 praevalet
1630 3116 1878 3172 elemen-

245 3212 435 3262 torum
468 3208 911 3276 construximus,
941 3211 999 3263 et
1028 3224 1255 3264 crucem
1288 3225 1354 3264 ex
1383 3225 1525 3265 auro
1553 3210 1878 3283 purissimo,

249 3304 301 3355 et
325 3301 578 3371 gemmis
604 3301 1028 3373 pretiosissimis
1054 3319 1157 3374 per
1190 3302 1441 3375 singulas
1466 3319 1665 3359 eorum
1688 3305 1882 3359 thecas

247 3396 558 3466 posuimus,
591 3398 649 3450 et
679 3396 851 3451 clavis
893 3396 1081 3451 aureis
1126 3397 1486 3452 conﬁximus.
1532 3397 1748 3462 Quibus
1780 3415 1883 3471 pro

247 3489 678 3546 concinnatione
711 3489 1173 3559 luminariorum,
1209 3491 1630 3563 possessionum
1666 3492 1883 3564 praedia

247 3584 611 3652 contulimus,
640 3587 696 3638 et
723 3585 891 3640 rebus
930 3584 1167 3641 diversis
1209 3602 1302 3641 eas
1325 3586 1653 3657 ditavimus,
1686 3591 1743 3643 et
1776 3604 1883 3659 per

248 3682 504 3732 nostram
514 3677 1202 3750 imperialemjussionem
1213 3683 1577 3750 sacram,tam
1589 3680 1648 3735 in
1661 3680 1881 3736 oriente

250 3784 420 3839 quam
447 3770 507 3825 in
537 3769 829 3827 occidente
858 3772 942 3826 vel
976 3772 1149 3827 etiam
1176 3773 1612 3845 septentrionali
1642 3778 1698 3830 et
1717 3773 1883 3829 meri-

253 3861 416 3917 diana
435 3864 623 3935 plaga,
648 3864 911 3921 videlicet
938 3866 997 3920 in
1020 3866 1234 3935 Iudaea,
1266 3867 1497 3937 Graecia,
1527 3866 1681 3935 Asia,
1702 3868 1879 3923 Thra-

252 3956 356 4022 cia,
381 3956 566 4011 Africa
596 3961 654 4011 et
682 3958 868 4027 Italia,
904 3960 991 4014 vel
1042 3959 1275 4015 diversis
1308 3960 1507 4016 insulis
1533 3964 1725 4016 nostra
1762 3962 1879 4016 lar-

253 4048 426 4119 gitate
469 4050 549 4105 eis
593 4052 998 4120 concessimus,
1038 4071 1106 4110 ea
1152 4071 1382 4125 prorsus
1418 4055 1639 4110 ratione
1683 4059 1740 4110 ut
1780 4071 1884 4127 per

253 4158 456 4197 manus
499 4143 809 4200 beatissimi
853 4147 1031 4202 Patris
1078 4148 1257 4203 nostri
1301 4148 1554 4204 Silvestri
1596 4149 1882 4221 pontiﬁcis

254 4252 743 4312 successorumque
774 4241 965 4295 omnia
992 4241 1385 4313 disponantur.
1430 4242 1688 4298 Gaudeat
1729 4244 1883 4298 enim

259 4345 373 4384 una
395 4332 687 4387 nobiseum
719 4335 906 4389 omnis
944 4336 1188 4407 populus
1228 4339 1287 4390 et
1325 4336 1580 4408 gentium
1627 4337 1883 4391 nationes

259 4424 515 4480 universo
543 4427 681 4481 orbe
714 4431 999 4483 terrarum
1030 4429 1393 4484 exhortantes
1439 4446 1639 4485 omnes
1676 4434 1742 4485 ut
1768 4431 1881 4485 Deo

1903 3158 1958 3232 C

1984 1893 2380 1964 imperialibus
2407 1893 2627 1963 militia,
2665 1895 2739 1948 ita
2769 1899 2822 1949 et
2868 1895 3080 1949 clerum
3112 1898 3319 1949 sanctae
3354 1897 3625 1950 Romanae

1985 1986 2250 2041 Ecclesiae
2264 1987 2453 2041 ornari
2466 1987 2844 2042 decernimus.
2866 1989 2933 2043 Et
2947 1988 3433 2059 quemadmodum
3450 1989 3628 2060 impe-

1984 2079 2404 2151 rialispotentia
2420 2080 2618 2135 officiis
2639 2080 2874 2136 diversis
2896 2081 3396 2152 cubiculariorum,
3414 2099 3623 2154 nempe

1984 2174 2384 2243 hostiarorum,
2408 2179 2576 2247 atque
2599 2174 2857 2230 omnium
2894 2175 3268 2230 excubiarum
3292 2180 3519 2243 ornatu,
3546 2177 3623 2231 ita

1985 2272 2043 2322 et
2067 2272 2325 2323 sanctam
2354 2269 2675 2324 Romanam
2704 2269 3012 2324 Ecclesium
3045 2268 3307 2325 decorari
3344 2270 3622 2338 volumus,

1985 2365 2043 2417 et
2070 2367 2134 2418 ut
2162 2362 2517 2435 amplissime
2548 2363 2873 2434 pontiﬁcale
2905 2364 3077 2418 decus
3120 2363 3483 2436 praefulgeat,
3530 2364 3624 2419 de-

1985 2457 2271 2511 cernimus
2302 2462 2357 2512 et
2382 2458 2488 2511 hoc
2520 2460 2583 2511 ut
2602 2457 2789 2513 clerici
2818 2458 3075 2528 ejusdem
3105 2461 3316 2512 sancta:
3343 2459 3623 2513 Romana:

1984 2550 2246 2605 Ecclesia:
2272 2550 2586 2622 manipulis
2617 2556 2673 2606 et
2692 2551 3140 2618 linteaminibus,
3164 2551 3220 2605 id
3241 2554 3325 2605 est
3350 2551 3625 2606 candidis—

1983 2644 2126 2699 simo
2158 2645 2343 2699 colore
2389 2644 2645 2699 decorari
2687 2661 2862 2716 equos
2901 2647 2958 2699 et
2985 2644 3064 2699 ita
3090 2643 3358 2715 equitari.
3387 2646 3456 2698 Et
3479 2644 3625 2700 sicut

1981 2742 2176 2793 noster
2201 2741 2428 2792 senatus
2455 2738 2859 2793 calceamentis
2881 2738 3060 2793 utitur
3083 2754 3215 2793 cum
3234 2738 3540 2807 udonibus,
3564 2740 3619 2793 id

1982 2836 2068 2887 est
2115 2832 2355 2887 candido
2403 2832 2738 2887 linteamine
2778 2832 3077 2902 illustrati,
3123 2836 3187 2886 ut
3236 2832 3379 2887 sicut
3421 2832 3618 2887 cccles-

1980 2926 2080 2994 tia,
2114 2926 2192 2981 ita
2230 2929 2287 2980 et
2321 2931 2547 2982 terrena
2578 2926 2651 2980 ad
2690 2925 2925 2980 laudem
2964 2926 3065 2981 Dei
3109 2925 3468 2981 decorentur.
3500 2928 3623 2981 Prae

1980 3020 2242 3075 omnibus
2292 3023 2485 3075 autem
2532 3019 2823 3074 licentiam
2870 3019 3188 3075 tribuentes
3234 3019 3341 3091 ipsi
3394 3020 3623 3075 sanctis-

1981 3113 2125 3168 simo
2176 3114 2326 3168 Patri
2372 3116 2564 3168 nostro
2610 3113 2905 3181 Silvestre,
2952 3112 3105 3167 urbis
3152 3116 3352 3169 Roma:
3405 3114 3621 3186 episco-

1982 3224 2075 3280 po,
2108 3212 2164 3263 et
2182 3224 2346 3279 papae
2379 3212 2437 3262 et
2464 3207 2751 3277 omnibus,
2782 3208 2879 3280 qui
2907 3211 3034 3279 post
3064 3224 3194 3263 eum
3227 3208 3284 3262 in
3305 3224 3622 3263 successum

1982 3305 2038 3356 et
2102 3301 2393 3373 perpetuis
2468 3300 2821 3373 temporibus
2886 3301 3220 3357 advenerint
3281 3301 3623 3357 beatissimis

1981 3395 2347 3467 pontiﬁcibus
2366 3411 2469 3467 pro
2494 3395 2713 3451 honore
2754 3398 2812 3449 et
2842 3394 3022 3467 gloria
3048 3394 3255 3451 Christi
3293 3394 3393 3452 Dei
3420 3396 3621 3465 nostri,

1980 3489 2041 3544 in
2113 3490 2319 3545 eadem
2386 3490 2487 3544 Dei
2556 3506 2770 3562 magna
2833 3489 3110 3545 catholica
3181 3492 3238 3545 et
3316 3491 3625 3562 apostolica

1982 3582 2245 3651 Ecclesia,
2278 3600 2342 3637 ex
2366 3587 2579 3650 ,nostro
2625 3582 2841 3654 judicio
2889 3599 3060 3655 quem
3102 3584 3353 3655 placatus
3392 3583 3623 3656 preprio

1982 3677 2216 3732 consilio
2263 3676 2529 3732 clericare
2573 3677 2849 3745 voluerit,
2898 3679 2956 3731 et
3001 3677 3064 3731 in
3112 3693 3356 3733 numero
3399 3677 3625 3749 religio-

1982 3787 2174 3825 sorum
2201 3770 2538 3825 clericorum
2565 3785 2984 3825 connumerare
3012 3771 3237 3826 nullum
3262 3789 3327 3826 ex
3355 3770 3623 3827 omnibus

1981 3870 2426 3937 praesumentem
2464 3864 2707 3935 superbe
2761 3879 2956 3934 agere.
3008 3864 3373 3920 Decrevimus
3425 3865 3617 3937 itaque

1982 3962 2039 4013 et
2091 3958 2227 4027 hoc,
2298 3962 2361 4012 ut
2434 3957 2588 4015 idem
2653 3956 2993 4013 venerabilis
3059 3959 3222 4013 Pater
3272 3962 3470 4014 noster
3519 3960 3621 4016 Sil-

1981 4055 2205 4120 vester,
2294 4066 2554 4106 summus
2638 4051 2935 4123 pontifex,
3037 4052 3125 4107 vel
3221 4069 3420 4107 omnes
3500 4053 3623 4125 ejus

1984 4162 2327 4202 successores
2374 4145 2672 4217 pontifices
2718 4145 3001 4217 diadema,
3039 4146 3305 4202 videlicet
3351 4164 3622 4204 coronam

1985 4257 2162 4312 quam
2207 4258 2273 4296 ex
2322 4241 2505 4313 capite
2554 4244 2748 4295 nostro
2795 4240 2881 4294 illi
2926 4241 3327 4309 concessimus,
3385 4259 3454 4297 ex
3484 4259 3622 4299 auro

1982 4334 2290 4405 purissimo
2342 4337 2399 4389 et
2461 4333 2708 4407 gemmis
2775 4334 3034 4406 pretiosis
3098 4335 3180 4389 uti
3235 4335 3516 4407 debeant,
3568 4341 3627 4392 et

1984 4444 2185 4483 eorum
2210 4427 2391 4500 capite
2417 4429 2488 4483 ad
2515 4427 2744 4483 laudem
2770 4427 2875 4483 Dei
2906 4444 3012 4499 pro
3042 4428 3262 4484 honore
3292 4429 3445 4485 beati
3471 4431 3624 4485 Patri

261 4521 444 4573 nostro
472 4525 527 4574 et
566 4521 828 4576 salvatori
853 4524 985 4577 Jesu
1024 4523 1246 4578 Christo
1286 4524 1594 4579 immensas
1625 4541 1735 4578 una
1775 4540 1879 4579 no-
1902 4533 1961 4606 D
1986 4526 2231 4593 gestare,
2260 4523 2379 4594 ipse
2406 4538 2537 4577 vero
2562 4521 2925 4577 beatissimus
2954 4538 3104 4595 papa
3140 4540 3313 4594 super
3348 4540 3623 4579 coronam

257 4608 466 4667 hiscum
506 4614 760 4669 referatis
797 4616 1026 4687 gratias,
1070 4633 1242 4688 quam
1280 4618 1397 4689 ipse
1446 4621 1592 4674 Deus
1626 4619 1686 4673 in
1730 4618 1882 4673 caalis

261 4703 491 4778 desuper
515 4713 574 4764 et
598 4709 657 4763 in
687 4712 833 4764 terra
861 4710 1148 4779 deorsum,
1180 4711 1275 4783 qui
1310 4728 1434 4781 nos,
1465 4730 1565 4784 per
1592 4730 1722 4768 suos
1748 4729 1878 4767 san-

258 4801 367 4852 ctos
397 4802 679 4872 apostolos
713 4804 964 4873 visitans,
1006 4809 1266 4860 sanctum
1313 4806 1667 4878 baptismatis
1703 4824 1883 4862 sacra—

262 4897 504 4950 mentum
536 4897 855 4969 percipere,
888 4903 945 4953 et
972 4899 1226 4971 corporis
1253 4900 1500 4955 sanitate
1529 4901 1730 4973 dignos
1753 4900 1884 4957 eﬂ‘e-

265 4986 352 5054 cit,
382 5006 478 5059 pro
506 5008 618 5063 quo
647 4992 1009 5048 concedimus
1038 4994 1174 5065 ipsis
1212 4995 1418 5049 sanctis
1463 4995 1746 5066 apostolis,
1779 4996 1880 5050 do-

270 5081 421 5136 minis
455 5084 599 5138 meis
638 5084 977 5141 beatissimis
1012 5088 1179 5142 Petro
1219 5091 1276 5142 et
1322 5088 1513 5154 Paulo,
1547 5091 1603 5143 et
1648 5105 1752 5160 per
1789 5105 1883 5143 eos

272 5175 424 5230 etiam
451 5177 620 5233 beato
649 5178 910 5235 Silvestre
952 5182 1104 5235 Patri
1144 5187 1334 5238 nostro
1372 5199 1597 5238 summo
1629 5181 1883 5254 pontifici

276 5270 323 5319 et
345 5271 663 5327 universalis
700 5271 858 5328 urbis
886 5276 1083 5329 Bonus
1123 5292 1312 5347 papae,
1353 5279 1410 5330 et
1451 5276 1717 5331 omnibus
1762 5276 1885 5347 ejus

278 5367 665 5421 successoribus
690 5364 1072 5439 pontificibus,
1098 5369 1195 5440 qui
1212 5386 1385 5441 usque
1409 5370 1468 5424 in
1489 5370 1662 5425 ﬁnem
1682 5370 1884 5425 mundi

280 5449 327 5507 in
349 5458 464 5514 sede
485 5459 637 5515 beati
665 5462 817 5516 Petri
848 5464 1017 5516 erunt
1043 5463 1268 5529 sessuri,
1313 5466 1483 5535 atque
1516 5465 1586 5519 de
1614 5464 1882 5537 prmsenti

281 5553 612 5608 concedimus
656 5555 933 5626 palatium
980 5556 1208 5628 imperii
1273 5557 1452 5612 nostri
1508 5559 1884 5614 Lateranense

284 5645 408 5710 quod
434 5648 699 5702 omnibus
737 5648 798 5703 in
831 5651 946 5705 toto
975 5650 1112 5704 orbe
1145 5654 1423 5706 terrarum
1462 5653 1768 5724 praefertur
1797 5655 1884 5707 at-

283 5751 369 5807 que
393 5742 658 5812 prazcellit
675 5743 926 5816 palatiis,
958 5744 1161 5800 deinde
1192 5745 1470 5815 diadema,
1502 5747 1762 5803 videlicet
1792 5762 1882 5802 co-

284 5842 452 5892 Ionam
477 5837 677 5913 capitis
707 5838 885 5925 nostri
911 5838 1193 5925 simulque
1219 5840 1477 5915 pallium,
1509 5841 1600 5898 vel
1633 5841 1882 5916 mitram,

1986 4617 2281 4672 clericatus
2308 4632 2483 4688 quam
2512 4616 2659 4688 gerit
2679 4616 2753 4670 ad
2773 4615 3016 4687 gloriam
3038 4616 3192 4671 beati
3215 4617 3367 4679 Petri
3386 4618 3625 4674 omnino

1981 4711 2105 4783 ipsa
2134 4727 2203 4766 ex
2235 4727 2373 4766 auro
2398 4727 2514 4766 non
2554 4712 2640 4765 est
2675 4725 2875 4782 passus
2913 4709 2996 4764 uti
3035 4726 3265 4779 corona,
3310 4712 3621 4785 phrygium

1982 4820 2212 4877 quoque
2231 4805 2471 4860 candido
2504 4804 2692 4859 nitore
2737 4802 3106 4875 splendidum
3148 4807 3621 4865 resurrectionem

1983 4898 2339 4954 Dominicam
2369 4898 2699 4970 designans,
2734 4898 2855 4970 ejus
2880 4899 3259 4956 sacratissimo
3288 4902 3484 4958 vertici
3504 4919 3623 4959 ma-

1982 4993 2151 5049 nibus
2170 4993 2375 5049 nostris
2409 4991 2805 5064 imposuimus,
2845 4997 2901 5047 et
2936 4996 3195 5049 tenentes
3238 4995 3465 5053 frenum
3489 4997 3620 5070 equi

1987 5088 2154 5155 illius,
2184 5104 2287 5159 pro
2334 5086 2650 5142 reverentia
2692 5086 2846 5141 beati
2885 5087 3035 5142 Petri
3083 5090 3337 5145 stratoris
3372 5090 3621 5147 ofﬁcium

1984 5181 2064 5236 illi
2101 5181 2481 5249 exhibuimus,
2529 5183 2844 5236 statuentes
2879 5182 3083 5236 eodem
3141 5183 3385 5256 phrygio
3422 5201 3622 5240 omnes

1985 5276 2106 5346 ejus
2132 5291 2480 5331 successores
2500 5275 2867 5347 singulariter
2887 5275 2970 5331 uti
2991 5275 3050 5329 in
3078 5277 3527 5348 processionibus
3546 5278 3619 5333 ad

1983 5369 2371 5425 imitationem
2401 5368 2627 5441 imperii
2645 5369 2847 5425 nostri.
2868 5369 3024 5425 Unde
3042 5375 3105 5425 ut
3122 5370 3459 5442 pontiﬁcalis
3477 5387 3619 5443 apex

1988 5480 2102 5519 non
2131 5463 2379 5531 vilescat,
2418 5463 2521 5517 sed
2546 5463 2731 5535 magis
2758 5462 3004 5534 amplius
3046 5480 3218 5536 quam
3260 5463 3471 5519 terreni
3505 5463 3618 5519 im-

1983 5556 2127 5629 perii
2152 5556 2443 5628 dignitatis
2459 5558 2517 5612 et
2533 5557 2730 5628 gloria:
2750 5557 3003 5629 potentia
3019 5557 3330 5626 decoretur,
3357 5572 3487 5612 ecce
3502 5562 3619 5614 tam

1983 5651 2260 5723 palatium
2275 5656 2552 5721 nostrum,
2570 5655 2632 5705 ut
2640 5650 2980 5723 prtedictum
2997 5656 3098 5718 est,
3121 5666 3405 5722 quamque
3421 5651 3621 5708 Roma-

1983 5762 2074 5801 nae
2104 5745 2282 5817 vobis,
2316 5748 2374 5800 et
2401 5760 2599 5800 omnes
2625 5743 2795 5801 ltalize
2823 5759 2923 5799 seu
2960 5743 3397 5802 occidentalium
3429 5747 3618 5822 regio-

1983 5856 2149 5911 num,
2176 5839 2516 5921 provincias,
2537 5838 2659 5899 loca
2675 5841 2734 5895 et
2749 5836 3006 5895 civitates
3034 5839 3273 5914 praefato
3292 5839 3619 5905 beatissimo
