4026 6166
480 303 571 354 2351

1369 298 1656 354 APPEND.
1695 298 1784 354 AD
1822 300 1981 355 SEC.
2026 300 2111 354 IX.
2141 329 2209 340 --
2247 301 2489 357 ISIDORI
2528 300 2952 358 MERCATORIS

3692 315 3775 367 25').

478 405 728 480 pontiﬁci
778 409 970 459 nostro
1014 404 1276 460 Silvestro
1305 405 1609 461 universali
1638 423 1802 479 papae
1848 407 2110 462 concedi-
2130 407 2331 494 Ahtec
2362 426 2491 481 quae
2535 426 2567 463 a
2610 409 2772 464 nobis
2814 407 3103 481 imperiali
3127 410 3411 466 sanctione
3448 425 3777 472 sacrosanctae.

479 518 607 555 mus
627 503 793 571 atque
824 498 1224 568 relinquimus,
1258 502 1316 553 et
1346 515 1735 554 successorum
1768 500 1940 571 ipsius
1968 517 2106 572 pon-

478 594 692 649 tiﬁcum
720 591 985 663 potestati
1022 595 1079 646 et
1107 591 1317 647 ditione
1343 592 1513 646 ﬁrma
1554 593 1841 664 imperiali
1870 611 2111 647 censura

475 688 738 759 perhanc
752 685 997 739 divalem
1016 689 1266 740 nostram
1280 702 1500 739 sacram
1514 689 1859 757 potestatem
1874 690 1930 741 et
1943 704 2110 758 prag-

477 780 753 835 maticum
809 778 1178 833 constitutum
1239 780 1604 833 decernimus
1661 780 2105 851 disponendum,

474 880 646 946 atque
656 874 769 945 juri
788 877 998 927 sanctae
1017 873 1291 927 Romanae
1310 873 1570 927 Ecclesia}
1593 874 1958 928 concedimus
1976 891 2105 945 per-

424 976 431 1045 ζ
477 983 837 1023 mansurum.
871 966 1029 1020 Unde
1076 982 1394 1037 congruum
1432 967 1822 1038 prospeximus
1850 972 2110 1022 nostrum

476 1061 805 1133 imperium,
822 1059 1051 1130 etregni
1073 1062 1414 1131 potestatem
1427 1060 1793 1114 orientalibus
1812 1062 2109 1116 transferri

426 1132 441 1261 ἲ
478 1159 536 1210 et
559 1152 932 1210 transmutari
952 1152 1305 1223 regionibus,
1328 1157 1383 1208 et
1402 1153 1461 1207 in
1490 1153 1754 1208 Bizantim
1778 1154 2104 1224 provinciae,

420 1290 430 1347 ί

415 1424 423 1461 ἰ

424 1246 433 1319 ξ
475 1250 533 1303 in
562 1248 780 1319 optimo
801 1248 941 1315 loco,
974 1246 1193 1300 nomini
1216 1252 1409 1302 nostro
1431 1246 1713 1302 civitatem
1742 1248 2030 1319 aediﬁcari,
2051 1252 2109 1302 et

478 1348 737 1398 nostrum
764 1341 877 1395 illic
891 1341 1157 1395 constitui
1186 1341 1512 1412 imperium,
1534 1341 1807 1411 quoniam
1832 1341 1926 1395 ubi
1946 1342 2106 1412 prin-

412 1434 424 1503 }
476 1437 694 1508 cipatus
723 1435 1077 1490 sacerdotum
1097 1437 1155 1489 et
1170 1434 1505 1489 Christianae
1524 1434 1817 1506 religionis
1833 1439 2021 1506 caput,
2038 1435 2107 1488 ab

476 1531 820 1601 imperatore
852 1528 1064 1583 ccelesti
1107 1528 1476 1583 constitutum
1505 1532 1609 1596 est,
1635 1529 1851 1600 justum
1881 1545 1996 1583 non
2026 1533 2111 1583 est

407 1628 417 1653 τ
477 1630 542 1679 ut
565 1623 678 1677 illic
704 1623 1013 1693 imperator
1037 1625 1301 1676 terrenus
1328 1622 1537 1676 habeat
1568 1625 1936 1693 potestatem;
1987 1622 2108 1676 haec

476 1734 611 1773 vero
639 1716 833 1771 omnia
864 1733 989 1788 qua:
1018 1732 1121 1786 per
1163 1717 1311 1770 hanc
1350 1720 1601 1770 nostram
1637 1715 1993 1786 imperialcm
2020 1732 2105 1769 sa-

2210 503 2480 557 Romanm
2502 503 2763 558 Ecclesiae
2784 505 2869 558 vel
2892 504 2941 574 ej
2951 520 3013 557 us
3039 503 3302 557 omnibus
3320 505 3653 576 pontiﬁcibus
3672 526 3779 564 con-

2210 614 2361 650 cessa
2382 601 2532 665 sunt,
2558 597 2831 669 refragari
2851 603 2949 651 aut
2972 596 3333 668 confringere
3358 600 3438 653 vel
3460 599 3514 653 in
3530 617 3779 673 quoquam

2208 691 2540 745 convellere.
2572 691 2629 746 Si
2652 691 2779 762 quis
2797 696 2985 746 autem
3006 691 3175 762 (quod
3195 707 3309 746 non
3325 692 3604 764 credimus)
3624 695 3677 748 in
3695 695 3782 750 hoc

2207 783 2524 834 temerator
2565 786 2663 835 aut
2706 783 3067 851 contemptor
3118 780 3407 850 exstiterit,
3436 783 3645 837 asternis
3666 800 3781 838 con-

2211 873 2669 928 demnationibus
2695 874 2984 945 subjaceat
3008 873 3330 941 innodatus,
3379 879 3435 929 et
3469 878 3667 930 sanctos
3702 878 3785 931 Dei

2208 967 2494 1040 principes
2511 969 2899 1038 apostolorum
2919 969 3149 1023 Petrum
3167 968 3483 1036 etPaulum,
3496 968 3658 1023 sibiin
3669 985 3788 1040 prae-

2208 1061 2356 1116 senti
2401 1065 2458 1115 et
2501 1062 2695 1116 futura
2722 1061 2839 1115 vita
2863 1061 3072 1115 sentiat
3097 1060 3427 1129 contrarios,
3464 1066 3620 1133 atque
3647 1062 3698 1116 in
3722 1062 3789 1116 in-

2206 1154 2369 1209 ferno
2396 1154 2652 1209 inferiori
2678 1159 3073 1210 concrematus
3098 1170 3230 1209 cum
3253 1154 3473 1210 diabolo
3494 1158 3547 1210 et
3563 1155 3789 1209 omnibus

2207 1248 2432 1303 deﬁciat
2464 1248 2674 1319 impiis.
2709 1249 2886 1320 Hujus
2920 1265 3052 1304 vero
3077 1248 3387 1320 imperialis
3414 1248 3614 1303 decreti
3639 1248 3789 1303 nostri

2206 1342 2477 1414 paginam
2490 1342 2732 1414 propriis
2748 1342 3015 1397 manibus
3031 1342 3552 1414 roborantes,super
3560 1358 3791 1397 veneran-

2210 1435 2350 1489 dum
2372 1452 2578 1507 corpus
2597 1435 2751 1490 beati
2779 1435 2929 1491 Petri
2954 1435 3224 1507 principis
3239 1435 3612 1507 apostolorum
3640 1434 3793 1506 posui-

2208 1545 2355 1596 mus,
2402 1528 2597 1598 ibique
2647 1528 2834 1583 eidem
2881 1545 3013 1583 cum
3058 1529 3314 1601 apostolo
3356 1529 3673 1599 spondentes
3709 1545 3793 1582 nos

2208 1627 2406 1677 cuncta
2430 1622 2831 1677 inviolabiliter
2855 1638 3210 1689 conservare,
3239 1628 3297 1677 et
3321 1622 3524 1677 nostris
3547 1637 3790 1676 successo-

2207 1715 2362 1770 ribus
2384 1715 2823 1787 imperatoribus
2848 1716 3236 1771 conservanda
3266 1716 3324 1770 in
3354 1715 3626 1771 mandatis
3648 1714 3790 1769 relin-

476 1828 650 1878 cram,
699 1813 756 1865 et
798 1826 902 1881 per
939 1808 1051 1863 alia
1097 1809 1305 1863 divalia
1344 1809 1569 1864 decreta
1608 1809 1908 1863 statuimus
1938 1793 2184 1880 atqueB
2209 1809 2964 1880 qui,PatrinostroSilvestro
2978 1807 3795 1881 summopontiﬁcietuniversali

477 1903 960 1972 conﬁrmavimus,
988 1918 1168 1973 usque
1190 1902 1249 1956 in
1276 1902 1450 1956 ﬁnem
1474 1902 1678 1956 mundi
1703 1902 1914 1957 illibata
1940 1906 1995 1958 et
2026 1903 2110 1956 in-

476 2014 745 2054 concussa
769 1996 1160 2069 permanenda
1184 1996 1563 2051 decernimus.
1596 1995 1752 2051 Unde
1782 2012 1976 2050 coram
1998 1998 2110 2051 Deo

473 2094 621 2163 vivo,
653 2091 753 2163 qui
794 2107 900 2146 nos
940 2106 1188 2162 regnare
1218 2090 1507 2161 praecepit,
1551 2093 1609 2143 et
1651 2106 1841 2144 coram
1871 2090 2110 2144 terribili

479 2188 601 2259 ejus
625 2184 838 2257 judicio
860 2184 1227 2253 obtestamur,
1257 2199 1364 2254 per
1393 2184 1500 2237 hoc
1528 2186 1785 2237 nostrum
1814 2183 2108 2253 imperiale

479 2279 1086 2344 constitutum,omnes
1100 2278 1323 2330 nostros
1338 2266 2108 2348 successores,imperatores,

478 2375 569 2428 vel
596 2374 828 2427 cunctos
858 2370 1187 2441 optimates,
1205 2373 1458 2441 satrapas
1490 2369 1667 2424 etiam
1694 2369 2113 2441 amplissimum

480 2471 744 2522 senatum
756 2463 1151 2520 etuniversum
1167 2463 1439 2535 populum
1452 2462 1512 2517 in
1528 2466 1646 2518 toto
1657 2463 1794 2517 orbe
1806 2468 2109 2535 terrarum,

481 2577 655 2629 nunc,
684 2564 743 2614 et
789 2559 848 2614 in
894 2560 1187 2629 posterum
1227 2556 1443 2612 cunctis
1471 2556 1843 2629 temporibus,
1869 2556 2111 2629 imperio

481 2660 676 2711 nostro
691 2652 1102 2725 subjacentem,
1125 2650 1271 2707 nulli
1293 2666 1493 2706 eorum
1513 2650 1918 2723 quoquomodo
1938 2650 2111 2706 licere

2207 1919 2390 1974 papae,
2413 1903 2647 1974 ejusque
2675 1902 2890 1958 cunctis
2920 1904 3337 1959 successoribus
3355 1901 3693 1975 pontiﬁcibus
3711 1901 3795 1955 Do-

2208 1996 2366 2051 mino
2391 1998 2505 2051 Deo
2536 2002 2592 2051 et
2618 1998 2897 2052 salvatore
2924 2000 3120 2053 nostro
3144 1998 3277 2053 Jesu
3302 1996 3522 2054 Christo
3546 1999 3795 2051 annuente

2208 2090 2487 2145 tradimus
2530 2090 2864 2161 perenniter
2892 2096 3063 2163 atque
3114 2091 3357 2146 feliciter
3382 2089 3718 2163 possidenda.
3746 2088 3798 2142 Et

2211 2182 2547 2256 subscriptio
2593 2184 2921 2256 imperialis,
2962 2184 3223 2240 divinitas
3271 2201 3372 2240 vos
3412 2188 3688 2240 conservet
3715 2197 3798 2252 per

2209 2278 2422 2332 multos
2450 2294 2651 2346 annos,
2684 2278 3021 2333 sanctissimi
3044 2295 3107 2334 ac
3133 2279 3445 2334 beatissimi
3487 2280 3681 2333 Patres.
3710 2276 3795 2329 Da-

2210 2375 2335 2425 tum
2362 2372 2578 2439 Romse,
2608 2372 2712 2427 sub
2742 2371 2910 2427 tertio
2940 2372 3032 2426 die
3064 2373 3263 2428 Kalen.
3285 2372 3578 2445 Aprilium,
3603 2368 3798 2425 domino

2209 2468 2402 2519 nostro
2446 2464 2630 2520 Flavio
2678 2465 3045 2522 Constantino
3082 2469 3336 2537 Augusto
3367 2469 3563 2539 quarto
3588 2467 3640 2520 et
3660 2460 3797 2519 Galli-

2212 2574 2355 2615 cano
2378 2559 2466 2626 Ν,
2490 2558 2628 2614 viris
2659 2559 2981 2615 clarissimis
3006 2560 3349 2615 consulibus.

1175 2912 1333 2990 QUO
1377 2910 1755 2977 TEMPORE
1796 2910 2067 2977 ACTUM
2110 2911 2236 2979 SIT
2279 2912 2658 2979 NICENUM
2701 2911 3147 2980 CONCILIUM.

552 3070 809 3126 Canones
854 3067 1211 3142 generalium
1260 3069 1630 3124 conciliorum
1678 3087 1712 3125 a
1758 3070 2112 3143 temporibus

480 3164 837 3220 Constantini
886 3166 1199 3234 coeperunt.
1248 3165 1309 3217 In
1359 3163 1819 3236 praecedentibus
1860 3180 2111 3236 namque

476 3258 641 3313 annis
678 3257 1071 3329 persecutione
1100 3258 1375 3325 fervente,
1418 3256 1800 3313 docendarum
1830 3257 2105 3330 plebium,

478 3352 589 3407 nisi
613 3368 741 3424 qua:
769 3369 803 3407 a
826 3352 1087 3408 Romana
1111 3353 1513 3424 processerunt
1554 3351 1712 3423 sede,
1740 3349 1980 3407 minime
2008 3352 2107 3407 da-

2210 3088 2395 3127 unum
2408 3071 2712 3128 convenire
2728 3071 2834 3128 nisi
2855 3074 3112 3146 tempore
3126 3069 3439 3145 supradicti
3465 3065 3804 3143 imperatoris,

2212 3166 2330 3238 ipse
2358 3166 2512 3222 enim
2528 3166 2685 3222 dedit
2709 3166 3036 3222 facultatem
3053 3166 3394 3223 Christianis
3418 3164 3594 3221 libere
3609 3176 3809 3233 congre-

2212 3259 2352 3333 gari.
2370 3259 2485 3316 Sub
2511 3260 2622 3316 hoc
2636 3259 2812 3316 etiam
2832 3261 3010 3317 sancti
3035 3262 3251 3330 Patres,
3278 3261 3345 3316 in
3362 3259 3594 3316 concilio
3616 3256 3809 3312 Nicaeae

2212 3352 2285 3409 de
2326 3353 2484 3411 omni
2515 3354 2653 3410 orbe
2693 3359 2979 3410 terrarum
3020 3354 3432 3411 convenientes
3465 3354 3627 3427 juxta
3664 3348 3810 3406 ﬁdem

477 3445 649 3502 batur
670 3446 926 3502 facultas.
955 3445 1092 3501 Inde
1121 3443 1513 3551 Christianitas
1542 3444 1601 3499 in
1630 3445 1879 3501 diversas
1924 3445 2107 3502 haere-
2130 3476 2185 3551 Ο
2212 3448 2598 3519 evangelicam
2627 3450 2686 3505 et
2706 3448 3099 3521 apostolicam,
3122 3449 3446 3506 secundum
3474 3449 3598 3521 post
3612 3445 3806 3517 aposto-

478 3557 566 3596 ses
613 3540 785 3596 scissa
828 3544 934 3610 est,
966 3539 1097 3612 quia
1136 3556 1255 3596 non
1299 3541 1421 3595 erat
1458 3538 1690 3595 licentia
1730 3539 2007 3613 episcopis
2049 3540 2111 3595 in
2137 3538 2185 3551 “”
2209 3541 2294 3598 los
2322 3541 2647 3615 symbolum
2678 3541 3055 3599 tradiderunt.

1512 3815 1976 3888 PREFATIO
2038 3819 2364 3890 NIC/ENI
2423 3818 2818 3890 CONCILII.

550 3979 880 4036 Beatissimo
912 3979 1135 4035 Silvano
1180 3976 1240 4034 in
1278 3975 1421 4034 urbe
1447 3976 1630 4033 Roma
1650 3978 1992 4051 apostolicae
2023 3994 2110 4033 se-

481 4075 567 4129 dis
587 4074 856 4142 antistite,
879 4072 1249 4130 Constantino
1263 4073 1519 4144 Augusto
1547 4077 1605 4127 et
1628 4072 1843 4127 Licinio
1868 4072 2110 4141 Caesare,

479 4168 776 4224 consulatu
803 4166 1021 4221 Paulini
1048 4169 1104 4220 et
1126 4165 1329 4221 Iuliani
1357 4166 1613 4221 viroru‘m
1643 4164 2110 4234 clarissimorum,

481 4260 553 4315 ab
598 4259 921 4315 Alexandro
964 4258 1362 4314 trecentesimo
1399 4257 1689 4314 tricesimo
1735 4263 1895 4314 sexto
1936 4275 2110 4327 anno,

478 4370 674 4409 mense
701 4352 868 4421 Julio,
894 4368 993 4408 xm
1034 4353 1235 4408 Kalen.
1280 4352 1432 4419 Julii,
1476 4355 1715 4425 propter
1754 4353 2115 4425 insurgentes

479 4449 725 4505 haereses
741 4447 882 4503 ﬁdes
894 4447 1177 4503 catholica
1195 4446 1454 4518 exposita
1472 4451 1559 4502 est
1572 4446 1725 4519 apud
1740 4446 1988 4502 Nicaeam
2004 4447 2110 4519 By-

480 4542 701 4613 thinise,
739 4558 915 4616 quam
964 4546 1218 4597 sanctam
1255 4545 1312 4595 et
1344 4540 1822 4597 reverendissima
1855 4542 2116 4596 Romana

481 4636 880 4709 complectitur
895 4641 952 4693 et
967 4639 1273 4691 Veneratur
1291 4634 1553 4703 Ecclesia,
1577 4633 1791 4707 quippe
1815 4651 1989 4706 quam
2005 4638 2117 4690 tre-

482 4732 632 4788 centi
651 4731 847 4787 decem
864 4735 921 4786 et
938 4735 1062 4786 octo
1080 4731 1275 4785 Patres
1302 4728 1680 4785 mediantibus
1698 4729 1923 4784 Victore
1944 4734 2112 4802 atque

480 4824 778 4881 Vincentio
809 4823 1241 4897 religiosissimis
1269 4823 1540 4878 Romanas
1569 4822 1715 4878 sedis
1747 4823 2109 4895 presbyteris,

2213 3980 2376 4047 coelo,
2410 3982 2467 4034 et
2492 3994 2848 4052 quascunque
2874 3977 3108 4034 solveris
3135 3994 3311 4051 super
3329 3981 3543 4036 terram
3569 3977 3813 4033 eruntso-

2212 4071 2329 4127 luta
2355 4074 2414 4127 et
2438 4072 2499 4128 in
2528 4072 2667 4129 coelo
2695 4072 2908 4144 (Matth.
2952 4088 3064 4142 xvi,
3116 4074 3201 4143 18,
3249 4074 3360 4147 19).
3389 4095 3418 4123 ›ι
3466 4068 3718 4129 Adhibita
3748 4064 3816 4119 est

2214 4165 2385 4220 etiam
2424 4166 2656 4222 societas
2699 4166 2760 4221 in
2805 4167 3003 4222 eadem
3051 4167 3309 4222 Romana
3354 4167 3497 4223 urbe
3542 4153 3815 4220 beatissimi

2214 4257 2449 4331 apostoli
2468 4260 2645 4331 Pauli,
2672 4260 2820 4316 vasis
2848 4260 3160 4332 electionis,
3191 4261 3292 4332 qui
3326 4277 3447 4317 uno
3480 4260 3591 4329 die,
3618 4264 3817 4325 unoque

2214 4359 2470 4426 tempore
2492 4355 2738 4427 gloriosa
2759 4360 2942 4411 morte
2957 4371 3088 4410 cum
3109 4356 3300 4424 Petro,
3325 4355 3434 4411 sub
3460 4351 3708 4428 principe
3726 4346 3815 4402 Ne-

2212 4464 2369 4519 rone,
2399 4449 2704 4521 agonizans
2732 4452 3034 4505 coronatus
3063 4452 3168 4519 est,
3198 4452 3253 4505 et
3281 4449 3457 4505 ambo
3506 4446 3709 4521 pariter
3731 4440 3815 4495 Ec-

2211 4541 2439 4597 clesiam
2466 4545 2722 4598 sanctam
2763 4543 3077 4599 Romanam
3112 4542 3343 4603 Christo.
3368 4540 3607 4598 Domino
3654 4547 3819 4592 conse-

2211 4638 2535 4704 creverunt,
2580 4636 2818 4709 aliisque
2871 4635 3104 4692 urbibus
3151 4636 3422 4713 omnibus
3476 4634 3539 4691 in
3586 4631 3820 4688 universo

2211 4728 2431 4785 mundo
2449 4745 2553 4785 sua
2569 4731 2841 4801 potentia,
2859 4736 3027 4803 atque
3042 4731 3371 4787 venerando
3391 4728 3683 4801 triumpho
3698 4735 3822 4796 ρι’ω-

2214 4823 2486 4880 tulerunt.
2513 4824 2583 4879 Et
2610 4824 2744 4880 licet
2783 4842 2888 4897 pro
2916 4825 3181 4880 omnibus
3216 4824 3447 4881 assidua
3472 4820 3626 4896 apud
3651 4812 3821 4876 Domi-

481 4919 793 4993 inspirante
819 4919 950 4990 Deo,
978 4918 1050 4973 ad
1085 4917 1433 4973 obstruenda
1464 4916 1580 4972 Arii
1607 4933 1829 4972 venena
1859 4917 2111 4989 protule-
2131 4885 2193 4959 D
2215 4935 2356 4973 num
2379 4918 2638 4974 omnium
2664 4922 2992 4974 sanctorum
3021 4919 3292 4974 fundatur
3318 4919 3525 4989 oratio,
3545 4916 3630 4972 his
3651 4920 3821 4968 tamen

480 5017 636 5069 runt.
664 5015 804 5068 Nam
829 5016 886 5068 et
913 5013 1200 5068 nonnullae
1234 5012 1450 5084 regulae
1478 5011 1749 5066 subnexa:
1788 5013 1939 5081 sunt,
1973 5026 2117 5082 quas

481 5113 796 5165 memorata
812 5106 1126 5179 suspiciens
1139 5105 1497 5162 conﬁrmavit
1514 5103 1778 5160 Ecclesia.
1803 5102 2114 5159 Sciendum

482 5207 566 5259 est
591 5219 725 5258 sane
756 5199 826 5257 ab
854 5199 1120 5257 omnibus
1149 5199 1463 5268 catholicis,
1493 5196 1767 5270 quoniam
1796 5203 1989 5252 sancta
2018 5198 2115 5252 Ec-

480 5297 651 5354 clesia
677 5298 939 5353 Romana
960 5295 1129 5350 nullis
1160 5291 1712 5367 synodicis-decretis
1742 5292 1978 5363 praelata
2006 5294 2111 5362 est,

479 5392 582 5448 sed
635 5391 964 5462 evangelica
1004 5406 1142 5445 voce
1188 5387 1431 5455 Domini,
1478 5389 1537 5441 et
1575 5384 1879 5442 Salvatoris
1930 5385 2115 5441 nostri

480 5486 794 5559 primatum
822 5483 1089 5553 obtinuit,
1115 5482 1215 5538 ubi
1240 5482 1379 5537 dixit
1418 5480 1586 5535 beato
1623 5481 1789 5535 Petro
1816 5480 2070 5550 apostolo
2098 5495 2111 5534 :

488 5602 514 5629 υ
541 5581 623 5635 Tu
648 5597 709 5634 es
733 5581 934 5635 Petrus
976 5581 1033 5633 et
1076 5592 1249 5648 super
1276 5574 1423 5630 hanc
1445 5579 1669 5646 petram
1694 5571 1981 5629 mdiﬁcabo
2010 5574 2115 5629 Ec-

485 5673 713 5728 clesiam
735 5688 946 5741 meam,
976 5675 1033 5727 et
1055 5674 1235 5743 porta:
1253 5668 1427 5724 inferi
1449 5685 1568 5724 non
1600 5667 1996 5741 praevalebunt
2019 5668 2117 5723 ad-

485 5767 859 5838 verstisjeam.
888 5768 957 5821 Et
997 5764 1102 5819 tibi
1149 5762 1295 5819 dabo
1339 5763 1519 5818 claves
1543 5760 1707 5834 regni
1733 5761 2026 5833 caelorum,
2059 5764 2117 5818 et

486 5874 840 5934 quiscunque
860 5857 1129 5933 ligaveris
1153 5873 1326 5932 super
1347 5859 1563 5916 terram
1584 5858 1756 5914 erunt
1782 5854 1958 5931 ligata
1976 5859 2033 5915 et
2053 5855 2114 5914 in

2212 5012 2399 5068 verbis
2432 5012 2640 5068 Paulus
2684 5012 3046 5068 beatissimus
3084 5014 3376 5085 apostolus
3420 5008 3683 5067 Romanis
3706 5017 3820 5077 pro-

2211 5107 2337 5178 prio
2362 5106 2743 5179 chirographo
2784 5106 3103 5177 pollicetur,
3152 5107 3345 5163 dicens
3374 5125 3390 5162 :
3427 5128 3457 5155 «
3494 5104 3664 5160 Testis
3691 5096 3823 5154 enim

2212 5199 2355 5254 mihi
2383 5203 2469 5256 est
2498 5201 2659 5268 Deus,
2689 5200 2779 5255 cui
2799 5200 2979 5255 servio
2996 5199 3055 5255 in
3083 5200 3283 5273 spiritu
3307 5216 3444 5255 meo
3464 5200 3525 5255 in
3544 5188 3825 5265 Evangelio

2212 5293 2337 5348 Filii
2368 5294 2492 5366 ejus
2523 5293 2678 5366 quod
2704 5293 2823 5349 sine
2844 5293 3262 5350 intermissione
3304 5292 3650 5349 memoriam
3676 5280 3826 5341 vestri

2213 5387 2359 5442 facio
2404 5387 2466 5441 in
2507 5387 2859 5443 orationibus
2903 5388 3050 5443 meis
3093 5388 3261 5459 (Rom.
3292 5404 3329 5455 Ι,
3361 5390 3417 5459 9,
3457 5388 3565 5459 t0).
3600 5406 3626 5435 »
3658 5379 3826 5438 Prima

2215 5497 2352 5553 ergo
2371 5481 2533 5537 sedes
2548 5481 2762 5538 caelesti
2779 5481 3056 5538 beneficio
3075 5483 3346 5539 Romanae
3366 5480 3652 5547 Ecclesiae,
3669 5485 3824 5547 quam

2212 5574 2527 5631 beatissimi
2551 5577 2751 5632 Petrus
2789 5581 2959 5647 atque
2998 5576 3207 5632 Paulus
3239 5591 3339 5632 suo
3382 5571 3662 5646 martyrio
3693 5563 3831 5624 dedi-

2212 5674 2434 5726 carunt.
2476 5670 2732 5726 Secunda
2783 5673 2975 5726 autem
3025 5669 3189 5726 sedes
3240 5667 3400 5743 apud
3453 5660 3836 5723 Alexandriam

2212 5761 2366 5819 beati
2411 5764 2560 5820 Petri
2599 5764 2833 5820 nomine
2876 5780 2911 5820 a
2954 5763 3134 5820 Marco
3180 5764 3304 5837 ejus
3360 5758 3643 5833 discipulo
3690 5758 3841 5826 atque

2213 5855 2557 5932 evangelista
2585 5863 2910 5918 consecrata
2938 5861 3044 5930 est,
3087 5857 3221 5933 quia
3248 5863 3308 5918 et
3333 5854 3469 5929 ipse
3513 5854 3575 5913 in
3615 5847 3839 5926 ιεεγριο
