4026 6166
202 302 299 354 233
1416 295 1883 352 DECRETAIJUM
1922 294 2306 350 COLLECTIO.
3447 298 3551 354 254

202 406 409 477 primus
433 403 669 458 verbum
696 402 948 458 veritatis
973 402 1219 459 directus
1236 405 1451 460 aPetro
1468 404 1813 476 praedicavit,
1838 420 1898 494 Α
1917 402 2039 469 der,
2062 401 2380 473 episcopus,
2407 404 2609 457 natura
2625 402 2768 457 lenis
2795 406 2853 457 et
2877 403 3124 474 quietus,
3139 403 3364 459 assidue
3391 420 3547 460 com-

202 502 254 553 et
286 498 589 569 gloriosum
629 496 873 568 suscepit
916 497 1275 568 martyrium.
1328 498 1431 553 Cui
1479 489 1819 554 venerabilis
1838 489 1898 494 ’“
1916 495 2329 551 monitionibus
2363 494 2561 549 Arium
2612 500 2846 568 cuperet
2869 514 2901 550 a
2931 513 3109 568 pravo
3138 497 3366 569 incepto
3390 501 3449 553 et
3469 516 3553 554 as-

132 638 135 639 ν
200 592 452 646 successit
494 590 733 646 Abilius.
785 591 970 645 Tertia
1016 608 1150 647 vero
1201 591 1368 646 sedes
1415 592 1569 662 apud
1612 592 1815 647 Antio-
1916 588 2259 644 sertionibus
2282 588 2469 660 impiis
2489 605 2894 656 revocare,nec
2912 594 3109 645 tamen
3129 608 3221 645 res
3242 596 3550 648 exsenten-

199 685 372 739 chiam
400 684 657 755 ejusdem
683 684 834 739 beati
862 684 1011 739 Petri
1034 686 1276 757 apostoli
1312 686 1551 740 habetur
1571 686 1813 741 honora-
1915 682 1992 736 tia
2004 682 2590 754 procederet,etquod
2602 684 2903 755 plerosque
2919 684 3165 754 quodam
3181 685 3442 756 contagio
3454 702 3551 757 pe-

196 779 333 845 bilis,
364 778 500 849 quia
528 778 665 845 illic,
692 778 1027 850 priusquam
1056 780 1297 833 Romam
1332 780 1568 847 veniret,
1602 779 1818 835 habita-
1917 775 2126 829 stiferrr
2145 774 2473 829 assertionis
2488 775 2781 844 infecerat,
2804 792 2918 831 non
2936 777 3121 832 solum
3139 778 3290 849 apud
3308 778 3552 834 Alexan-

196 873 282 941 vit,
299 872 652 943 etlgnatium
669 872 999 944 episcopum
1029 873 1342 941 constituit,
1360 878 1416 928 et
1430 873 1540 928 illic
1558 873 1814 945 primum
1913 869 2124 935 driam,
2147 886 2345 924 verum
2374 872 2433 924 et
2460 885 2561 940 per
2586 870 2720 923 alias
2744 870 3064 940 provincias
3089 872 3435 943 disperserat
3459 890 3550 927 ur-

194 982 399 1021 nomen
441 966 889 1022 Christianorum
918 968 1153 1021 novella;
1191 967 1379 1038 gentis
1415 970 1677 1021 exortum
1706 970 1811 1022 est.
1912 962 2035 1030 bes,
2074 962 2455 1034 perniciosum
2480 964 2600 1017 fore
2628 963 2887 1031 credens,
2919 964 2964 1017 si
2990 964 3376 1021 dissimularet
3398 983 3431 1020 a
3455 971 3545 1023 ta-

195 1061 321 1113 Nam
365 1063 427 1114 et
468 1059 1007 1131 Hierosolymitanus
1050 1060 1364 1132 episcopus,
1398 1076 1503 1132 pro
1530 1060 1677 1115 tanti
1706 1060 1813 1116 loci
1912 1056 2082 1129 libus,
2134 1056 2400 1128 plurimis
2441 1056 2931 1112 consacerdotibus
2973 1058 3089 1112 suis
3133 1075 3258 1113 rem
3308 1059 3539 1115 indicat.

194 1153 516 1221 reverentia,
533 1153 605 1207 ab
623 1153 886 1208 omnibus
901 1154 1142 1208 habetur
1167 1153 1542 1209 honorabilis.
1570 1154 1812 1210 Maxime
1911 1150 2158 1214 Quaestio
2180 1150 2335 1205 laicis
2364 1150 2688 1206 innotescit.
2718 1151 2915 1206 Sermo
2942 1167 3123 1223 usque
3150 1152 3221 1207 ad
3252 1170 3418 1207 aures
3449 1170 3541 1208 re-

194 1246 472 1317 quod~illic
492 1247 710 1316 primus
734 1246 1093 1302 beatissimus
1113 1247 1375 1317 Jacobus,
1403 1247 1498 1318 qui
1521 1247 1813 1302 dicebatur
1911 1243 2099 1314 ligiosi
2147 1244 2419 1315 principis
2465 1244 2696 1315 (quippe
2746 1245 2843 1316 qui
2896 1245 3051 1299 omni
3106 1245 3295 1300 studio
3349 1252 3405 1301 et
3460 1247 3544 1301 di-

185 1341 374 1409 justus,
408 1339 507 1411 qui
550 1340 727 1394 etiam
757 1341 1073 1395 secundum
1104 1357 1334 1396 carnem
1373 1341 1553 1395 frater
1581 1341 1811 1395 Domini
1910 1336 2147 1409 ligentia
2194 1342 2423 1392 curaret
2471 1354 2600 1409 quas
2648 1344 2838 1393 nostra
2883 1338 3034 1409 sunt)
3080 1339 3356 1410 pervenit.
3404 1340 3547 1394 Tum

191 1437 542 1504 nuncupatus
566 1437 667 1501 est,
701 1450 735 1488 a
766 1436 949 1502 Petro,
979 1434 1184 1489 Jacobo
1207 1438 1263 1491 et
1290 1436 1510 1489 Joanne
1541 1434 1809 1506 apostolis
1909 1431 2003 1484 ille
2049 1448 2119 1485 ex
2164 1431 2448 1486 sententia
2479 1431 2842 1486 sacerdotum
2867 1432 3018 1503 apud
3060 1432 3260 1487 urbem
3296 1433 3544 1488 Nicaeam

191 1532 261 1581 est
288 1527 590 1598 episcopus
618 1528 927 1597 ordinatus,
959 1527 1174 1600 itaque,
1207 1529 1518 1583 secundum
1544 1529 1805 1600 antiquo-
1913 1523 2037 1597 59
2067 1525 2384 1597 episcopale
2412 1525 2710 1580 concilium
2747 1529 3033 1593 convocat,
3067 1526 3329 1581 trecentis
3353 1527 3547 1598 ibique

192 1638 303 1674 rum
328 1623 565 1676 Patrum
590 1621 1001 1692 definitionem,
1030 1622 1190 1678 sedes
1209 1618 1398 1694 prima
1417 1622 1477 1677 in
1504 1623 1810 1693 Hierosoly—
1908 1618 2106 1672 Arium
2133 1618 2330 1673 decem
2369 1621 2428 1673 et
2470 1623 2595 1673 octo
2628 1619 2906 1689 episcopis
2941 1618 3318 1674 residentibus
3347 1620 3545 1675 adesse

190 1716 283 1769 mis
310 1732 436 1770 esse
468 1715 706 1770 minime
729 1715 955 1784 dicitur,
993 1731 1068 1771 ne
1097 1716 1242 1770 forte
1271 1716 1341 1771 ab
1367 1716 1691 1772 inﬁdelibus
1711 1723 1810 1771 aut
1901 1710 2087 1780 jubet,
2117 1727 2183 1765 ac
2202 1711 2272 1765 de
2296 1711 2419 1781 ejus
2437 1711 2924 1783 propositionibus
2950 1716 3008 1766 et
3033 1713 3442 1783 quaestionibus
3455 1714 3547 1784 ju-

190 1808 361 1863 idiotis
395 1809 560 1864 sedes
580 1809 805 1864 Domini
836 1809 1021 1865 nostri
1039 1811 1170 1865 Jesu
1196 1810 1565 1885 Christi,quze
1588 1811 1647 1865 in
1668 1812 1808 1866 coelo
1828 1795 1885 1868 Β
1909 1803 2113 1859 (ﬁcare-
2145 1804 2247 1859 Sed
2278 1805 2339 1858 in
2364 1820 2432 1859 eo
2458 1804 2695 1859 concilio
2721 1805 3031 1860 admirable
3080 1807 3293 1861 factum
3330 1807 3543 1877 princi-

189 1905 280 1969 est,
310 1903 367 1956 in
402 1906 559 1957 terra
583 1918 705 1958 esse
731 1905 1050 1975 putaretur.
1092 1903 1313 1959 Etenim
1357 1904 1517 1958 sedes
1559 1905 1680 1975 ejus
1706 1921 1810 1959 coe-
1909 1898 1997 1969 pis
2022 1915 2140 1953 non
2169 1903 2308 1969 puto
2340 1898 2710 1953 reticendum.
2736 1899 2957 1953 Etenim
2986 1916 3118 1954 cum
3164 1917 3233 1954 ex
3279 1901 3546 1956 omnibus

190 1996 1809 2070 lum,terraautemscabellumpedumejus,quoniamipse
1908 2007 2056 2062 pene
2096 1991 2235 2047 locis
2274 1992 2521 2063 episcopi
2559 1992 2971 2063 convenissent,
3002 1999 3077 2063 et,
3120 1999 3184 2047 ut
3224 1994 3347 2047 fieri
3378 1995 3540 2063 solet,

186 2095 277 2153 est,
294 2106 399 2160 per
422 2107 602 2161 quem
630 2090 826 2145 omnia
856 2091 1005 2146 facta
1026 2097 1175 2159 sunt,
1215 2095 1271 2147 et
1311 2092 1429 2148 sine
1455 2109 1569 2164 quo
1596 2093 1808 2147 factum
1910 2084 2142 2141 diversis
2158 2102 2222 2140 ex
2250 2086 2596 2142 causisinter
2611 2102 2670 2140 se
2687 2086 2947 2157 quaedam
2969 2085 3164 2158 jurgia
3191 2086 3541 2156 detulissent,

186 2184 756 2255 estnihil(10an.l,3),
775 2184 1095 2255 «quoniam
1126 2202 1192 2240 ex
1224 2184 1369 2257 ipso,
1400 2190 1456 2241 et
1473 2204 1575 2258 per
1598 2187 1806 2258 ipsum,
1909 2178 2379 2251 interpellabatur
2414 2180 2749 2251 frequenter
2792 2197 2825 2233 a
2871 2178 3129 2249 singulis,
3158 2180 3546 2235 oﬂ‘erebantur

186 2278 313 2332 etin
340 2277 470 2349 ipso
504 2282 639 2333 sunt
663 2278 876 2345 omnia,
903 2278 1013 2351 ipsi
1041 2278 1224 2351 gloria
1253 2279 1312 2334 in
1337 2280 1538 2335 saecula
1570 2281 1806 2336 saeculo-
1908 2272 2104 2343 libelli,
2132 2273 2314 2345 culpae
2349 2273 2805 2345 proferebantur,
2835 2277 2891 2328 et
2913 2274 3098 2345 magis
3122 2273 3195 2329 ad
3220 2274 3343 2329 haec
3368 2291 3541 2346 quam

186 2387 316 2426 rum.
343 2376 539 2427 Amen
564 2373 733 2442 (Rom.
767 2389 826 2439 II,
856 2372 965 2443 36).
1001 2394 1029 2422 »
1906 2367 1978 2422 ad
2003 2366 2061 2422 id
2086 2383 2188 2439 pro
2215 2384 2329 2439 quo
2354 2367 2544 2422 fuerat
2569 2370 2803 2422 ventum
2830 2366 3054 2422 animos
3080 2367 3311 2423 dabant.
3331 2370 3402 2424 At
3430 2368 3541 2437 ille,

242 2466 406 2537 Apud
434 2466 722 2537 Ephesum
746 2482 876 2521 vero
906 2466 1267 2522 beatissimus
1291 2468 1558 2535 Joannes,
1589 2473 1811 2540 aposto—
1908 2460 2104 2516 videns
2133 2461 2283 2533 quod
2308 2477 2412 2532 per
2436 2460 2763 2532 hujusmodi
2783 2460 2981 2532 jurgia
3011 2477 3180 2516 causa
3205 2461 3414 2516 summi
3441 2477 3540 2517 ne-

182 2558 259 2612 lus
273 2565 327 2615 et
343 2560 723 2631 evangelista,
747 2561 929 2615 multo
950 2565 1210 2633 tempore
1231 2566 1360 2633 post
1383 2561 1607 2617 Domini
1626 2579 1810 2617 resur-
1910 2554 2051 2625 gotii
2076 2555 2467 2621 frustraretur,
2513 2553 2664 2610 diem
2706 2557 2924 2609 certum
2971 2554 3170 2609 statuit
3210 2571 3324 2626 quo
3374 2572 3543 2610 unus

182 2653 489 2709 rectionem
502 2654 1029 2709 etascensionemin
1042 2654 1807 2727 coelos,divinainspiratione
1910 2648 2147 2720 quisque
2175 2647 2587 2720 episcoporum,
2635 2647 2676 2701 si
2718 2647 2853 2718 quid
2900 2647 3280 2719 querimonia:
3326 2648 3539 2704 habere

181 2747 551 2818 Evangelium
595 2748 925 2820 conscripsit
965 2753 1136 2821 atque
1181 2748 1476 2821 requievit.
1506 2751 1575 2805 Et
1603 2750 1675 2804 ob
1701 2751 1807 2805 hoc
1906 2742 2214 2811 videretur,
2246 2742 2511 2796 deferret.
2542 2743 2684 2798 Cum
2723 2741 3041 2810 resedisset,
3089 2742 3337 2813 suscepit
3364 2759 3397 2796 a
3423 2743 3539 2798 sin-

177 2842 470 2913 episcopus
497 2842 834 2913 Ephesinus,
872 2859 978 2914 pro
1008 2843 1150 2897 tanti
1193 2843 1431 2914 apostoli
1464 2846 1521 2899 et
1560 2860 1805 2917 evange-
1912 2836 2059 2907 gulis
2097 2836 2332 2890 libellos.
2376 2836 2527 2899 Quos
2570 2835 2737 2890 simul
2769 2852 2969 2890 omnes
2992 2835 3054 2890 in
3083 2836 3213 2890 sinu
3239 2852 3341 2891 suo
3371 2836 3543 2891 conti-

177 2934 309 2990 listze
340 2936 654 3005 memoria,
683 2936 900 2992 caeteris
942 2936 1219 3009 episcopis
1254 2937 1707 3009 metropolitanis
1746 2938 1807 2993 in
1907 2946 2049 2985 nens
2083 2945 2188 2984 nec
2212 2929 2271 2984 in
2300 2928 2381 2983 eis
2407 2929 2559 3001 quod
2604 2929 2995 2984 contineretur
3029 2929 3306 3000 aperiens,
3349 2930 3430 2985 ait
3468 2930 3543 2985 ad

176 3030 404 3099 synodis
432 3029 921 3086 honorabiliorem
952 3030 1174 3086 obtinet
1200 3031 1412 3086 sedem.
1909 3023 2201 3095 episc0pos
2230 3039 2243 3077 :
2276 3044 2304 3073 «
2333 3024 2480 3078 Deus
2519 3039 2617 3077 vos
2661 3022 2954 3078 constituit
2988 3022 3326 3091 sacerdotes,
3365 3028 3423 3079 et
3446 3041 3542 3095 po-

238 3123 346 3178 Sed
369 3124 646 3195 quoniam
673 3123 745 3178 de
763 3124 1000 3179 concilio
1020 3124 1247 3180 Nicamo
1275 3124 1670 3180 disserendum
1700 3128 1805 3195 est,
1832 3171 1880 3195 η
1908 3120 2170 3172 testatem
2197 3116 2350 3171 vobis
2377 3116 2536 3171 dedit
2577 3116 2645 3170 de
2682 3116 2847 3171 nobis
2875 3133 3102 3188 quoque
3126 3117 3444 3187 judicandi.
3473 3119 3543 3173 Et

239 3171 346 3178 η--
372 3171 646 3195 τ.-......
677 3171 743 3178 ..-
767 3171 995 3179 ---------
1020 3171 1243 3180 -.--....-
1277 3171 1670 3180 --------..._-.-
1702 3171 1805 3195 νη,
2068 3171 2071 3172 ν
2891 3171 2910 3187 .
3006 3171 3027 3188 ι
3126 3171 3147 3187 ..
3210 3171 3215 3172 ν
3380 3171 3383 3172 ν

175 3233 290 3288 qua;
336 3218 465 3272 haec
515 3216 651 3271 fecit
691 3233 880 3287 causa,
925 3222 992 3273 ιιι
1041 3220 1172 3289 post
1218 3218 1374 3273 illam
1420 3219 1805 3290 apostolorum
1828 3171 1883 3246 Ο
1907 3210 2038 3266 ideo
2066 3227 2173 3265 nos
2199 3227 2233 3264 a
2258 3209 2411 3265 vobis
2427 3215 2578 3265 recte
2594 3210 2941 3281 judicamur,
2956 3226 3055 3266 vos
3089 3216 3282 3266 autem
3302 3228 3418 3266 non
3443 3228 3543 3283 po-

177 3311 485 3381 gloriosam
512 3310 999 3382 praedicationem,
1044 3328 1173 3382 qua:
1219 3311 1274 3367 in
1316 3327 1550 3368 omnem
1590 3316 1806 3369 terram
1906 3304 2063 3360 testis
2078 3304 2149 3359 ab
2176 3304 2504 3359 hominibus
2518 3303 2783 3375 judicari.
2805 3304 3045 3375 Pr0pter
3062 3305 3213 3376 quod
3250 3305 3347 3360 Dei
3365 3306 3540 3361 solius

175 3404 507 3459 mirabiliter
520 3403 725 3459 diffusa
746 3407 849 3475 est,
869 3405 972 3459 sub
1001 3405 1371 3462 Constantino
1388 3408 1641 3477 Augusto
1660 3407 1803 3463 tanti
1906 3399 2057 3454 inter
2087 3415 2183 3454 vos
2224 3401 2550 3469 exspectate
2570 3397 2874 3468 judicium,
2915 3402 2981 3453 ut
3029 3400 3088 3452 et
3135 3402 3321 3453 vestra
3342 3399 3541 3471 jurgia

177 3502 666 3570 congregarentur
680 3498 973 3570 episcopi?
990 3499 1356 3555 Ruﬁninobis
1370 3499 1802 3569 decimusliber,
1907 3509 2259 3565 quaecunque
2293 3497 2423 3547 sunt
2453 3492 2527 3546 ad
2553 3490 2691 3546 illnd
2719 3490 2976 3546 diVinum
3019 3495 3383 3548 reserventur
3411 3510 3542 3548 exa-

177 3592 265 3663 qui
280 3593 939 3664 conjunctusestnovem
960 3593 1120 3648 libris
1134 3593 1526 3649 ecclesiastica
1548 3593 1806 3650 Historia:
1904 3603 2061 3657 men,
2094 3604 2192 3641 VOS
2233 3585 2447 3642 etenim
2485 3584 2649 3640 n0bi5
2687 3602 2721 3639 a
2743 3586 2857 3640 Deo
2877 3585 2997 3641 dati
3025 3586 3160 3641 estis
3330 3588 3541 3644 Conve-

177 3700 310 3756 quos
349 3686 438 3740 vir
479 3686 894 3743 eruditissimus
919 3687 1194 3743 Eusebius
1221 3687 1582 3744 Caesariensis
1605 3688 1801 3759 edidit,
1904 3681 2066 3737 niens
2091 3697 2210 3736 non
2235 3685 2320 3735 est
2344 3685 2409 3735 ut
2432 3679 2603 3734 homo
2621 3678 2844 3750 judicet
2867 3680 3024 3749 deos,
3055 3681 3151 3736 sed
3176 3681 3271 3736 ille
3298 3682 3450 3738 solus
3468 3681 3539 3737 de

175 3779 484 3836 necessario
506 3780 813 3852 praefertur
842 3780 916 3839 ad
938 3780 1219 3852 medium,
1243 3786 1310 3837 ut
1335 3797 1509 3853 parva
1534 3768 1664 3853 quae
1682 3781 1805 3854 ejus
1905 3790 2020 3848 quo
2049 3766 2325 3846 scriptum
2359 3776 2443 3828 est
2471 3790 2484 3828 :
2521 3791 2549 3825 α
2578 3773 2725 3826 Deus
2773 3772 2927 3828 stetit
2973 3773 3035 3828 in
3073 3791 3372 3846 synagoga
3411 3774 3540 3830 deo-

178 3872 325 3928 inter
370 3872 532 3928 initia,
580 3874 649 3929 de
691 3875 809 3929 Arii
853 3875 1225 3947 perversitate
1279 3875 1601 3947 conscripta
1651 3880 1801 3946 sunt,
1904 3884 2055 3935 rum,
2076 3867 2139 3922 in
2160 3866 2346 3923 medio
2363 3871 2555 3921 autem
2573 3865 2711 3921 deos
2730 3864 3003 3921 discernit
3021 3867 3189 3938 (Psal.
3208 3868 3481 3939 LXXXI,i).
3507 3889 3537 3919 ››

179 3971 592 4035 memorentur,
625 3968 761 4039 quia
796 3968 1033 4024 dubium
1074 3986 1189 4026 non
1227 3974 1330 4037 est,
1359 3969 1486 4025 ideo
1525 3972 1805 4026 trecentos
1905 3963 1973 4017 Et
2012 3961 2262 4031 ideo,his
2290 3960 2533 4029 omissis,
2548 3959 2660 4015 alia
2680 3976 2809 4031 quae
2834 3960 2906 4015 ad
2928 3959 3103 4015 ﬁdem
3128 3961 3225 4017 Dei
3250 3960 3540 4033 pertinent

180 4059 375 4116 decem
430 4064 490 4116 et
539 4065 664 4117 octo
719 4062 1095 4118 sanctissimos
1152 4064 1363 4131 Patres,
1422 4081 1493 4120 ex
1545 4064 1805 4120 universo
1905 4056 2119 4129 absque
2145 4056 2263 4110 ulla
2302 4055 2629 4110 animorum
2664 4054 3022 4109 contentione
3065 4054 3349 4111 discutite.
3396 4057 3537 4111 Cum

181 4155 440 4212 orientali
456 4156 669 4211 orbein
686 4156 871 4211 Nicaea
898 4156 1173 4229 Bithynia:
1200 4160 1595 4229 congregatos,
1612 4160 1673 4211 ut
1687 4157 1804 4213 Arii
1906 4150 2030 4205 haec
2075 4149 2305 4205 dixisset
2351 4166 2553 4204 omnes
2595 4147 3086 4220 querimoniarum
3116 4148 3336 4205 libellos
3368 4149 3539 4222 jussit

179 4248 417 4320 impium
444 4249 655 4320 dogma
676 4250 885 4306 Christi
906 4250 1112 4306 auxilio
1141 4251 1397 4307 funditus
1418 4251 1801 4306 damnaretur.
1906 4243 2085 4314 exuri,
2114 4261 2187 4299 ne
2213 4244 2598 4301 innotesceret
2643 4242 2722 4297 illi
2764 4242 2960 4297 odium
3007 4248 3064 4298 et
3102 4243 3426 4316 suggillatio
3456 4261 3540 4300 sa‘

180 4342 243 4396 Et
273 4342 480 4398 salubri
505 4343 869 4416 providentia
893 4346 1330 4400 constitueretur
1352 4344 1508 4417 quod
1526 4344 1586 4399 in
1615 4348 1807 4400 sancta
1906 4337 2225 4393 cerdotum-
2257 4338 2464 4392 Verum
2495 4354 2626 4392 cum
2652 4353 2756 4409 per
2782 4336 2904 4391 dies
2925 4338 3134 4392 mllltos
3165 4337 3224 4392 in
3253 4338 3538 4412 episcopo‘

182 4437 449 4492 catholica
475 4438 723 4493 Ecclesia
748 4437 955 4494 debeat
981 4438 1284 4495 observari.
1336 4440 1480 4495 Item
1509 4438 1581 4494 ad
1617 4438 1806 4494 locum
1905 4449 2036 4487 rum
2060 4430 2295 4488 concilio
2324 4432 2393 4486 de
2423 4430 2533 4486 ﬁde
2563 4430 2802 4502 quaestio
2832 4434 3165 4500 verteretur,
3195 4437 3251 4487 et
3275 4429 3538 4488 nonnulli

185 4546 250 4583 ex
288 4530 431 4585 libro
475 4531 700 4587 decimo
748 4531 942 4587 Ruﬁni
971 4549 985 4587 :
1015 4532 1191 4604 Igitur
1216 4548 1348 4587 cum
1389 4533 1540 4604 apud
1565 4533 1805 4588 Alexan-
1822 4552 1882 4624 D
1906 4526 2125 4582 diversa
2150 4525 2426 4581 sentirent
2443 4542 2508 4581 ac
2527 4525 2891 4581 vehementer
2916 4525 3090 4597 ceptis
3116 4525 3232 4580 Arii
3260 4526 3534 4596 faverent,

185 4623 363 4679 driam
398 4630 529 4697 post
559 4625 851 4696 Achillem,
898 4625 997 4698 qui
1038 4626 1192 4681 Petri
1238 4625 1483 4699 matyrio
1522 4626 1802 4696 successit,
1822 4618 1869 4624 ”
1902 4621 2097 4692 plures
2123 4625 2319 4676 tamen
2341 4622 2503 4674 erant
2518 4619 2615 4691 qui
2637 4618 2882 4690 impium
2904 4622 3331 4675 exsecrarentur
3349 4620 3541 4693 incep-

186 4719 509 4790 suscepisset
529 4719 849 4775 Alexander
880 4720 1284 4788 sacerdotium,
1310 4720 1445 4792 quia
1469 4737 1577 4793 pax
1599 4719 1806 4776 nostris
1903 4718 2048 4771 tum.
2080 4716 2333 4787 Cumque
2375 4713 2435 4768 in
2468 4712 2672 4767 eodem
2699 4711 2939 4767 concilio
2971 4715 3118 4767 esset
3148 4712 3539 4770 confessorum

190 4816 245 4866 et
266 4814 418 4885 quies
458 4831 493 4868 a
535 4813 1027 4886 persecutionibus
1052 4820 1196 4884 erat,
1237 4819 1406 4887 atque
1432 4815 1807 4871 Ecclesiarum
1904 4825 2147 4881 magnus
2175 4822 2447 4863 numerus
2489 4805 2866 4875 sacerdotum,
2910 4821 3112 4861 omnes
3142 4807 3256 4862 Arii
3286 4808 3541 4864 novitati-

190 4907 361 4976 gloria
396 4907 783 4963 confessorum
831 4908 1050 4964 meritis
1106 4907 1412 4980 gaudebat,
1464 4908 1807 4980 prosperitas
1904 4901 2012 4958 bus
2037 4901 2503 4958 adversabantur.
2544 4899 2828 4956 Favebant
2868 4915 3001 4956 vero
3042 4901 3093 4957 ei
3132 4901 3237 4956 viri
3283 4901 3343 4957 in
3389 4919 3540 4974 quee-

189 5006 712 5058 rerumnostrarum
735 5002 1046 5057 domestica
1070 5002 1431 5058 contentione
1446 5002 1803 5058 turbabatur.
1907 4996 2182 5053 stionibus
2206 4994 2413 5063 callidi,
2447 4997 2504 5049 et
2528 4994 2601 5049 ob
2635 4993 2693 5049 id
2731 4993 3076 5066 simplicitati
3115 4995 3249 5051 fidei
3278 4996 3535 5053 adversa-

192 5094 402 5151 Etenim
415 5097 713 5169 presbyter
724 5096 959 5168 quidam
973 5098 1123 5169 apud
1138 5095 1809 5164 Alexandriam,nomine
1906 5092 2132 5147 bantur.
2163 5092 2444 5155 Quantam
2464 5105 2598 5144 vero
2626 5088 2834 5144 habeat
2859 5088 3131 5145 virtutem
3161 5088 3296 5146 fidei
3320 5089 3535 5162 simplid

192 5189 363 5260 Arius,
393 5191 624 5262 viripse
649 5195 706 5246 et
727 5191 910 5245 forma
936 5191 1121 5269 magis
1142 5206 1317 5263 quam
1345 5189 1551 5246 virtute
1583 5188 1805 5262 religio-
1908 5186 2067 5256 citas,
2097 5185 2269 5241 etiam
2316 5201 2383 5239 ex
2425 5184 2513 5238 his
2557 5199 2686 5255 quas
2728 5183 2805 5238 ibi
2849 5187 3005 5255 gesta
3050 5186 3201 5254 sunt,
3252 5184 3541 5256 cognoscis
3590 5193 3596 5200 '

196 5296 297 5349 sus,
320 5284 419 5339 sed
450 5283 648 5356 gloriae
678 5284 977 5356 laudisque
1016 5288 1074 5338 et
1104 5282 1371 5339 novitatis
1400 5282 1661 5356 improbe
1687 5300 1812 5355 per—
1908 5297 2058 5335 mus.
2089 5279 2312 5336 Etenim
2363 5295 2493 5333 cum
2544 5295 2648 5349 pro
2692 5274 2879 5333 studio
2908 5277 3157 5350 religiosi
3182 5269 3538 5350 imperatoris

196 5376 439 5453 cupidus,
487 5394 668 5450 prava
712 5378 975 5450 quaedam
1018 5377 1088 5432 de
1130 5376 1335 5434 Christi
1378 5377 1490 5432 ﬁde
1532 5377 1807 5449 proferre,
1910 5390 1975 5430 ex
2001 5374 2158 5450 omni
2175 5377 2330 5429 terra
2354 5370 2677 5427 sacerdotes
2706 5371 2807 5426 Dei
2836 5372 3247 5439 convenissent,
3271 5369 3536 5441 opinione

198 5472 250 5522 et
273 5488 390 5542 qua:
432 5478 553 5528 arte
600 5470 979 5543 inquisitionis
1021 5470 1313 5527 invenerat
1354 5471 1541 5543 cespit.
1572 5470 1808 5525 Abscin-
1910 5466 2189 5523 commoti
2214 5465 2535 5538 philosophi
2568 5481 2795 5537 quoque
2841 5470 2898 5519 et
2940 5463 3218 5520 dialectici
3254 5462 3413 5517 valde
3443 5478 3540 5516 no-

200 5560 315 5619 dere
341 5566 516 5634 enim,
561 5582 626 5621 ac
665 5581 926 5638 separare
954 5565 1026 5621 ab
1050 5566 1145 5621 illa
1170 5568 1390 5620 aeterna
1433 5568 1491 5619 et
1534 5563 1811 5620 ineffabili
1907 5561 2050 5618 biles
2076 5564 2134 5616 et
2157 5559 2540 5632 Opinatissimi
2566 5562 2976 5614 convenerunt.
3002 5560 3065 5611 In
3087 5556 3289 5628 quibus
3306 5556 3541 5627 quidam

200 5653 287 5712 Dei
308 5659 483 5715 Patris
512 5660 828 5717 substantia
871 5660 960 5716 vel
1007 5663 1214 5716 natura
1239 5656 1446 5715 Filium
1476 5658 1808 5714 conabatur.
1908 5655 2151 5727 insignis
2174 5654 2232 5710 in
2259 5658 2381 5709 arte
2419 5652 2709 5709 dialectica
2735 5668 2838 5725 per
2867 5651 2988 5706 dies
3032 5650 3283 5721 singulos
3311 5649 3533 5706 conﬂic-

202 5748 317 5812 Quae
344 5771 437 5811 res
461 5753 520 5810 in
548 5754 793 5810 Ecclesia
818 5754 1098 5827 plurimos
1122 5753 1519 5823 conturbabat,
1540 5750 1811 5808 etadulci
1909 5754 2035 5807 tum
2066 5748 2277 5806 summi
2306 5747 2632 5804 certaminis
2673 5762 2803 5802 cum
2843 5744 3121 5816 episcopis
3169 5744 3374 5800 nostris
3407 5745 3541 5802 viris

204 5849 393 5906 mentis
437 5850 849 5927 tranquillitate
886 5848 1228 5908 dimovebat.
1269 5848 1380 5907 Sed
1406 5864 1539 5907 cum
1561 5846 1811 5905 Alexan-
1912 5861 2077 5920 teque
2106 5842 2168 5901 in
2194 5842 2487 5901 dialectica
2514 5858 2630 5898 non
2666 5836 3116 5913 improbabiliter
3150 5839 3391 5898 eruditis
3418 5857 3539 5900 mo-
