4026 6166
493 245 598 296 2ἓίἱὶ

1385 234 1666 291 APPEND.
1707 236 1795 290 AD
1831 233 1988 290 sae.
2033 235 2216 291 111-
2256 236 2498 292 lSlDORl
2534 235 2956 293 MERCATORIS
3520 206 3521 209 γ
3708 248 3788 301 23v.

497 350 681 404 vehat.
715 350 784 403 Et
803 348 974 402 ﬁebat
999 348 1205 416 ingens
1239 346 1625 416 spectaculum
1654 344 2125 399 convenientibus
2145 357 2204 431 Α
2224 345 2480 416 pefactus
2495 345 2701 400 virtute
2716 346 2998 401 dictorum
3015 348 3210 400 mutus
3224 346 3296 401 ad
3309 347 3500 403 omnia
3523 349 3623 405 hoc
3636 354 3791 408 solum

498 445 567 498 ad
596 441 948 496 audiendum
975 439 1154 493 doctis
1200 442 1257 493 et
1301 438 1566 493 litteratis
1599 437 1752 492 viris.
1793 438 1904 491 Nec
1933 439 2123 492 tamen

495 537 613 591 ullo
641 551 850 606 genere
882 532 1251 604 philosophus
1278 531 1544 586 concludi
1573 548 1607 585 a
1635 531 1884 602 quodam
1904 535 2127 602 poterat

496 632 589 684 aut
621 627 950 697 constringi.
964 628 1143 681 Tanta
1163 625 1317 680 enim
1338 625 1560 680 dicendi
1575 628 1695 679 arte
1712 624 1945 695 objectis
1967 641 2124 695 qure-

499 720 777 777 stionibus
802 719 1153 786 occurrebat,
1171 725 1233 774 ut
1256 717 1356 773 ubi
1378 718 1626 772 maxime
1647 722 1945 787 putaretur
1958 717 2124 771 astri-

499 821 622 870 ctus
652 815 805 868 velut
828 813 1032 884 anguis
1058 812 1309 867 lubricus
1336 812 1679 866 elaberetur.
1707 810 1815 865 Sed
1846 814 1909 864 ut
1934 815 2123 865 osten-

500 910 663 964 deret
708 911 867 975 Deus,
915 905 1048 977 quia
1099 922 1272 959 «non
1319 905 1378 959 in
1421 920 1679 959 sermone
1723 920 1967 975 regnum
2002 904 2123 972 Dei,

498 1004 598 1058 sed
625 1003 684 1056 in
715 1001 922 1055 virtute
967 999 1218 1054 consistit
1250 1000 1299 1070 (Ι
1328 999 1447 1053 Cor.
1496 1015 1568 1065 ιν,
1605 997 1718 1070 20),
1746 1020 1774 1045 η
1805 998 2036 1069 quidam
2063 1014 2126 1052 ex

499 1094 936 1162 confessoribus,
981 1092 1416 1163 simplicissima:
1468 1098 1683 1146 naturae
1725 1091 1839 1158 vir,
1883 1096 1939 1146 et
1985 1090 2127 1145 nihil

501 1190 658 1245 aliud
687 1188 869 1243 sciens
898 1210 925 1236 ‹‹
956 1186 1064 1240 nisi
1092 1186 1376 1239 Christum
1401 1187 1613 1251 Iesum,
1660 1190 1716 1240 et
1750 1186 1914 1273 .hunc
1945 1183 2126 1238 cruci-

500 1286 675 1338 fixum
708 1285 747 1341 (1
794 1286 910 1340 Cor.
944 1298 1002 1348 II,
1043 1284 1115 1349 2),
1151 1301 1177 1329 ››
1219 1279 1369 1333 inter
1410 1282 1645 1333 caeteros
1691 1278 1978 1332 auditores
2006 1278 2126 1348 epi-

503 1395 702 1448 scopos
734 1376 945 1429 aderat.
968 1374 1075 1438 Qui
1102 1390 1233 1427 eum
1260 1373 1492 1427 vidisset
1520 1371 1926 1443 phiIOSOphum
1960 1371 2132 1425 insul-

502 1475 720 1525 tantem
748 1469 974 1535 nostris,
1008 1473 1063 1521 et
1103 1466 1301 1520 callida
1343 1483 1401 1519 se
1433 1464 1832 1535 disputationis
1860 1470 1979 1519 arte
2004 1465 2127 1535 jac-

503 1569 746 1632 tantem,
776 1561 957 1633 poscit
1001 1560 1071 1614 ab
1113 1559 1380 1614 omnibus
1420 1560 1609 1619 locum
1654 1558 1795 1612 velle
1839 1574 1895 1611 se
1941 1557 2131 1628 paucis

504 1674 632 1712 cum
677 1654 1013 1727 philosopho
1052 1652 1433 1708 sermocinari.
1468 1653 1610 1706 Tum
1654 1667 1788 1704 vero
1831 1650 2005 1704 nostri
2033 1650 2131 1719 qui

2224 438 2413 509 potuit
2438 440 2788 510 respondere
2819 456 2832 493 :
2873 441 2949 493 Ita
2975 438 3080 493 sibi
3102 438 3299 507 videri,
3336 456 3435 495 nec
3463 442 3607 497 aliud
3630 460 3794 501 verum

2226 547 2346 585 esse
2384 548 2556 603 quam
2587 532 2827 587 dixerat.
2861 534 3015 586 Tunc
3057 532 3250 587 senior
3277 533 3395 588 haec
3418 534 3595 607 inquit
3622 554 3634 591 :
3665 538 3713 591 Si
3736 539 3797 593 ita

2226 640 2346 679 esse
2391 624 2700 693 credidisti,
2760 642 2951 697 surge,
3010 629 3067 680 et
3120 642 3353 698 sequere
3401 643 3491 683 me
3531 629 3598 682 ad
3639 631 3797 685 Domi-

2228 718 2440 785 nicum,
2473 724 2529 773 et
2583 719 2755 790 hujus
2792 718 2924 774 fidei
2968 719 3324 789 signaculum
3371 722 3595 793 suscipe.
3644 725 3700 778 Et
3742 726 3803 779 ita

2226 811 2599 883 philosophus
2627 812 2977 867 Christianus
3008 812 3239 867 effectus
3268 813 3496 869 tandem
3522 831 3576 870 se
3602 819 3803 887 gratula-

2227 910 2318 959 tus
2342 909 2427 959 est
2448 905 2683 960 victum.
2702 908 2763 959 ln
2792 907 2889 959 illo
2910 905 3079 959 etiam
3101 906 3343 961 concilio
3368 906 3475 962 fuit
3499 909 3805 979 Paphnutius

2227 998 2403 1053 homo
2450 998 2551 1053 Dei
2597 998 2897 1069 episcopus
2926 999 3174 1070 Egypti,
3208 999 3266 1053 in
3307 1015 3419 1071 quo
3456 1004 3604 1056 tanta
3635 1002 3805 1059 virtute

2227 1091 2417 1146 inerat
2446 1092 2643 1163 gratia,
2679 1097 2741 1146 ut
2777 1093 2941 1163 signa
2984 1110 3088 1164 per
3114 1108 3247 1147 eum
3290 1109 3407 1148 non
3443 1094 3623 1149 minus
3662 1112 3804 1166 quam

2230 1184 2449 1239 dudum
2480 1202 2583 1256 per
2610 1186 2893 1256 apostolos
2919 1186 3151 1241 ﬁerent.
3170 1187 3290 1251 Quo
3315 1187 3486 1242 etiam
3508 1188 3564 1242 in
3592 1192 3807 1261 tempore

2228 1281 2286 1331 et
2310 1278 2610 1350 Spyridion
2642 1280 2880 1350 Cyprius
2909 1280 3206 1351 episcopus
3246 1280 3487 1351 insignis
3523 1281 3807 1338 habebatur.

2228 1372 2388 1425 Tales
2420 1373 2597 1441 igitur
2625 1373 2683 1427 in
2715 1372 2827 1429 illis
2854 1373 3042 1427 adhuc
3070 1373 3424 1444 temporibus
3461 1376 3619 1429 multi
3642 1375 3732 1429 viri
3763 1376 3807 1429 in

2230 1466 2489 1520 Ecclesiis
2519 1466 2744 1520 Domini
2783 1466 3163 1538 refulgebant,
3197 1483 3264 1521 ex
3307 1467 3508 1538 quibus
3539 1469 3742 1539 plurimi
3764 1470 3809 1522 in

2229 1558 2327 1613 illo
2355 1559 2593 1614 concilio
2622 1560 2874 1614 fuerunt.
2904 1562 3126 1614 Interea
3146 1576 3250 1631 per
3270 1560 3389 1615 dies
3416 1561 3654 1633 singulos
3670 1563 3811 1633 agita-

2229 1651 2395 1705 batur
2423 1656 2755 1720 conventus,
2791 1669 2895 1706 nec
2933 1653 3098 1707 facile
3143 1657 3245 1708 aut
3286 1658 3500 1709 temere
3540 1658 3683 1709 tanta
3723 1659 3807 1708 sta-

505 1750 923 1821 simplicitatem
965 1747 1068 1801 viri
1112 1754 1168 1800 et
1198 1746 1546 1817 imperitiam
1590 1745 1651 1799 in
1681 1761 1943 1799 sermone
1982 1745 2126 1798 dun-
2150 1725 2207 1798 Β
2232 1748 2390 1799 tuere
2421 1745 2727 1815 audebant,
2774 1749 2831 1801 et
2877 1746 3183 1803 vocabatur
3221 1748 3386 1802 Arius
3432 1748 3733 1820 frequenter
3766 1748 3810 1801 in

503 1849 660 1898 taxat
698 1845 944 1909 nossent,
982 1857 1184 1912 pavere
1221 1843 1278 1894 et
1307 1840 1462 1892 velut
1498 1838 1778 1909 pudorem
1822 1837 2130 1907 quemdam

504 1937 622 2009 pati
653 1953 724 1991 ne
753 1937 899 1991 forte
921 1934 1075 2006 apud
1105 1932 1339 1987 callidos
1360 1932 1622 1987 homines
1643 1930 1779 1985 risui
1812 1931 2133 1985 efﬁceretur

505 2033 701 2085 sancta
734 2028 1079 2099 simplicitas.
1120 2025 1368 2080 Perstitit
1412 2028 1607 2078 tamen
1645 2024 1854 2093 senior,
1898 2029 1955 2078 et
1998 2024 2131 2078 hinc

505 2124 687 2179 movit
716 2121 991 2176 sermonis
1016 2118 1337 2174 exordium.
1370 2138 1397 2169 «
1430 2121 1490 2171 In
1518 2117 2131 2188 nomine,inquit,Jesu

505 2216 732 2285 Christi,
765 2213 1129 2286 philosophe,
1161 2210 1297 2265 audi
1328 2227 1455 2281 quae
1482 2226 1615 2264 vera
1638 2214 1789 2264 sunt.
1817 2212 1963 2264 Deus
1990 2228 2133 2264 unus

507 2314 593 2366 est
616 2310 714 2379 qui
740 2307 873 2362 fecit
896 2307 1101 2361 coelum
1127 2308 1183 2358 et
1208 2308 1439 2371 terram,
1472 2304 1683 2375 quique
1718 2303 1936 2358 homini
1959 2321 2132 2375 quem

509 2404 581 2458 de
608 2403 749 2457 limo
787 2406 955 2455 terrae
996 2400 1342 2453 formaverat
1368 2397 1631 2467 spiritum
1664 2397 1838 2465 dedit,
1870 2398 2134 2451 universa

506 2514 632 2569 quae
657 2496 921 2550 videntur
950 2492 1056 2547 sibi
1084 2492 1289 2546 virtute
1321 2490 1484 2545 Verbi
1515 2490 1600 2544 sui
1643 2490 1875 2559 creavit,
1916 2496 1974 2545 et
2014 2490 2136 2562 Spi-

505 2593 648 2648 ritus
675 2589 762 2645 sui
791 2586 1237 2643 sanctificatione
1262 2584 1527 2652 limavit,
1544 2584 1652 2638 hoc
1672 2584 1909 2639 verbum
1948 2602 2014 2639 ac
2042 2601 2131 2639 sa-

506 2684 721 2757 pientia
731 2699 906 2755 quam
924 2698 1028 2735 nos
1041 2679 1243 2734 Filium
1259 2679 1498 2733 dicimus
1512 2678 1796 2732 humanos
1808 2677 2131 2745 miseratus,

508 2794 730 2833 errores
761 2793 829 2830 ex
852 2774 1083 2845 Virgine
1114 2772 1379 2838 nascitur,
1409 2776 1466 2825 et
1490 2787 1593 2842 per
1626 2771 1953 2842 passionem
1980 2788 2134 2825 mor-

508 2872 580 2927 tis
608 2888 641 2925 a
668 2873 939 2942 perpetua
963 2884 1067 2923 nos
1104 2871 1286 2921 morte
1323 2865 1598 2932 liberavit,
1629 2882 1694 2919 ac
1720 2864 2135 2920 resurrectione

508 2981 611 3020 sua
638 2970 913 3019 aeternam
940 2960 1106 3017 nobis
1134 2959 1377 3015 contulit
1406 2959 1602 3027 vitam,
1637 2975 1809 3030 quem
1850 2961 2132 3031 exspecta-

2230 1838 2553 1907 concilium,
2575 1843 2631 1892 et
2648 1839 2872 1894 assiduo
2885 1844 3128 1895 tractatu
3159 1841 3499 1897 assertiones
3529 1843 3641 1912 ejus
3660 1842 3808 1895 discu-

2232 1932 2535 1999 tiebantur,
2561 1937 2618 1986 et
2635 1932 2787 2003 quod
2810 1933 3109 1988 adversum
3132 1934 3255 1989 haec
3282 1939 3477 1990 tenere
3500 1935 3747 1990 deberent
3762 1950 3811 1987 ac

2230 2026 2399 2081 statui
2433 2042 2659 2080 summa
2687 2042 2819 2080 cum
2854 2026 3261 2083 deliberatione
3294 2028 3630 2099 quaerebant.
3644 2029 3810 2081 Verum

2232 2124 2361 2189 post
2380 2118 2661 2173 diutinum
2690 2119 3048 2191 multumque
3060 2125 3366 2176 tractatum
3380 2120 3813 2192 placuitomnibus

2230 2227 2296 2265 ac
2307 2212 2459 2265 velut
2473 2228 2590 2265 uno
2610 2218 2942 2267 cunctorum
2958 2229 3054 2267 ore
3070 2220 3123 2268 et
3140 2214 3317 2269 corde
3334 2215 3647 2270 decernitur
3656 2216 3811 2271 Omouo

2232 2309 2349 2359 sion
2378 2305 2657 2359 conscribi
2684 2305 2914 2371 debere,
2933 2306 2991 2361 id
3007 2310 3092 2360 est
3115 2307 3164 2379 ej
3175 2308 3379 2362 usdcm
3408 2325 3535 2363 cum
3558 2309 3702 2362 Patre
3716 2306 3815 2360 sub-

2233 2397 2457 2453 stantiae
2486 2398 2688 2453 Filium
2720 2399 3000 2454 confiteri.
3035 2403 3217 2471 Atque
3248 2401 3573 2456 firmissima
3601 2400 3814 2456 omnium

2235 2490 2517 2545 sententia
2546 2492 2964 2563 pronuntiatur.
2999 2494 3209 2548 Decem
3235 2500 3297 2550 et
3324 2497 3543 2566 septem
3584 2495 3678 2548 soli
3710 2496 3815 2546 tunc

2231 2584 2405 2640 fuisse
2431 2584 2695 2639 dicuntur
2722 2586 2928 2658 quibus
2953 2586 3072 2641 Arii
3100 2587 3286 2658 magis
3330 2588 3470 2644 tides
3498 2589 3721 2660 placeret
3742 2602 3813 2639 ex-

2234 2678 2508 2733 trinsecus
2534 2682 2790 2734 creatum
2815 2679 2911 2734 Dei
2942 2679 3147 2735 Filium
3169 2698 3241 2736 ex
3260 2682 3433 2737 nullis
3459 2679 3814 2745 substantibus,

2234 2774 2292 2826 et
2321 2788 2438 2827 non
2464 2788 2533 2827 ex
2563 2772 2685 2843 ipsa
2710 2772 2891 2827 Patris
2909 2773 3117 2829 deitate
3138 2776 3505 2847 progenitum
3525 2775 3817 2830 conﬁrman-

2235 2870 2336 2921 tes.
2365 2866 2631 2921 Defertur
2657 2867 2728 2921 ad
2767 2867 3202 2923 Constantinum
3231 2869 3595 2926 sacerdotalis
3637 2864 3818 2923 concilii

2235 2959 2537 3016 sententia.
2568 2960 2662 3015 llle
2690 2964 2966 3034 tanquam
3010 2977 3045 3016 a
3087 2963 3203 3017 Deo
3244 2964 3523 3034 prolatam
3546 2964 3816 3017 veneratur.

508 3075 635 3113 mus
652 3056 907 3129 judicem
924 3054 1184 3111 omnium
1212 3070 1337 3125 quae
1358 3051 1647 3124 egerimus
1670 3069 1791 3107 esse
1809 3056 2132 3107 venturum.
2156 3094 2212 3169 C
2235 3052 2334 3110 Cui
2369 3052 2417 3107 si
2441 3053 2568 3125 quis
2596 3056 2868 3109 tentasset
2901 3054 3083 3111 obniti
3119 3056 3275 3112 velut
3303 3063 3501 3114 contra
3528 3056 3703 3112 divina
3728 3058 3816 3108 sta-

512 3153 549 3169 η
596 3168 603 3169 ,
630 3152 668 3169 1'
713 3150 726 3169 I
763 3150 912 3169 "-24-
940 3164 1048 3169 -nn-
1087 3146 1463 3169 ‘L:I__A_'L-0
1491 3167 1497 3169 _
1532 3146 2131 3169 A1!II----2_--_..---_.
2239 3149 2352 3169 ι--ι-
2387 3146 2710 3169 ..-..ζ-..ι-...
2760 3146 2812 3169 2..
2846 3148 3094 3169 -._-212-__._
3140 3166 3185 3169 _-
3218 3167 3285 3169 -Α
3331 3156 3371 3169 ι.
3416 3156 3428 3169 ι
3472 3156 3484 3169 ι
3512 3168 3555 3169 ..κ
3587 3167 3597 3169 ,
3620 3152 3797 3169 κλμ-η...

509 3152 701 3208 Credis
713 3150 922 3204 haecita
933 3164 1072 3217 esse,
1087 3146 1503 3219 philosophe?»
1520 3146 1693 3201 Atille
1707 3163 1773 3200 ac
1788 3146 2137 3219 sinunquam
2159 3146 2212 3169 ν
2239 3149 2359 3202 tuta
2387 3146 2737 3215 venientem,
2760 3146 2820 3202 in
2840 3148 3103 3205 exsilium
3133 3166 3193 3205 se
3216 3156 3558 3222 protestatur
3579 3152 3818 3205 acturum.

511 3245 690 3301 ullum
716 3258 1039 3300 sermonem
1068 3239 1497 3297 contradicendi
1514 3240 1815 3311 didicisset,
1848 3240 1926 3295 ita
1950 3240 2138 3295 obstu-

2235 3240 2481 3312 Emph'cit
2502 3242 2781 3311 przfatio.

1378 3506 1779 3581 INCIPIUNT
1836 3504 2232 3579 CAPITULA
2290 3508 2581 3578 NICIENI
2643 3508 3001 3578 CONCILII.

582 3669 633 3724 1.
659 3664 738 3723 De
764 3659 1048 3723 Eunuchis
1072 3656 1173 3737 qui
1200 3655 1412 3735 seipsos
1439 3660 1800 3718 abscindunt.

576 3766 631 3818 2.
658 3763 735 3819 De
761 3761 851 3817 his
875 3759 972 3835 qui
1000 3761 1131 3833 post
1154 3756 1439 3830 baptisma
1463 3756 1654 3813 statim
1683 3755 1757 3811 ad
1785 3755 2002 3812 clerum
2034 3769 2139 3826 ap-

508 3856 815 3930 plicantur.

581 3954 633 4007 3.
668 3951 743 4005 De
775 3942 1223 4005 subintroductis
1251 3939 1606 4000 mulieribus.

579 4045 632 4099 4.
662 4043 911 4108 Qualiter
930 4038 1175 4112 episcopi
1200 4038 1449 4094 debeant
1474 4032 1748 4091 ordinari.

583 4141 633 4191 5.
662 4138 740 4191 De
771 4131 1276 4189 excommunicatis
1300 4130 1519 4185 clericis
1542 4130 1630 4184 vel
1658 4126 1834 4183 laicis.

584 4234 637 4286 6.
669 4230 743 4283 De
763 4225 1100 4301 primatibus
1120 4224 1520 4297 episcOporum
1544 4220 2141 4294 metropolitanorum.

582 4327 635 4379 7.
667 4320 748 4378 De
773 4320 991 4377 honore
1011 4316 1259 4391 episcopi
1284 4313 1802 4390 Hierosolymitani.

584 4419 638 4474 8.
668 4417 747 4473 De
776 4413 1117 4471 Novatianis.

584 4516 637 4569 9.
665 4513 741 4568 De
765 4508 1113 4585 presbyteris
1139 4507 1261 4564 sine
1287 4504 1706 4564 examinatione
1727 4503 2067 4561 constitutis.

586 4610 671 4663 10.
706 4606 782 4661 De
812 4604 986 4679 lapsis
1015 4601 1229 4659 clericis
1258 4600 1554 4658 ordinatis.

2314 3660 2401 3717 l3.
2433 3660 2516 3715 De
2544 3659 2953 3716 cathecuminis
2979 3654 3169 3732 lapsis.

2314 3755 2401 3810 14.
2421 3756 2499 3811 De
2529 3753 2879 3825 diaconibus,
2905 3770 2978 3809 ne
3004 3768 3211 3827 corpus
3233 3753 3446 3811 Christi
3472 3748 3690 3809 tradant
3704 3759 3827 3823 pres

2239 3848 2475 3921 byteris,
2498 3848 2590 3903 vel
2619 3851 2750 3903 ante
2775 3849 3135 3921 presbyteros
3161 3849 3611 3906 communicent.

2317 3945 2402 3997 l5.
2430 3941 2509 3998 De
2528 3940 2748 3996 clericis
2774 3946 2993 3998 temere
3023 3943 3095 3999 ab
3122 3943 3372 4000 Ecclesia
3397 3938 3777 3999 recedentibus.

2316 4038 2402 4091 16.
2436 4035 2513 4089 De
2539 4034 2903 4107 presbyteris,
2934 4040 2992 4091 et
3016 4035 3348 4092 diaconibus
3387 4037 3474 4093 vel
3518 4032 3715 4093 clericis
3752 4024 3829 4101 qui

2242 4127 2314 4183 ad
2334 4127 2474 4183 alias
2498 4127 2748 4184 civitates
2775 4133 3095 4186 transeunt.

2317 4225 2403 4278 l7.
2436 4223 2518 4277 De
2561 4221 2779 4277 clericis
2830 4220 3031 4278 alienis
3078 4222 3201 4280 sine
3248 4223 3605 4282 conniventia
3651 4212 3829 4294 proprii

2243 4314 2496 4389 episcopi
2522 4315 2593 4371 ab
2620 4314 2729 4371 alio
2756 4315 2815 4370 in
2841 4332 2941 4371 sua
2965 4318 3199 4372 ecclesia
3233 4334 3349 4374 non
3381 4313 3714 4374 ordinandis.

2316 4412 2404 4466 18.
2436 4410 2516 4467 De
2544 4409 2757 4466 clericis
2781 4424 3018 4466 usuram
3040 4412 3125 4466 vel
3153 4412 3583 4485 ampliationem
3600 4404 3832 4479 accipien-

2242 4503 2408 4560 tibus.
3746 4523 3749 4527 ‹

2317 4600 2404 4655 19.
2433 4599 2510 4654 De
2534 4598 2892 4655 Paulianistis
2916 4603 2973 4656 et
2994 4598 3353 4673 Cataphrigis
3382 4590 3786 4673 rebaptizandis.

589 4704 675 4757 11.
709 4701 784 4755 De
811 4664 899 4754 his
923 4698 1024 4771 qui
1047 4700 1251 4771 sponte
1300 4695 1445 4768 lapsi
1470 4697 1605 4750 sunt
1629 4692 1873 4767 qualiter
1899 4664 2221 4748 debeantD
2312 4696 2403 4749 20.
2436 4693 2515 4749 De
2538 4693 2739 4749 diebus
2763 4693 3071 4751 Dominicis
3114 4664 3172 4751 et
3213 4664 3588 4764 Pentecostes,
3617 4695 3671 4746 ut
3695 4688 3746 4743 in
3769 4682 3832 4739 eis

512 4793 813 4869 poenitere.
2244 4790 2453 4843 stantes
2482 4802 2730 4843 oremus.

592 4892 675 4945 l2.
706 4889 783 4946 De
808 4881 1317 4943 excommunicatis
1340 4901 1375 4941 a
1405 4884 1613 4944 saeculo
1643 4881 1999 4943 exeuntibus.

1408 5143 1808 5212 INCIPIUNT
1868 5141 2229 5209 CANONES
2289 5140 2578 5208 NICENI
2639 5141 2996 5209 CONCILll.

522 5285 719 5377 Quod
739 5299 960 5359 actum
988 5294 1082 5355 est
1108 5286 1228 5352 sub
1263 5284 1690 5354 Constantino
1717 5280 2421 5425 z'mperathreKlt’zclzuyzo
2450 5289 2514 5345 et
2536 5280 2802 5345 Julz'ano
2830 5279 3197 5345 consulibus
3220 5276 3563 5362 fratribus,
3588 5291 3691 5338 an.
3714 5268 3828 5333 363.

1988 5380 2057 5425 ΙΙΙ
2095 5380 2244 5425 Λαι.
2277 5380 2411 5425 ααι.

589 5526 732 5579 Cum
757 5520 1109 5577 convenisset
1138 5516 1245 5571 hoc
1275 5517 1538 5569 sanctum
1566 5517 1624 5568 et
1650 5527 1929 5584 magnum
1954 5510 2145 5566 conci~
2317 5511 2359 5565 Ι.
2390 5508 2448 5565 Si
2477 5508 2604 5580 quis
2631 5508 2691 5563 in
2720 5507 3059 5580 aegritudine
3101 5508 3190 5563 vel
3236 5525 3270 5562 a
3298 5504 3529 5563 medicis
3553 5500 3724 5555 sectus
3747 5490 3832 5584 θείτ

520 5616 664 5670 lium
707 5614 861 5687 apud
903 5614 1149 5668 Nicaeam
1179 5604 1468 5664 civitatem
1515 5582 1816 5679 provinciae
1850 5604 2147 5676 Bithyniaz,
2252 5604 2336 5658 vel
2374 5620 2409 5658 a
2445 5602 2703 5657 barbaris
2732 5606 3024 5670 castratus,
3055 5601 3268 5674 placuit
3307 5605 3370 5656 ut
3402 5598 3506 5653 iste
3540 5582 3837 5687 perm-ﬁn?"

524 5677 893 5762 statutasunt
920 5706 991 5761 ab
1018 5706 1099 5760 eis
1129 5705 1249 5759 haec
1292 5718 1422 5774 quae
1471 5677 1620 5756 infra
1662 5700 1870 5772 scripta
1897 5703 2048 5766 sunt,
2081 5713 2152 5753 ex
2250 5697 2314 5751 in
2339 5697 2511 5752 clero.
2545 5697 2605 5752 Si
2635 5696 2762 5769 quis
2801 5704 2998 5753 autem
3043 5712 3218 5752 sanus
3263 5696 3510 5769 seipsum
3555 5677 3835 5774 abscindat,

525 5800 721 5859 Graeco
746 5799 807 5853 in
844 5799 1107 5855 Latinum
1125 5813 1285 5854 versa
1304 5772 1651 5853 sermonem.
2253 5789 2476 5848 etiamsi
2501 5791 2669 5847 estin
2696 5791 2868 5863 clero,
2902 5806 3123 5847 cessare
3152 5790 3326 5849 debet
3351 5790 3408 5845 et
3433 5801 3500 5845 ex
3522 5783 3625 5839 hoc
3648 5772 3838 5833 nullum
