4026 6166
186 334 257 385 257
1330 325 1794 384 DECRETALIUM

1831 324 2220 383 COLLECTIO.
3349 330 3452 382 258

183 439 308 491 talem
335 435 528 507 oportet
550 431 824 487 ordinari.
862 431 1015 488 Sicut
1060 425 1250 488 autem
1280 435 1348 489 dc
1380 436 1467 489 his
1504 436 1604 506 qui
1632 438 1723 491 vel
1745 451 1804 522 Α
1826 440 1883 489 et
1908 436 2228 506 Pentapoli,
2257 440 2320 490 ut
2346 436 2765 493 Alexandrinus
2793 436 3090 509 episcopus
3107 435 3311 491 horum
3333 452 3454 491 om-

177 529 478 584 aﬂ‘eclaverint
512 526 628 579 haec
678 526 765 580 vel
808 527 930 580 ausi
960 534 1095 580 sunt
1124 527 1338 598 seipsos
1374 529 1721 598 abscindere,

178 624 279 690 haec,
301 637 405 691 quae
430 618 674 685 dicimus,
708 623 919 692 statuta
958 623 1108 674 sunt.
1145 621 1227 674 Ita
1256 621 1302 674 si
1332 622 1429 692 qui
1455 639 1488 676 a
1515 623 1720 677 barba-

175 715 229 769 ris
248 713 314 768 vel
334 729 362 766 a
395 712 620 767 dominis
652 711 765 765 suis
811 712 967 780 secti,
1000 716 1057 766 et
1087 713 1393 783 probabilis
1421 713 1550 768 vitm
1590 715 1722 783 sint,

176 807 278 861 tales
297 805 496 875 suscipit
519 804 886 859 ecclesiastica
916 806 1120 876 regula
1148 806 1206 859 in
1234 807 1472 862 clerum.

222 900 271 956 ll.
292 898 537 962 Quoniam
564 899 742 952 multa
767 897 881 952 sive
916 914 1022 969 per
1052 899 1479 966 necessitatem,
1508 900 1623 954 sive
1654 916 1725 954 ex

173 1006 438 1063 quacunque
477 1006 642 1044 causa
670 995 864 1045 contra
892 990 1152 1062 regulam
1188 994 1348 1060 gesta
1377 995 1528 1061 sunt,
1556 992 1632 1046 ita
1661 997 1727 1047 ut

172 1085 376 1139 homines
400 1099 458 1137 ex
476 1083 582 1138 vita
609 1084 810 1154 gentili
840 1100 1024 1154 nuper
1051 1083 1240 1138 adhuc
1271 1085 1616 1152 catechizati,
1634 1084 1724 1139 vel

172 1177 354 1232 instituti
377 1176 547 1230 statim
568 1177 639 1230 ad
667 1175 1019 1249 spiritualem
1043 1177 1390 1247 baptismum
1415 1178 1721 1247 venissent,

171 1275 209 1323 et
226 1269 446 1324 continuo
472 1285 598 1322 cum
624 1268 890 1340 baptizati
920 1274 1070 1335 sunt,
1108 1269 1278 1324 etiam
1315 1271 1388 1324 ad
1433 1271 1721 1341 episcopa-

169 1369 274 1428 tum,
297 1362 369 1415 vel
407 1362 469 1416 ad
498 1361 913 1432 presbyterium
960 1364 1211 1433 provecti
1239 1368 1388 1418 sunt.
1425 1365 1593 1418 Recte
1622 1365 1726 1434 igi-

170 1459 237 1508 tur
254 1456 403 1509 visum
426 1459 502 1509 est
527 1455 597 1509 de
625 1459 834 1509 caetero
866 1455 1007 1509 nihil
1035 1457 1147 1511 tale
1177 1457 1388 1510 debere
1414 1457 1559 1511 ﬁeri.
1583 1459 1724 1510 Nam

169 1553 207 1601 et
226 1555 436 1618 tempore
470 1564 612 1618 opus
642 1553 724 1602 est
767 1554 832 1603 ut
873 1549 946 1602 sit
985 1550 1453 1616 catechumenus,
1498 1553 1556 1604 et
1598 1556 1726 1620 post

166 1641 438 1711 baptismum
456 1642 633 1696 multa
661 1642 1000 1712 probatione
1025 1643 1266 1714 indiget.
1298 1643 1540 1697 Evidens
1567 1660 1724 1697 nam-

166 1750 244 1803 que
264 1736 330 1787 est
355 1735 706 1805 apostolicum
731 1741 1082 1806 praceptum
1110 1735 1303 1789 dicens
1334 1753 1344 1790 :
1380 1759 1406 1785 «
1438 1737 1558 1790 Non
1587 1753 1720 1790 neo-

1824 529 1985 582 nium
2024 529 2236 583 habeat
2277 534 2635 602 potestatem,
2678 531 2950 602 quoniam
2994 531 3226 601 quidem
3252 535 3310 584 et
3335 531 3448 584 Ro-

1823 638 1996 676 mano
2009 623 2274 693 episcopo
2290 623 2479 692 parilis
2490 640 2614 678 mos
2625 628 2727 679 est.
2743 624 3014 680 Similiter
3024 627 3212 678 autem
3230 626 3288 678 et
3299 622 3452 694 apud

1822 714 2180 769 Antiochiam
2212 713 2338 787 60
2368 721 2710 788 craterasque
2737 717 3054 788 provincias
3095 717 3282 771 honor
3316 732 3453 770 suus

1823 807 2133 878 unicuique
2159 815 2412 862 servetur
2437 810 2712 863 Ecclesiae.
2729 812 2834 864 Per
2854 809 3046 863 omnia
3065 814 3257 864 autem
3273 809 3454 862 mani-

1824 899 2032 954 festum
2076 904 2162 954 est
2203 901 2358 972 quod
2389 901 2433 954 si
2464 901 2592 972 quis
2620 905 2830 973 praeter
2863 902 3210 956 voluntatem
3235 905 3291 956 et
3316 917 3447 956 con-

1825 993 2124 1048 scientiam
2156 992 2577 1065 metropolitani
2620 995 2872 1066 episc0pi
2925 994 3094 1048 fuerit
3136 993 3448 1058 ordinatus,

1824 1086 1976 1139 hunc
2018 1087 2317 1140 concilium
2364 1102 2642 1156 magnum
2689 1093 2747 1143 et
2789 1090 3047 1143 sanctum
3083 1086 3302 1140 censuit
3335 1102 3453 1140 non

1826 1177 2030 1233 debere
2056 1194 2175 1232 esse
2203 1178 2553 1249 episcopum.
2585 1181 2728 1234 Sane
2774 1179 2820 1233 si
2863 1178 3152 1233 communi
3196 1177 3454 1232 omnium

1825 1286 2097 1324 consensu
2143 1271 2553 1327 rationabiliter
2596 1273 2856 1343 probato,
2908 1272 3219 1326 secundum
3269 1271 3449 1325 eccle-

1824 1363 2104 1418 siasticam
2143 1365 2406 1435 regulam
2441 1365 2554 1419 duo
2586 1367 2674 1419 vel
2715 1369 2830 1420 tres
2871 1364 3234 1419 animositate
3279 1364 3452 1429 ducti,

1823 1473 1926 1527 per
1959 1457 2380 1512 contentionem
2424 1458 2836 1524 contradicant,
2881 1457 3137 1513 obtineat
3173 1456 3452 1527 plurimo-

1824 1564 1954 1603 rum
1981 1551 2324 1604 sententiam
2349 1550 2726 1606 sacerdotum.

1895 1643 2003 1697 VII.
2031 1643 2311 1706 Quoniam
2357 1660 2482 1698 mos
2524 1644 2791 1715 antiquus
2829 1644 3093 1713 obtinuit,
3141 1650 3198 1699 et
3236 1647 3453 1699 vetusta

1823 1734 2053 1790 traditio
2099 1739 2161 1789 ut
2203 1736 2357 1803 Eliee,
2405 1737 2464 1791 id
2507 1741 2594 1791 est
2631 1737 3151 1808 Hierosolymorum
3187 1736 3453 1808 episcopo

161 1827 347 1895 phytum
372 1845 435 1882 ne
460 1829 608 1882 forte
639 1829 818 1882 elatus
860 1828 919 1881 in
957 1828 1241 1899 judicium
1272 1829 1528 1883 incurrat
1555 1835 1611 1884 et
1639 1830 1720 1883 la-
1744 1821 1800 1892 B
1825 1828 2012 1882 honor
2041 1828 2348 1899 deferatur,
2364 1830 3002 1901 habeatconsequenter
3017 1831 3315 1898 honorem,
3338 1846 3456 1884 ma-

163 1936 322 1990 queum
353 1921 540 1975 diaboli
591 1921 638 1991 (Ι
664 1924 799 1976 Tim.
831 1938 910 1987 Ill,
938 1924 1062 1992 6).»
1108 1922 1165 1976 Si
1212 1939 1344 1977 vero
1381 1923 1722 1992 procedente

163 2015 361 2082 tempore
388 2013 611 2085 aliquod
643 2019 940 2084 peccatum
966 2016 1276 2082 admiserit,
1329 2017 1387 2070 et
1435 2015 1723 2071 convictus

160 2104 325 2160 duobus
349 2107 424 2160 vel
455 2109 636 2161 tribus
677 2107 913 2162 testibus
960 2109 1150 2176 fuerit,
1179 2114 1358 2163 cesset
1391 2125 1423 2162 a
1449 2109 1598 2163 clero
1625 2110 1723 2180 qui

158 2196 420 2268 hujusmodi
459 2205 564 2254 est.
597 2199 654 2254 Si
702 2201 828 2271 quis
869 2217 1002 2255 vero
1044 2207 1253 2272 praeter
1278 2204 1399 2256 haec
1425 2202 1576 2271 facit,
1603 2207 1724 2257 tan-

156 2307 284 2360 quam
307 2294 575 2348 contraria
606 2295 828 2348 statutis
870 2294 1048 2348 sancti
1079 2295 1304 2350 concilii
1345 2311 1570 2366 gerens,
1601 2295 1724 2367 ipse

154 2385 492 2452 periclitabitur
521 2386 600 2441 de
629 2392 776 2442 statu
806 2389 894 2441 sui
920 2388 1076 2441 cleri.

203 2480 268 2532 ΙΙΙ.
293 2481 548 2534 Omnibus
579 2480 768 2534 modis
798 2481 1098 2535 interdixit
1126 2485 1317 2537 sancta
1347 2483 1594 2555 synodus
1618 2500 1719 2537 ne-

154 2585 232 2641 que
270 2573 523 2644 episcopo,
579 2589 766 2645 neque
820 2575 1171 2645 presbytero,
1223 2593 1411 2647 neque
1461 2577 1718 2645 diacono,

151 2680 290 2735 neque
327 2667 415 2720 ulli
451 2666 797 2722 clericorum
838 2670 1074 2721 omnino
1104 2669 1270 2723 licere
1298 2669 1505 2725 habere
1531 2686 1723 2724 secum

154 2758 392 2813 mulierem
419 2767 779 2829 extraneam,
813 2759 920 2815 nisi
963 2761 1106 2816 forte
1150 2765 1354 2832 mater,
1397 2767 1499 2817 aut
1540 2780 1719 2833 soror,

151 2856 220 2903 aut
241 2851 362 2919 avia,
391 2861 483 2908 aut
509 2853 708 2920 amita,
745 2854 830 2908 vel
861 2857 1165 2908 matertera
1198 2856 1290 2910 sit.
1323 2857 1384 2908 ln
1423 2855 1510 2910 his
1556 2873 1719 2910 nam-

151 2957 230 3011 que
251 2945 362 2999 solis
389 2947 665 3016 personis,
695 2951 752 3002 et
791 2948 996 3002 harum
1041 2948 1318 3002 similibus
1367 2949 1552 3002 omnis
1592 2965 1721 3021 quae

150 3051 196 3088 ex
219 3039 516 3095 mulieribus
561 3046 651 3095 est
695 3041 937 3111 suspicio
991 3041 1324 3109 declinatur,
1380 3043 1480 3114 qui
1529 3048 1720 3097 autem

147 3135 308 3196 preter
331 3132 442 3189 haec
467 3134 590 3206 agit
619 3134 973 3205 periclitatur
1001 3136 1071 3189 de
1104 3135 1278 3190 clero.

196 3224 268 3277 ιν.
294 3193 637 3298 Ερὶεεῑορῖιῐιι⁵
667 3230 893 3298 oportet
931 3227 1002 3282 ab
1035 3229 1301 3282 omnibus
1344 3229 1640 3301 episcopis,
1675 3230 1723 3284 si
1743 3193 1798 3266 Ο

148 3313 238 3370 ﬁeri
260 3323 445 3389 potest,
473 3322 574 3392 qui
627 3327 757 3375 sunt
798 3322 858 3376 in
903 3322 1186 3392 provincia
1219 3323 1342 3393 ejus
1367 3323 1633 3378 ordinari.
1665 3325 1722 3380 Si

144 3423 240 3463 vero
256 3411 347 3466 hoc
369 3413 600 3469 difﬁcile
633 3413 826 3482 fuerit,
858 3414 945 3468 vel
972 3414 1163 3486 aliqua
1189 3420 1432 3485 urgente
1473 3417 1718 3471 necessi-

143 3504 242 3570 tate,
280 3506 358 3560 vel
401 3507 627 3563 itineris
675 3506 1058 3578 longitudine,
1103 3511 1256 3564 certe
1307 3512 1422 3564 tres
1475 3510 1721 3582 episcopi

142 3593 302 3652 debent
327 3600 380 3654 in
407 3618 593 3656 unum
623 3617 744 3656 esse
769 3603 1122 3673 congregati,
1157 3601 1237 3657 ita
1261 3606 1329 3657 ut
1355 3603 1526 3658 etiam
1555 3610 1717 3660 caete-

143 3700 294 3745 rorum
317 3694 404 3765 qui
429 3694 697 3750 absentes
721 3701 854 3750 sunt
873 3711 1215 3750 consensum
1241 3695 1444 3751 litteris
1469 3700 1719 3767 teneant,

141 3785 180 3833 et
198 3781 263 3836 ita
286 3785 483 3842 faciant
511 3787 953 3843 ordinationem.
985 3789 1231 3844 Potestas
1273 3806 1410 3844 sane
1453 3791 1542 3845 vel
1581 3808 1720 3846 con-

141 3870 342 3933 ﬁrmatio
360 3880 674 3951 pertinebit
693 3897 797 3952 per
814 3882 1066 3953 singulas
1083 3883 1407 3953 provincias
1427 3884 1494 3939 ad
1517 3889 1723 3940 metro-

140 3968 401 4034 polilanum
428 3976 781 4046 episcopum.

192 4061 240 4116 ν.
281 4063 535 4123 Servetur
587 4069 694 4123 ista
745 4069 1044 4138 sententia,
1098 4072 1163 4124 ut
1214 4069 1272 4124 hi
1329 4072 1426 4143 qui
1478 4071 1548 4126 ab
1600 4071 1723 4126 aliis

137 4162 663 4217 excommunicantur
699 4162 770 4217 ab
809 4163 932 4218 aliis
975 4163 1048 4218 ad
1093 4165 1556 4220 communionem
1606 4181 1723 4220 non

138 4249 451 4320 recipiantur.
476 4255 826 4326 Requiratur
849 4272 984 4310 sane
1007 4256 1052 4309 si
1073 4256 1219 4312 forte
1241 4258 1434 4328 aliqua
1462 4258 1724 4329 indigna-

135 4340 272 4410 tione,
320 4353 411 4402 aut
460 4349 850 4416 contentione,
895 4353 995 4404 aut
1038 4350 1288 4420 qualibet
1342 4353 1722 4406 commotione

137 4435 338 4509 episcopi
373 4443 456 4496 sui
503 4442 983 4498 excommunicati
1005 4442 1134 4497 sint.
1154 4445 1223 4498 Ut
1242 4459 1380 4514 ergo
1407 4444 1579 4516 digna
1604 4445 1723 4500 hac

1823 1923 1995 1976 nente
2027 1925 2216 1976 tamen
2248 1923 2702 1994 metropolitanee
2729 1922 2973 1978 civitatis
3001 1923 3230 1994 propria
3259 1922 3449 1994 digni-

1821 2019 1959 2071 tate.

1895 2109 2026 2162 VIII.
2059 2108 2115 2164 Si
2140 2105 2235 2179 qui
2262 2108 2542 2163 voluerint
2571 2109 2761 2164 venire
2806 2109 2876 2164 ad
2909 2108 3212 2164 Ecclesiam
3259 2109 3446 2164 catho-

1823 2200 1991 2256 licam
2016 2217 2084 2256 ex
2108 2202 2452 2268 Novatianis,
2478 2203 2686 2273 placuit
2711 2206 2906 2257 sancto
2942 2202 3176 2257 concilio
3206 2207 3270 2256 ut
3296 2202 3451 2257 ordi-

1820 2300 2034 2350 nentur
2063 2300 2119 2350 et
2145 2297 2223 2350 sic
2252 2298 2522 2350 maneant
2564 2295 2618 2349 in
2665 2297 2834 2352 clero.
2863 2298 3008 2350 Ante
3037 2295 3231 2351 omnia
3259 2301 3452 2350 autem

1823 2389 1969 2443 hanc
2008 2388 2256 2443 habeant
2301 2389 2738 2458 confessionem,
2770 2405 2940 2460 quam
2969 2406 3074 2461 per
3102 2388 3454 2461 Scripturam

1823 2482 1977 2552 exigi
2015 2487 2257 2553 oportet,
2303 2486 2367 2536 ut
2412 2483 2701 2537 fateantur
2745 2500 2802 2536 se
2846 2483 3136 2538 communi
3181 2499 3452 2537 consensu

1821 2575 2112 2631 catholicae
2140 2575 2394 2630 Ecclesize
2420 2580 2629 2630 statuta
2654 2576 3063 2642 observaturos,
3094 2575 3148 2629 id
3175 2581 3261 2629 est
3289 2591 3449 2630 com-

1822 2668 2210 2723 municaturos
2251 2684 2332 2736 se,
2365 2669 2420 2722 et
2466 2668 2552 2722 his
2582 2669 2678 2740 qui
2715 2669 2858 2724 forte
2902 2668 3179 2724 secundas
3225 2668 3452 2740 nuptias

1822 2761 2038 2834 experti
2065 2765 2215 2829 sunt,
2245 2761 2334 2815 vel
2364 2761 2450 2815 his
2479 2761 2578 2831 qui
2605 2762 3008 2832 persecutionis
3031 2767 3282 2833 tempore
3309 2761 3448 2833 lapsi

1823 2860 1973 2924 sunt,
2015 2854 2221 2926 quibus
2275 2860 2467 2910 tamen
2519 2856 2689 2927 lapsis
2745 2856 3095 2927 poenitentiae
3147 2857 3349 2911 modus
3397 2859 3456 2909 et

1821 2952 2048 3019 tempus
2083 2948 2392 3020 ascriptum
2421 2951 2526 3016 est,
2556 2954 2620 3003 ut
2645 2950 2705 3004 in
2735 2949 2998 3004 omnibus
3038 2955 3353 3022 sequantur
3388 2966 3454 3004 ea

1821 3058 1948 3113 quae
1998 3042 2057 3095 in
2110 3041 2350 3097 Ecclesia
2396 3042 2675 3097 catholica
2716 3043 3105 3098 observantur.
3157 3044 3228 3098 Et
3273 3042 3450 3098 sicubi

1821 3135 1997 3190 iidem
2021 3135 2130 3206 ipsi
2156 3135 2372 3190 fuerint
2401 3135 2636 3203 inventi,
2670 3135 2784 3191 sive
2800 3136 2860 3190 in
2877 3136 3011 3190 vicis
3027 3151 3127 3191 seu
3141 3136 3201 3191 in
3215 3135 3453 3192 urbibus

1821 3228 2010 3282 clerici
2038 3227 2280 3283 ordinati
2324 3245 2356 3281 a
2395 3228 2702 3296 catholicis,
2749 3229 2825 3284 sic
2869 3229 3123 3285 etiamin
3153 3231 3303 3286 clero
3331 3245 3456 3302 per-

1822 3321 2039 3389 sistant,
2077 3321 2464 3393 unusquisque
2492 3327 2687 3376 tamen
2728 3321 2788 3376 in
2830 3338 2930 3376 suo
2975 3323 3196 3378 ordine.
3233 3322 3288 3378 Si
3314 3338 3450 3378 vero

1823 3415 2123 3487 episcopus
2147 3415 2236 3469 vel
2266 3414 2562 3486 presbyter
2588 3415 2880 3470 catholica:
2906 3415 3167 3470 Ecclesiae
3190 3415 3366 3471 fuerit
3379 3416 3448 3469 ad

1821 3524 1995 3579 quem
2024 3506 2198 3578 aliqui
2236 3523 2300 3561 ex
2328 3508 2416 3562 his
2439 3507 2730 3570 accedunt,
2769 3511 2991 3562 certum
3024 3513 3110 3563 est
3143 3507 3302 3580 quod
3327 3507 3448 3579 epi-

1822 3617 2020 3672 scopus
2046 3600 2281 3671 quidem
2310 3600 2613 3654 catholicus
2639 3617 2798 3655 suam
2823 3601 3036 3656 habeat
3087 3601 3448 3672 dignitatem.

1821 3694 2089 3750 Similiter
2123 3697 2316 3748 autem
2361 3693 2674 3764 presbyteri
2721 3699 2777 3748 et
2817 3694 3040 3749 diaconi
3068 3694 3340 3750 habeant.
3385 3695 3450 3749 Hi

1821 3803 1957 3842 vero
1984 3787 2079 3859 qui
2107 3786 2178 3841 ab
2215 3786 2335 3865 istis
2364 3785 2622 3852 veniunt,
2656 3785 2701 3840 si
2736 3786 2880 3841 forte
2922 3786 3220 3857 episcopus
3259 3786 3450 3853 fuerit,

1822 3881 2033 3937 habeat
2056 3879 2352 3935 sacerdotii
2384 3878 2740 3950 dignitatem,
2769 3878 2875 3933 nisi
2918 3879 3063 3934 forte
3090 3879 3310 3950 placeat
3336 3879 3452 3950 epi-

1823 3990 1992 4045 scopo
2018 3973 2289 4028 catholico
2329 3973 2638 4028 concedere
2679 3972 2732 4026 ei
2777 3972 2948 4027 etiam
2994 3972 3331 4044 episcopalis
3355 3988 3452 4028 no-

1824 4069 1996 4123 minis
2021 4067 2326 4123 honorem.
2377 4067 2435 4121 Si
2479 4082 2610 4122 vero
2650 4083 2767 4122 non
2809 4066 3086 4137 placuerit
3114 4065 3363 4122 inveniat
3399 4066 3454 4120 ei

1822 4163 2031 4229 locum,
2066 4166 2127 4217 ut
2164 4160 2235 4215 sit
2272 4161 2329 4216 in
2360 4161 2628 4232 parochia
2669 4160 3058 4232 coepiscopus,
3092 4163 3191 4215 aut
3215 4159 3275 4215 in
3301 4160 3452 4215 clero

1822 4256 2141 4328 presbyter,
2192 4260 2248 4310 et
2289 4253 2349 4308 in
2389 4253 2613 4309 civitate
2655 4271 2773 4309 una
2827 4271 2940 4308 non
2989 4253 3288 4308 videantur
3336 4254 3450 4308 duo

1824 4349 2071 4421 episcopi
2095 4365 2238 4418 esse,
2265 4352 2322 4403 et
2347 4347 2443 4402 ille
2472 4346 2801 4403 omnimode
2826 4347 2888 4402 in
2917 4347 3068 4402 clero
3110 4363 3452 4420 permanere

1824 4443 2099 4498 videatur.

137 4529 311 4624 possint
335 4536 756 4591 examinatione
787 4536 1044 4607 perquiri
1072 4542 1224 4591 recte
1263 4537 1449 4592 visum
1477 4541 1582 4605 est,
1620 4555 1801 4636 perD
1896 4536 1978 4591 IX.
2009 4535 2066 4592 Si
2096 4534 2194 4607 qui
2225 4535 2344 4591 sine
2390 4535 2804 4591 examinatione
2841 4534 3086 4606 promoti
3134 4533 3454 4607 presbyteri

137 4615 344 4690 Singulos
370 4642 573 4695 annos,
620 4629 677 4682 in
720 4629 958 4699 singulis
1000 4629 1306 4700 provinciis
1340 4631 1426 4684 bis
1471 4631 1529 4686 in
1570 4647 1720 4686 anno

135 4713 483 4787 episcoporum
509 4721 818 4776 concilium
840 4722 987 4789 ﬁeri,
1011 4727 1074 4777 ut
1092 4723 1262 4778 simul
1290 4724 1352 4779 in
1379 4741 1560 4779 unum
1592 4742 1724 4781 con-

137 4806 380 4866 venientes
402 4830 472 4868 ex
499 4815 798 4869 communi
827 4816 1118 4886 provincia
1158 4817 1485 4888 hujusmodi
1515 4819 1724 4874 exami-

134 4904 241 4953 nent
261 4909 621 4974 quaestiones,
649 4911 716 4962 ut
756 4908 835 4963 ita
877 4909 1109 4965 demum
1155 4911 1215 4964 hi
1269 4911 1367 4982 qui
1411 4912 1482 4966 ob
1529 4913 1723 4983 culpas

136 5003 234 5045 suas
256 4998 651 5071 episcoporum
679 5017 910 5057 suorum
941 5003 1186 5058 offensas
1209 5005 1416 5060 merito
1437 5011 1725 5061 contraxe-

133 5091 238 5139 runt
259 5089 420 5161 digne
453 5095 632 5149 etiam
656 5111 689 5149 a
713 5097 931 5152 caeteris
961 5087 1434 5152 excommunicati
1465 5098 1726 5153 similiter

134 5171 426 5253 habeantur,
453 5204 754 5261 quousque
799 5190 858 5244 in
899 5192 1186 5246 communi
1215 5193 1300 5246 vel
1326 5192 1432 5263 ipsi
1461 5193 1724 5264 episcopo

133 5283 210 5324 suo
229 5276 394 5334 visum
414 5282 592 5336 fuerit
611 5284 1008 5339 humaniorem
1034 5286 1181 5340 circa
1202 5302 1300 5341 eos
1325 5286 1477 5340 ferre
1505 5290 1726 5342 sentcn-

133 5361 257 5422 tiam.
303 5372 585 5429 Habeatur
626 5383 813 5432 autem
859 5379 1032 5433 semel
1082 5379 1384 5434 concilium
1431 5385 1563 5435 ante
1608 5380 1725 5435 dies

131 5454 584 5536 Quadragesimze,
627 5474 691 5524 ut
730 5472 1015 5539 omnibus,
1056 5473 1103 5526 si
1131 5489 1258 5544 quae
1285 5476 1437 5541 sunt,
1466 5474 1722 5530 simulta-

129 5547 248 5608 tibus
259 5563 590 5632 amputatis,
606 5565 885 5620 mundum
912 5567 1168 5622 solemne
1191 5568 1304 5623 Deo
1327 5585 1532 5624 munus
1550 5568 1727 5640 possit

130 5643 308 5707 offerri.
358 5655 690 5712 Secundum
731 5675 868 5714 vero
913 5666 1116 5731 agatur
1164 5662 1312 5717 circa
1362 5665 1587 5734 tempus
1633 5679 1728 5718 au-

131 5736 304 5800 limini.

185 5833 251 5891 VI.
273 5838 382 5896 Hos
410 5841 688 5916 antiquus
717 5842 989 5920 perduret
1012 5848 1070 5904 in
1099 5850 1363 5926 Egypto,
1404 5853 1495 5910 vel
1534 5852 1726 5927 Libya,

479 5930 779 6010 PA’I‘ROL.
830 5945 1058 6015 CXXX.

1823 4632 1975 4698 sunt,
2021 4633 2078 4684 et
2122 4633 2323 4700 postea
2380 4628 2708 4697 examinati,
2762 4627 3002 4683 confessi
3049 4631 3183 4682 sunt
3219 4632 3454 4700 peccata

1823 4739 1946 4790 sua,
1975 4727 2037 4783 et
2054 4739 2185 4777 cum
2229 4722 2465 4776 confessi
2507 4721 2768 4787 fuissent,
2801 4725 2995 4775 contra
3039 4720 3302 4793 regulam
3352 4737 3449 4776 ve-

1825 4816 2044 4871 nientes
2092 4815 2353 4871 homines
2398 4831 2604 4869 manus
2655 4814 2734 4868 eis
2777 4819 2991 4870 temere
3037 4814 3450 4886 imposuerunt,

1825 4911 1925 4965 hos
1977 4909 2378 4964 ecclesiasticus
2431 4907 2570 4962 ordo
2622 4924 2740 4962 non
2794 4907 3016 4979 recipit.
3075 4909 3137 4963 In
3189 4908 3454 4964 omnibus

1824 5003 1978 5060 enim
2007 5003 2160 5075 quod
2185 5001 2682 5074 irreprehensibile
2713 5006 2797 5056 est
2825 5001 3081 5057 defendit
3105 5002 3367 5058 Ecclesia.

1895 5097 1956 5152 X.
2013 5096 2346 5168 Quicunque
2396 5112 2466 5150 ex
2518 5094 2690 5166 lapsis
2737 5111 2841 5166 per
2885 5095 3271 5166 ignorantiam
3321 5101 3456 5151 sunt

1827 5191 2090 5260 ordinati,
2119 5190 2207 5244 vel
2233 5194 2626 5261 contemptum
2669 5205 2869 5243 eorum
2901 5189 2999 5261 qui
3030 5206 3128 5244 eos
3157 5189 3451 5244 ordinave—

1825 5288 1979 5353 runt,
2000 5284 2109 5338 hoc
2136 5299 2254 5339 non
2281 5283 2417 5355 praej
2428 5283 2614 5338 ndicat
2641 5283 2852 5354 regulae
2887 5282 3296 5352 ecclesiasticae,
3323 5298 3454 5336 cum

1826 5378 1980 5433 enim
2005 5381 2360 5450 compertum
2390 5377 2563 5433 fuerit
2589 5378 2966 5450 deponantur.

1897 5472 1980 5526 Xl.
2011 5471 2226 5527 Placuit
2267 5474 2478 5527 sancta:
2519 5473 2754 5543 synodo,
2785 5471 2916 5526 licet
2939 5469 3166 5541 indigni
3204 5468 3318 5524 sint
3353 5467 3457 5522 mi-

1826 5566 2170 5636 sericordiae,
2214 5570 2409 5622 tamen
2459 5564 2673 5638 aliquid
2727 5564 2875 5619 circa
2935 5579 3032 5617 eos
3085 5561 3457 5618 humanitatis

1828 5661 2070 5717 ostendi.
2098 5660 2152 5717 Si
2173 5677 2316 5732 quos
2349 5675 2487 5731 ergo
2510 5675 2580 5714 ex
2601 5658 2794 5714 animo
2819 5657 3057 5729 paenitet
3081 5655 3259 5710 tribus
3289 5654 3457 5711 annis

1828 5755 1976 5810 inter
2003 5755 2345 5827 poenitentes
2384 5753 2719 5809 habeantur.
2751 5751 2808 5807 Si
2837 5754 3030 5805 tamen
3071 5748 3266 5806 ﬁdeles
3303 5754 3456 5819 sunt,

1829 5853 2047 5924 septem
2090 5849 2253 5905 annis
2301 5848 2422 5904 aliis
2469 5847 2620 5902 inter
2669 5843 3012 5920 poenitentes
3061 5843 3196 5914 sint,
3242 5843 3464 5904 duobus

3025 5947 3064 6004 9
