4026 6166
606 317 706 370 239

1479 314 1762 370 API’END.
1806 315 1893 370 AD
1932 315 2094 371 Sr‘EC.
2137 315 2223 369 IX.
2253 343 2320 354 ——
2351 312 2585 369 ISIDORI
2627 313 3054 370 MERCATORIS
3788 327 3864 378 260

600 429 792 478 autem
818 421 981 476 annis
1019 421 1170 476 idem
1210 419 1330 476 sine
1375 422 1661 478 oblatione
1705 424 1763 476 in
1796 423 2058 479 oratione
2106 424 2223 478 sola
2244 423 2555 507 Afuerint,
2606 440 2722 478 non
2771 423 2979 478 debent
3026 421 3231 493 suscipi
3272 421 3329 476 in
3369 423 3614 492 Ecclesia,
3641 428 3723 482 sed
3762 447 3862 485 cum

605 515 942 586 participent
983 515 1219 587 pepulo.
1268 514 1323 569 Si
1371 516 1467 587 qui
1511 533 1665 586 vero,
1700 533 1803 587 per
1843 517 1944 572 Dei
1983 519 2230 589 gratiam

600 608 780 664 vocati
808 608 994 679 primo
1023 609 1254 680 quidem
1291 611 1660 665 ostenderunt
1689 609 1864 664 ﬁdem
1903 627 2083 679 suam,
2129 613 2226 667 de-

601 703 782 774 posito
811 701 1028 757 militiae
1055 702 1301 773 cingulo,
1337 706 1465 773 post
1486 703 1606 756 haee
1627 709 1820 759 autem
1843 705 1912 758 ad
1933 705 2229 776 proprium

599 796 880 851 vomitum
907 795 1118 850 reversi
1147 799 1300 862 sunt,
1331 799 1395 849 ut
1421 800 1475 850 et
1500 796 1769 867 pecunias
1794 797 1996 852 darent
2022 802 2078 852 et
2107 815 2226 853 am-

597 889 788 944 birent
816 889 1002 944 redire
1039 905 1267 943 rursum
1299 889 1372 942 ad
1401 890 1684 959 militiam,
1716 890 1806 944 isti
1840 891 2038 946 decem
2068 892 2230 946 annis

599 983 713 1036 sint
741 982 893 1036 inter
920 982 1283 1052 poenitentes,
1326 986 1452 1053 post
1483 983 1737 1054 primum
1776 985 2088 1040 triennium
2114 1003 2228 1057 quo

597 1075 826 1142 fuerint,
855 1075 1002 1129 inter
1033 1075 1346 1143 audientes,
1379 1075 1448 1129 ab
1471 1077 1731 1131 omnibus
1756 1094 1887 1132 vero
1915 1078 2055 1133 illud
2081 1095 2220 1150 pra!—

598 1167 763 1238 cipue
787 1168 1133 1236 observetur,
1163 1174 1224 1223 ut
1245 1168 1471 1223 animus
1496 1185 1692 1224 eorum
1721 1173 1776 1224 et
1805 1171 2019 1225 fruetus
2045 1172 2225 1243 poeni-

596 1261 791 1315 tentim
835 1261 1184 1316 observetur.
1235 1261 1569 1333 Quicunque
1602 1263 1755 1318 enim
1797 1281 1927 1318 cum
1959 1265 2116 1319 omni
2151 1265 2226 1319 ti-

599 1370 762 1409 more
795 1359 850 1409 et
874 1354 1140 1426 lacrymis
1181 1357 1670 1427 perseverantibus
1692 1362 1749 1411 et
1773 1358 2036 1428 operibus
2064 1359 2228 1414 bonis

596 1448 1082 1503 conversationem
1127 1466 1291 1505 suam
1337 1466 1451 1503 non
1496 1451 1679 1504 verbis
1723 1451 1871 1518 solis,
1915 1452 2010 1506 sed
2054 1469 2228 1524 opere

599 1545 655 1596 et
669 1542 910 1596 veritate
925 1543 1335 1613 demonstrant,
1357 1562 1486 1600 eum
1507 1549 1731 1617 tempus
1750 1549 2028 1602 statutum
2052 1546 2228 1600 etiam

595 1634 666 1689 ab
693 1634 780 1688 1118
809 1635 982 1690 fuerit
1005 1636 1327 1710 impletum,
1351 1644 1408 1694 et
1429 1640 1779 1695 orationibus
1791 1640 1914 1710 jam
1934 1643 2230 1711 coeperunt

595 1728 1031 1795 communicare,
1058 1729 1248 1786 licebit
1265 1733 1437 1787 etiam
1459 1732 1720 1804 episcopo
1750 1733 2063 1788 humanius
2083 1732 2227 1786 circa

2330 515 2484 570 omni
2513 517 2852 572 necessitate
2873 520 3170 587 cogantur,
3193 517 3259 570 ut
3283 516 3503 571 redeant
3530 518 3596 572 ad
3622 520 3865 577 Ecclesiam

2329 625 2508 677 suam,
2557 610 2710 682 quod
2755 609 2801 664 si
2830 607 3273 681 permanserint,
3317 611 3757 668 excommunicare
3795 631 3869 669 eos

2329 707 2572 774 oportet.

2399 797 2551 850 XVII.
2608 795 2664 849 Si
2730 794 2855 866 quis
2916 812 3085 850 ausus
3154 794 3326 850 fuerit
3390 794 3637 865 aliquem,
3689 797 3770 866 qui
3817 799 3871 852 ad

2330 889 2571 943 alterum
2597 888 2867 960 pertinet,
2896 889 3154 944 ordinare
3182 889 3240 942 in
3272 905 3370 942 sua
3390 887 3632 956 Ecclesia,
3657 905 3766 943 cum
3786 907 3872 945 non

2328 980 2539 1036 habeat
2561 997 2899 1036 consensum
2928 981 3178 1053 episcopi
3201 981 3376 1051 ipsius
3403 997 3435 1035 a
3452 996 3557 1052 quo
3577 982 3772 1036 recessit
3789 984 3872 1037 cle-

2328 1075 2493 1144 ricus,
2527 1074 2691 1129 irrita
2714 1074 2822 1130 erit
2852 1074 3180 1146 hujusmodi
3209 1073 3507 1129 ordinatio.

2399 1169 2575 1224 XVIII.
2603 1167 2886 1232 Quoniam
2916 1168 3083 1223 multi
3121 1166 3329 1233 clerici,
3355 1166 3587 1221 avaritiae
3627 1183 3770 1221 causa
3791 1171 3875 1221 tur-

2326 1261 2421 1333 pia
2445 1261 2601 1316 lucra
2619 1264 2917 1329 sectantes,
2942 1261 3101 1317 obliti
3129 1265 3259 1315 sunt
3283 1259 3452 1314 divini
3480 1261 3737 1330 praecepti,
3763 1261 3876 1331 quod

2328 1356 2543 1410 dictum
2576 1359 2678 1423 est,
2709 1354 2806 1426 qui
2831 1355 3132 1426 pecuniam
3165 1369 3328 1409 suam
3372 1369 3482 1407 non
3529 1353 3671 1408 dedit
3695 1353 3754 1407 ad
3777 1371 3874 1408 usu-

2327 1465 2475 1515 ram,
2526 1449 2846 1503 fenerantes
2899 1447 3234 1503 centesimas
3281 1446 3536 1517 exigant,
3591 1446 3758 1500 statuit
3797 1447 3878 1500 hoc

2328 1547 2584 1597 sanctum
2611 1543 2930 1609 concilium,
2961 1541 3008 1595 si
3035 1541 3162 1612 quis
3189 1540 3452 1594 inventus
3469 1539 3750 1609 fueritpost
3771 1539 3880 1592 hanc

2328 1635 2717 1690 deﬁnitionem
2760 1652 2962 1690 usuras
3005 1634 3281 1706 accipere,
3331 1633 3415 1688 vel
3461 1649 3528 1687 ex
3567 1631 3784 1703 quolibet
3809 1630 3882 1684 tali

2327 1729 2556 1800 negotio
2594 1728 2785 1800 turpia
2829 1729 2984 1783 lucra
3028 1729 3252 1797 sectari,
3280 1727 3370 1781 vel
3400 1725 3562 1780 etiam
3585 1725 3771 1796 species
3790 1725 3880 1777 fru-

596 1836 692 1874 eos
717 1821 930 1892 aliquid
957 1823 1234 1894 cogitare.
1264 1824 1372 1889 Qui
1400 1842 1534 1881 vero
1563 1825 1962 1881 indifferenter
2005 1826 2222 1881 habue-
2245 1806 2303 1878 B
2326 1826 2650 1878 mentorum
2697 1822 2768 1876 ad
2813 1822 3137 1892 sextuplum
3179 1821 3338 1890 dare,
3370 1818 3548 1875 omnis
3584 1818 3671 1889 qui
3692 1818 3783 1872 tale
3811 1816 3882 1869 ali-

593 1913 710 1967 rint
735 1913 978 1985 lapsum,
1009 1921 1066 1970 et
1091 1917 1350 1973 sufﬁcere
1391 1919 1495 1974 sibi
1536 1920 1687 1991 quod
1714 1918 2020 1974 Ecclesiam
2045 1919 2223 1974 intro-

591 2006 782 2062 ierunt
806 2007 1174 2078 arbitrantur,
1222 2010 1313 2065 isti
1359 2012 1696 2067 omnimodo
1723 2017 1984 2084 tempora
2016 2016 2227 2068 statuta

592 2099 978 2171 complebunt.

663 2193 768 2248 XII.
798 2193 877 2248 De
903 2194 992 2248 his
1019 2211 1154 2251 vero
1202 2197 1302 2268 qui
1349 2197 1624 2253 recedunt
1673 2214 1740 2253 ex
1780 2215 2043 2272 corpore,
2078 2198 2224 2254 anti-

592 2302 720 2357 quae
743 2286 887 2358 legis
931 2290 1130 2359 regula
1159 2289 1553 2346 observabitur
1582 2292 1757 2347 etiam
1784 2311 1956 2362 nunc,
1987 2294 2064 2348 ita
2090 2295 2157 2348 ut
2181 2293 2224 2346 si

591 2379 733 2434 forte
776 2380 901 2452 quis
946 2382 1165 2437 recedit
1209 2400 1273 2438 ex
1325 2401 1578 2456 corpore,
1613 2386 1931 2440 necessaria
1955 2385 2082 2440 vitae
2112 2403 2226 2442 suae

590 2473 793 2528 viatico
837 2491 954 2530 non
1000 2476 1389 2547 defraudatur,
1419 2479 1568 2550 quod
1597 2479 1642 2532 si
1671 2479 1999 2551 desperatus
2024 2477 2226 2552 aliquis

591 2571 821 2641 recepta
852 2570 1256 2626 communione
1290 2573 1688 2644 supervixerit,
1721 2574 1794 2627 sit
1819 2573 1970 2628 inter
2007 2590 2101 2627 eos
2129 2573 2225 2644 qui

591 2663 711 2718 sola
740 2663 992 2718 oratione
1020 2665 1464 2720 communicant.
1513 2667 1588 2720 De
1627 2666 1891 2721 omnibus
1920 2669 2112 2722 tamen
2140 2667 2227 2722 his

593 2757 690 2827 qui
715 2773 747 2810 a
777 2774 1013 2828 corpore
1036 2759 1326 2827 recedunt,
1356 2759 1412 2812 in
1442 2760 1716 2815 tradendo
1750 2761 1833 2815 eis
1868 2761 2223 2816 communio-

591 2866 729 2904 nem
761 2854 816 2905 et
847 2867 978 2904 cura
1007 2855 1064 2906 et
1095 2852 1354 2922 probatio
1384 2852 1454 2906 sit
1476 2853 1745 2924 episcopi.

663 2939 793 2993 Xlll.
832 2939 1048 2992 Placuit
1097 2939 1203 2993 hoc
1255 2944 1448 2995 sancto
1505 2944 1563 2994 et
1606 2957 1816 3013 magno
1867 2942 2108 2997 concilio
2153 2942 2225 2996 de

593 3031 1016 3086 eatechumenis
1059 3033 1159 3104 qui
1200 3032 1340 3104 lapsi
1371 3037 1524 3102 sunt,
1571 3038 1634 3088 ut
1680 3035 1860 3089 tribus
1885 3035 2048 3089 annis
2077 3035 2228 3090 inter

594 3123 888 3180 audientes
918 3125 1155 3180 verbum
1185 3126 1298 3181 sint
1323 3127 1746 3195 tantummodo,
1779 3133 1908 3199 post
1942 3129 2064 3184 haec
2090 3145 2224 3184 vero

593 3223 756 3274 orent
775 3235 904 3273 cum
932 3219 1378 3275 catechumenis.

664 3313 794 3368 XIV.
830 3313 1089 3369 Pervenit
1140 3313 1212 3368 ad
1265 3315 1524 3368 sanctum
1575 3313 1877 3370 concilium
1933 3314 2108 3387 quod,
2164 3314 2223 3369 in

591 3406 728 3462 locis
773 3406 1112 3478 quibusdam
1158 3410 1215 3462 et
1255 3406 1598 3476 civitatibus,
1647 3408 1989 3480 presbyteris
2041 3425 2223 3463 sacra-

595 3504 790 3556 menta
819 3500 1046 3556 diaconi
1072 3499 1387 3572 porrigant,
1419 3501 1525 3556 hoc
1557 3517 1744 3575 neque
1778 3503 1996 3574 regula,
2042 3518 2226 3574 neque

593 3595 941 3649 consuetudo
967 3593 1202 3650 tradidit
1227 3599 1292 3650 ut
1311 3594 1370 3648 hi
1397 3594 1492 3666 qui
1521 3595 1794 3652 efferendi
1823 3596 2080 3652 sacriﬁcii
2109 3612 2227 3652 non

593 3688 808 3743 habent
835 3692 1195 3760 potestatem,
1243 3688 1332 3744 his
1375 3689 1472 3761 qui
1509 3689 1758 3745 offerunt
1781 3706 1988 3761 corpus
2017 3689 2227 3745 Christi

592 3780 904 3854 porrigant,
933 3781 1030 3838 sed
1069 3785 1126 3838 et
1169 3782 1308 3837 illud
1354 3783 1606 3839 innotuit
1647 3784 1797 3855 quod
1837 3783 2070 3854 quidem
2112 3783 2230 3838 dia-

595 3891 766 3930 cenes
795 3876 964 3931 etiam
995 3881 1126 3932 ante
1155 3877 1454 3949 episcopos
1485 3880 1842 3932 sacramenta
1871 3881 2120 3931 sumunt.

665 3970 792 4024 11ωο
836 3969 1032 4024 omnia
1081 3973 1453 4041 amputentur
1501 3975 1559 4025 et
1594 3970 1870 4042 accipiant
1913 3969 2227 4025 secundum

597 4063 856 4118 ordinem
885 4065 1011 4133 post
1039 4063 1399 4134 presbyteros
1441 4063 1510 4116 ab
1542 4063 1806 4135 episcopo
1831 4064 1920 4117 vel
1947 4080 1980 4117 a
2005 4063 2230 4135 presby-

598 4159 720 4210 tero
751 4170 968 4210 sacram
1014 4156 1492 4210 communionem.
1542 4155 1709 4220 Quod
1755 4155 1801 4210 si
1837 4172 1950 4211 non
1977 4157 2149 4211 fuerit
2169 4157 2230 4211 in

599 4247 866 4320 praesenti
890 4248 979 4302 vel
1008 4247 1306 4320 episcopus
1333 4249 1415 4303 vel
1447 4249 1763 4321 presbyter,
1800 4251 1933 4304 tunc
1962 4249 2068 4320 ipsi
2095 4264 2228 4321 pro-

599 4341 785 4395 ferant
813 4344 869 4396 et
897 4341 1090 4396 edant.
1123 4341 1232 4397 Sed
1260 4358 1362 4397 nec
1387 4342 1586 4397 sedere
1614 4342 1848 4415 quidem
1876 4343 2011 4398 licet
2034 4344 2093 4398 in
2116 4359 2233 4399 me-

600 4434 694 4491 dio
739 4433 1202 4506 presbyterorum
1253 4434 1540 4490 diacones.
1593 4436 1648 4491 Si
1698 4436 1824 4508 quis
1876 4442 2065 4492 autem
2117 4454 2231 4492 non

2327 1916 2464 1987 quid
2501 1920 2735 1971 conatus
2759 1915 2934 1970 fuerit
2958 1915 3030 1968 ad
3057 1918 3340 1986 qumstum
3375 1911 3654 1983 dejiciatur
3686 1927 3715 1965 a
3749 1909 3880 1977 clero,

2326 2013 2383 2065 et
2413 2009 2633 2065 alienus
2661 2009 2732 2064 ab
2759 2007 3136 2064 ecclesiastico
3159 2006 3442 2062 habeatur
3466 2005 3655 2077 gradu.

2396 2103 2525 2157 XIX.
2554 2101 2610 2157 Si
2639 2101 2766 2174 quis
2798 2100 3058 2172 confugit
3082 2100 3152 2155 ad
3177 2098 3480 2155 Ecclesiam
3515 2095 3806 2152 catholicam
3831 2093 3882 2147 de

2325 2194 2678 2251 Paulianistis
2705 2200 2762 2250 et
2785 2193 3149 2266 Cataphrigis
3177 2195 3452 2248 statutum
3496 2194 3577 2247 est
3615 2185 3885 2260 rebaptizari

2326 2305 2424 2345 eos
2468 2289 2695 2344 debere.
2727 2287 2785 2344 Si
2813 2287 2910 2360 qui
2938 2304 3072 2342 vero
3111 2286 3300 2342 clerici
3333 2290 3494 2341 erant
3531 2283 3668 2355 apud
3707 2299 3801 2348 eos,
3838 2279 3887 2332 si-

2327 2381 2559 2453 quidem
2589 2381 2858 2452 inculpati
2900 2380 3117 2436 fuerint
3145 2383 3203 2434 et
3226 2376 3745 2451 irreprehensibiles,
3771 2373 3887 2428 reba-

2325 2475 2519 2547 ptizati
2543 2491 2741 2529 rursus
2771 2474 2944 2529 etiam
2974 2473 3317 2528 ordinentur
3357 2472 3426 2527 ab
3472 2471 3714 2543 episcopo
3751 2466 3886 2521 Eccle

2327 2569 2424 2624 8181
2451 2568 2762 2624 08111011οε0.
2790 2567 2848 2624 Si
2873 2584 3008 2623 vero
3035 2566 3356 2622 examinati
3385 2564 3569 2620 minus
3596 2561 3782 2618 fuerint
3801 2558 3887 2631 apti

2328 2662 2690 2734 deprehensi,
2721 2662 2932 2733 deponi
2968 2678 3066 2717 eos
3111 2663 3356 2733 oportet.
3391 2658 3648 2716 Similiter
3670 2659 3826 2710 autem
3849 2655 3889 2705 et

2326 2756 2476 2812 circa
2506 2757 2771 2812 diacones
2813 2761 2869 2810 et
2916 2755 2986 2810 de
3037 2753 3305 2810 omnibus
3333 2752 3431 2825 qui
3471 2752 3531 2807 in
3567 2750 3746 2806 eodem
3773 2746 3888 2801 clero

2325 2848 2716 2918 inveniuntur,
2747 2849 2946 2904 eadem
2964 2849 3148 2903 forma
3175 2847 3514 2903 servabitur.
3534 2845 3886 2900 Commemora-

2325 2943 2510 2999 vimus
2533 2945 2728 2998 autem
2757 2941 3097 2998 diaconissas
3120 2957 3248 3013 quae
3279 2941 3342 2996 in
3362 2941 3467 2996 hoc
3495 2937 3682 2995 ordine
3703 2935 3890 2990 inventa

2327 3038 2477 3104 sunt,
2493 3053 2621 3108 quin
2633 3053 2738 3091 nec
2759 3051 2964 3091 manus
2983 3035 3060 3090 im
3069 3034 3416 3106 positionem
3431 3033 3668 3104 aliquam
3678 3027 3888 3088 habeant,

2327 3133 2390 3184 ut
2415 3129 2746 3184 omnimodo
2765 3129 2917 3184 inter
2933 3129 3104 3184 laicas
3118 3128 3457 3185 habeantur.
3481 3124 3734 3183 Similiter
3747 3121 3892 3176 autem

2246 3182 2302 3257 Ο
2327 3223 2656 3278 1118001118810
2698 3239 2828 3294 qua:
2871 3222 2930 3277 in
2970 3222 3246 3278 catholico
3296 3237 3517 3277 canone
3542 3235 3650 3274 non
3673 3215 3892 3270 habentur

2326 3316 2495 3371 simili
2518 3318 2662 3386 loco,
2694 3315 2754 3372 id
2779 3320 2863 3372 est
2889 3316 3133 3401 laicaa‘et
3159 3319 3438 3390 tanquam
3468 3330 3581 3370 non
3617 3306 3890 3368 consecrata:

2326 3410 2691 3481 deputentur.

2397 3505 2500 3559 XX.
2555 3503 2835 3568 Quoniam
2874 3509 3008 3560 sunt
3052 3504 3112 3559 in
3158 3502 3248 3560 die
3290 3501 3581 3560 Dominica
3616 3496 3816 3572 quidam
3841 3485 3891 3546 ad

2325 3599 2640 3654 orationem
2667 3615 2851 3670 genua
2871 3597 3181 3665 ﬂectentes,
3207 3601 3264 3653 et
3285 3598 3346 3652 in
3371 3598 3567 3654 diebus
3584 3591 3890 3650 Pentecostes

2326 3697 2633 3764 propterea
2657 3698 2743 3748 est
2765 3693 2956 3764 itaque
2985 3695 3260 3747 statutum
3287 3710 3323 3748 a
3353 3693 3544 3747 sancta
3571 3684 3766 3760 synodo
3791 3692 3893 3751 ‘1“0'

2328 3785 2486 3840 1118111
2527 3802 2778 3841 consona
2819 3789 2878 3840 et
2923 3785 3263 3840 conveniens
3311 3803 3418 3858 per
3456 3797 3648 3840 omnes
3695 3771 3896 3833 ecclesias

2328 3879 2696 3934 custodienda
2722 3879 3072 3934 consuetudo
3100 3883 3186 3934 est
3212 3883 3280 3934 ut
3315 3883 3530 3935 stantes
3551 3875 3620 3931 ad
3646 3869 3896 3929 orationem

2329 3971 2567 4026 Domino
2596 3977 2726 4026 vota
2751 3972 3074 4029 reddamus.

2614 4065 2927 4134 Symbolum
2951 4067 3186 4136 ejusdem
3209 4068 3426 4126 Nicaeni
3451 4062 3673 4122 concilii.

2401 4158 2698 4214 Credimus
2724 4159 2782 4213 in
2812 4176 2989 4214 unum
3019 4161 3200 4215 Deum
3225 4162 3456 4216 Patrem
3489 4150 3896 4226 omnipotentem.

2328 4252 2634 4308 visibilium
2679 4258 2736 4307 et
2770 4253 3142 4308 invisibilium
3187 4255 3568 4310 conditorem.
3607 4250 3670 4305 Et
3691 4247 3742 4301 in
3765 4250 3901 4296 unum

2332 4346 2639 4401 Dominum
2665 4349 2863 4402 Iesum
2893 4347 3202 4415 Christum,
3250 4348 3460 4404 Filium
3507 4344 3625 4412 Dei,
3664 4343 3831 4394 natum
3852 4329 3900 4384 de

2330 4441 2494 4496 Patre
2542 4440 2930 4511 unigenitum,
2971 4442 3079 4496 hoc
3122 4447 3224 4510 est,
3273 4443 3344 4496 de
3405 4435 3706 4496 substantia
3750 4423 3901 4486 Patris,

599 4529 720 4584 vult
743 4529 831 4583 his
857 4527 1142 4584 sufﬁciens
1171 4544 1314 4598 esse,
1340 4534 1468 4602 post
1502 4530 1653 4585 hanc
1685 4530 2077 4587 definitionem
2107 4547 2227 4586 ces-
2251 4557 2310 4630 D
2332 4534 2512 4589 Deum
2560 4534 2628 4588 de
2672 4536 2807 4602 Deo,
2857 4534 3055 4590 lumen
3083 4535 3153 4590 de
3191 4535 3434 4604 lumine,
3470 4536 3642 4589 Deum
3669 4515 3900 4630 verumnde

603 4625 686 4678 set
708 4639 830 4678 esse
858 4621 1148 4680 diaconus.

673 4718 778 4772 XV.
812 4721 1049 4790 PrOpter
1085 4718 1293 4774 multas
1330 4717 1790 4790 perturbationes
1821 4724 1879 4775 et
1907 4718 2234 4792 frequentes

604 4810 882 4867 tumultus
907 4810 1279 4880 seditionum,
1309 4827 1438 4883 quae
1484 4812 1606 4868 ﬁeri
1635 4813 1841 4884 solent,
1869 4814 2079 4885 placuit
2107 4831 2232 4870 om-

604 4903 839 4961 nimodo
880 4904 1050 4960 istam
1095 4905 1351 4961 abscindi
1381 4905 1854 4962 consuetudinem
1885 4923 2010 4978 quae
2036 4911 2236 4963 contra

606 4998 868 5070 regulam
889 5001 993 5069 est,
1018 4998 1195 5054 sicubi
1217 5002 1411 5054 tamen
1432 5000 1522 5066 sit,
1546 5000 1602 5054 id
1627 5003 1713 5055 est
1732 5017 1804 5054 ne
1825 5001 1895 5056 de
1921 5002 2144 5056 civitate
2164 5002 2235 5056 ad

605 5073 896 5150 civitatem
927 5096 1179 5148 transeat
1204 5093 1293 5147 vel
1333 5093 1654 5165 episc0pus,
1683 5093 1772 5148 vel
1802 5095 2118 5166 presbyter,
2146 5095 2235 5149 vel

605 5189 898 5244 diaconus.
931 5187 985 5243 Si
1016 5187 1141 5258 quis
1166 5202 1299 5242 vero
1325 5191 1458 5260 post
1482 5187 1604 5242 haec
1634 5190 1841 5243 statuta
1869 5188 2050 5242 sancti
2067 5188 2236 5260 hujus

605 5281 830 5340 concilii
873 5281 989 5336 tale
1031 5280 1244 5353 aliquid
1284 5297 1454 5352 agere
1508 5282 1828 5347 tentaverit,
1886 5280 2238 5353 infringetur

607 5376 762 5433 omni
808 5391 1018 5447 genere
1068 5373 1466 5446 hujuscemodi
1515 5377 1750 5428 conatus
1803 5378 1861 5427 et
1906 5374 2238 5430 restituatur

603 5470 849 5543 propriae
881 5468 1139 5525 Ecclesiae
1169 5468 1228 5522 in
1255 5485 1369 5539 qua
1396 5467 1686 5523 ordinatus
1713 5471 1817 5522 est.

678 5566 808 5619 XVI.
858 5563 914 5618 Si
951 5563 1048 5634 qui
1097 5577 1231 5616 vero
1276 5561 1551 5616 timorem
1597 5561 1695 5616 Dei
1744 5564 1875 5618 ante
1900 5564 2090 5619 oculos
2119 5580 2235 5620 non

610 5657 907 5726 habentes,
953 5671 1140 5727 neque
1185 5655 1558 5709 ecclesiastica
1599 5659 1807 5711 statuta
1837 5657 2232 5728 custodientes,

611 5751 905 5804 recesserit
933 5749 1004 5804 ab
1034 5748 1273 5803 Ecclesia
1300 5765 1398 5802 sua
1427 5747 1542 5803 sive
1587 5750 1886 5822 presbyter
1911 5752 2023 5807 sive
2046 5753 2231 5808 diacoo

603 5829 738 5906 'nus,
770 5841 854 5895 vel
898 5842 956 5896 in
1008 5858 1350 5916 quocunque
1396 5842 1767 5900 ecclesiastico
1811 5845 2012 5902 ordine
2064 5847 2234 5920 positi

2334 4628 2450 4682 Deo
2475 4644 2633 4695 vero,
2659 4633 2879 4694 natum,
2909 4644 3022 4682 non
3045 4627 3275 4698 factum,
3299 4620 3812 4684 consubstantialem
3824 4613 3902 4708 Pa:

2333 4721 2426 4790 tri,
2457 4721 2514 4775 id
2535 4724 2638 4791 est,
2667 4721 2838 4777 unius
2876 4721 3207 4777 substantiae
3233 4739 3366 4776 cum
3401 4724 3566 4776 Patre
3598 4713 3750 4789 (quod
3771 4709 3902 4805 Grec!

2334 4818 2607 4871 omousion
2635 4815 2847 4888 dicunt)
2867 4831 2973 4886 per
2993 4832 3162 4888 quem
3193 4816 3390 4871 omnia
3419 4816 3569 4870 facta
3593 4814 3713 4866 sunt
3738 4815 3841 4876 qum
3862 4809 3904 4849 ιη

2335 4910 2473 4964 00010
2513 4914 2569 4964 et
2607 4908 2668 4963 in
2707 4912 2879 4964 terra.
2923 4909 3032 4973 Qui
3058 4914 3291 4981 propter
3318 4925 3426 4964 nos
3455 4906 3724 4969 homines,
3751 4901 3905 4963 θίρτο·

2335 5009 2460 5074 pter
2485 5008 2735 5058 nostram
2779 5003 3018 5058 salutem
3061 5003 3359 5059 descendit
3401 5002 3474 5058 de
3501 4999 3669 5066 caelis,
3701 4998 3752 5049 et
3774 4989 3909 5044 incar-

2335 5099 2502 5151 natus
2528 5101 2632 5164 est,
2678 5101 2849 5168 atque
2885 5097 3060 5153 homo
3099 5096 3298 5168 factus,
3333 5113 3553 5168 passus,
3581 5094 3813 5148 mortuus
3831 5079 3907 5140 est.

2335 5195 2392 5246 et
2411 5190 2718 5246 resurrexit
2745 5191 2917 5246 tertia
2945 5191 3056 5261 die,
3100 5190 3357 5246 ascendit
3381 5191 3452 5246 ad
3481 5188 3664 5255 caelos,
3692 5183 3910 5234 venturus

2328 5283 2587 5356 judicare
2633 5284 2783 5339 vivos
2810 5289 2866 5340 et
2891 5288 3171 5341 mortuos.
3203 5287 3273 5341 Et
3297 5285 3360 5340 in
3385 5283 3657 5355 Spiritum
3685 5274 3908 5330 sanctum.

2335 5379 2445 5433 Eos
2471 5382 2663 5432 autem
2694 5379 2794 5450 qui
2820 5379 3019 5434 dicunt
3048 5384 3191 5446 erat,
3222 5379 3455 5452 quando
3485 5393 3600 5432 non
3636 5367 3815 5427 018101
3837 5373 3911 5459 an:

2335 5475 2567 5544 tequam
2612 5474 2941 5528 nasceretur
2974 5489 3091 5528 non
3118 5476 3259 5542 erat,
3293 5475 3351 5528 et
3377 5471 3537 5543 quod
3567 5482 3631 5524 ex
3663 5459 3812 5519 nullis
3831 5467 3915 5544 en:

2335 5539 2613 5622 ste‘ntibus
2655 5566 2836 5621 factus
2883 5572 2986 5636 est,
3035 5569 3134 5621 aut
3173 5539 3483 5636 0181111118
3531 5539 3915 5650 substantiale-1

2335 5665 2556 5732 natura,
2586 5676 2721 5716 eum
2744 5661 2993 5716 dicentes
3020 5676 3141 5717 esse
3168 5656 3534 5729 mutabilem,
3565 5660 3622 5712 et
3644 5639 3919 5709 convertibr

2336 5753 2443 5808 lem
2479 5755 2681 5810 Filium
2727 5755 2844 5823 Dei,
2884 5755 3238 5827 perhibendo
3287 5755 3394 5810 hos
3430 5737 3853 5807 anathematizat,
3881 5732 3922 5827 ei

2335 5849 2678 5904 cendemnat
2702 5825 2978 5904 catholica
3008 5855 3065 5906 et
3103 5846 3419 5932 apostolica
3448 5843 3704 5932 Ecclesia.
3731 5837 3839 5891 11100
3860 5825 3920 5882 εει
