4026 6166
197 331 290 384 2m

1467 334 1936 393 DECRETAUUM
1974 338 2355 394 COLLECTIO.

3466 349 3567 400 262

196 460 334 513 ﬁdes
360 477 542 530 quam
577 468 964 532 exposuerunt
987 463 1176 518 patres
1207 465 1456 535 primum
1488 466 1718 536 quidem
1744 467 1835 520 δά,
1858 459 1914 528 Α
1935 446 2034 512 tia,
2079 448 2376 502 continens
2416 448 2610 503 omnia
2637 466 2764 521 quae
2792 450 3058 520 existunt,
3107 453 3274 507 Filius
3303 469 3466 507 verus
3496 455 3564 508 de

195 569 390 605 versus
412 553 616 608 Arium
629 554 1050 626 blasphemum,
1078 557 1359 612 dicentem
1380 563 1698 613 creaturam
1719 575 1838 612 esse

197 645 406 699 Filium
446 645 570 716 Dei,
615 649 673 701 et
709 648 974 703 adversus
1005 665 1238 704 omnem
1268 650 1555 718 haeresim,
1592 651 1836 718 Sabellii,

195 737 449 807 Photini,
499 739 660 793 Pauli
703 741 1098 810 Samosateni,
1149 743 1478 812 Manichaei,
1532 744 1836 809 Valentini,

191 829 514 898 Marcionis,
553 835 609 886 et
636 832 906 888 adversus
929 851 1162 889 omnem
1194 835 1428 890 omnino
1459 836 1750 904 haresim,
1792 836 1838 890 si

191 940 319 993 qua:
353 923 737 980 insurrexerit
776 931 973 982 contra
1016 929 1354 984 catholicam
1387 934 1441 984 et
1469 931 1838 1000 apostolicam

190 1017 504 1071 Ecclesiam
533 1034 704 1089 quam
732 1037 936 1074 omnes
960 1021 1485 1077 condemnaverunt
1505 1023 1689 1078 Nicaea
1709 1039 1838 1076 con-

193 1111 422 1180 gregati
453 1111 701 1182 episcopi
725 1115 962 1168 trecenti
991 1116 1187 1170 decem
1217 1119 1272 1170 et
1299 1121 1446 1171 octo.

674 1207 829 1261 Fides
860 1207 1105 1276 Gregorii
1123 1209 1364 1278 majoris.

259 1295 427 1351 Unus
457 1298 627 1365 Deus,
661 1299 1024 1371 principium,
1070 1305 1128 1355 et
1167 1303 1333 1356 Pater
1377 1302 1542 1356 Verbi
1580 1302 1832 1371 viventis,

191 1389 490 1458 sapientiae
525 1392 837 1459 existentis,
859 1399 913 1448 et
940 1394 1181 1460 virtutis,
1204 1400 1259 1450 et
1279 1395 1548 1466 imaginis
1568 1396 1833 1467 propriae,

190 1483 479 1552 perfectus
511 1485 743 1554 perfecti
768 1487 1012 1556 genitor,
1041 1492 1097 1542 et
1125 1504 1275 1543 unus
1303 1489 1579 1543 Dominus
1606 1505 1672 1544 ex
1700 1506 1832 1555 uno,

187 1576 350 1630 Pater
379 1577 487 1630 filii
518 1578 823 1649 unigeniti,
855 1584 910 1634 et
932 1597 1076 1634 unus
1113 1581 1388 1635 Dominus
1419 1599 1483 1636 ex
1521 1599 1656 1651 uno,
1693 1583 1836 1636 Deus

187 1668 256 1722 de
282 1671 426 1739 Deo,
474 1670 660 1742 ﬁgura
698 1672 1026 1728 substantiae
1065 1675 1267 1743 Patris,
1313 1674 1504 1747 imago
1546 1675 1665 1742 Dei,
1697 1678 1838 1730 Deus

186 1763 437 1817 Verbum
469 1765 694 1832 mundi,
730 1771 785 1822 et
810 1766 984 1821 totius
1011 1767 1338 1822 substantias
1359 1769 1570 1840 opifex,
1603 1768 1832 1839 sapien-

1938 540 2100 594 Patre
2126 556 2278 609 vero,
2308 540 2606 597 invisibilis
2633 542 2703 596 de
2731 544 3019 614 invisibili,
3041 545 3481 616 incorruptibilis
3498 547 3567 602 de

1939 631 2374 704 incorruptibili,
2416 635 2756 690 immortalis
2794 638 2864 691 de
2896 638 3232 707 immortali,
3274 643 3332 694 et
3356 639 3564 710 sempi-

1938 728 2134 781 ternus
2157 726 2227 781 de
2254 728 2620 799 sempiterno,
2651 733 2705 784 et
2742 747 2886 784 unus
2915 731 3157 802 Spiritus
3175 738 3418 800 sanctus,
3443 749 3568 804 per-

1937 821 2136 886 fectus,
2176 822 2431 891 perfecta
2473 822 2607 890 vita,
2650 823 2960 878 viventium
3009 825 3295 892 sanctitas,
3340 830 3398 879 et
3436 826 3565 879 fons

1938 914 2266 983 sanctitatis,
2304 919 2361 969 et
2394 915 2788 970 azdiﬁcationis
2821 916 3190 984 ministrator,
3234 934 3340 988 per
3389 935 3563 990 quem

1936 1009 2080 1061 Deus
2109 1007 2168 1061 in
2198 1024 2396 1062 omnes
2422 1009 2714 1064 credentes
2751 1012 2808 1064 et
2833 1026 3005 1080 super
3045 1027 3262 1080 omnes,
3307 1020 3363 1065 et
3393 1011 3564 1065 Filius

1939 1101 2037 1171 qui
2061 1117 2164 1172 per
2193 1118 2410 1157 omnes.
2438 1102 2698 1169 Trinitas,
2729 1104 2978 1173 perfecta
3009 1103 3207 1174 gloria,
3236 1107 3293 1157 et
3320 1120 3562 1176 regnum

1937 1200 2372 1270 sempiternum,
2415 1199 2790 1266 individuum,
2837 1204 2894 1254 et
2936 1200 3322 1256 inalienabile.
3372 1202 3561 1272 Neque

1935 1292 2112 1364 igitur
2136 1295 2387 1348 creatum
2429 1292 2666 1363 aliquid,
2706 1296 2764 1347 et
2799 1310 3023 1349 servum
3057 1311 3156 1349 seu
3191 1294 3471 1348 famulum
3503 1295 3562 1349 in

1935 1386 2222 1452 Trinitate,
2263 1402 2452 1456 neque
2500 1386 2894 1455 adventitium,
2937 1387 3026 1441 vel
3065 1387 3563 1442 subintroductum

1936 1485 2212 1551 tanquam
2259 1480 2414 1551 quod
2450 1483 2583 1534 ante
2621 1497 2738 1535 non
2776 1481 3065 1549 exstiterit,
3111 1487 3167 1536 et
3194 1480 3563 1536 novissimum

1936 1577 2354 1644 subintraverit,
2384 1593 2573 1648 neque
2616 1579 2772 1632 enim
2807 1579 3015 1633 desinit
3051 1578 3358 1649 aliquando
3392 1580 3564 1634 Filius

1935 1673 2107 1740 Patri,
2130 1675 2230 1725 aut
2250 1671 2406 1739 Filio,
2437 1671 2682 1742 Spiritus
2709 1677 2958 1737 sanctus,
2991 1672 3088 1727 sed
3116 1672 3492 1728 immutabilis
3510 1679 3564 1729 et

1935 1763 2378 1820 inconvertibilis
2404 1764 2524 1819 haec
2551 1765 2749 1820 eadem
2777 1765 3019 1820 Trinitas
3045 1782 3294 1838 semper.

1039 2049 1440 2115 INCIPIUNT
1483 2048 1877 2116 CAPITULA
1921 2047 2251 2114 CONCILII
2292 2046 2718 2111 ANCYRANI.

254 2213 304 2262 1.
337 2205 421 2260 De
450 2205 795 2278 presbyteris
823 2206 996 2279 lapsis
1024 2208 1084 2262 in
1113 2208 1530 2280 persecutione.

251 2305 306 2355 2.
341 2302 424 2355 De
455 2301 790 2356 diaconibus
815 2301 915 2373 qui
941 2302 1404 2358 immolaverunt.

252 2398 309 2450 3.
348 2395 430 2449 De
453 2395 676 2449 clericis
709 2396 823 2449 sive
863 2396 1016 2450 laicis
1053 2413 1293 2467 quorum
1334 2412 1542 2451 manus
1572 2395 1668 2451 alii
1697 2414 1827 2453 cum

183 2488 402 2559 injuria
430 2505 605 2559 super
632 2489 912 2544 idolorum
945 2490 1220 2543 sacriﬁcia
1251 2493 1584 2560 posuerunt.

255 2583 313 2635 4.
350 2582 431 2634 De
458 2581 548 2635 his
575 2582 672 2654 qui
707 2583 766 2636 in
788 2582 1017 2654 templis
1038 2583 1323 2637 idolorum
1343 2588 1732 2653 coenaverunt,
1756 2585 1825 2638 de

185 2674 402 2745 quibus
429 2690 621 2746 supra.

256 2772 312 2823 5.
372 2768 451 2823 De
500 2768 585 2822 his
623 2768 722 2840 qui
778 2769 982 2824 timore
1033 2770 1178 2824 ritus
1237 2768 1539 2840 gentilium
1581 2786 1822 2842 perege-

179 2869 338 2917 runt.

255 2960 310 3010 6.
350 2957 425 3010 De
458 2955 545 3010 his
573 2956 670 3028 qui
696 2954 755 3010 in
787 2957 920 3010 locis
949 2955 1235 3011 idolorum
1264 2957 1770 3012 manducaverunt.

257 3055 312 3103 7.
347 3051 420 3104 Ile
455 3049 544 3103 his
576 3050 674 3120 qui
699 3051 1025 3122 frequenter
1053 3049 1218 3104 idolis
1244 3049 1703 3106 immolaverunt.

255 3146 311 3198 8.
343 3143 425 3197 De
457 3143 546 3196 his
575 3143 675 3214 qui
704 3144 878 3198 coacti
904 3143 1067 3198 idolis
1097 3144 1554 3198 immolaverunt.

257 3239 313 3291 9.
370 3237 452 3290 De
511 3236 598 3290 his
657 3237 754 3308 qui
809 3237 933 3291 aliis
997 3237 1347 3292 sacriﬁcandi
1404 3253 1628 3292 causam
1670 3241 1819 3294 attu-

179 3333 398 3385 lerunt.

258 3427 348 3480 10.
383 3424 466 3479 De
492 3422 846 3480 diaconibus.

260 3523 348 3575 11.
411 3521 488 3575 De
539 3517 895 3591 desponsatis
937 3517 1140 3590 puellis
1209 3522 1270 3574 et
1325 3518 1396 3574 ab
1449 3518 1576 3574 aliis
1627 3535 1818 3573 corru-

177 3616 321 3688 ptis.

1848 2221 1904 2292 B
2004 2211 2085 2262 l2.
2134 2207 2210 2261 De
2260 2205 2344 2259 his
2396 2206 2494 2277 qui
2540 2211 2672 2260 ante
2718 2205 3062 2276 baptismum
3109 2203 3561 2261 sacriﬁcaverunt

1931 2300 2115 2356 idolis.

2002 2397 2085 2450 13.
2111 2395 2190 2449 De
2218 2392 2584 2466 coepiscopis.

1999 2489 2082 2542 14.
2119 2488 2192 2541 De
2222 2487 2563 2558 presbyteris
2587 2503 2620 2539 a
2651 2502 2819 2542 carne
2845 2503 2903 2541 se
2929 2485 3365 2542 abstinentibus.

2004 2583 2087 2634 15.
2142 2581 2265 2634 Non
2328 2579 2539 2634 debere
2589 2578 2949 2650 presbyteros
3014 2581 3390 2634 ecclesiastica
3427 2581 3558 2650 jura

1926 2673 2192 2728 vendere.

2004 2768 2087 2820 16.
2119 2767 2197 2820 De
2221 2765 2308 2820 his
2335 2766 2433 2837 qui
2470 2764 2936 2820 irrationabiliter
2964 2764 3240 2820 vixerunt.

2004 2863 2085 2914 l7.
2114 2860 2193 2913 De
2222 2859 2310 2913 his
2341 2859 2439 2930 qui
2469 2859 2615 2913 sicut
2639 2861 2797 2912 muta
2827 2857 3102 2912 animalia
3128 2858 3413 2916 vixerunt.

2004 2955 2087 3010 18.
2119 2956 2193 3009 De
2222 2954 2496 3025 epiSCOpis
2524 2954 2621 3025 qui
2655 2952 2901 3008 ordinati
2928 2969 3044 3007 non
3076 2954 3482 3026 suscipiuntur.

1998 3050 2081 3103 19.
2117 3049 2192 3101 De
2220 3047 2308 3101 his
2335 3047 2432 3119 qui
2461 3046 2851 3118 virginitatem
2877 3047 3234 3118 proﬁtentur.

1997 3144 2084 3196 20.
2117 3142 2196 3196 De
2223 3140 2511 3195 adulteris.

1992 3239 2082 3290 21.
2148 3235 2224 3289 De
2274 3233 2610 3290 mulieribus
2658 3251 2786 3306 quae
2838 3234 3127 3291 fornicata:
3187 3239 3378 3308 partus
3427 3254 3555 3295 suos

1919 3332 2148 3385 necant.
2919 3333 2925 3338 '

1993 3428 2080 3480 22.
2114 3423 2189 3478 De
2219 3422 2308 3476 his
2333 3421 2432 3493 qui
2461 3422 2711 3477 volentes
2739 3421 3112 3478 homicidium
3136 3423 3412 3480 fecerunt.

1991 3521 2082 3574 23.
2111 3517 2187 3572 De
2213 3517 2303 3572 his
2331 3514 2428 3586 qui
2459 3531 2620 3570 more
2651 3515 2950 3586 gentilium
2976 3517 3190 3573 vivunt.

1991 3612 2080 3667 24.
2111 3611 2191 3666 De
2221 3627 2288 3667 eo
2313 3611 2410 3682 qui
2441 3626 2693 3665 sororem
2721 3626 2947 3681 sponsas
2974 3627 3090 3666 suae
3119 3611 3354 3668 vitiavit.

941 3860 1055 3941 61
1121 3872 1469 3945 INCIPIT
1549 3867 2077 3944 CONCILIUM
2154 3865 2791 3941 ANCYRANUM.

1556 4015 1735 4084 (Anno
1770 4013 1998 4069 Domini
2030 4015 2177 4084 600.)

252 4170 347 4223 Isti
391 4167 628 4239 quidem
670 4182 935 4233 canones,
984 4183 1082 4222 seu
1130 4167 1373 4237 regulae,
1421 4166 1638 4237 priores
1684 4171 1890 4245 suntC
1914 4166 2055 4238 prias
2081 4165 2354 4235 retinere,
2397 4163 2602 4219 offerre
2641 4166 2833 4217 autem
2875 4161 2982 4216 illis
3023 4163 3080 4216 et
3118 4177 3446 4218 sermonem
3476 4164 3546 4218 ad

185 4262 445 4329 Nicmnis,
466 4261 567 4315 sed
584 4261 712 4315 ideo
731 4259 945 4314 Nicaani
966 4275 1216 4315 canones
1237 4261 1457 4332 priores
1473 4261 1816 4331 scribuntur,

183 4363 424 4428 propter
451 4355 849 4409 auctoritatem
877 4355 1076 4425 magni
1112 4359 1170 4409 et
1211 4355 1391 4410 sancti
1428 4353 1646 4408 concilii
1667 4353 1820 4425 apud

183 4451 428 4505 Nicaeam
459 4448 656 4502 habiti.

251 4546 659 4598 Convenerunt
685 4547 871 4596 autem
901 4541 962 4597 in
983 4542 1268 4614 synodum
1288 4544 1690 4612 memoratam,
1713 4543 1822 4596 An-

184 4653 381 4708 cyram
411 4635 714 4702 civitatem,
747 4636 806 4689 hi
833 4636 929 4706 qui
975 4636 1126 4691 infra
1163 4635 1356 4708 scripti
1402 4639 1553 4704 sunt,
1589 4635 1817 4690 Marce].

184 4733 270 4786 lus
295 4733 653 4800 Ancyranus,
671 4729 1002 4800 Agricolaus
1020 4731 1400 4799 Cmsariensis,
1422 4731 1611 4800 Lupus
1641 4729 1818 4784 Thar-

186 4826 382 4894 sensis,
443 4825 647 4879 Vitalio
703 4824 1116 4892 Antiochensis,
1182 4824 1417 4878 Basilius
1481 4826 1817 4891 Amasenus,

184 4917 587 4989 Philadelphus
609 4919 1066 4990 Juliopolitanus,
1096 4917 1356 4973 Testulus
1375 4917 1817 4984 Nicomedensis,

184 5012 478 5066 Heraclius
524 5013 872 5083 Zolonensis,
923 5015 1121 5068 Petrus
1167 5011 1494 5079 Iconiensis,
1537 5011 1820 5067 Munecius

183 5105 562 5172 Laodicensis,
589 5106 905 5178 Pergianus
931 5105 1338 5160 Antiochmnus
1354 5104 1642 5172 Phisidiaa,
1672 5105 1812 5158 Nar-

182 5199 358 5255 cissus
383 5198 763 5255 Nerodiensis.

247 5296 383 5350 CAP.
415 5294 456 5348 Ι.
489 5294 871 5366 Presbyteros,
913 5294 1010 5366 qui
1047 5291 1486 5349 immolaverunt
1524 5296 1581 5348 et
1621 5297 1821 5365 postea

182 5389 395 5443 iterum
421 5393 706 5443 certamen
735 5388 1006 5458 inierunt,
1048 5388 1092 5442 si
1124 5389 1235 5443 hoc
1271 5388 1458 5458 ipsum
1499 5404 1569 5442 ex
1604 5386 1736 5454 ﬁde,
1766 5391 1823 5441 et

181 5498 296 5537 non
327 5482 518 5554 aliquo
547 5488 892 5554 argumento
913 5481 1139 5537 sibimet
1157 5485 1528 5554 preparantes
1549 5483 1814 5552 egerunt,

1918 4260 2200 4332 populum
2225 4259 2433 4327 facere,
2463 4260 2562 4313 aut
2583 4255 2868 4329 aliquibus
2887 4255 3329 4311 sacerdotalibus
3350 4256 3549 4312 ofﬁciis

1916 4353 2082 4425 fungi
2109 4369 2228 4407 non
2256 4351 2442 4408 liceat.

1990 4447 2055 4500 ll.
2093 4445 2364 4500 Diacones
2403 4443 2688 4514 similiter,
2727 4442 2826 4515 qui
2864 4441 3322 4511 immolaverunt,
3349 4448 3550 4515 postea

1918 4543 2111 4594 autem
2138 4539 2352 4594 iterum
2394 4537 2651 4594 reluctati
2698 4540 2850 4606 sunt,
2893 4537 3015 4590 illos
3058 4536 3290 4608 quidem
3329 4537 3549 4593 honore

1920 4649 2111 4689 carere
2138 4635 2364 4704 oportet
2406 4648 2626 4686 cessare
2665 4646 2799 4686 vero
2839 4630 3046 4685 debere
3088 4630 3157 4683 ab
3200 4629 3359 4684 omni
3397 4647 3551 4685 sacro

1919 4726 2258 4794 ministerio,
2285 4727 2360 4781 ita
2385 4729 2452 4780 ut
2480 4743 2587 4780 nec
2626 4740 2840 4796 panem
2871 4739 2974 4778 nec
3008 4723 3246 4778 calicem
3288 4724 3548 4794 offerant,

1923 4838 2024 4876 nec
2053 4820 2452 4892 pronuntient,
2482 4818 2590 4873 nisi
2621 4818 2767 4873 forte
2793 4816 2967 4889 aliqui
2993 4816 3390 4888 episcoporum
3424 4835 3552 4873 con-

1920 4915 2019 4971 scii
2047 4914 2160 4969 sint
2187 4914 2396 4968 laboris
2422 4929 2626 4968 eorum
2665 4915 2721 4966 et
2744 4909 3109 4978 humilitatis,
3144 4913 3201 4965 et
3228 4918 3550 4968 mansuetu-

1921 5008 2089 5077 dinis,
2117 5013 2173 5063 et
2201 5006 2481 5063 voluerint
2511 5005 2592 5060 eis
2637 5003 2853 5076 aliquid
2891 5004 3135 5075 amplius
3175 5005 3426 5060 tribuere
3466 5007 3550 5061 vel

1920 5101 2195 5172 adimere,
2226 5119 2404 5173 penes
2431 5100 2580 5173 ipsos
2612 5115 2749 5170 ergo
2779 5097 2850 5153 de
2876 5097 2966 5152 his
2991 5097 3098 5152 erit
3117 5103 3384 5170 potestas.

1991 5198 2084 5253 ΙΙΙ.
2111 5195 2219 5260 Qui
2259 5194 2543 5267 fugientes
2589 5194 2790 5249 timore
2826 5191 3256 5264 persecutionis,
3289 5209 3548 5266 compre-

1918 5290 2082 5346 hensi
2109 5291 2260 5357 sunt,
2289 5287 2374 5343 vel
2402 5305 2435 5343 a
2471 5287 2850 5344 familiaribus
2887 5302 2988 5342 seu
3025 5302 3058 5340 a
3089 5285 3409 5341 domesticis
3438 5290 3547 5340 tra-

1922 5385 2046 5453 diti,
2073 5389 2131 5440 et
2149 5383 2237 5438 vel
2261 5383 2412 5438 bona
2446 5381 2676 5454 propria
2694 5381 3030 5451 amiserunt,
3052 5381 3138 5434 vel
3167 5380 3551 5435 sustinuerunt

1920 5481 2226 5546 tormenta,
2261 5477 2350 5531 vel
2381 5476 2555 5532 etiam
2597 5475 2914 5530 carceribus
2949 5473 3152 5530 inclusi
3189 5477 3338 5528 sunt.
3373 5474 3440 5527 Et
3472 5475 3554 5526 ta-

183 5581 240 5630 ut
269 5577 485 5630 iterum
526 5576 706 5630 teneri
744 5575 1093 5646 viderentur,
1139 5577 1239 5630 aut
1283 5575 1579 5630 tormentis
1616 5572 1818 5644 subjici
1836 5549 1895 5619 D
1916 5591 2052 5630 men
2081 5572 2571 5645 proclamaverunt
2590 5587 2647 5626 se
2667 5587 2788 5625 esse
2811 5567 3176 5638 Christianos,
3200 5565 3548 5638 quinetiam,

180 5673 458 5740 putentur
483 5672 760 5741 tanquam
787 5669 968 5738 inviti,
997 5668 1042 5723 si
1064 5686 1134 5723 ex
1159 5668 1274 5723 ﬁde
1301 5685 1437 5739 ergo
1466 5667 1662 5723 luctati
1686 5668 1820 5722 sunt

181 5767 234 5817 et
260 5779 382 5818 non
410 5779 482 5818 ex
511 5767 828 5836 compacto,
858 5763 934 5819 ad
950 5762 1414 5831 ostentationem,
1448 5766 1515 5816 ut
1544 5761 1820 5816 oﬁ‘errent

180 5855 285 5930 ipsi
307 5857 590 5928 fecerunt,
612 5858 720 5913 hos
739 5856 948 5930 placuit
970 5858 1250 5914 honorem
1275 5856 1508 5933 quidem
1521 5855 1667 5912 sedis
1688 5872 1815 5927 pro-

1915 5668 2319 5741 perseverante
2368 5663 2658 5732 violentia,
2701 5663 2773 5718 ad
2813 5661 2874 5717 id
2911 5677 3088 5733 usque
3124 5660 3381 5732 perducti
3419 5665 3550 5716 sunt

1920 5766 1981 5817 ut
2011 5778 2214 5816 manus
2240 5776 2440 5816 eorum
2469 5757 2872 5830 apprehensas,
2902 5759 2959 5810 et
2985 5753 3261 5809 violenter
3287 5758 3550 5811 attractas

1919 5871 2089 5928 super
2110 5855 2372 5910 sacriﬁcia
2396 5853 2784 5923 imponerent,
2810 5849 2919 5905 illis
2948 5848 3161 5904 scilicet
3185 5866 3547 5921 perseveran-
