4026 6166
555 287 652 343 263

1451 282 1734 342 APPEND.
1779 287 1865 341 AD
1905 285 2068 343 SAEC.
2109 283 2199 341 IX.
2227 313 2296 326 ——
2331 282 2577 341 ISIDORI
2615 283 3037 342 MERCATORIS
3740 293 3819 350 26!,

550 395 698 449 tibus
723 391 783 447 in
812 391 945 461 fide,
993 397 1051 448 et
1093 392 1443 448 Christianos
1480 410 1539 448 se
1567 411 1688 448 esse
1717 395 2177 463 vociferantibus,
2202 392 2471 480 Aminus
2517 394 2714 463 epulas
2759 393 2975 447 ibidem
3022 395 3381 463 portaverunt
3410 394 3463 447 et
3496 395 3822 465 comederunt,

550 489 658 542 hoc
682 503 819 559 ergo
845 486 995 559 quod
1023 487 1101 541 eis
1137 487 1331 542 invitis
1376 492 1432 542 et
1466 487 1589 542 aliis
1631 488 1971 558 cogentibus
2005 487 2181 542 conti-

550 581 651 651 git,
684 580 731 635 si
757 582 909 635 luctu
936 585 993 636 et
1011 596 1254 637 maerore
1275 580 1450 636 animi
1476 581 1677 636 acerbe
1704 597 1761 636 se
1779 582 1926 635 ferre
1949 580 2182 635 demon-

545 677 744 741 strant,
784 674 1006 746 ipsique
1050 675 1252 730 humili
1292 691 1397 746 per
1434 675 1643 729 bonam
1691 673 2176 729 conversationem

545 766 743 820 habitu
769 767 1094 822 incedentes
1123 768 1313 823 dolere
1351 783 1410 823 se
1450 768 1605 839 quod
1646 767 1808 821 inviti
1840 766 2016 822 coacti
2045 770 2178 820 sunt

544 859 802 928 doceant,
827 861 932 914 hos
951 864 1228 932 tanquam
1249 861 1568 932 inculpatos
1588 877 1621 914 a
1638 859 2041 915 communione
2058 876 2176 915 non

541 953 737 1007 vetari.
762 953 816 1008 Si
843 957 1032 1008 autem
1044 954 1163 1024 jam
1179 953 1454 1025 prohibiti
1466 953 1677 1008 suntab
1687 953 1968 1025 aliquibus
1979 969 2012 1007 a
2026 969 2175 1008 com-

543 1046 818 1101 munione
841 1046 1077 1117 majoris
1111 1047 1426 1118 diligentiae
1450 1046 1832 1117 inquisitionis
1861 1063 2047 1112 causa,
2077 1049 2176 1101 aut

540 1155 646 1210 per
669 1139 986 1210 aliquorum
1011 1131 1411 1211 ignorantiam
1453 1140 1640 1194 statim
1679 1140 1859 1211 recipi
1890 1144 2166 1210 oportere,

541 1233 648 1286 hoc
674 1235 869 1287 autem
913 1232 1194 1287 observari
1237 1237 1483 1304 oportet,
1531 1238 1589 1287 et
1632 1234 1700 1288 de
1745 1233 1959 1288 clericis
2005 1241 2061 1286 et
2099 1232 2170 1288 de

539 1324 697 1380 laicis
725 1325 1007 1381 omnibus.
1041 1326 1235 1381 Laicos
1265 1343 1400 1381 sane
1430 1326 1528 1398 qui
1557 1327 1618 1380 in
1650 1326 1892 1381 similem
1923 1325 2169 1382 necessi-

538 1418 666 1472 tatis
692 1435 918 1473 causam
948 1419 1289 1488 inciderunt,
1323 1423 1604 1490 tanquam
1647 1420 1690 1473 si
1718 1420 1864 1474 nihil
1901 1435 2166 1491 peccave-

537 1507 673 1574 rint,
698 1509 943 1562 maxime
985 1508 1033 1562 si
1062 1526 1156 1563 eos
1193 1509 1496 1579 probabilis
1541 1509 1655 1563 vita
1692 1509 2070 1576 commendet,
2098 1509 2170 1563 ad

537 1602 948 1657 ordinationem
987 1603 1160 1673 recipi
1181 1603 1410 1673 placuit.

608 1696 692 1749 IV.
726 1696 803 1749 De
829 1695 938 1764 his,
967 1695 1064 1766 qui
1112 1696 1421 1750 sacriﬁcare
1450 1695 1630 1750 coacti
1657 1700 1807 1762 sunt,
1849 1695 2079 1767 insuper
2106 1696 2166 1750 in

2281 487 2496 556 placuit
2527 489 2588 540 ut
2613 491 2737 556 post
2762 484 2975 540 biennii
3007 483 3388 556 paenitentiam
3415 486 3746 556 suscipiantur
3768 492 3828 543 ita

2278 584 2475 634 tamen
2506 583 2696 634 utrum
2726 583 2824 633 aut
2848 595 2977 633 cum
3009 577 3287 632 oblatione
3324 577 3610 648 recipiendi
3641 579 3750 648 sint,
3770 597 3825 635 an

2279 673 2350 726 ad
2376 672 2555 726 solam
2584 671 3047 727 communionem
3085 670 3311 726 admitti
3335 669 3562 725 debeant
3582 672 3828 742 unusquis-

2278 781 2389 836 que
2417 765 2812 837 episc0porum
2840 765 3122 819 examinet
3146 763 3318 818 vitam
3346 780 3548 833 eorum,
3572 768 3622 818 et
3637 768 3826 835 praeter-

2274 858 2353 913 ita
2378 875 2440 912 ac
2471 859 2773 930 praesentia
2793 858 2987 913 habita
3014 856 3463 912 consideratione
3483 856 3773 927 perpendat.

2345 953 2482 1007 VIII.
2514 951 2577 1005 Hi
2607 957 2800 1007 autem
2832 951 2932 1022 qui
2961 950 3211 1005 secundo
3235 950 3321 1005 vel
3359 948 3518 1004 tertio
3543 949 3829 1004 sacriﬁcave-

2272 1049 2407 1100 runt
2435 1045 2488 1098 vi
2533 1046 2726 1113 coacti,
2759 1047 3005 1117 quatuor
3055 1043 3220 1098 annis
3250 1059 3367 1098 sese
3406 1041 3475 1095 ad
3502 1042 3832 1113 paenitentiam

2272 1137 2630 1205 submittant,
2660 1137 2879 1192 duobus
2905 1142 3100 1192 autem
3125 1137 3246 1191 aliis
3287 1136 3406 1190 sine
3429 1133 3684 1189 oblatione
3705 1149 3831 1188 com-

2270 1231 2586 1299 municent,
2645 1232 2885 1301 septimo
2940 1247 3090 1286 anno
3152 1229 3547 1301 perfectionem
3595 1227 3832 1298 recepturi

2271 1325 2713 1380 communionis.

2340 1420 2428 1473 IX.
2462 1417 2758 1488 Quotquot
2794 1419 2989 1471 autem
3023 1432 3141 1470 non
3170 1416 3350 1470 solum
3385 1432 3417 1469 a
3454 1413 3556 1468 ﬁde
3594 1412 3834 1468 Dominica

2270 1511 2581 1578 deviarunt,
2628 1511 2728 1565 sed
2762 1511 2936 1564 etiam
2975 1510 3402 1564 insurrexerunt
3443 1508 3498 1560 in
3519 1506 3662 1575 alios,
3688 1509 3736 1560 et
3754 1505 3836 1559 fra-

2267 1604 2446 1659 tribus
2484 1608 2907 1676 persuaserunt,
2947 1605 3005 1656 et
3040 1603 3123 1658 rei
3163 1603 3295 1657 facti
3321 1602 3448 1655 sunt
3486 1597 3833 1671 persuasionis,

2266 1697 2326 1750 hi
2345 1714 2446 1768 per
2461 1697 2773 1752 triennium
2787 1696 3021 1767 quidem
3036 1697 3184 1750 inter
3198 1696 3622 1750 catechumenos
3633 1691 3839 1747 habean-

535 1788 761 1859 templis
791 1788 1072 1843 idolorum
1113 1794 1496 1855 coenaverunt,
1538 1790 1584 1842 si
1641 1789 1738 1859 qui
1790 1805 1985 1843 eorum
2033 1805 2164 1843 cum
2186 1773 2241 1844 Β
2265 1796 2376 1854 tur,
2401 1807 2504 1861 per
2517 1791 2669 1845 aliud
2690 1794 2882 1846 autem
2898 1791 3234 1845 sexennium
3252 1788 3588 1860 poenitentiae
3609 1785 3837 1856 recipiant

531 1881 730 1936 habitu
756 1882 993 1937 cultiore
1025 1883 1095 1937 ad
1120 1884 1334 1954 templa
1372 1881 1641 1955 producti
1686 1886 1837 1949 sunt,
1882 1885 2055 1953 atque
2085 1882 2162 1937 ibi

529 1975 853 2046 pretiosiori
879 1981 1029 2030 veste
1068 1976 1254 2030 adhuc
1287 1979 1510 2030 mutata
1536 1991 1712 2030 coenae
1745 1976 2042 2046 participes
2073 1977 2159 2030 fa-

530 2069 604 2123 cti
632 2073 784 2136 sunt,
812 2068 1095 2123 idolorum
1128 2069 1517 2124 indifferenter
1537 2074 1826 2124 sumentes
1850 2070 2044 2124 omnia
2063 2069 2162 2140 qui

527 2163 755 2217 fuerant
780 2163 1055 2232 apposita,
1091 2161 1300 2232 placuit
1339 2163 1490 2217 inter
1530 2161 1819 2216 audientes
1848 2179 1965 2217 uno
2010 2179 2160 2217 anno

529 2253 816 2322 constitui,
857 2254 1037 2308 tribus
1083 2258 1275 2308 autem
1319 2256 1446 2308 aliis
1473 2255 1638 2309 annis
1666 2271 1835 2325 agere
1875 2255 2156 2326 peniten-

527 2348 690 2418 tiam,
720 2346 822 2401 sed
842 2363 910 2402 ex
927 2347 1049 2418 ipso
1067 2346 1295 2402 trienno
1321 2364 1426 2418 per
1443 2348 1744 2402 biennium
1764 2350 2158 2403 tantummodo

529 2439 776 2496 orationi
811 2439 1257 2510 communicare,
1285 2441 1455 2496 tertio
1491 2444 1682 2496 autem
1719 2457 1870 2496 anno
1901 2443 2155 2497 reconci-

525 2534 664 2591 liare
683 2521 1077 2590 sacramentis.

596 2630 655 2683 V.
683 2629 968 2700 Quotquot
995 2632 1185 2683 autem
1205 2629 1585 2683 ascenderunt
1604 2629 1816 2700 templa
1841 2644 1970 2684 cum
2001 2632 2154 2684 veste

523 2721 773 2794 lugubri,
810 2727 865 2776 et
894 2722 1286 2776 recumbentes
1311 2721 1461 2776 inter
1497 2721 1639 2776 alios
1681 2722 2155 2777 manducaverint

523 2816 742 2885 ﬂentes,
771 2815 817 2869 si
840 2815 1247 2885 compleverint
1265 2815 1662 2885 paenitentiam
1678 2815 1911 2870 triennii
1934 2820 2155 2888 tempo-

521 2909 618 2978 ris,
641 2907 762 2962 sine
783 2907 1068 2963 oblatione
1085 2907 1468 2980 suscipientur
1487 2908 1561 2962 ad
1588 2909 2070 2978 communionem,
2093 2909 2152 2964 id

521 3005 606 3057 est
630 3005 698 3057 ut
732 3001 838 3072 ipsi
875 3001 1221 3056 oblationem
1262 3017 1380 3055 non
1413 3000 1677 3056 offerant.
1706 3001 1763 3057 Si
1788 3007 1981 3057 autem
2018 3019 2150 3074 per-

521 3094 672 3150 ducti
687 3095 759 3148 ad
770 3096 988 3166 templa
1004 3111 1118 3149 non
1139 3093 1318 3149 mund
1326 3094 1870 3164 ucaverint,biennio
1883 3100 2151 3151 maneant

526 3143 672 3150 -----
688 3143 759 3148 η
776 3143 988 3166 ---Ἴ---
1005 3143 1118 3149 _---
1140 3143 1450 3149 _-_--__-_.
1470 3143 1867 3164 -_-_-,__---..--
1883 3143 2151 3151 --------...-

518 3188 576 3242 in
611 3187 966 3260 paenitentia.
1010 3187 1196 3242 Tertio
1241 3204 1372 3243 vero
1407 3189 1848 3259 communicent,
1892 3190 1989 3244 sed
2029 3189 2148 3245 sine
2171 3143 2226 3218 C

517 3281 821 3350 oblatione,
856 3285 917 3336 ut
945 3280 1160 3336 dictum
1190 3286 1293 3348 est,
1320 3280 1380 3352 in
1419 3287 1624 3352 quarto
1656 3282 1779 3352 jam
1821 3298 1972 3337 anno
2012 3298 2144 3354 per-

515 3375 821 3431 fectionem
855 3391 1016 3429 suam
1053 3375 1343 3446 recipiant.
1385 3375 1726 3446 Episcopum
1773 3381 1965 3431 autem
1996 3376 2146 3431 hanc

516 3469 726 3525 habere
757 3469 1042 3524 licentiam
1077 3471 1319 3539 oportet,
1348 3473 1413 3523 ut
1432 3485 1537 3539 pro
1569 3469 1658 3522 his
1687 3475 1916 3540 peccata
1945 3470 2143 3540 singu-

514 3563 702 3618 lorum
731 3562 1068 3632 consideret,
1099 3567 1155 3617 et
1180 3566 1350 3634 prout
1383 3562 1589 3617 viderit
1630 3563 2141 3631 cnnversationem,

511 3677 797 3728 normam,
840 3661 1219 3732 regulamque
1269 3661 1717 3716 conversationis
1762 3661 2053 3729 attribuat,
2086 3662 2144 3717 id

513 3758 616 3823 est,
646 3759 711 3810 ut
737 3754 1043 3810 humanius
1067 3770 1245 3825 agens
1265 3755 1572 3810 secundum
1597 3754 1727 3810 vitae.
1746 3755 1982 3810 modum
2005 3759 2143 3810 tem-

511 3866 616 3922 pus
642 3848 809 3904 alicui
851 3847 1131 3917 breviare,
1172 3853 1270 3903 aut
1310 3848 1482 3905 etiam
1525 3848 1799 3919 prolixius
1825 3849 1976 3920 quod
2015 3865 2139 3904 cor-

511 3941 782 4000 rectionis
825 3942 1210 3997 necessarium
1253 3941 1490 4007 viderit,
1528 3941 1759 3996 addere.
1800 3942 2140 3996 Discutiatur

510 4041 704 4093 autem
727 4035 989 4091 omnium
1015 4035 1240 4101 horum,
1270 4038 1328 4088 et
1355 4034 1678 4104 praecedens
1702 4034 1836 4101 vita,
1867 4039 1924 4088 et
1950 4039 2136 4104 poste-

509 4128 646 4196 rior,
681 4133 737 4183 et
765 4127 842 4182 ita
862 4127 1010 4182 circa
1035 4142 1132 4181 eos
1179 4125 1536 4181 sacerdotalis
1582 4127 1911 4181 humanitas
1944 4127 2140 4182 mode-

510 4223 688 4278 retur.

581 4316 663 4370 VI.
693 4314 767 4370 De
794 4313 880 4368 his
907 4311 1003 4385 qui
1028 4311 1201 4368 minis
1233 4316 1459 4367 tantum
1496 4313 1783 4382 cesserint,
1817 4318 1916 4369 aut
1953 4315 2134 4371 bono-

509 4418 638 4460 rum
663 4402 970 4470 oblatione,
1014 4403 1113 4456 aut
1143 4402 1639 4472 transportationis
1677 4419 1842 4474 poena
1881 4405 2136 4460 deterriti

2262 1883 2472 1953 locum,
2505 1885 2613 1938 alio
2627 1899 2761 1939 vero
2783 1899 2955 1947 anno,
2981 1883 3036 1936 id
3056 1888 3141 1937 est
3157 1883 3399 1952 decimo,
3423 1879 3836 1936 communionem

2261 1977 2382 2031 sine
2415 1976 2702 2031 oblatione
2727 1977 2996 2048 recipiant
3035 1979 3095 2029 ut
3125 1977 3414 2046 completo
3449 1972 3707 2028 decennio
3733 1985 3834 2040 per-

2258 2070 2504 2126 fectione
2533 2070 2816 2125 fruantur.
2847 2070 2981 2125 Ideo
3025 2075 3218 2123 (uitem
3257 2068 3382 2140 ipso
3419 2073 3677 2137 tempore,
3702 2064 3837 2118 etiam

2258 2164 2372 2219 vita
2403 2181 2600 2218 eorum
2632 2167 2690 2217 et
2714 2163 3069 2218 conversatio
3095 2161 3503 2217 consideranda
3527 2162 3622 2215 est.

2330 2259 2398 2332 Χ.⁴
2426 2258 2504 2312 De
2536 2256 2800 2312 diaconis.
2846 2272 3170 2327 quicunque
3209 2272 3343 2310 cum
3371 2254 3706 2316 ordinantur,
3733 2249 3770 2304 si
3791 2248 3837 2303 in

2257 2351 2382 2422 ipsa
2427 2351 2780 2405 ordinatione
2825 2350 3114 2422 pi-otestati
3162 2352 3318 2418 sunt,
3366 2348 3609 2403 dicentes
3646 2343 3765 2398 velle
3791 2357 3835 2395 se

2256 2443 2465 2499 habere
2494 2459 2718 2512 uxores,
2748 2459 2854 2498 nec
2886 2459 3050 2514 posse
3083 2459 3140 2498 se
3167 2442 3484 2508 continere,
3509 2441 3565 2494 hi
3593 2445 3785 2510 postea,
3803 2434 3838 2488 si

2255 2537 2328 2592 ad
2356 2537 2582 2608 nuptias
2599 2537 2881 2606 venerint,
2904 2542 3174 2592 maneant
3195 2537 3249 2590 in
3271 2535 3598 2601 ministerio,
3618 2533 3836 2604 propter-

2256 2647 2320 2686 ea
2349 2631 2500 2703 quod
2526 2631 2613 2685 his
2641 2630 2937 2702 episcopus
2966 2629 3253 2684 licentiam
3272 2628 3513 2684 dederit.
3543 2625 3832 2693 Quicunque

2254 2740 2388 2779 sane
2409 2729 2720 2792 tacuerunt,
2745 2727 2802 2778 et
2820 2727 3188 2794 susceperunt
3208 2738 3414 2777 manus
3443 2717 3834 2790 impositionem,

2251 2818 2488 2888 professi
2523 2817 2954 2886 continentiam,
2998 2816 3043 2870 si
3080 2821 3280 2887 postea
3313 2816 3388 2870 ad
3427 2813 3643 2886 nuptias
3671 2821 3838 2865 conve-

2254 2911 2462 2981 nerint,
2493 2927 2527 2966 a
2556 2911 2871 2967 ministerio
2899 2925 3114 2965 cessare
3145 2910 3460 2965 debebunt.

2323 3007 2410 3060 XI.
2459 3006 2827 3076 Desponsatas
2870 3004 3109 3076 puellas,
3159 3009 3214 3058 et
3247 3008 3449 3075 postea
3483 3001 3553 3057 ab
3590 2999 3702 3054 aliis
3747 3010 3840 3050 cor-

2251 3105 2464 3170 ruptas,
2491 3099 2703 3169 placuit
2726 3098 2869 3165 erui,
2899 3102 2956 3153 et
2982 3098 3073 3151 liis
3104 3097 3265 3153 reddi
3295 3097 3507 3169 quibus
3531 3095 3737 3148 fuerant
3759 3088 3838 3143 de-

2251 3196 2554 3264 sponsatas,
2609 3191 2784 3247 etiam
2825 3191 2871 3246 si
2898 3207 2990 3247 eas
3018 3207 3051 3246 a
3076 3192 3402 3260 raptoribus
3427 3192 3624 3245 ﬂorem
3647 3181 3841 3258 pudoris

2249 3285 2502 3340 amisisse
2531 3285 2867 3340 constiterit.

2317 3380 2425 3433 XII.
2440 3380 2565 3447 Eos,
2585 3377 2825 3450 quiante
2842 3376 3191 3449 baptismum
3213 3375 3669 3434 sacrificaverunt
3686 3367 3839 3431 idolis,

2248 3475 2305 3526 et
2321 3475 2520 3543 postea
2540 3472 2887 3544 baptismum
2911 3471 3202 3527 consecuti
3233 3476 3392 3542 srmt,
3411 3468 3624 3543 placuit
3641 3466 3704 3522 ad
3723 3460 3841 3519 ordi-

2244 3582 2376 3621 nem
2408 3567 2754 3638 promoveri,
2781 3570 3060 3637 tanquam
3097 3565 3166 3619 ab
3209 3564 3372 3621 omni
3408 3562 3644 3620 crimine
3667 3553 3839 3615 lavacri

2244 3660 2502 3715 salutaris
2533 3660 2975 3716 sanctificatione
3005 3663 3301 3732 purgatos.

2313 3755 2447 3810 XIII.
2482 3753 2709 3809 Vicariis
2734 3753 3124 3825 episcoporum
3149 3760 3310 3826 (quos
3322 3753 3506 3810 Graeci
3519 3750 3842 3822 coepiscopo:

2241 3849 2463 3917 vocant)
2512 3864 2628 3902 non
2677 3847 2868 3918 licere,
2916 3849 3005 3902 vel
3045 3847 3431 3919 presbyteros,
3475 3845 3566 3900 vel
3617 3842 3843 3898 diaconos

2241 3940 2524 3995 ordinare.
2553 3940 2665 3996 Sed
2689 3957 2795 3995 nec
2821 3940 3164 4012 presbyteris
3195 3940 3444 3996 civitatis
3482 3939 3602 3995 sine
3627 3927 3841 4008 episcopi

2243 4039 2526 4105 praecepto
2555 4033 2771 4106 aliquid
2810 4033 3114 4106 imperare,
3143 4050 3248 4089 nec
3277 4034 3407 4089 sine
3438 4030 3750 4088 auctoritate
3766 4023 3840 4079 Iit-

2237 4132 2492 4182 terarum
2521 4127 2642 4198 ejus
2668 4128 2727 4182 in
2748 4144 3084 4200 unaquaque
3111 4129 3381 4198 parochia
3408 4126 3620 4199 aliquid
3643 4135 3810 4194 agere.

2308 4221 2440 4276 XIV.
2463 4221 2538 4276 De
2556 4221 2643 4275 his
2663 4219 2760 4291 qui
2775 4221 2835 4276 in
2852 4222 3003 4276 clero
3021 4225 3152 4276 sunt
3179 4220 3500 4292 presbyteri
3530 4218 3611 4273 vel
3633 4209 3837 4276 diaconi,

2236 4317 2293 4367 et
2317 4315 2601 4370 abstinent
2627 4331 2684 4369 se
2710 4332 2744 4370 a
2772 4314 3059 4383 carnibus,
3084 4315 3191 4369 hoc
3216 4314 3436 4385 placuit
3463 4311 3649 4376 statui,
3671 4312 3729 4363 ut
3746 4319 3837 4359 non

2236 4425 2327 4462 eas
2371 4412 2646 4481 tanquam
2690 4408 3017 4463 immundas
3061 4411 3456 4476 contemnant,
3509 4406 3606 4461 sed
3653 4398 3841 4457 contin-

508 4498 978 4565 sacrificaverunt,
1002 4500 1061 4551 et
1086 4511 1237 4550 nunc
1271 4512 1452 4567 usque
1480 4512 1596 4551 non
1621 4498 2008 4568 pamituerunt
2031 4515 2134 4554 ne-
2155 4514 2214 4587 D
2237 4504 2398 4573 gant.
2442 4505 2485 4556 A
2534 4501 2742 4573 quibus
2783 4502 3037 4573 quidem,
3075 4502 3172 4572 qui
3211 4518 3271 4556 se
3315 4501 3606 4557 abstinere
3653 4495 3837 4557 volunt,

510 4608 619 4666 que
663 4591 919 4648 conversi
970 4595 1122 4664 sunt,
1171 4589 1344 4645 modo
1377 4594 1593 4658 autem,
1632 4591 1689 4646 id
1732 4597 1835 4660 cst,
1881 4597 2136 4666 tempore

504 4686 678 4758 hujus
703 4685 922 4758 synodi,
955 4700 1014 4739 se
1047 4683 1377 4739 obtulerunt
1400 4683 1782 4740 conversionis
1809 4702 1923 4740 suae
1944 4686 2132 4742 consi-

504 4781 646 4836 lium
673 4779 976 4851 capientes,
1005 4777 1220 4848 placuit
1251 4793 1347 4832 eos
1375 4794 1551 4849 usque
1580 4777 1654 4832 ad
1679 4796 1953 4848 magnum
1983 4781 2135 4835 diem

504 4876 655 4930 inter
678 4872 986 4945 faudientes
1027 4871 1252 4942 suscipi,
1295 4871 1690 4942 paenitentiam
1729 4878 1922 4928 autem
1963 4891 2133 4946 agere

503 4966 770 5037 triennio,
816 4969 872 5021 et
917 4969 1045 5036 post
1073 4965 1216 5020 duos
1261 4965 1399 5020 alios
1447 4982 1630 5021 annos
1671 4967 1792 5022 sine
1846 4967 2132 5023 oblatione

503 5059 948 5126 communicare,
983 5064 1039 5114 et
1061 5058 1141 5113 ita
1170 5059 1402 5114 demum
1428 5076 1521 5114 sex
1552 5060 1715 5115 annis
1739 5061 2037 5131 completis
2059 5061 2130 5116 ad

502 5147 818 5230 perfectum
849 5151 1163 5225 pervenire.
1195 5153 1354 5216 Quod
1386 5153 1432 5207 si
1462 5153 1640 5225 aliqui
1685 5158 1819 5209 ante
1856 5155 1961 5210 hoc
1991 5170 2127 5209 con-

501 5251 697 5308 cilium
727 5247 971 5319 suscepti
1003 5250 1136 5301 sunt
1158 5246 1231 5300 ad
1249 5247 1668 5318 poenitentiam,
1688 5264 1755 5302 ex
1769 5248 1861 5302 illo
1876 5251 2128 5318 tempore

500 5343 879 5419 imputabitur
901 5339 981 5395 eis
1013 5339 1241 5394 initium
1266 5341 1518 5396 sexennii
1544 5341 1856 5397 constituti.
1893 5342 2054 5406 Quod
2081 5343 2126 5397 si

499 5440 664 5497 alicui
711 5439 920 5494 horum
968 5434 1258 5506 quodlibet
1297 5434 1493 5489 mortis
1541 5434 1859 5506 periculum
1907 5439 2007 5490 aut
2057 5452 2126 5492 ex

498 5531 837 5606 aegritudine
867 5533 966 5584 aut
991 5545 1056 5582 ex
1096 5527 1282 5600 aliqua
1309 5545 1478 5583 causa
1517 5529 1802 5597 acciderit,
1845 5530 1934 5584 his
1975 5546 2126 5586 com-

502 5626 836 5681 munionem
861 5628 1097 5696 propter
1121 5622 1389 5677 viaticum
1420 5639 1586 5678 suum
1618 5638 1735 5678 non
1762 5625 1978 5696 negari.

569 5720 680 5774 VII.
701 5721 776 5774 De
805 5717 894 5773 his
913 5717 1011 5789 qui
1031 5716 1190 5772 festis
1215 5715 1416 5772 diebus
1433 5733 1788 5788 paganorum
1810 5718 1870 5774 in
1890 5719 2123 5774 remotis

501 5805 700 5877 ecrum
738 5811 871 5866 locis
906 5811 1172 5866 conviviis
1212 5810 1612 5882 interfuerunt,
1655 5817 1713 5868 et
1756 5829 1884 5868 suas
1919 5811 2122 5867 nihilo-

2235 4596 2480 4650 habeant
2506 4599 2867 4666 potestatem,
2907 4596 2987 4651 ita
3024 4601 3238 4664 tamen,
3284 4600 3347 4650 ut
3387 4596 3437 4650 si
3475 4590 3697 4666 quando
3732 4597 3841 4642 cum

2235 4689 2478 4744 oleribus
2501 4695 2844 4761 coquuntur,
2859 4689 3061 4744 eadem
3081 4694 3359 4759 tanquam
3371 4689 3639 4744 carnibus
3659 4681 3843 4756 polluta

2233 4799 2346 4838 non
2371 4783 2650 4853 judicent,
2683 4783 2784 4838 sed
2810 4799 2877 4837 ex
2909 4783 2997 4837 his
3033 4782 3226 4836 cibum
3259 4784 3581 4849 assumant,
3614 4769 3840 4852 quamvis

2231 4876 2546 4932 acarnibus
2587 4893 2647 4931 se
2687 4876 3030 4932 abstineant.
3085 4877 3246 4941 Quod
3291 4877 3337 4930 si
3395 4876 3454 4930 in
3507 4878 3723 4928 tantum
3765 4879 3841 4920 ea!

2230 4970 2558 5026 immundus
2581 4975 2638 5024 et
2657 4969 3064 5024 abominabiles
3072 4969 3484 5041 judicaverint,
3511 4974 3574 5022 ut
3592 4980 3691 5021 nec
3710 4961 3842 5017 olera

2233 5080 2359 5134 quae
2387 5080 2518 5118 cum
2547 5064 2809 5119 carnibus
2833 5069 3156 5135 coquuntur
3179 5064 3471 5119 aestiment
3498 5053 3838 5117 comedenda,

2230 5161 2502 5230 tanquam
2539 5175 2657 5213 non
2705 5159 3128 5213 consentientes
3173 5159 3306 5213 huic
3349 5157 3594 5229 regulae,
3643 5159 3840 5208 cessare

2229 5267 2326 5306 eos
2356 5255 2581 5324 oportet
2620 5256 2676 5306 et
2715 5269 2748 5305 a
2791 5251 3108 5307 ministerio
3149 5258 3204 5307 et
3238 5251 3444 5306 ordine
3490 5266 3614 5304 suo.
3647 5247 3700 5301 Si
3735 5239 3844 5313 quis

2228 5351 2420 5402 autem
2446 5346 2616 5416 hujus
2641 5347 2857 5416 regulae
2886 5345 3121 5400 monitis
3145 5362 3261 5401 non
3289 5343 3598 5411 obedierit,
3625 5338 3719 5395 sed
3737 5347 3843 5389 car-

2227 5455 2328 5494 nes
2353 5439 2434 5508 (ut
2460 5439 2678 5495 dictum
2707 5439 2806 5510 est)
2843 5439 3169 5494 immundas
3195 5443 3252 5493 et
3276 5435 3694 5494 abominandas
3720 5427 3844 5485 exis-

2224 5533 2529 5602 timaverit,
2558 5549 2777 5588 cessare
2803 5531 2969 5588 debet
2997 5532 3067 5588 ab
3095 5533 3296 5589 ordino
3323 5547 3446 5586 suo.

2294 5628 2399 5682 XV.
2428 5627 2482 5682 Si
2513 5644 2627 5700 qua
2647 5628 2715 5684 de
2742 5627 2910 5682 rebus
2941 5627 3212 5697 ecclesiae,
3245 5642 3375 5682 cum
3411 5625 3713 5697 episcopus
3743 5629 3844 5673 non

2222 5723 2325 5790 est,
2349 5720 2663 5793 presbyteri
2686 5721 3058 5803 vendiderint,
3078 5721 3287 5794 placuit
3311 5720 3555 5775 rescisso
3571 5715 3844 5773 contractu

2223 5813 2294 5867 ad
2313 5813 2408 5889 jus
2439 5815 2874 5871 ecclesiasticum
2899 5816 3171 5872 revocari.
3201 5817 3261 5872 In
3283 5811 3507 5898 judicio
3524 5815 3719 5868 autem
3747 5804 3843 5863 erit
