4026 6166
201 333 294 385 '265
1416 320 1888 378 DECRETALIUM
1925 321 2312 376 COLLECTIO.

3442 327 3542 380 266

198 436 452 508 episcopi,
475 435 520 490 si
539 432 908 489 constitutum
928 431 1179 505 pretium
1206 431 1375 488 debet
1403 431 1580 502 recipi
1601 446 1805 497 necne,
1829 439 1890 515 Α
1909 432 2044 486 tate.
2076 429 2239 495 Quod
2265 429 2311 484 si
2341 429 2518 485 etiam
2549 429 2627 484 ibi
2659 430 2966 487 seditiones
2995 428 3275 487 concitare
3303 429 3544 502 proban-

195 536 412 602 propter
449 529 601 600 quod
639 543 788 599 saepe
840 525 1118 597 contingit
1169 525 1562 581 distractarum
1610 541 1809 580 rerum

195 623 428 678 redditus
469 621 810 694 ampliorem
861 635 1148 676 summam
1186 636 1290 693 pro
1345 623 1574 694 accepto
1620 619 1807 692 pretio

193 717 361 772 reddi.

253 811 375 866 XV].
429 812 492 865 In
539 810 646 865 hoc
685 809 848 864 titulo
883 809 1058 864 verba
1099 809 1289 863 Graeca
1326 808 1450 862 haec
1487 811 1660 865 sunt:
1689 818 1807 881 Περὶ

190 913 270 961 τῶν
292 911 475 973 ἀλογῶς
500 910 755 972 διαγόντῶν
779 911 861 959 καὶ
889 909 1148 972 διαγόνται,
1169 917 1297 974 quas
1326 919 1432 956 nos
1460 902 1652 957 Latine
1680 919 1805 974 p05-

190 1013 368 1052 sumus
426 996 615 1050 dicere
667 995 738 1050 de
786 996 874 1050 his
921 995 1020 1068 qui
1077 994 1538 1050 irrationabiliter
1596 996 1803 1051 versati

192 1095 308 1144 sunt
326 1091 438 1144 sive
462 1093 779 1145 versantur.
816 1089 1022 1144 Sensus
1054 1091 1269 1155 autem,
1301 1088 1360 1144 in
1387 1088 1489 1142 hac
1519 1090 1802 1144 sententia

189 1184 378 1254 duplex
419 1199 545 1238 esse
592 1186 798 1254 potest,
833 1183 931 1254 qui
957 1198 1026 1238 ex
1055 1182 1320 1253 subjectis
1363 1182 1675 1252 conjicitur,
1706 1190 1802 1237 aut

191 1277 249 1331 de
277 1277 359 1332 his
389 1277 640 1348 quicum
668 1277 971 1348 pecoribus
990 1276 1144 1332 coitu
1163 1275 1315 1331 misti
1342 1283 1493 1343 sunt,
1519 1282 1616 1332 aut
1635 1293 1800 1332 more

187 1370 452 1441 pecudum
483 1370 702 1426 incesta
730 1387 860 1425 cum
885 1371 1225 1442 propinquis
1263 1371 1611 1443 sanguinum
1637 1387 1797 1426 com-

189 1463 540 1518 miscuerunt.
579 1463 869 1534 Quotquot
893 1463 1071 1534 igitur
1092 1468 1226 1518 ante
1252 1463 1590 1535 vigesimum
1616 1464 1800 1519 aetatis

188 1571 284 1610 sua:
299 1573 513 1610 annum
533 1557 648 1611 tale
664 1557 878 1611 crimen
903 1556 1259 1626 admiserint,
1282 1557 1610 1630 quindecim
1634 1558 1798 1613 annis

186 1650 237 1704 in
274 1650 603 1720 panitentia
649 1651 909 1722 peractis,
960 1650 1199 1706 orationi
1241 1655 1468 1706 tantum
1520 1651 1798 1723 incipiant

188 1743 614 1799 communicare.
661 1745 730 1799 Et
765 1744 1228 1816 quinquennium
1270 1745 1515 1800 alterum
1547 1745 1606 1800 in
1638 1761 1791 1801 com-

1908 527 2040 592 tur,
2102 523 2384 595 episcopis
2433 523 2646 578 ibidem
2700 524 3050 594 constitutis,
3102 524 3392 596 segregari
3443 541 3543 580 eos

1907 633 2138 674 necesse
2184 621 2289 687 est,
2346 619 2404 673 et
2451 617 2821 674 nihilominus
2876 617 3211 692 presbyterii
3263 618 3540 692 dignitate

1905 712 2140 785 privari.

1977 806 2108 863 XIX.
2159 807 2450 877 Quotquot
2490 804 2871 877 virginitatem
2916 805 3226 878 pollicitam
3265 805 3537 878 praevari-

1907 903 2046 954 cataa
2068 902 2219 966 sunt,
2241 899 2591 970 professione
2613 903 2962 972 contempta,
2993 900 3144 954 inter
3168 899 3446 970 bigamos,
3477 900 3536 955 id

1905 997 1989 1048 est
2015 991 2113 1065 qui
2130 992 2204 1046 ad
2226 993 2499 1049 secundas
2522 993 2746 1064 nuptias
2773 993 3143 1061 transierunt,
3159 992 3355 1048 haberi
3373 993 3539 1050 debe-

1902 1085 2067 1142 bunt.
2087 1086 2346 1158 Virgines
2358 1091 2547 1142 autem
2568 1087 2779 1159 puellas
2797 1084 2923 1160 62
2942 1103 3071 1160 qua:
3085 1089 3364 1159 tanquam
3385 1103 3537 1142 soro-

1901 1195 1994 1234 res
2030 1195 2161 1234 cum
2205 1179 2493 1234 nonnullis
2521 1180 2657 1235 viris
2694 1180 2949 1235 habitare
2979 1180 3195 1249 volunt,
3225 1180 3296 1236 ab
3338 1195 3536 1236 eorum

1901 1274 2184 1328 consortio
2210 1274 2599 1344 prohibemus.

1969 1367 2070 1422 XX.
2137 1367 2192 1422 Si
2261 1367 2387 1438 quis
2449 1367 2793 1422 adulterium
2851 1366 3237 1434 commiserit,
3309 1370 3531 1440 septem

1897 1460 2062 1514 annis
2088 1460 2147 1514 in
2176 1461 2515 1531 poenitentia
2544 1460 2861 1532 completis,
2894 1460 3235 1532 perfectioni
3261 1460 3534 1516 reddatur

1898 1554 2212 1609 secundum
2236 1553 2508 1625 pristinos
2534 1554 2765 1626 gradus.

1965 1648 2094 1702 XXI.
2124 1649 2200 1702 De
2252 1647 2582 1703 mulieribus
2627 1664 2757 1719 quae
2805 1646 3180 1714 fornicantur,
3237 1651 3293 1702 et
3341 1652 3534 1718 partus

1896 1757 2028 1796 suos
2052 1744 2280 1810 necant,
2311 1741 2408 1795 sed
2433 1746 2488 1796 et
2508 1741 2576 1796 de
2603 1740 2689 1795 his
2708 1757 2835 1813 quae
2857 1746 3038 1811 agunt
3060 1755 3254 1794 secum
3284 1742 3346 1794 ut
3373 1743 3532 1796 utero

186 1837 433 1892 munione
475 1837 755 1893 orationis
781 1808 966 1893 solius
998 1838 1389 1907 perdurantes.
1419 1840 1552 1894 Post
1584 1839 1792 1910 vigesi-
1813 1808 1871 1882 B
1895 1838 2200 1906 conceptus
2267 1808 2588 1889 excutiatur
2611 1875 2626 1903 ,
2683 1808 2922 1905 antiqua
2977 1833 3210 1904 quidem
3279 1832 3530 1888 definitio

186 1946 325 1985 mum
346 1946 473 1986 cum
491 1930 780 1986 oblatione
806 1931 879 1985 ad
907 1931 1373 1987 communionem
1392 1932 1790 2003 suscipiantur,

186 2024 492 2079 discutiatur
503 2029 701 2079 autem
722 2029 779 2079 et
792 2024 907 2080 vita
924 2040 1124 2080 eorum
1137 2025 1320 2097 qualis
1346 2025 1516 2081 fuerit
1535 2029 1792 2097 tempore

1893 1943 2075 1999 usque
2119 1927 2193 1982 ad
2226 1927 2440 1982 exitum
2469 1927 2598 1981 vita:
2626 1942 2720 1980 eas
2745 1926 2815 1980 ab
2845 1924 3078 1981 ecclesia
3105 1927 3381 1994 removet,
3413 1925 3524 1980 hu-

1892 2025 2079 2080 manis
2099 2040 2251 2079 nunc
2280 2023 2608 2093 definimus,
2638 2028 2704 2078 ut
2737 2023 2818 2078 eis
2844 2024 3041 2079 decem
3067 2037 3348 2077 annorum
3376 2025 3524 2078 tem-

1890 2135 1998 2192 pus
2021 2118 2371 2189 poenitentiae
2402 2117 2702 2172 tribuatur.

1959 2212 2112 2266 XXII.
2172 2210 2279 2276 Qui
2326 2209 2644 2265 voluntarie
2697 2208 3069 2264 homicidium
3119 2209 3398 2279 fecerint,
3452 2209 3525 2264 ad

1888 2303 2282 2376 paenitentiam
2331 2303 2567 2374 quidem
2599 2303 2816 2373 jugiter
2860 2319 2920 2357 se
2965 2303 3321 2359 submittant.
3369 2302 3527 2358 Circa

1889 2400 2085 2452 autem
2115 2397 2332 2452 exitum
2357 2397 2508 2465 vitae,
2537 2396 2941 2451 communione
2980 2396 3141 2467 digni
3184 2396 3522 2452 habeantur.

1889 2493 1996 2545 Eos
2041 2508 2171 2545 vero
2205 2490 2302 2561 qui
2347 2506 2461 2544 non
2509 2490 2816 2555 voluntate,
2857 2490 2951 2544 sed
2983 2506 3111 2544 casu
3150 2489 3523 2544 homicidium

1886 2584 2142 2652 fecerint,
2184 2583 2341 2656 prior
2376 2583 2575 2653 regula
2605 2587 2736 2654 post
2759 2586 2978 2653 septem
3017 2597 3304 2637 annorum
3333 2581 3518 2654 poeni-

1884 2677 2166 2748 tentiam,
2227 2677 2616 2732 communioni
2667 2675 2896 2731 sociavit
2943 2675 3255 2731 secundum
3308 2675 3520 2746 gradus

1883 2772 2232 2826 constitutos.
2265 2771 2394 2825 Haec
2414 2786 2548 2825 vero
2580 2769 2888 2825 humanior
2913 2768 3170 2826 definitio
3199 2769 3517 2842 quinquen-

185 2117 527 2186 paanitentiae.
561 2119 629 2173 Et
639 2119 804 2188 juxta
826 2119 973 2173 hanc
1002 2119 1418 2174 humanitatem
1445 2135 1793 2190 consequan-

184 2213 276 2266 tur.
310 2211 468 2276 Quod
493 2212 545 2266 si
572 2212 698 2284 quis
728 2213 1177 2283 perseverantius
1210 2213 1416 2267 abusus
1444 2211 1638 2280 fuerit,
1679 2213 1790 2269 hoc

183 2303 391 2359 crimine
429 2305 712 2376 prolixius
754 2309 998 2376 tempus,
1032 2306 1091 2361 id
1134 2309 1218 2360 est
1260 2306 1462 2377 viginti
1504 2322 1789 2361 annorum

183 2398 552 2466 paenitentiam
583 2398 864 2470 suscipiat.
901 2399 1008 2464 Qui
1045 2415 1196 2467 vero,
1232 2403 1424 2454 exacta
1451 2399 1652 2470 viginti
1684 2417 1784 2454 an-

180 2505 360 2544 norum
389 2495 582 2562 astate,
615 2497 671 2546 et
701 2509 898 2547 uxores
923 2493 1202 2548 habentes
1224 2492 1282 2546 in
1311 2493 1418 2548 hoc
1448 2493 1663 2549 crimen
1692 2494 1785 2549 in-

180 2582 410 2651 ciderint,
455 2590 591 2656 post
620 2585 822 2657 viginti
861 2589 918 2640 et
963 2586 1215 2657 quinque
1242 2601 1422 2640 annos
1450 2585 1787 2657 poenitentia

177 2675 281 2725 acta
321 2675 389 2727 ad
431 2674 906 2729 communionem
938 2673 1258 2729 orationum
1299 2672 1697 2742 admittantur,
1725 2675 1785 2730 in

179 2780 271 2835 qua
297 2767 692 2822 communione
718 2767 1040 2822 orationum
1057 2767 1234 2823 altero
1251 2767 1642 2840 quinquennio
1659 2785 1784 2840 per-

180 2858 423 2914 durantes
452 2865 684 2932 plenam
714 2861 1178 2916 communionem
1205 2877 1334 2915 cum
1361 2860 1617 2916 oratione
1639 2862 1778 2916 reci-
1883 2865 1963 2919 nii
1993 2869 2222 2936 tempus
2246 2864 2464 2919 tribuit.

179 2952 327 3020 piant.
357 2954 522 3017 Quod
567 2955 614 3008 si
663 2955 839 3026 aliqui
886 2959 944 3010 et
990 2970 1188 3008 uxores
1216 2953 1512 3022 habentes,
1539 2958 1597 3009 et
1625 2971 1782 3012 exce-
1952 2959 2129 3013 XXIII.
2162 2959 2266 3022 Qui
2313 2958 2555 3028 auguria
2592 2958 2681 3012 vel
2725 2957 2971 3029 auspicia
3010 2955 3124 3011 sive
3173 2955 3391 3011 somnia
3429 2959 3516 3012 vel

178 3043 349 3101 dentes
374 3048 916 3120 quinquagesinmm
971 3047 1152 3103 a-tatis
1191 3065 1306 3103 suae
1336 3065 1550 3103 annum
1579 3049 1637 3102 in
1668 3050 1779 3105 hoc
1879 3052 2257 3108 divinationes
2287 3051 2564 3122 quaslibet
2590 3052 2906 3106 secundum
2949 3067 3173 3106 morem
3209 3049 3510 3122 gentilium

177 3141 392 3209 prolapsi
425 3145 567 3195 sunt
600 3143 808 3196 scelere
856 3142 928 3197 ad
971 3144 1186 3196 exitum
1218 3145 1443 3196 tantum
1470 3142 1600 3198 vitae
1628 3159 1780 3198 com-
1799 3171 1854 3246 C
1879 3146 2198 3212 observant,
2237 3150 2335 3200 aut
2383 3145 2442 3200 in
2481 3145 2680 3200 domos
2725 3161 2853 3199 suas
2896 3143 3222 3215 hujusmodi
3249 3143 3512 3199 homines

175 3232 470 3289 muniouem
498 3241 868 3290 moereantur.
1805 3232 1854 3246 ν
1877 3239 2250 3294 introducunt
2290 3238 2349 3293 in
2387 3238 2754 3310 exquirendis
2778 3237 3062 3310 aliquibus
3085 3240 3205 3292 arte
3232 3237 3508 3304 maleﬁca,

229 3325 358 3382 XVI].
389 3330 500 3383 Hos
535 3329 782 3395 eosdem,
825 3345 958 3384 sane
999 3345 1112 3383 non
1155 3333 1336 3384 solum
1381 3333 1634 3401 leprosos
1676 3331 1780 3386 cri-

176 3418 302 3474 mine
335 3421 734 3493 hujuscemodi
783 3423 976 3490 factos,
1024 3425 1121 3477 sed
1168 3428 1222 3478 et
1261 3423 1396 3477 alios
1440 3423 1546 3478 isto
1575 3424 1776 3480 morbo

174 3512 442 3583 replentes,
492 3516 710 3585 placuit
753 3515 902 3570 inter
946 3533 1038 3570 eos
1083 3533 1246 3571 orare
1290 3516 1389 3587 qui
1431 3519 1774 3588 tempestate

169 3604 438 3676 jactentur,
471 3610 577 3680 qui
605 3625 637 3662 a
663 3609 823 3664 nobis
851 3611 1227 3679 energ'lmeni
1253 3609 1672 3680 intelliguntur.

231 3699 392 3757 XV'lll.
425 3704 481 3758 Si
521 3703 621 3773 qui
669 3704 919 3774 episcopi
963 3704 1210 3775 suscepti
1257 3720 1376 3759 non
1416 3707 1548 3758 sunt
1596 3720 1628 3757 a
1671 3721 1774 3759 sua

175 3788 365 3848 dioecesi
389 3795 449 3850 in
478 3811 596 3865 qua
622 3796 848 3850 fuerant
866 3796 1244 3866 denominati,
1269 3797 1685 3867 compellantur
1701 3798 1773 3852 ad

176 3885 404 3942 eamdem
443 3888 658 3959 j-idicis
705 3889 887 3943 edicto
930 3889 1141 3944 redire.
1191 3890 1352 3954 Quod
1401 3891 1447 3944 si
1488 3890 1774 3944 voluerint

173 3976 282 4031 alias
308 3980 578 4035 Ecclesias
608 3997 901 4052 occupare,
931 3991 988 4037 et
1025 3983 1140 4036 vim
1181 3983 1364 4038 facere
1406 3983 1527 4038 aliis
1552 3984 1767 4054 episco-

1878 3339 1979 3388 aut
2023 3335 2224 3388 domus
2266 3335 2528 3402 lustrant,
2582 3331 2840 3399 confessi,
2880 3330 3272 3403 quinquennio
3323 3331 3506 3402 poeni-

1874 3425 2115 3482 tentiam
2153 3429 2326 3497 agant
2377 3425 2688 3480 secundum
2732 3424 2996 3496 antiquas
3037 3424 3262 3495 regulas
3290 3423 3503 3478 consti-

1874 3523 2044 3574 tutas.

1943 3614 2118 3668 XXlV.
2163 3613 2218 3667 Si
2269 3613 2395 3684 quis
2432 3629 2700 3684 sponsam
2736 3612 2972 3681 habens,
3016 3611 3194 3667 sorori
3235 3613 3356 3682 ejus
3396 3612 3505 3666 for-

1873 3706 2016 3760 sitan
2070 3706 2329 3760 intulerit
2384 3706 2606 3772 vitium,
2660 3706 2826 3775 eique
2879 3705 3166 3760 inhaeserit
3224 3710 3502 3776 tanquam

1872 3815 1987 3853 sua:
2030 3803 2086 3854 et
2131 3799 2236 3853 sibi
2278 3799 2659 3869 expetendam
2707 3815 2826 3853 esse
2874 3798 3357 3868 conjunctionem,
3399 3798 3502 3852 hac

1869 3895 2062 3946 autem
2077 3892 2331 3962 decepta,
2356 3895 2556 3961 postea
2570 3907 2810 3946 uxorem
2832 3890 3060 3945 duxerit
3078 3889 3474 3960 desponsatam
3485 3931 3497 3944 .

1868 3985 1969 4038 Illa
1998 3999 2134 4040 vero
2175 4000 2304 4056 quae
2349 3984 2548 4038 vitium
2577 4001 2736 4056 passa
2781 3988 2884 4052 est,
2911 3983 2957 4037 si
2985 3984 3134 4038 forte
3166 3999 3361 4038 necem
3394 3983 3498 4038 sibi

174 4068 241 4136 pis
262 4087 390 4141 quos
422 4075 507 4129 ibi
538 4075 880 4142 invenerint,
909 4076 1216 4130 seditiones
1249 4077 1546 4132 excitando
1577 4077 1772 4132 adver-
1868 4079 2148 4145 intulerit,
2195 4093 2394 4132 omnes
2437 4077 2496 4131 hi
2544 4077 2640 4150 qui
2684 4077 2855 4149 hujus
2910 4076 3040 4132 facti
3091 4080 3224 4132 Slmt
3269 4078 3496 4143 conscii,

175 4178 246 4214 sus
282 4181 382 4236 eos,
429 4169 541 4222 hos
585 4184 887 4239 segregare
921 4173 1159 4239 oportet.
1208 4170 1369 4234 Quod
1401 4171 1446 4224 si
1488 4172 1682 4224 volunt
1707 4171 1768 4225 in
1870 4171 2070 4226 decem
2108 4171 2270 4226 annis
2297 4171 2357 4226 in
2399 4171 2797 4244 paenitentiam
2825 4171 3164 4242 redigantur
3188 4172 3496 4228 secundum

173 4258 481 4329 presbyterio
520 4261 577 4315 in
626 4261 862 4316 ecclesia
899 4262 998 4316 ubi
1041 4263 1200 4332 prius
1239 4263 1466 4317 fuerant
1496 4267 1764 4334 tanquam
1866 4280 2107 4320 canones
2137 4265 2495 4320 constitutos.

172 4351 445 4424 presbyteri
460 4355 735 4424 residere,
762 4371 878 4410 non
900 4356 1251 4427 repellantur
1277 4374 1308 4410 ει
1334 4356 1566 4429 propria
1585 4356 1768 4428 digni-
2188 4357 2429 4428 Explicit
2456 4357 2760 4415 concilium
2787 4362 3173 4433 Ancyranum.

179 4561 3490 4592 am

834 4780 1234 4850 INCIPIUNT
1277 4783 1667 4852 CAPITULA
1707 4783 2402 4852 NEOCZESARIENSIS
2447 4783 2802 4852 CONCILII.

232 4973 369 5073 ille
387 4977 730 5051 presbyteris
750 4980 849 5053 qui
870 4999 1104 5039 uxorem
1128 4983 1332 5040 ducere
1352 5000 1466 5040 non
1490 4985 1838 5073 debeant.D
1929 4989 1981 5042 9.
2032 4987 2110 5041 De
2173 4983 2519 5059 presbyteris
2579 4983 2863 5057 corporali
2922 4989 3150 5058 peccato
3202 5002 3487 5058 praeoccu-

227 5066 272 5119 2.
299 5067 372 5124 De
396 5073 634 5128 muliere
666 5073 888 5130 duobus
909 5076 1176 5133 fratribus
1192 5079 1409 5134 nubere
1431 5095 1547 5135 non
1568 5080 1756 5136 licere.
1778 5066 1826 5073 —
1859 5081 2024 5154 patis.

229 5159 272 5211 3.
297 5161 368 5217 De
398 5165 483 5220 his
506 5166 604 5239 qui
635 5169 832 5224 multis
855 5171 1072 5242 nuptiis
1099 5173 1685 5232 communicaverunt.

228 5251 272 5304 4.
300 5254 369 5312 De
395 5261 853 5332 concupiscentia
875 5280 992 5320 non
1019 5272 1433 5323 consummata.

231 5347 272 5398 5.
300 5347 369 5406 De
393 5355 813 5411 catechumenis
839 5359 1220 5430 peccantibus.

230 5440 273 5492 6.
301 5441 366 5498 De
392 5449 820 5520 praagnantibus
848 5452 1221 5524 baptizandis.

229 5534 272 5585 7.
301 5536 653 5613 Presbyteros
705 5544 765 5601 in
813 5547 1070 5604 secundis
1124 5550 1338 5621 nuptiis
1385 5566 1499 5605 non
1549 5549 1760 5607 debere

179 5635 230 5675 01⁵
231 5640 330 5682 are.

173 5805 200 5858 ά
301 5723 483 5786 Uxoris
529 5731 800 5791 adulterae
856 5735 1039 5792 virum
1066 5781 1079 5808 ,
1141 5737 1406 5795 clericum
1466 5736 1591 5795 fieri
1641 5755 1759 5796 non

202 5825 227 5861 ϐ
261 5829 361 5864 ere-

202 5825 361 5872 8081'8.

1933 5178 2016 5230 10.
2069 5177 2149 5230 De
2207 5174 2532 5230 diaconibus
2583 5175 2862 5247 corporali
2912 5180 3142 5248 peccato
3202 5192 3483 5248 praeoccu-

1859 5269 2025 5340 patis.

1933 5368 2018 5420 11.
2047 5364 2127 5419 De
2171 5362 2501 5436 presbytero
2541 5362 2730 5419 minus
2777 5363 3011 5436 triginta
3056 5379 3337 5420 annorum
3378 5363 3482 5419 mi-

1860 5457 2016 5513 nime
2047 5457 2386 5514 ordinando.

1929 5556 2014 5607 12.
2043 5553 2123 5607 De
2141 5552 2230 5607 his
2251 5551 2350 5623 qui
2375 5551 2434 5605 in
2463 5551 2800 5622 tegritudine
2827 5554 2960 5606 sunt
2981 5549 3267 5624 baptizati.

1932 5648 2016 5701 13.
2047 5647 2125 5701 De
2151 5643 2498 5718 presbyteris
2528 5645 2758 5700 alterius
2787 5644 3058 5716 regionis.

1937 5741 2018 5795 14.
2055 5741 2132 5797 De
2156 5738 2486 5797 diaconibus
2513 5743 2753 5812 septem.
