4026 6166
570 328 668 381 267

1309 508 1660 580 INCIPIT
1741 509 2268 581 CONCILIUM

1458 327 1738 380 APPEND.
1781 326 1869 380 AD
1909 328 2068 383 SzEC.
2114 327 2197 379 1X.
2231 354 2298 365 —-
2330 325 2572 379 [SIDORI
2609 323 3032 378 MEBCATORIS
3759 336 3832 392 268

2343 506 3191 579 NEOCESARIENSE.

642 669 706 722 Et
735 668 795 722 hi
827 667 1058 739 quidem
1087 684 1331 722 canones
1360 668 1592 723 secundi
1622 672 1754 724 sunt
1783 686 1983 724 eorum
2016 669 2114 741 qui
2137 669 2198 724 in
2219 679 2279 751 Α
2369 669 2504 722 Vlll.
2522 667 2579 722 Si
2595 666 2754 738 cujus
2772 681 3010 722 uxorem
3040 665 3380 721 adulterium
3404 667 3840 736 commisisse,cum

569 766 790 834 Ancyra
840 767 895 817 et
948 762 1205 817 Caesarea
1260 761 1496 834 expositi
1558 765 1710 832 sunt,
1767 762 2006 819 Nicaenis
2063 779 2197 819 vero

568 857 787 928 priores
811 855 1200 911 inveniuntur.

637 951 1037 1005 Convenerunt
1065 952 1258 1005 autem
1305 951 1362 1004 in
1402 952 1681 1022 synodum
1730 955 2108 1006 memoratam
2139 950 2195 1005 in
2239 1000 2243 1005 ,

567 1042 1014 1098 Neocaesariense
1058 1044 1278 1098 civitate
1325 1043 1382 1098 hi
1433 1044 1531 1116 qui
1576 1045 1724 1099 infra
1775 1043 1969 1117 scripti
2019 1048 2194 1101 sunt:

571 1136 779 1202 V’italis,
827 1137 1156 1204 Germanus,
1204 1137 1404 1207 Sedus,
1443 1137 1714 1209 Hystrius,
1742 1139 1950 1209 Lupus,
1984 1137 2194 1192 Geron-

578 1229 706 1297 tius,
738 1230 1058 1298 Salamnus,
1090 1230 1379 1296 Leontius,
1424 1235 1652 1285 sanctus
1678 1231 1927 1300 Basilius,
1951 1230 2196 1285 Valenti-

571 1341 697 1390 nus,
749 1325 1084 1395 Stephanus,
1145 1324 1466 1394 Gregorius,
1521 1325 1832 1395 Longinus,
1888 1324 2194 1392 Narcissus,

568 1417 845 1487 Decasius,
899 1417 1185 1485 Leontius,
1239 1417 1560 1486 Heraclius,
1621 1417 1856 1487 Alipius,
1911 1435 1944 1471 a
1993 1417 2198 1490 quibus

569 1511 783 1582 regulae
803 1512 1036 1584 prolata:
1063 1514 1194 1565 sunt
1221 1527 1350 1582 quas
1377 1510 1524 1564 infra
1552 1510 1775 1582 scriptae
1795 1514 1945 1565 sunt.

637 1607 762 1662 CAP.
806 1607 848 1660 Ι,
891 1604 1184 1674 Presbyter
1225 1603 1270 1658 si
1318 1620 1553 1659 uxorem
1592 1603 1840 1674 duxerit,
1882 1603 1952 1657 ab
1995 1603 2195 1658 ordine

566 1699 726 1752 illum
752 1697 962 1768 deponi
989 1697 1215 1752 debere.
1249 1696 1412 1760 Quod
1453 1697 1500 1751 si
1544 1696 1853 1752 fornicatus
1893 1697 2083 1763 fuerit,
2112 1698 2197 1751 vel

564 1791 903 1846 adulterium
933 1790 1301 1860 commiserit,
1331 1794 1488 1845 extra
1513 1791 1806 1846 ecclesiam
1835 1790 2003 1862 abjici
2037 1793 2090 1846 et
2124 1789 2197 1844 ad

563 1884 954 1956 poenitentiam
979 1884 1127 1939 inter
1145 1885 1318 1939 laicos
1346 1883 1528 1956 redigi
1557 1886 1800 1956 oportet.

637 1979 698 2033 ιι.
738 1978 956 2046 Mulier,
1003 1979 1050 2033 si
1089 1977 1310 2032 duobus
1356 1978 1619 2050 nupserit
1642 1977 1934 2046 fratribus,
1962 1977 2192 2049 abjicia-

2300 764 2446 817 esset
2481 761 2676 826 laicus,
2711 760 2882 815 fuerit
2928 759 3379 831 comprobatum,
3422 760 3506 815 hic
3545 762 3608 815 ad
3644 762 3842 818 ministe-

2298 855 2450 911 rium
2475 853 2910 910 ecclesiasticum
2940 852 3166 908 admitti
3207 870 3321 908 non
3351 858 3539 925 potest.
3577 854 3715 918 Quod
3743 855 3781 909 si
3801 857 3842 910 in

2299 949 2568 1005 clericatu
2584 949 2709 1020 jam
2735 947 3039 1003 constituto
3059 964 3126 1002 eo
3146 947 3489 1016 adulteravit,
3517 948 3630 1002 dato
3656 949 3843 1019 repudio

2298 1042 2582 1098 dimittere
2604 1058 2730 1096 eam
2760 1041 2948 1096 debet.
2989 1041 3045 1096 Si
3085 1057 3219 1095 vero
3259 1040 3492 1095 retinere
3529 1041 3639 1111 ejus
3663 1057 3845 1095 consor-

2300 1135 2444 1190 tium
2500 1135 2653 1204 velit,
2707 1151 2822 1189 non
2875 1136 3062 1204 potest
3116 1137 3374 1204 suscepto
3419 1133 3702 1188 ministerio
3744 1150 3844 1205 per-

2297 1229 2430 1284 frui.

2370 1323 2453 1378 lX.
2514 1321 2617 1386 Qui
2673 1320 2968 1376 admiserit
3031 1321 3320 1392 corporale
3371 1324 3645 1392 peccatum
3695 1322 3741 1374 et
3783 1321 3850 1373 hic

2297 1420 2494 1487 postea
2532 1415 2823 1486 presbyter
2866 1415 3159 1470 ordinatus
3203 1419 3305 1481 est,
3347 1413 3392 1468 si
3437 1413 3694 1469 confessus
3718 1413 3852 1466 fuerit

2297 1509 2451 1582 quod
2489 1514 2620 1563 ante
2665 1508 3076 1564 ordinationem
3104 1525 3267 1563 suam
3298 1505 3614 1578 peccaverit,
3639 1522 3735 1560 non
3755 1504 3848 1576 qui-

2298 1603 2430 1658 dem
2458 1601 2675 1671 offerat,
2710 1607 2942 1657 maneat
2970 1606 3165 1656 autem
3207 1601 3266 1655 in
3313 1601 3431 1656 aliis
3458 1599 3642 1654 officiis
3664 1600 3853 1670 propter

2299 1697 2420 1768 ejus
2453 1695 2623 1751 studii
2651 1695 2977 1750 utilitatem.
3027 1697 3166 1749 Nam
3194 1697 3396 1750 caetera
3420 1697 3637 1766 peccata
3661 1708 3850 1746 censue-

2297 1793 2434 1845 runt
2467 1789 2698 1860 plurimi
2739 1789 2908 1844 etiam
2936 1788 3289 1844 ordinatione
3327 1787 3545 1860 privari.
3577 1785 3720 1850 Quod
3743 1784 3780 1838 si
3802 1784 3854 1838 de

2296 1882 2386 1938 his
2435 1899 2548 1938 non
2591 1881 2763 1937 fuerit
2806 1883 3114 1950 cenfessus,
3154 1899 3261 1936 nec
3311 1882 3379 1936 ab
3420 1879 3681 1952 aliquibus
3709 1880 3854 1949 potest

2295 1977 2592 2032 manifeste
2643 1976 2918 2045 convinci,
2977 1976 3108 2031 huic
3153 1975 3259 2047 ipsi
3315 1975 3385 2029 de
3436 1989 3491 2028 se
3541 1976 3755 2045 potestas
3793 1975 3854 2025 est

563 2078 657 2127 tur
687 2089 862 2143 usque
897 2071 973 2126 ad
1000 2071 1153 2126 diem
1178 2070 1401 2127 mortis.
1436 2046 1571 2142 Sed,
1603 2076 1840 2144 prepter
1865 2046 2192 2126 humanita-
2214 2046 2271 2118 B
2295 2071 2727 2126 committenda.

560 2172 678 2220 tem
704 2164 764 2220 in
791 2163 1056 2220 extremis
1085 2164 1196 2219 suis
1239 2165 1607 2220 sacramentis
1636 2165 1991 2221 reconciliari
2023 2182 2190 2237 opor-

563 2261 664 2327 tet,
697 2257 774 2312 ita
803 2260 993 2312 tamen
1040 2261 1102 2312 ut
1145 2257 1190 2311 si
1229 2257 1375 2312 forte
1414 2258 1717 2313 sanitatem
1756 2259 2190 2330 recuperaverit,

561 2349 930 2406 matrimonio
993 2350 1176 2406 soluto
1249 2351 1321 2405 ad
1393 2351 1782 2423 paenitentiam
1841 2351 2190 2406 admittatur.

560 2444 717 2509 Quod
741 2443 786 2498 si
815 2444 1083 2499 defuncta
1132 2444 1305 2498 fuerit
1346 2444 1553 2499 mulier
1590 2444 1649 2498 in
1693 2444 2022 2516 hujusmodi
2059 2461 2188 2499 con-

561 2538 731 2594 sortio
788 2538 1108 2608 constituta,
1166 2537 1413 2593 difﬁcilis
1462 2538 1570 2593 erit
1614 2538 1944 2610 poenitentia
2001 2555 2190 2593 rema-

560 2632 737 2701 nenti,
760 2649 887 2704 quae
905 2631 1189 2688 sententia
1204 2634 1321 2686 tam
1338 2631 1487 2686 viros
1503 2647 1673 2703 quam
1697 2631 1963 2686 mulieres
1992 2636 2190 2687 tenere

559 2726 750 2782 debet.

631 2821 721 2874 Ill.
754 2819 832 2873 De
871 2818 958 2872 his
1003 2818 1103 2890 qui
1133 2815 1474 2889 frequenter
1514 2833 1712 2873 uxores
1755 2818 1988 2886 ducunt,
2023 2822 2078 2874 et
2122 2819 2190 2875 de

487 2929 495 2935 '
561 2913 642 2966 his
669 2911 767 2985 qui
797 2911 1002 2982 saepius
1028 2911 1271 2978 nubunt,
1293 2913 1520 2982 tempus
1548 2911 1782 2982 quidem
1808 2911 1896 2966 his
1925 2912 2192 2967 constitu-

559 3011 682 3061 tum
707 3004 1076 3060 manifestum
1107 3008 1211 3073 est,
1237 3005 1334 3061 sed
1359 3004 1714 3060 conversatio
1743 3009 1801 3060 et
1827 3006 1967 3061 fides
1991 3023 2191 3062 eorum

558 3105 782 3170 tempus
810 3098 1122 3153 abbreviat.

627 3193 711 3246 IV.
743 3191 797 3247 Si
845 3191 991 3264 quis,
1045 3191 1342 3264 concupita
1390 3191 1651 3262 muliere,
1699 3192 1871 3246 etiam
1915 3191 1960 3246 si
1990 3209 2190 3248 concu-

553 3285 706 3340 bitus
733 3286 854 3356 ejus
893 3285 1241 3341 desiderium
1271 3285 1461 3355 habet,
1497 3302 1613 3340 non
1643 3288 1834 3340 autem
1878 3286 2184 3358 subsequa-

2363 2165 2424 2218 X.
2455 2162 2730 2220 Similiter
2771 2168 2827 2219 et
2867 2163 3140 2219 diaconus
3180 2163 3227 2217 si
3270 2162 3331 2218 in
3371 2161 3566 2217 eodem
3592 2158 3746 2230 culpae
3781 2172 3854 2226 ge-

2292 2257 2447 2312 mine
2508 2257 2682 2313 fuerit
2744 2257 3025 2313 involutus
3049 2299 3062 2325 ,
3129 2272 3249 2312 sese
3301 2254 3334 2310 α
3388 2252 3680 2310 ministerio
3735 2249 3852 2305 cohi-

2289 2350 2470 2407 bebit.

2364 2446 2450 2500 XI.
2481 2444 2780 2516 Presbyter
2808 2448 2940 2499 ante
2972 2443 3522 2517 trigintaannorum
3549 2442 3749 2496 aetatem
3771 2452 3854 2491 non

2292 2538 2608 2606 ordinetur,
2653 2538 2912 2608 quamvis
2951 2538 3024 2592 sit
3065 2537 3382 2610 probabilis
3421 2537 3564 2601 vitae,
3604 2534 3690 2589 sed
3714 2532 3857 2587 obser-

2291 2635 2454 2687 vetur
2482 2648 2663 2703 usque
2693 2632 2763 2686 ad
2788 2631 3136 2703 praeﬁnitum
3161 2636 3417 2703 tempus;
3449 2628 3702 2685 Dominus
3737 2624 3854 2677 enim

2290 2723 2588 2795 trigesimo
2619 2741 2769 2779 anno
2797 2724 3114 2796 baptizatus
3143 2727 3228 2780 est
3256 2728 3317 2780 et
3342 2729 3473 2779 tunc
3500 2717 3803 2794 praedicavit.

2362 2818 2470 2872 ΧΠ.
2493 2817 2548 2874 Si
2567 2818 2714 2889 quis,
2740 2818 2798 2872 in
2820 2818 3161 2889 aegritudine
3189 2818 3542 2884 constitutus,
3558 2807 3860 2880 fueritbapti-

2290 2914 2466 2982 zatus,
2496 2911 2794 2983 presbyter
2819 2911 3070 2966 ordinari
3097 2928 3216 2966 non
3246 2911 3439 2967 debet.
3461 2911 3577 2964 Non
3599 2905 3730 2963 enim
3752 2902 3859 2957 ﬁdes

2288 3004 2442 3059 illius
2483 3004 2822 3073 voluntaria,
2871 3006 2966 3060 sed
3002 3023 3072 3060 ex
3115 3006 3453 3060 necessitate
3495 3005 3592 3072 est,
3620 2999 3713 3055 nisi
3746 2997 3858 3051 forte

2288 3102 2482 3169 postea
2521 3099 2694 3170 ipsius
2733 3099 2982 3154 studium
3014 3103 3069 3154 et
3091 3100 3230 3155 fides
3267 3096 3568 3171 probabilis
3602 3091 3765 3158 fuerit,
3787 3089 3859 3142 aut

2289 3191 2590 3246 hominum
2617 3192 2818 3246 raritas
2850 3198 3034 3263 cogat.

2355 3285 2484 3340 XIII.
2524 3285 2848 3358 Presbyteri
2893 3286 2991 3356 qui
3041 3284 3476 3358 conregionales
3509 3299 3620 3339 non
3657 3280 3786 3344 sunt,
3815 3273 3858 3328 in

554 3384 645 3434 tur
665 3379 915 3447 etfectus,
940 3379 1310 3434 manifestum
1335 3382 1420 3434 est
1444 3380 1596 3434 hunc
1616 3378 1787 3434 fuisse
1808 3396 1910 3450 per
1935 3380 2186 3436 divinam
2208 3411 2262 3484 Ο
2291 3377 2524 3432 ecclesia
2560 3378 2936 3449 praesentibus
2983 3379 3261 3450 episcopis
3309 3381 3396 3434 vel
3457 3372 3770 3450 presbyteris
3807 3368 3858 3422 ci-

663 3473 697 3484 ,ι
818 3473 874 3484 υς
1007 3477 1016 3484 .
2325 3471 2356 3484 ι.
2407 3472 2440 3484 ,ι
2542 3471 2583 3484 Α..
3097 3477 3107 3484 .
3323 3475 3339 3484 .
3729 3459 3840 3484 ---ιε

556 3473 794 3544 gratiam
818 3473 1144 3528 liberatum.

622 3568 683 3621 V.
725 3567 1196 3635 Catechumenus,
1231 3567 1289 3621 id
1320 3570 1404 3621 est
1431 3566 1692 3635 audiens,
1722 3567 1818 3637 qui
1860 3567 2186 3638 ingreditur

551 3661 608 3714 in
643 3660 954 3726 ecclesiam,
988 3665 1045 3715 et
1086 3662 1198 3715 stat
1237 3676 1369 3715 cum
1408 3659 1848 3727 catechumenis,
1883 3659 1927 3713 si
1953 3677 2184 3731 peccare

551 3754 723 3808 fuerit
740 3753 889 3808 visus
909 3752 1091 3824 ﬁgens
1111 3770 1314 3824 genua,
1341 3753 1534 3807 audiat
1555 3753 1813 3820 verbum,
1845 3755 1908 3806 ut
1932 3769 1988 3807 se
2013 3754 2182 3808 absti-

553 3852 686 3902 neat
711 3847 780 3902 ab
813 3847 907 3902 illo
940 3849 1168 3918 peccato
1191 3846 1345 3918 quod
1371 3845 1525 3901 fecit.
1553 3846 1715 3911 Quod
1742 3846 1790 3900 si
1811 3845 1870 3900 in
1898 3862 1962 3900 eo
1983 3847 2186 3917 perdu-

552 3944 642 3995 rat
668 3940 835 4012 abjici
865 3940 1098 3995 omnino
1133 3939 1360 3995 debere.

623 4035 709 4090 Vl.
744 4035 822 4088 De
864 4032 1316 4104 pi'mgnantibus,
1352 4033 1504 4102 quod
1548 4035 1770 4102 oportet
1793 4048 1888 4086 eas
1914 4031 2185 4103 baptizari

550 4126 775 4198 quando
831 4127 1064 4192 volunt,
1135 4123 1278 4178 nihil
1347 4126 1499 4178 enim
1549 4124 1607 4177 in
1663 4125 1773 4179 hoc
1827 4119 2182 4180 sacramento

552 4233 857 4272 commune
899 4220 983 4270 est
1028 4215 1296 4287 pariturae
1347 4219 1403 4270 et
1456 4215 1539 4270 illi
1585 4215 1683 4287 qui
1736 4215 1806 4271 de
1859 4216 1980 4287 ejus
2025 4223 2182 4272 utero

551 4309 723 4364 fuerit
751 4309 952 4375 editus,
984 4308 1120 4380 quia
1152 4307 1593 4381 uniuscujusque
1619 4309 1680 4365 in
1707 4309 1801 4365 illa
1829 4311 2179 4366 confessione

551 4405 782 4459 libertas
809 4402 1025 4458 arbitrii
1056 4402 1398 4457 declaratur.

621 4499 731 4552 Vll.
764 4496 1160 4568 Presbyterum
1187 4494 1438 4550 convivio
1461 4495 1821 4550 saecularium
1849 4497 2180 4568 nuptiarum

549 4593 821 4647 interesse
854 4608 971 4646 non
1007 4590 1237 4656 debere,
1267 4588 1509 4644 maxime
1537 4606 1668 4644 cum
1695 4590 2062 4663 praecipiatur
2088 4609 2174 4646 se-

547 4684 743 4739 cundis
783 4683 993 4754 nuptiis
1034 4682 1429 4754 [menitentiam
1455 4683 1726 4751 tribuere,
1755 4684 1881 4756 quis
1912 4683 2019 4738 erit
2045 4701 2175 4755 pre-

547 4778 738 4849 sbyter
801 4777 899 4848 qui
971 4782 1200 4848 propter
1272 4775 1589 4832 convivium
1669 4776 1778 4832 illis
1861 4779 2179 4833 consentiat

545 4870 779 4941 nuptiis.

2286 3471 2472 3526 vitatis
2501 3471 2704 3527 offerre
2744 3489 2857 3526 non
2877 3477 3136 3543 possunt,
3165 3489 3270 3528 nec
3308 3475 3446 3529 dare
3480 3484 3674 3543 panem
3699 3459 3860 3520 sancti.

2285 3564 2534 3633 ﬁcatum,
2583 3583 2690 3620 nec
2732 3565 2965 3620 calicem
3000 3565 3316 3639 porrigere.
3365 3565 3518 3631 Quod
3564 3564 3608 3618 si
3649 3559 3859 3614 absentes

2286 3661 2420 3712 sunt
2448 3659 2686 3714 civitatis
2731 3660 3071 3728 sacerdotes,
3101 3662 3158 3713 et
3183 3660 3399 3715 fuerint
3425 3656 3634 3714 invitati
3662 3653 3726 3708 ad
3750 3649 3857 3704 dan-

2285 3751 2418 3806 dam
2461 3752 2802 3820 orationem,
2833 3753 2936 3807 soli
2964 3753 3259 3808 debebunt
3300 3754 3453 3811 dare.
3495 3748 3683 3806 Vicarii
3708 3746 3858 3800 autem

2285 3844 2679 3917 episcoporum
2721 3846 2879 3918 (quos
2921 3847 3096 3902 Graeci
3125 3847 3492 3919 coepiscopos
3529 3843 3731 3908 'vocant)
3755 3850 3857 3891 con-

2285 3937 2463 3992 stituti
2492 3943 2622 3993 sunt
2648 3939 2877 4010 quidem
2905 3940 2978 3993 ad
3005 3941 3330 4011 exemplum
3352 3937 3697 4011 septuaginta
3719 3928 3859 3985 senio-

2283 4047 2433 4085 rum.
2463 4031 2573 4086 Sed
2617 4034 2887 4103 tanquam
2933 4034 3362 4089 consacerdotes
3391 4037 3616 4106 propter
3648 4021 3859 4082 sollicitu-

2283 4125 2477 4180 dinem
2503 4128 2560 4180 et
2589 4125 2844 4180 studium
2871 4127 3020 4197 quod
3043 4127 3097 4181 in
3126 4144 3414 4200 pauperes
3439 4126 3630 4197 agunt,
3647 4117 3856 4176 offerant,

2283 4223 2339 4274 et
2370 4218 2729 4273 honorabiles
2760 4219 3094 4275 habeantur.

2353 4313 2480 4365 XIV.
2511 4312 2737 4367 Diaconi
2765 4318 2980 4386 septem
3010 4330 3131 4368 esse
3159 4315 3375 4368 debent
3405 4311 3700 4368 secundum
3727 4316 3857 4371 regu-

2279 4406 2414 4473 lam,
2437 4405 2699 4475 quamvis
2720 4422 2929 4478 magna
2946 4407 3017 4463 sit
3042 4408 3255 4474 civitas,
3279 4409 3497 4479 regulae
3520 4408 3700 4459 tamen
3715 4396 3859 4452 auclo-

2280 4498 2415 4552 ritas
2457 4497 2564 4552 ista
2611 4503 2715 4566 est,
2761 4500 2916 4570 quod
2954 4504 3010 4554 et
3038 4500 3183 4556 liber
3222 4507 3486 4557 actorum
3532 4494 3858 4570 apostolorum

2279 4590 2549 4645 insinuat.

2350 4683 2589 4755 Explicit
2611 4685 2915 4741 concilium
2937 4687 3407 4758 Neocaesariense,
3442 4686 3587 4759 quod
3609 4680 3859 4746 fuitvwno

2279 4777 2511 4834 Domini
2533 4782 2589 4834 3t
2605 4780 2637 4834 4
2661 4778 2721 4834 in
2753 4781 2934 4835 Ponto
2958 4781 3381 4837 Polemoniaco.

1340 5122 1739 5188 INCIPIUNT
1782 5123 2171 5189 CAPITULA
2216 5125 2714 5190 GANGRENSIS
2761 5125 3118 5191 CONCILll.

618 5262 664 5312 t.
696 5259 776 5312 Dc
808 5257 896 5312 his
923 5257 1022 5328 qui
1047 5258 1274 5329 nuptias
1303 5258 1600 5315 damnant.

611 5356 662 5405 2.
694 5353 770 5405 De
797 5351 887 5405 his
912 5349 1011 5422 qui
1033 5368 1234 5407 carnes
1266 5353 1672 5408 manducantes
1698 5352 1990 5408 damnant.

610 5448 661 5500 3.
694 5447 814 5500 Non
841 5445 1047 5500 debere
1079 5463 1305 5502 servum
1337 5446 1631 5502 occasione
1663 5446 1951 5518 religionis
1991 5445 2168 5502 domi-

539 5555 680 5594 num
709 5543 1098 5599 contemnere.

610 5632 660 5684 4.
695 5634 770 5686 De
798 5633 1080 5690 oblatione
1107 5632 1424 5707 presbyteri
1455 5633 1766 5705 conjugati.

611 5725 661 5777 5.
688 5714 979 5784 Orationes
1007 5729 1260 5785 ecclesiae
1288 5745 1408 5784 non
1437 5727 1641 5784 debere
1678 5727 1988 5784 contemni.

610 5815 659 5863 6.
684 5816 802 5869 Non
839 5819 1046 5876 debere
1077 5825 1230 5877 extra
1266 5821 1560 5877 ecclesiam
1595 5821 1949 5892 congregari.

2190 5273 2250 5345 D
2341 5266 2395 5316 7.
2427 5262 2501 5317 De
2526 5261 2803 5317 fructibus
2827 5263 2887 5317 in
2913 5263 3206 5318 ecclesiam
3235 5266 3293 5318 et
3327 5279 3450 5318 non
3475 5260 3606 5316 alibi
3633 5253 3819 5315 dandis.

2343 5356 2396 5410 8.
2420 5356 2499 5409 De
2519 5353 2608 5409 his
2641 5371 2768 5426 quas
2799 5356 2859 5411 in
2885 5373 3021 5412 usus
3048 5373 3370 5428 pauperum
3391 5355 3760 5412 conferuntur.

2343 5451 2374 5500 9
2401 5447 2722 5518 Virginitati
2749 5449 3074 5505 studentem
3106 5466 3220 5505 non
3246 5449 3462 5506 debere
3497 5446 3712 5519 nuptias
3733 5453 3858 5495 exse-

2272 5542 2441 5596 crari.

2346 5639 2429 5690 10.
2459 5635 2534 5690 De
2561 5634 2648 5689 his
2677 5634 2775 5706 qui
2803 5651 2904 5706 pro
2932 5635 3258 5707 virginitate
3285 5636 3641 5707 superbiunt.

2346 5731 2429 5783 11.
2459 5731 2710 5799 Agapem
2731 5728 2976 5784 fratrum
3001 5747 3118 5786 non
3140 5731 3356 5787 debere
3378 5725 3680 5786 contemni.

2346 5824 2429 5874 1‘2.
2464 5821 2537 5874 De
2564 5821 2984 5876 continentibus
3016 5825 3073 5877 et
3101 5841 3198 5878 usu
3231 5823 3580 5897 passionum.
