4026 6166
170 343 264 394 ‘269

165 545 270 598 lem
300 543 563 596 habitum
592 558 890 613 usurpare.

233 637 314 689 14.
349 637 475 690 Non
524 635 737 691 debere
784 635 1266 692 condemnantem
1314 637 1543 710 nuptias
1595 655 1630 695 a
1672 637 1792 693 viro

163 729 468 784 discedere.

233 826 312 876 l5.
341 824 470 877 Non
499 821 710 877 debere
743 837 1097 896 quemquam
1127 821 1493 880 continentiae
1521 839 1688 879 causa
1723 823 1788 881 ti-

160 916 258 970 lios
286 931 420 970 suos
446 915 764 987 negligere.

1396 339 1865 397 DECRETALIUM
1902 339 2289 396 COLLECTIO.

237 454 317 505 13.
352 451 478 504 Non
506 449 718 503 debere
747 448 1050 504 mulierem
1078 448 1444 505 continentia:
1473 465 1642 506 causa
1664 450 1794 505 viri-
1813 466 1872 538 Α

3424 349 3529 403 270

1968 453 2052 506 16.
2098 453 2178 507 Ne
2223 451 2322 505 lilii
2387 450 2678 506 occasione
2739 451 3037 523 religionis
3082 457 3343 524 parentes
3393 472 3524 513 suos

1895 542 2230 615 despiciant.

1968 640 2050 692 17.
2083 639 2266 706 Caput
2295 637 2530 691 tondere
2555 636 2780 692 mulieri
2807 654 2925 692 non
2955 639 3148 694 licere.

1965 733 2049 784 18.
2080 731 2201 784 Νοη
2229 729 2436 784 debere
2465 729 2556 784 die
2585 729 2883 786 Dominico
2907 731 3189 802 jejunare.

1965 826 2050 878 19.
2080 823 2202 878 Non
2238 823 2409 879 licere
2433 822 2761 878 communia
2781 823 3005 894 jejunia
3029 825 3267 882 solvere.

1959 921 2048 977 20.
2083 916 2642 976 Communicandum
2667 916 2727 976 in
2757 916 3000 974 basilicis
3030 924 3362 992 martyrum.

1019 1172 1369 1244 INCIPIT
1455 1174 1982 1247 CONCILIUM
2070 1175 2668 1247 GANGRENSE.

1282 1313 1467 1385 (Anno
1495 1313 1722 1370 Domini
1750 1317 1850 1370 333
1872 1315 1933 1370 in
1963 1314 2395 1387 Paphlagonia.)

222 1456 476 1511 Dominis
502 1456 932 1513 honorabilibus
956 1458 1475 1528 consacerdotibus,
1498 1460 1557 1514 in
1586 1461 1786 1516 Arme-

160 1549 244 1602 nia
271 1549 601 1604 constitutis
626 1550 926 1622 episcopis.
955 1551 1250 1621 Eusebius,
1270 1553 1486 1625 Alpius,
1515 1553 1786 1622 Philetus,

158 1642 410 1709 Eulalius,
477 1645 738 1714 Pappus,
800 1644 1070 1712 Basilius,
1121 1645 1450 1713 Bithinicus,
1505 1647 1784 1718 Heratius,

157 1735 376 1805 Ipatius,
404 1737 632 1804 Bassus,
660 1737 969 1809 Eugenius,
994 1739 1322 1810 Gregorius,
1353 1739 1599 1807 Elianus,
1623 1742 1784 1796 Pres-

1889 1460 2234 1516 conveniunt
2261 1464 2320 1516 et
2348 1465 2714 1516 sacramenta
2739 1461 3048 1517 coniiciunt
3079 1463 3518 1533 reprehendere.

1887 1553 2093 1608 Divites
2116 1553 2332 1621 ﬁdeles,
2350 1554 2446 1626 qui
2475 1571 2588 1608 non
2608 1554 2877 1608 omnibus
2892 1555 3227 1610 renuntiant
3254 1573 3380 1628 qua:
3400 1573 3524 1628 pos-

1887 1647 2074 1702 sident
2105 1664 2268 1720 spem
2305 1648 2461 1718 apud
2499 1648 2808 1702 Dominum
2837 1665 2954 1704 non
2979 1648 3210 1704 habere.
3245 1650 3312 1705 Et
3340 1652 3522 1706 multa

1884 1740 1995 1794 alia
2023 1757 2149 1811 qua:
2176 1757 2511 1796 enumerare
2538 1741 2679 1795 nulli
2701 1741 2967 1811 possibile
2992 1746 3074 1796 est
3094 1742 3348 1814 singulos
3373 1760 3520 1814 quo-

159 1829 281 1895 sius,
314 1829 635 1898 Eugenius,
669 1830 768 1901 qui
792 1836 1182 1888 convenerunt
1205 1832 1265 1887 in
1292 1833 1617 1904 Gangrense
1647 1851 1783 1891 eon-
1805 1818 1861 1890 Β
1886 1848 1996 1904 que
2015 1850 2220 1889 eorum
2249 1850 2353 1905 pro
2380 1850 2483 1890 suo
2504 1833 2738 1889 arbitrio
2754 1835 3115 1902 constituere,
3132 1836 3519 1908 unusquisque

157 1921 338 1975 cilium
365 1921 428 1976 in
458 1922 707 1978 Domino
739 1923 1001 1979 salutem.

219 2014 504 2079 Quoniam
550 2017 898 2072 conveniens
947 2022 1142 2074 sancta
1195 2020 1443 2091 synodus
1491 2020 1781 2092 episcopo-

157 2124 295 2178 rum,
341 2108 404 2164 in
459 2109 766 2165 Ecclesiam
812 2111 1200 2183 Gangrensem
1237 2118 1472 2185 propter
1508 2114 1780 2186 quasdam

154 2201 546 2256 ecclesiasticas
592 2206 650 2257 et
687 2204 1030 2259 necessarias
1074 2222 1269 2261 causas
1305 2206 1694 2278 inquirendas,
1727 2211 1783 2262 et

154 2309 214 2351 ea
256 2311 381 2365 qua:
432 2297 751 2350 secundum
798 2298 1161 2353 Eustachium
1209 2305 1366 2370 gesta
1407 2304 1539 2356 sunt
1576 2301 1779 2372 digno-

154 2389 349 2443 seenda
403 2389 632 2444 invenit
658 2375 840 2446 multa
889 2390 1014 2448 ﬁeri
1063 2392 1391 2448 indecenter
1437 2394 1509 2448 ab
1553 2394 1639 2449 his
1683 2395 1782 2466 qui

152 2482 410 2536 eumdem
443 2483 814 2538 Eustachium
860 2485 1036 2540 secuti
1062 2490 1212 2553 sunt,
1243 2487 1559 2542 necessario
1586 2487 1783 2544 statuit

149 2575 323 2645 palam
371 2576 646 2632 omnibus
690 2577 856 2633 factis
897 2585 1198 2652 amputare
1245 2580 1510 2636 universa
1549 2597 1674 2652 quae
1707 2583 1779 2637 ab

152 2669 341 2724 eodem
366 2670 525 2725 male
550 2671 849 2726 commissa
879 2677 1028 2728 sunt.

211 2763 575 2818 Declaratum
589 2768 674 2818 est
686 2765 839 2820 enim
855 2766 961 2820 hos
979 2766 1214 2822 eosdem
1239 2767 1468 2839 nuptias
1495 2784 1776 2838 accusare,

150 2859 199 2908 et
213 2855 418 2911 docere
440 2858 591 2928 quod
617 2858 875 2913 nullusin
887 2859 1172 2931 conjugali
1187 2860 1397 2930 positus
1416 2862 1598 2932 gradu
1617 2879 1778 2933 spem

150 2947 382 3004 habebat
392 2951 551 3021 apud
563 2951 762 3021 Deum,
785 2952 937 3007 unde
952 2953 1163 3007 factum
1180 2956 1264 3007 est
1280 2958 1338 3009 ut
1350 2954 1614 3009 mulieres
1626 2955 1776 3009 mul-

149 3044 967 3117 taeseduettemeliclispmpriis
979 3045 1601 3115 viris,etviri,uxoribus
1612 3048 1780 3103 desti-

149 3137 288 3202 tutis,
308 3137 608 3192 vinculum
625 3137 749 3210 63
763 3139 1059 3210 eonjugale
1079 3139 1470 3209 dissolverent,
1485 3142 1778 3198 continen-

151 3228 272 3283 tiam
285 3229 821 3302 proﬁtentes,quam
835 3249 963 3287 cum
977 3233 1222 3288 retinere
1236 3251 1350 3289 non
1364 3236 1771 3306 possent,adul.

151 3323 341 3377 terium
359 3324 796 3380 commiserunt.
815 3326 1035 3380 Inventi
1062 3327 1217 3382 enim
1240 3333 1372 3383 sunt
1401 3329 1776 3385 dissensiones

150 3432 204 3469 ac
217 3417 603 3487 separationes
614 3418 672 3471 in
687 3418 994 3473 Dominicis
1005 3421 1253 3475 ecclesiis
1265 3421 1553 3492 docere,id
1569 3426 1653 3476 est
1667 3426 1778 3478 tra-

151 3508 382 3565 ditiones
414 3509 843 3578 ecclesiasticas,
859 3516 917 3566 et
935 3529 1001 3568 ea
1025 3530 1152 3586 qua:
1178 3514 1236 3568 in
1259 3515 1505 3570 ecclesiis
1525 3520 1778 3586 aguntur

149 3602 344 3658 debere
369 3605 692 3674 contemni,
715 3605 1060 3678 privatisque
1081 3608 1488 3663 conventiculis
1505 3609 1776 3664 institutis

149 3701 304 3767 atque
332 3697 412 3752 ad
438 3697 819 3753 imitationem
841 3715 1041 3756 eorum
1061 3718 1188 3772 quae
1210 3701 1266 3756 in
1287 3702 1461 3756 domo
1477 3703 1575 3757 Dei
1593 3719 1770 3774 agun-

148 3793 229 3843 tur
253 3791 454 3846 omnia
478 3808 826 3862 praesumere
848 3793 1150 3849 celebrare.
1180 3796 1376 3851 Adhuc
1403 3796 1577 3851 etiam
1603 3797 1771 3852 vesti-

147 3881 240 3937 bus
265 3884 672 3939 communibus
715 3887 920 3958 spretis
966 3903 1144 3943 novos
1173 3892 1230 3943 et
1257 3889 1512 3944 insolitos
1549 3890 1774 3946 habitus

148 3978 526 4050 assumpsisse.
552 3979 837 4034 Primitias
865 3997 1090 4052 quoque
1131 3982 1418 4036 fructuum
1449 3987 1505 4038 et
1530 3984 1771 4039 oblatio-

150 4086 234 4124 nes
259 4088 466 4126 eorum
496 4089 636 4143 quas
671 4076 930 4128 veterum
967 4074 1244 4129 institutio
1271 4076 1517 4130 ecclesiis
1552 4077 1769 4148 tribuit,

145 4163 359 4220 sibimet
393 4164 725 4231 vindicasse,
755 4166 812 4221 id
842 4169 925 4221 est
951 4168 1183 4237 propria
1213 4169 1432 4225 ratione
1476 4169 1768 4238 doctrinae,

145 4258 658 4329 tanquamsanctis
697 4259 806 4314 sibi
835 4276 928 4314 eas
965 4259 1155 4314 offerri
1183 4260 1410 4330 debere,
1453 4263 1603 4332 apud
1631 4280 1687 4317 se
1717 4269 1774 4319 et

146 4348 281 4406 inter
305 4369 365 4406 se
399 4352 827 4423 dispensandas,
861 4369 1048 4409 servos
1080 4370 1113 4407 a
1143 4353 1386 4408 dominis
1414 4355 1768 4425 recedentes,

1797 3185 1852 3260 C

1883 1927 2038 1983 enim
2059 1943 2260 1982 eorum
2278 1944 2381 1998 per
2400 1927 2579 1982 talem
2601 1927 3018 1982 institutionem
3043 1929 3116 1983 ab
3143 1928 3518 1984 ecclesiastico

1883 2036 2098 2075 canone
2119 2021 2369 2090 recessit,
2392 2023 2662 2092 tanquam
2691 2020 2946 2092 proprias
2967 2022 3120 2091 leges
3148 2021 3373 2076 sibimet
3388 2039 3518 2077 con-

1885 2112 2088 2168 didisse
2115 2130 2488 2184 praesumens.
2518 2114 2625 2169 Sed
2655 2129 2759 2169 nec
2795 2114 3114 2169 communis
3139 2115 3226 2168 his
3251 2115 3518 2170 omnibus

1883 2210 1942 2261 et
1969 2223 2084 2261 una
2115 2207 2399 2261 sententia
2429 2212 2531 2262 est.
2563 2207 2782 2278 Singuli
2810 2207 2982 2276 enim,
3013 2211 3183 2279 prout
3208 2208 3433 2263 videtur
3463 2214 3519 2265 et

1881 2299 2041 2369 libet,
2056 2301 2471 2356 accusationem
2498 2300 2756 2355 Ecclesia:
2779 2300 3015 2355 nitendo
3042 2305 3314 2372 tanquam
3336 2306 3518 2356 rector

1881 2409 1998 2448 non
2025 2394 2114 2460 sit,
2149 2396 2234 2449 vel
2264 2394 2481 2449 addidit
2505 2394 2731 2449 decreta
2761 2395 2844 2448 vel
2879 2394 3106 2448 minuit.
3144 2396 3380 2466 Propter
3408 2395 3518 2450 hoc

1883 2503 2019 2558 ergo
2049 2491 2306 2541 coactum
2339 2490 2426 2541 est
2453 2487 2562 2540 hoc
2587 2486 2884 2541 concilium
2912 2487 2970 2540 in
2999 2487 3310 2558 Gangrensi
3337 2489 3519 2542 Eccle-

1879 2579 1962 2633 sia
1977 2578 2232 2634 habitum
2245 2595 2490 2634 canones
2505 2579 2642 2634 istos
2659 2595 2960 2650 exponere,
2977 2579 3183 2650 quibus
3199 2580 3516 2650 probantur

1879 2672 2176 2727 memorati
2194 2676 2355 2728 extra
2374 2673 2679 2727 Ecclesiam
2701 2688 2837 2727 esse.
2855 2672 3019 2736 Quod
3040 2673 3086 2726 si
3109 2688 3211 2743 per
3229 2673 3510 2744 poeniten-

1879 2765 2017 2821 tiam
2028 2766 2534 2822 condemnaverint
2545 2765 2739 2821 omnia
2750 2766 3012 2838 haecque?
3027 2765 3177 2821 male
3193 2773 3512 2833 senserunt,

1876 2863 2152 2932 tanquam
2197 2878 2231 2915 a
2275 2877 2331 2916 se
2375 2877 2489 2915 non
2516 2861 2665 2915 bene
2693 2861 2912 2930 prolata
2950 2859 3322 2931 acceptabiles
3351 2859 3510 2928 ﬁant,

1877 2957 2047 3024 atque
2069 2955 2140 3008 ad
2168 2970 2263 3009 eos
2294 2953 2518 3024 singula
2544 2971 2672 3026 quae
2695 2953 2909 3008 debent
2933 2953 3335 3021 condemnare,
3351 2971 3512 3024 syno-

1878 3047 1982 3102 dus
2001 3048 2244 3102 credidit
2272 3048 2631 3119 exponenda.
2664 3047 2826 3111 Quod
2864 3047 2909 3101 si
2948 3047 3074 3118 quis
3103 3047 3356 3102 renuerit
3386 3048 3508 3102 haec

1877 3157 2005 3212 quae
2043 3141 2216 3195 hodie
2256 3142 2558 3195 constituta
2588 3146 2720 3195 sunt
2746 3143 3020 3212 tanquam
3049 3141 3351 3195 haereticus
3369 3157 3504 3194 ana-

1876 3234 2272 3290 thematizatus
2316 3238 2372 3290 et
2409 3234 2711 3289 damnatus
2756 3233 3071 3304 abjiciatur.
3119 3235 3188 3288 Et
3237 3234 3346 3288 erit
3391 3251 3506 3288 non

1877 3327 2062 3382 solum
2111 3328 2654 3397 excommunicatus,
2704 3343 2903 3382 verum
2949 3327 3124 3382 etiam
3165 3327 3234 3382 ab
3276 3328 3508 3383 ecclesia

1877 3421 2174 3492 abjiciatur
2195 3422 2456 3489 extorris,
2475 3422 2655 3476 donec
2686 3421 3020 3491 deprecetur
3037 3419 3348 3492 episcopos,
3365 3422 3504 3476 etde

1876 3514 2146 3568 universis
2191 3531 2320 3586 quze
2362 3531 2537 3585 penes
2567 3531 2664 3569 eos
2691 3513 3050 3585 deprehensa
3081 3517 3253 3585 atque
3283 3513 3505 3568 detecta

1874 3610 2024 3674 sunt,
2055 3607 2389 3678 providerit,
2420 3606 2557 3678 quid
2602 3607 2809 3662 horum
2849 3607 3157 3679 susceperit
3201 3607 3502 3663 observan-

1875 3699 2030 3753 dum.
2991 3715 2994 3718 ’

1943 3794 2069 3847 CAP.
2102 3793 2143 3846 Ι.
2181 3792 2240 3846 Si
2266 3791 2393 3863 quis
2418 3791 2642 3863 nuptias
2678 3791 2737 3846 in
2769 3791 3122 3848 accusatione
3161 3793 3404 3860 duxerit,
3447 3798 3504 3848 et

1874 3885 2171 3940 mulierem
2210 3885 2438 3940 fidelem
2486 3902 2551 3939 ac
2589 3883 2911 3956 religiosam
2941 3901 3071 3939 cum
3099 3885 3215 3938 viro
3241 3903 3342 3940 suo
3368 3886 3498 3940 dor-

1872 3978 2150 4034 mientem
2175 3978 2620 4034 abominandam
2655 3977 2977 4047 crediderit,
3011 3980 3110 4032 aut
3135 3977 3309 4033 etiam
3343 3995 3504 4034 accu-

1873 4073 2108 4128 sandam
2137 4075 2406 4144 tanquam
2443 4088 2561 4127 non
2605 4087 2771 4143 posse
2811 4071 3141 4144 conjugatos
3166 4070 3225 4126 in
3251 4087 3497 4144 regnum

1872 4167 1973 4221 Dei
2001 4165 2243 4238 ingredi,
2274 4167 2579 4220 anathema
2601 4165 2690 4220 sit.

1942 4258 2005 4315 Il.
2034 4259 2092 4316 Si
2118 4259 2244 4331 quis
2272 4275 2502 4316 carnem
2529 4259 2969 4314 manducantem
2995 4274 3060 4315 ex
3086 4259 3198 4315 ﬁde
3216 4276 3350 4315 cum
3371 4259 3501 4315 reli-

1874 4353 2044 4423 gione
2069 4358 2279 4424 praeter
2305 4352 2646 4425 sanguinem
2673 4356 2732 4408 et
2761 4353 2910 4408 idolo
2938 4353 3305 4409 immolatum
3324 4357 3380 4410 et
3394 4354 3508 4409 suf-

149 4459 240 4511 per
282 4446 438 4500 hunc
485 4445 816 4501 inusitatum
857 4446 1152 4517 religionis
1195 4465 1313 4502 suae
1353 4448 1634 4517 habitum,
1668 4449 1772 4503 sub
1870 4445 2124 4500 focatum
2157 4446 2480 4517 crediderit,
2517 4447 3014 4502 condemnandum
3045 4450 3316 4518 tanquam
3343 4465 3502 4520 spem

147 4539 316 4606 specie
334 4555 454 4593 suae
481 4537 774 4610 religionis
792 4540 1054 4595 dominos
1071 4541 1772 4613 contempsisse.Mulieres
1790 4553 1849 4624 D
1871 4554 1984 4592 non
2015 4539 2320 4593 habentem
2346 4539 2499 4610 quod
2530 4556 2622 4595 eas
2652 4540 2976 4609 mandueat,
3007 4541 3312 4595 anathema
3336 4543 3426 4596 sit.

148 4646 361 4703 quoque
390 4636 604 4704 praeter
633 4633 1127 4702 consuetudinem,
1176 4637 1234 4688 et
1262 4635 1349 4690 sui
1391 4652 1560 4690 sexus
1603 4652 1769 4691 oma—

147 4725 258 4778 tum
287 4724 420 4780 hinc
464 4742 522 4780 se
557 4725 893 4797 justiﬁcare,
927 4727 1228 4782 credentes
1269 4727 1491 4782 virilem
1519 4728 1773 4784 habitum

148 4819 470 4890 suscepisse,
511 4819 820 4891 pluresque
865 4835 1063 4874 earum
1115 4821 1409 4876 occasione
1462 4821 1770 4893 religionis,

149 4911 330 4964 tonsas
381 4911 622 4983 genuini
662 4912 884 4968 decoris
926 4929 1118 4969 comas
1159 4914 1388 4986 penitus
1428 4918 1770 4986 amputasse.

147 5002 351 5073 lejunia
369 5021 500 5077 qua:
521 5004 579 5059 in
599 5005 832 5061 ecclesia
853 5007 1168 5078 praedicant
1193 5009 1611 5063 contemnenda
1629 5026 1774 5063 asse-

148 5095 332 5153 ruisse.
363 5099 675 5154 Nonnullos
696 5100 872 5155 etiam
903 5100 1058 5156 cibos
1086 5101 1343 5156 carnium
1372 5106 1646 5174 tanquam
1667 5101 1774 5156 illi-

149 5187 279 5244 citos
304 5196 622 5263 reputasse,
657 5194 718 5248 in
761 5194 1022 5249 domibus
1050 5195 1486 5268 conjugatorum
1513 5213 1619 5251 nec
1645 5212 1771 5250 ora-

148 5281 322 5338 tiones
349 5285 586 5355 quidem
616 5287 821 5343 debere
858 5288 1132 5344 celebrari
1164 5290 1527 5361 persuasisse,
1562 5289 1621 5343 in
1646 5292 1772 5343 tan-

150 5378 261 5430 tum
291 5382 356 5432 ut
377 5380 607 5436 easdem
650 5380 774 5436 ﬁeri
819 5387 1030 5453 vetent,
1060 5387 1116 5438 et
1147 5383 1529 5439 oblationibus
1556 5399 1686 5455 qua:
1717 5383 1776 5438 in

152 5467 402 5526 domibus
427 5473 592 5529 factae
613 5474 827 5531 fuerint
842 5475 1077 5532 minime
1092 5476 1628 5531 communicandum
1652 5493 1774 5531 esse

151 5559 464 5621 decernant.
496 5567 863 5639 Presbyteros
888 5585 1023 5625 vero
1050 5570 1146 5642 qui
1165 5569 1532 5624 matrimonia
1556 5573 1777 5624 contra-

153 5662 367 5725 xerunt,
403 5661 596 5732 sperni
641 5660 851 5718 debere
881 5663 1096 5734 dicunt,
1127 5680 1230 5718 nec
1269 5667 1621 5718 sacramenta
1647 5679 1776 5735 qua:

153 5745 215 5800 ab
243 5749 324 5804 eis
359 5753 739 5809 conficiuntur
769 5755 993 5828 attingi.
1021 5756 1169 5812 Loca
1207 5759 1535 5811 sanctorum
1560 5760 1774 5828 marty-

154 5855 274 5896 rum
329 5845 411 5901 vel
457 5846 721 5904 basilicas
765 5855 1152 5920 contemnere,
1195 5854 1252 5904 et
1299 5865 1498 5906 omnes
1522 5850 1618 5924 qui
1648 5850 1779 5906 illuc

1946 4633 2034 4687 lll.
2067 4632 2121 4688 Si
2149 4631 2276 4702 quis
2313 4649 2538 4688 servum
2583 4634 2831 4688 alienum
2877 4633 3172 4688 occasione
3215 4635 3504 4707 religionis

1875 4724 2069 4780 doceat
2099 4725 2401 4780 dominum
2441 4743 2608 4780 suum
2653 4727 2858 4782 debere
2901 4729 3266 4782 contemnere
3295 4734 3350 4783 et
3386 4730 3506 4801 ejus

1873 4817 2254 4874 ministerium
2285 4819 2607 4888 destituere,
2640 4837 2702 4873 ac
2727 4819 2916 4890 potius
2946 4837 3062 4875 non
3104 4821 3361 4878 docuerit
3400 4840 3502 4878 suo

1873 4912 2106 4968 domino
2127 4912 2276 4967 bona
2302 4913 2413 4968 ﬁde
2442 4916 2500 4967 et
2525 4930 2655 4968 cum
2683 4913 2840 4968 omni
2861 4914 3298 4970 honoriﬁcentia
3319 4916 3507 4972 deser-

1874 5007 2010 5073 vire,
2040 5007 2342 5062 anathema
2372 5006 2464 5062 sit.

1946 5101 2031 5156 ιν.
2078 5101 2132 5156 Si
2176 5101 2303 5173 quis
2353 5100 2628 5156 discernit
2667 5100 3063 5173 presbyterum
3103 5102 3503 5175 conjugatum,

1874 5198 2147 5266 tanquam
2166 5194 2456 5250 occasione
2480 5196 2815 5266 nuptiarum
2845 5195 3049 5251 offerre
3074 5212 3188 5251 non
3210 5197 3434 5263 debeat,
3454 5203 3511 5253 et

1876 5289 1948 5343 ab
1972 5288 2093 5359 ejus
2121 5288 2406 5344 oblatione
2429 5289 2560 5344 ideo
2586 5306 2647 5344 se
2675 5288 2974 5360 abstineat,
2988 5291 3288 5345 anathema
3320 5291 3409 5345 sit.

1947 5383 2008 5435 V.
2040 5381 2097 5437 Si
2129 5381 2254 5454 quis
2285 5383 2450 5437 docet
2477 5382 2710 5439 domum
2744 5383 2843 5438 Dei
2869 5383 3357 5454 contemptibilem
3385 5399 3506 5438 esse

1875 5473 2085 5531 debere
2107 5479 2164 5531 et
2176 5474 2646 5548 congregationes
2676 5491 2806 5549 qua:
2827 5475 2884 5531 in
2915 5492 2983 5531 ea
3008 5476 3171 5543 fiunt,
3197 5476 3507 5531 anathema

1875 5568 1969 5625 sit.

1948 5663 2038 5718 Vl.
2060 5662 2116 5718 Si
2140 5663 2268 5736 quis
2309 5666 2470 5719 extra
2508 5663 2800 5720 ecclesiam
2829 5662 3092 5735 privatim
3118 5662 3354 5734 populos
3379 5678 3508 5717 con-

1881 5772 2146 5829 gregans,
2175 5760 2507 5812 contemnat
2543 5756 2945 5812 ecclesiasticas
2984 5755 3316 5826 sanctiones,
3346 5756 3510 5811 aliter

1881 5867 1951 5906 ea
1980 5867 2108 5923 quae
2140 5853 2272 5907 sunt
2296 5850 2544 5907 ecclesiae
2570 5850 2808 5905 voluerit
2829 5865 3123 5921 usurpare,
3155 5865 3268 5911 non
3299 5866 3503 5907 conve-
