4026 6166
527 329 624 384 271

1423 321 1704 376 APPEND.
1745 322 1832 374 AD
1870 320 2160 375 SA'JC.'IX.
2183 349 2248 359 —-—
2291 321 2532 376 ISIDURI
2571 319 2998 376 MERCATORIS

3785 320 3886 371 272

534 436 729 490 niente
755 429 1248 503 presbyterojuxta
1261 429 1553 484 decretum
1573 427 1838 500 episcopi,
1861 427 2159 499 ipsamque
2181 441 2240 514 Α
2259 427 2454 484 venire
2475 444 2696 484 comam
2715 427 2820 483 sibi
2841 426 3240 499 amputaverit,
3265 441 3440 496 quam
3466 424 3617 477 Deus
3639 422 3714 478 ad
3741 423 3887 477 vela-

531 527 824 583 ecclesiam
849 524 1000 597 apud
1046 540 1103 577 se
1151 523 1272 578 sine
1307 522 1542 578 consilio
1575 520 1826 593 episcopi
1865 537 1997 575 cum
2027 537 2156 593 pre-

530 622 756 691 sbytero
784 622 938 689 agat,
971 617 1282 672 anathema
1303 616 1394 672 sit.

601 715 709 769 VII.
758 711 814 768 Si
863 711 990 784 quis
1042 710 1356 766 oblationes
1403 699 1692 764 fructuum
1739 709 1822 763 vel
1879 707 2161 779 primitias

529 806 778 863 ecclesia:
823 805 1043 861 debitas
1084 803 1328 859 voluerit
1375 807 1533 858 extra
1575 801 1868 858 ecclesiam
1903 801 2159 872 accipere

530 906 630 958 aut
657 901 811 971 dare,
842 903 1052 971 praeter
1071 897 1475 953 conscientiam
1498 895 1770 969 episcopi,
1786 897 1871 950 vel
1888 895 2056 966 hujus
2069 893 2160 949 cui

531 993 862 1067 hujusmodi
912 992 1100 1048 ofﬁcia
1155 991 1453 1046 commissa
1505 993 1656 1057 sunt,
1707 994 1764 1044 et
1808 1005 1924 1044 non
1975 987 2160 1060 magis

531 1105 664 1144 cum
699 1087 933 1144 consilio
978 1085 1233 1158 ejusdem
1276 1084 1398 1140 haec
1429 1082 1652 1155 agenda
1682 1081 1985 1155 putaverit,
2018 1097 2156 1137 ana-

533 1183 728 1238 thema
749 1182 838 1236 sit.

599 1277 733 1332 VIII.
764 1274 819 1330 Si
844 1275 970 1346 quis
991 1273 1210 1330 dederit
1244 1273 1334 1328 vel
1373 1271 1653 1343 acceperit
1687 1271 1977 1326 fructuum
2005 1269 2156 1324 obla-

533 1372 711 1426 tiones
755 1371 966 1441 praeter
1009 1367 1354 1439 episcopum,
1386 1365 1474 1421 vel
1513 1381 1644 1420 eum
1682 1364 1779 1436 qui
1825 1364 2161 1419 constitutus

532 1466 616 1518 est
644 1463 712 1518 ab
744 1479 811 1518 eo
847 1462 919 1517 ad
947 1459 1389 1533 dispensandam
1420 1457 1867 1513 misericordiam
1894 1455 2156 1528 pauperi-

528 1557 654 1624 bus,
677 1555 773 1628 qui
801 1555 896 1611 dat
924 1559 979 1609 et
1006 1554 1104 1625 qui
1133 1552 1354 1624 accipit,
1384 1553 1694 1606 anathema
1723 1550 1812 1606 sit.

599 1649 683 1704 IX.
715 1648 769 1704 Si
797 1647 923 1720 quis
951 1645 1336 1718 virginitatem
1363 1645 1449 1700 vel
1479 1644 1889 1700 continentiam
1935 1643 2156 1715 profes-

2259 539 2393 578 men
2421 523 2564 594 ejus,
2612 527 2670 576 et
2709 523 2780 577 ad
2824 521 3170 577 memoriam
3213 517 3575 589 subjectionis
3603 516 3685 571 illi
3710 517 3884 583 dedit,

2261 619 2530 686 tanquam
2561 615 2844 670 resolvens
2864 615 2960 685 jus
2987 611 3368 684 subjectionis,
3395 611 3698 668 anathema
3727 610 3817 664 sit.

2329 708 2508 764 XVIII.
2539 709 2596 764 Si
2625 709 2770 780 quis,
2806 712 3080 779 tanquam
3128 707 3234 761 hoc
3275 704 3575 760 convenire
3602 703 3888 774 judicans,

2259 801 2350 858 die
2379 802 2666 859 Dominico
2690 801 3040 873 jejunaverit
3084 801 3144 856 in
3189 799 3445 871 ejusdem
3489 797 3603 852 diei
3629 801 3888 852 contem-

2259 898 2446 967 ptum,
2473 896 2779 951 anathema
2801 895 2889 950 sit.

2329 989 2459 1048 XIX.
2493 989 2546 1044 Si
2571 988 2698 1061 quis
2737 1005 2936 1043 eorum
2981 987 3078 1060 qui
3122 986 3415 1059 proposito
3447 988 3580 1040 sunt
3602 983 3891 1039 continen-

2259 1082 2352 1138 tiae
2392 1087 2599 1154 praeter
2643 1083 3042 1138 necessitatem
3086 1081 3440 1152 corporalem
3486 1078 3795 1150 superbiat,
3835 1081 3892 1131 et

2252 1175 2473 1247 jejunia
2499 1175 2823 1231 communia
2848 1175 3021 1230 totius
3045 1174 3300 1229 Ecclesiae
3328 1172 3612 1245 putaverit
3637 1176 3892 1226 contem-

2257 1270 2466 1336 nenda,
2490 1269 2796 1340 perfectam
2816 1268 2874 1324 in
2892 1284 2992 1323 sua
3018 1267 3253 1324 scientia
3277 1266 3566 1323 vindicans
3582 1265 3887 1333 rationem,

2259 1362 2565 1418 anathema
2591 1363 2683 1417 sit.

2328 1456 2433 1510 XX.
2469 1456 2528 1510 Si
2554 1457 2679 1528 quis
2708 1472 2814 1527 per
2839 1455 3168 1528 superbiam
3197 1460 3467 1526 tanquam
3495 1453 3818 1525 perfectum
3834 1468 3888 1506 se

2260 1549 2586 1604 existimans
2615 1555 2922 1604 conventus
2967 1548 3063 1620 qui
3105 1565 3208 1620 per
3253 1549 3378 1603 loca
3401 1551 3458 1602 et
3480 1545 3739 1601 basilicas
3765 1561 3889 1600 san-

2259 1646 2482 1698 ctorum
2531 1647 2849 1714 martyrum
2889 1643 3038 1698 ﬁunt
3066 1643 3152 1698 vel
3195 1640 3558 1707 accusaverit,
3589 1640 3682 1694 vel
3723 1640 3892 1694 etiam

530 1759 642 1810 sus,
674 1747 955 1813 tanquam
982 1737 1394 1794 abominabiles
1419 1737 1646 1808 nuptias
1689 1737 1926 1808 judicat,
1961 1741 2018 1790 et
2045 1751 2160 1790 non
2179 1806 2226 1813 _
2259 1721 2569 1791 oblationes
2599 1751 2728 1807 quae
2760 1735 2973 1790 ibidem
3003 1735 3362 1790 celebrantur
3400 1733 3749 1806 spernendus
3777 1748 3891 1788 esse

529 1806 767 1908 propter
795 1806 909 1890 hoc
945 1832 1128 1890 solum
1158 1831 1313 1904 quod
1343 1806 1710 1886 continentiae
1741 1834 1798 1884 et
1823 1828 2159 1900 virginitatis
2179 1806 2235 1877 B
2259 1829 2582 1897 crediderit,
2608 1829 3037 1902 memoriasque
3061 1835 3388 1885 sanctorum
3414 1826 3888 1895 contemnendas,

527 1930 738 1984 bonum
765 1929 1021 1982 sanctum
1047 1925 1397 1997 propositum
1424 1929 1526 1991 est,
1553 1923 1858 1978 anathema
1887 1922 1977 1976 sit.

599 2022 658 2076 X.
693 2021 753 2077 Si
800 2021 928 2093 quis
973 2021 1208 2091 propter
1249 2018 1561 2072 Dominum
1608 2015 1993 2088 virginitatem
2031 2031 2161 2085 pro-

521 2117 701 2170 fessus
724 2114 783 2169 in
808 2113 1081 2184 conjugio
1108 2111 1319 2183 positos
1338 2127 1443 2182 per
1459 2110 1847 2181 arrogantiam
1872 2100 2160 2179 vitupera-

527 2209 688 2275 verit,
717 2206 1019 2261 anathema
1050 2205 1139 2258 sit.

598 2301 683 2356 XI.
717 2299 769 2355 Si
801 2298 927 2370 quis
953 2297 1400 2353 contemnendos
1427 2295 1654 2350 duxerit
1683 2311 1929 2366 agapem
1957 2294 2160 2349 facien-

525 2399 632 2460 tes,
676 2398 732 2447 et
769 2393 1001 2465 propter
1051 2390 1327 2444 honorem
1370 2388 1598 2443 Domini
1640 2389 1844 2442 fratres
1883 2403 2160 2459 pauperes

528 2490 898 2542 convocantes
947 2483 1192 2538 noluerit
1247 2482 1704 2548 communicare,
1771 2480 2160 2535 vocationibus

528 2596 728 2635 eorum
754 2582 1028 2651 tanquam
1053 2557 1215 2631 nihili
1244 2580 1300 2632 et
1323 2576 1472 2648 quod
1501 2575 1563 2630 ﬁt
1591 2575 1824 2641 ducens,
1858 2574 2159 2629 anathema

528 2674 618 2728 sit.
1129 2721 1132 2724 .

597 2769 704 2822 ΧΠ.
733 2767 788 2822 Si
817 2767 942 2838 quis
986 2766 1237 2820 virorum
1278 2761 1563 2835 putaverit
1603 2767 1794 2816 sancto
1849 2761 2154 2832 proposito,

529 2861 582 2914 id
597 2865 681 2914 est
694 2858 1080 2926 continentiae,
1097 2857 1404 2912 convenire
1415 2861 1476 2910 ut
1487 2855 1656 2926 pallio
1672 2859 1866 2910 utatur
1881 2859 2159 2925 tanquam

528 2969 595 3006 ex
626 2968 695 3007 eo
716 2951 992 3024 justitiam
1019 2949 1339 3017 habiturus,
1363 2952 1419 3004 et
1443 2947 1825 3020 reprehendat
1844 2947 1930 3000 vel
1944 2946 2160 3018 judicet

525 3046 660 3100 alios
685 3045 781 3118 qui
809 3061 941 3100 cum
965 3043 1282 3100 reverentia
1320 3041 1488 3097 birris
1526 3045 1769 3096 utuntur
1793 3045 1849 3095 et
1873 3029 1988 3094 alia
2005 3043 2158 3094 veste

527 3139 817 3195 communi
845 3153 972 3210 qum
994 3138 1053 3192 in
1081 3153 1185 3192 usu
1213 3141 1319 3204 est,
1354 3135 1657 3190 anathema
1685 3135 1775 3188 sit.

598 3233 730 3288 XIII.
762 3231 817 3288 Si
847 3249 957 3304 qua
982 3231 1209 3298 mulier,
1250 3246 1352 3284 suo
1394 3227 1685 3301 proposito
1716 3228 1856 3282 utile
1893 3227 2159 3298 judicans

525 3331 586 3380 ut
609 3325 757 3380 virili
787 3329 941 3380 veste
969 3327 1178 3392 utatur,
1207 3323 1279 3378 ad
1309 3322 1414 3376 hoc
1439 3325 1502 3375 ut
1528 3320 1587 3375 in
1613 3320 1716 3375 viri
1742 3320 2002 3375 habitum
2029 3337 2155 3376 mu-

525 3423 702 3486 tatur,
732 3418 1037 3474 anathema
1057 3417 1146 3471 sit.

593 3512 724 3572 XIV.
757 3511 811 3568 Si
843 3527 954 3583 qua
982 3509 1196 3564 mulier
1219 3509 1485 3564 derelicto
1511 3507 1632 3561 viro
1661 3507 1951 3562 discedere
1975 3507 2160 3562 volue-

525 3605 618 3673 rit,
650 3605 836 3660 soluto
858 3601 1082 3658 vinculo
1107 3601 1413 3673 conjugali,
1445 3599 1674 3672 nuptias
1703 3599 2155 3667 condemnanda,

526 3697 838 3753 anathema
867 3697 956 3751 sit.
1051 3695 1054 3698 ’

595 3791 700 3845 XV.
745 3791 806 3846 Si
846 3790 972 3862 quis
1011 3787 1381 3861 dereliquerit
1420 3787 1679 3859 proprios
1720 3786 1865 3842 ﬁlios
1899 3803 2053 3855 suos,
2103 3789 2159 3840 et

524 3901 638 3939 non
665 3900 759 3940 eos
788 3884 1010 3952 aluerit,
1037 3889 1092 3939 et
1117 3883 1266 3955 quod
1301 3881 1532 3954 pietatis
1574 3885 1656 3936 est
1699 3880 2017 3936 necessaria
2045 3894 2160 3934 non

523 3977 847 4048 praebuerit,
882 3977 982 4030 sed
1013 3977 1118 4030 sub
1161 3975 1448 4030 occasione
1479 3973 1839 4028 continentia:
1869 3971 2160 4043 negligen-

524 4072 625 4125 dos
648 4070 954 4141 putaverit,
978 4069 1282 4123 anathema
1313 4067 1406 4121 sit.

594 4164 725 4217 XVI.
753 4163 812 4216 Si
841 4163 936 4233 qui
966 4161 1065 4216 ﬁlii
1097 4164 1360 4232 parentes
1386 4159 1636 4214 maxime
1674 4158 1870 4213 ﬁdeles
1897 4159 2159 4213 deserue-

523 4256 641 4310 rint
661 4255 951 4309 occasione
973 4255 1066 4308 Dei
1086 4253 1288 4322 cuItus,
1311 4252 1419 4306 hoc
1441 4252 1661 4322 justum
1670 4251 1992 4322 judicantes
2013 4268 2156 4321 esse,

523 4353 580 4403 et
605 4363 720 4402 non
750 4347 939 4418 potius
955 4346 1209 4402 debitum
1236 4345 1519 4400 honorem
1542 4345 1874 4416 parentibus
1898 4345 2161 4400 reddide-

523 4441 658 4509 rint,
673 4445 739 4496 ut
757 4441 866 4496 hoc
883 4441 1071 4512 ipsum
1087 4440 1146 4495 in
1163 4439 1242 4496 eis
1261 4442 1605 4496 venerentur
1618 4436 1773 4511 quod
1799 4436 1992 4494 ﬁdeles
2005 4443 2156 4509 sunt,

523 4535 829 4591 anathema
855 4534 945 4592 sit.

593 4628 742 4683 XVII.
770 4621 1130 4700 Quaecunque
1181 4627 1389 4682 mulier
1429 4625 1690 4698 religioni
1712 4624 1980 4697 judicans
2018 4640 2154 4680 con-

2257 1924 2566 1977 anathema
2594 1923 2684 1977 sit.

2327 2016 2456 2071 XXI.
2485 2018 2609 2070 Ilaec
2634 2019 2825 2072 autem
2853 2016 3195 2087 scripsimus,
3225 2033 3342 2071 non
3368 2015 3768 2071 abscindentes
3801 2030 3890 2070 eos

2257 2109 2353 2181 qui
2398 2109 2457 2164 in
2503 2109 2748 2165 Ecclesia
2794 2110 2889 2163 Dei
2931 2110 3241 2164 secundum
3274 2109 3590 2180 Scripturas
3632 2114 3887 2162 sanctum

2258 2203 2611 2274 propositum
2642 2203 3005 2257 continentiae
3037 2203 3277 2272 eligunt,
3324 2202 3422 2258 sed
3469 2218 3563 2256 eos
3588 2202 3690 2274 qui
3727 2202 3889 2256 susci-

2257 2296 2424 2366 piunt
2447 2296 2707 2352 habitum
2737 2296 2877 2367 ejus,
2909 2303 2965 2351 et
3008 2296 3065 2349 in
3107 2296 3436 2367 superbiam
3465 2295 3783 2350 efferuntur
3802 2296 3889 2349 ad-

2257 2405 2452 2443 versus
2474 2405 2567 2443 eos
2597 2390 2695 2461 qui
2723 2389 3034 2460 simplicius
3053 2390 3263 2444 vivunt.
3283 2389 3391 2444 Sed
3419 2393 3475 2443 et
3498 2390 3604 2442 hos
3624 2390 3886 2444 condem-

2259 2498 2465 2536 namus
2503 2483 2600 2553 qui
2645 2499 2704 2536 se
2753 2485 3031 2538 extollunt
3071 2483 3336 2538 adversus
3369 2483 3688 2553 Scripturas
3719 2486 3774 2536 et
3800 2498 3882 2535 ec-

2258 2575 2591 2632 clesiasticos
2632 2592 2893 2645 canones,
2926 2581 2981 2630 et
3007 2592 3150 2631 nova
3176 2576 3542 2630 introducunt
3585 2581 3882 2646 praecepta,

2260 2674 2432 2724 etnos
2443 2674 2632 2724 autem
2643 2669 3025 2740 virginitatem
3038 2684 3168 2724 cum
3181 2668 3504 2723 humilitate
3515 2668 3882 2734 admiramur,

2259 2766 2317 2816 et
2345 2761 2756 2817 continentiam
2801 2779 2931 2816 cum
2958 2762 3209 2817 castitate
3255 2767 3311 2816 et
3351 2762 3629 2832 religione
3660 2763 3775 2817 Deo
3799 2777 3881 2816 ac-

2259 2855 2639 2926 ceptissimam
2667 2855 2926 2925 dicimus,
2956 2859 3014 2910 et
3041 2854 3522 2910 renuntiationem
3539 2855 3884 2910 saecularium

2257 2948 2620 3019 negotiorum
2641 2953 2814 3020 atque
2830 2954 3059 3004 actuum
3084 2965 3214 3004 eum
3232 2947 3549 3004 humilitate
3577 2949 3886 3020 approban-

2260 3041 2391 3095 dam
2413 3041 2728 3110 laudamus,
2760 3044 2816 3096 et
2839 3043 3167 3111 nuptiarum
3187 3042 3498 3110 vinculum,
3522 3042 3682 3113 quod
3707 3058 3886 3096 secun-

2180 3148 2235 3240 C‘
2261 3134 2396 3189 dum
2422 3136 2743 3190 castitatem
2773 3151 2963 3190 secum
2988 3135 3277 3206 perdurat,
3317 3135 3693 3203 honoramus,
3728 3143 3782 3190 et
3806 3135 3882 3190 di-

2258 3227 2400 3282 vites
2430 3244 2560 3282 cum
2583 3227 2804 3298 justitia
2851 3234 2906 3283 et
2944 3228 3206 3299 operibus
3230 3228 3394 3283 bonis
3423 3245 3538 3284 non
3570 3229 3880 3300 abjicimus,

2259 3323 2316 3375 et
2344 3320 2757 3391 parcimoniam
2786 3337 2917 3375 cum
2943 3329 3093 3376 veste
3133 3321 3336 3375 humili
3360 3337 3474 3376 non
3500 3323 3878 3392 reprobamus,

2259 3414 2402 3468 sicut
2441 3415 2611 3468 etiam
2656 3419 2943 3482 ornatum,
2986 3420 3194 3485 praeter
3237 3416 3484 3486 corporis
3513 3415 3878 3486 diligentiam,

2258 3507 2572 3562 infucatum
2597 3507 2916 3562 laudamus.
2941 3507 3246 3563 Dissolutos
3272 3513 3463 3563 autem
3503 3512 3560 3563 et
3601 3509 3810 3562 fractos
3831 3509 3879 3560 in

2258 3600 2506 3656 vestibus
2533 3601 2778 3655 incessus
2807 3618 2921 3656 non
2952 3601 3275 3673 recipimus,
3300 3606 3359 3656 et
3379 3602 3576 3655 domos
3598 3602 3698 3657 Dei
3723 3604 3881 3656 hono-

2257 3710 2468 3761 ramus,
2487 3699 2542 3748 et
2571 3699 2882 3750 conventus
2897 3695 2991 3765 qui
3009 3695 3066 3747 in
3088 3695 3176 3748 his
3198 3695 3359 3763 ﬁunt,
3376 3698 3652 3765 tanquam
3672 3703 3878 3749 sanctos

2261 3792 2318 3841 et
2340 3787 2510 3841 utiles
2533 3787 2861 3859 recipimus,
2891 3788 3297 3859 proprietatem
3340 3789 3399 3842 in
3449 3789 3680 3859 privatis
3708 3789 3874 3843 domi-

2257 3880 2362 3934 bus
2389 3897 2501 3935 non
2527 3882 2950 3951 concludentes,
2991 3885 3048 3936 et
3096 3898 3325 3937 omnem
3352 3883 3542 3937 locum
3573 3883 3628 3936 in
3665 3883 3874 3936 nomine

2260 3973 2358 4026 Dei
2385 3973 2724 4027 aediﬁcatum
2771 3975 3135 4044 honoramus,
3185 3980 3243 4030 et
3286 3977 3780 4048 congregationem
3822 3977 3872 4029 in

2259 4065 2491 4120 ecclesia
2519 4066 2725 4120 factam
2754 4068 2826 4121 ad
2856 4068 3153 4123 utilitatem
3171 4085 3535 4124 communem
3562 4071 3868 4140 recipimus,

2260 4163 2316 4213 et
2341 4159 2490 4213 bona
2516 4176 2706 4232 opera,
2740 4177 2864 4233 quae
2885 4162 3050 4233 juxta
3080 4163 3225 4217 vires
3270 4163 3328 4216 in
3374 4163 3580 4217 fratres
3617 4177 3868 4234 pauperes

2258 4258 2612 4322 exercentur,
2641 4254 2953 4310 secundum
2986 4255 3386 4310 ecclesiasticas
3412 4256 3742 4311 traditiones
3759 4255 3866 4308 bea-

2256 4347 2558 4415 tiﬁcamus,
2609 4351 2667 4401 et
2709 4348 2901 4402 omnia
2940 4366 3069 4420 quae
3101 4351 3447 4405 conveniunt
3494 4347 3864 4404 traditionibus

2260 4440 2576 4510 apostolicis
2602 4444 2657 4495 et
2681 4445 3009 4496 sanctarum
3041 4442 3463 4516 Scripturarum
3505 4441 3792 4514 praeceptis
3815 4439 3862 4493 iu

2175 4532 2237 4606 Ι)
2260 4534 2491 4589 ecclesia
2517 4534 2639 4589 ﬁeri
2665 4539 3024 4606 emptamus.

2614 4629 2848 4700 Explicit
2867 4629 3170 4684 concilium
3189 4631 3530 4703 Gangrense.

1315 4914 1715 4980 INCIPIUNT
1757 4913 2149 4979 CAPITULA
2191 4912 2526 4980 CONCILII
2573 4913 3106 4980 SARDICENSIS.

598 5083 647 5134 1.
671 5078 1009 5152 Episcopum
1025 5096 1140 5136 non
1155 5079 1363 5136 debere
1384 5079 1455 5134 ad
1477 5079 1650 5134 aliam
1673 5078 1959 5133 civitatem
1977 5082 2156 5132 trans-

524 5173 680 5228 ferri.

589 5270 644 5322 2.
690 5267 1035 5340 Episcopum
1083 5268 1154 5322 de
1202 5267 1490 5339 provincia
1545 5266 1618 5321 ad
1668 5265 1982 5337 provincias
2035 5281 2153 5320 non

522 5360 778 5427 transire,
818 5361 929 5416 nisi
955 5361 1129 5416 fuerit
1153 5361 1439 5416 invitatus.

589 5456 639 5509 3.
669 5455 749 5509 De
793 5455 1015 5510 duobus
1057 5453 1331 5526 episcopis
1369 5453 1539 5508 unius
1576 5452 1880 5525 provinciae
1913 5453 2065 5508 inter
2092 5468 2150 5507 se

519 5547 949 5603 contentionem
979 5547 1336 5603 habentibus.

585 5641 637 5692 4.
663 5641 740 5696 De
765 5641 1027 5714 episcopo
1062 5641 1409 5714 adjudicato.

585 5733 636 5782 ὅ.
665 5731 744 5787 De
772 5735 1047 5808 episcOpis
1073 5754 1105 5791 a
1135 5735 1355 5808 synodo
1387 5734 1673 5806 depositis.

581 5823 633 5872 ϐ.
667 5823 740 5878 De
770 5829 973 5896 quibus
999 5845 1193 5900 supra.

2329 5085 2376 5134 1.
2409 5082 2490 5136 De
2519 5081 2792 5152 episcopis
2820 5081 3114 5136 accusatis.

2325 5176 2377 5228 8.
2402 5176 2472 5229 Ut
2496 5175 2744 5245 episcopi
2771 5175 2983 5245 passim
3006 5175 3075 5231 ad
3108 5175 3440 5230 comitatum
3476 5191 3594 5230 non
3623 5174 3865 5247 pergant.

2323 5271 2374 5321 9.
2410 5269 2486 5322 De
2514 5267 2721 5339 quibus
2748 5285 2938 5339 supra.

2330 5364 2414 5415 10.
2457 5361 2531 5416 De
2550 5359 2756 5432 quibus
2780 5377 2971 5431 supra.

2327 5458 2413 5508 11.
2441 5455 2517 5508 De
2543 5453 2749 5524 quibus
2779 5471 2965 5524 supra.

2325 5551 2412 5602 12.
2445 5547 2524 5602 De
2551 5547 2758 5618 quibus
2782 5563 2969 5618 supra.

2324 5644 2410 5696 13.
2441 5643 2512 5697 Ut
2536 5657 2610 5696 ne
2639 5658 2706 5696 ex
2733 5641 2873 5696 laico
2899 5641 3139 5714 quilibet
3162 5643 3463 5715 episcopus
3492 5645 3798 5700 ordinetur.

2326 5736 2410 5789 M.
2444 5735 2516 5789 Ut
2539 5733 2832 5806 episcopus
2869 5735 2928 5790 in
2969 5735 3159 5792 aliena
3201 5737 3492 5807 provincia
3529 5755 3644 5794 non
3681 5738 3868 5792 immo-

2253 5831 2428 5882 retur.
