4026 6166
228 323 336 376 273

1488 321 1960 379 DECRETALIUM
1996 322 2383 379 COLLECTIO.

3489 330 3592 384 274

306 433 396 484 15.
425 430 499 484 De
527 427 802 501 episcopis
847 427 907 484 in
945 427 1132 484 aliena
1166 427 1459 501 provincia
1487 431 1861 502 possessiones
1882 443 1941 516 Α
2037 433 2122 486 19.
2153 430 2228 486 De
2257 431 2462 501 quibus
2490 447 2676 502 supra.

229 522 596 578 habentibus.

301 620 390 671 16.
418 617 494 670 De
519 615 859 671 clericorum
890 616 1502 672 excommunicatione.

301 714 391 764 17.
413 709 607 766 Licere
634 709 875 775 clericis,
908 708 953 762 si
980 709 1189 779 injuste
1215 710 1430 765 fuerint
1473 711 1859 767 excommuni-

224 803 355 869 cati,
385 802 600 857 vicinos
624 802 783 857 adire
805 802 1122 874 episcopos.

2030 527 2118 578 20.
2153 524 2224 578 Ut
2265 523 2514 579 extranei
2557 525 2746 580 clerici
2789 525 2942 597 apud
2981 527 3435 584 Thessalonicam
3475 545 3590 584 non

1959 617 2206 672 tradent.

2028 713 2091 765 21
2107 752 2121 765 .
2146 710 2347 766 Clerici
2363 712 2477 766 vim
2493 712 2662 784 passi,
2678 715 2778 767 aut
2787 714 3264 784 persecutionem,
3280 715 3324 769 si
3335 716 3405 769 ad
3419 716 3589 772 aliam

1962 803 2299 859 accesserint
2325 804 2631 872 civitatem,
2653 821 2771 860 non
2791 809 3050 862 vetentur
3066 807 3145 862 ibi
3166 808 3380 863 morari
3404 825 3587 880 quan-

297 899 387 951 18.
419 897 540 950 Non
567 896 740 952 licere
770 895 1036 969 episcopo
1081 896 1312 953 alterius
1355 895 1623 954 clericum
1658 898 1718 954 in
1762 914 1864 954 sua
1962 897 2062 953 diu
2084 897 2376 971 potuerint
2404 898 2619 956 redire.

224 990 464 1046 ecclesia
490 989 780 1048 ordinare.

272 1215 406 1291 64
466 1209 821 1284 INCIPIT
873 1209 1397 1285 CONCILIUM
1452 1209 2039 1284 SARDICENSE
2093 1212 2800 1289 TRECENTORUM
2855 1215 3543 1290 EPISCOPORUM.

1429 1362 1609 1431 (Anno
1641 1361 1865 1419 Domini
1891 1365 1986 1419 351
2023 1361 2082 1418 in
2111 1363 2387 1433 Thracia.)

288 1529 459 1582 Anno
504 1531 656 1582 sexto
702 1526 1058 1583 Constantini
1101 1529 1483 1599 imperatoris,
1523 1529 1758 1584 Leontio
1803 1533 1859 1584 et

221 1620 499 1674 Sallustio
529 1621 870 1687 consulibus,
920 1637 1036 1675 aera
1079 1624 1204 1690 37l,
1237 1622 1582 1678 Sardicensis
1607 1623 1858 1694 synodus

218 1717 574 1785 congregata
615 1717 719 1784 est,
770 1714 870 1770 ubi
924 1731 1120 1770 omnes
1174 1731 1276 1786 per
1328 1717 1615 1772 Orientem
1665 1716 1858 1771 Ariani

1957 1529 2271 1584 decreverit
2296 1530 2590 1585 Romanus
2615 1530 2931 1602 episcOpus,
2969 1530 3304 1586 conﬁrmata
3326 1535 3513 1598 erunt,
3546 1532 3593 1587 si

1959 1639 2098 1694 ergo
2127 1623 2393 1678 omnibus
2413 1624 2617 1694 placet,
2646 1627 2950 1680 statuatur.
2975 1624 3238 1696 Synodus
3261 1624 3588 1696 respondit:

1957 1715 2162 1771 Placet.

219 1807 478 1879 episcOpi
509 1807 872 1863 condemnati
913 1813 1062 1874 sunt,
1107 1809 1206 1879 qui
1246 1809 1508 1864 conventi
1550 1810 1621 1864 ad
1668 1809 1852 1865 conci-
1876 1806 1933 1879 B
2025 1811 2089 1864 ν.
2121 1809 2474 1866 Gaudentius
2503 1809 2801 1881 episcopus
2832 1810 2971 1864 dixit
3000 1829 3013 1865 :
3048 1811 3391 1867 Addendum
3429 1817 3515 1868 est
3543 1814 3590 1867 si

216 1902 356 1956 lium
383 1918 690 1957 occurrere
717 1907 906 1956 reatus
931 1903 1278 1957 conscientia
1306 1903 1639 1971 noluerunt,
1665 1904 1724 1958 in
1746 1921 1858 1975 quo

217 1995 460 2050 concilio
478 1995 630 2050 inter
647 2000 853 2050 cmtera
879 1996 966 2050 hae
993 1997 1206 2068 regula:
1234 2013 1340 2069 pro
1362 1997 1658 2069 disciplina
1685 1997 1858 2052 eccle-

218 2089 440 2143 siastica
471 2089 746 2144 institutae
771 2094 921 2143 sunt.

285 2185 416 2238 CAP.
449 2184 493 2237 Ι.
538 2182 704 2236 Osius
743 2184 1045 2254 episc0pus
1089 2183 1274 2238 dixit:
1306 2185 1429 2238 Non
1483 2183 1672 2239 minus
1713 2185 1859 2239 mala

215 2275 576 2330 consuetudo
635 2291 807 2346 quam
860 2276 1178 2346 perniciosa
1227 2278 1548 2348 corruptela
1602 2277 1859 2332 funditus

215 2367 568 2423 eradicanda
595 2372 696 2434 est,
724 2385 796 2422 ne
825 2369 915 2422 cui
939 2369 1104 2424 liceat
1133 2369 1396 2440 episcopo
1426 2371 1496 2424 de
1515 2369 1736 2426 civitate
1756 2387 1858 2424 sua

212 2463 280 2516 ad
338 2461 522 2516 aliam
583 2461 867 2516 civitatem
922 2462 1181 2517 transire.
1233 2463 1525 2518 Manifesta
1575 2468 1658 2518 est
1703 2463 1857 2519 enim

212 2572 382 2610 causa
414 2570 536 2625 qua
560 2555 667 2610 hoc
698 2555 883 2610 facere
926 2560 1168 2624 tentant,
1200 2572 1331 2610 cum
1359 2558 1546 2610 nullus
1574 2557 1631 2610 in
1661 2558 1767 2611 hac
1794 2573 1856 2611 re

211 2649 492 2702 inventus
548 2650 621 2702 sit
665 2649 960 2719 episcopus
998 2649 1095 2720 qui
1139 2649 1207 2704 de
1252 2650 1471 2720 majore
1518 2649 1736 2704 civitate
1785 2650 1857 2704 ad

212 2744 514 2797 minorem
546 2743 828 2809 transiret,
861 2743 1011 2796 unde
1028 2748 1261 2814 apparet
1276 2743 1523 2798 avaritiae
1540 2760 1635 2798 eos
1652 2743 1856 2799 ardore

211 2835 573 2890 inﬂammari
599 2840 655 2890 et
681 2835 978 2891 ambitioni
999 2836 1232 2903 servire,
1251 2842 1306 2891 et
1323 2842 1384 2891 ut
1407 2837 1854 2893 dominationem

209 2932 548 2984 exerceant.
599 2928 654 2983 Si
699 2944 837 3000 ergo
882 2929 1145 2982 omnibus
1191 2929 1377 2999 placet
1420 2933 1482 2982 ut
1531 2930 1855 2998 hujusmodi

208 3022 501 3094 pernicies
519 3022 800 3077 austerius
814 3021 1149 3090 vindicetur,
1167 3038 1269 3077 nec
1284 3022 1488 3077 laicam
1509 3022 1858 3077 communio-

207 3133 345 3171 nem
386 3115 622 3183 habeat,
669 3115 769 3186 qui
796 3116 920 3170 talis
963 3121 1045 3170 est
1085 3115 1330 3170 universi
1357 3115 1642 3183 dixerunt,
1671 3117 1856 3187 placet

386 3167 622 3183 _-,_-F-,
676 3167 768 3186 γ-
805 3167 915 3170 ,τη
1364 3167 1642 3183 -ηψπ,
1672 3167 1854 3187 τη---

209 3211 390 3265 etiam
422 3209 474 3262 si
499 3209 626 3263 talis
654 3209 858 3280 aliquis
889 3209 1168 3264 exstiterit
1199 3210 1556 3278 temerarius,
1593 3212 1654 3264 ut
1680 3210 1850 3264 forsi-
1873 3167 1929 3242 C

209 3308 304 3358 tan
337 3303 777 3359 excusationem
822 3303 1040 3372 afferat,
1074 3303 1228 3373 quod
1270 3303 1467 3374 populi
1506 3303 1721 3358 litteras
1755 3320 1850 3358 ac-

209 3399 454 3468 ceperit,
500 3413 632 3451 cum
674 3397 1044 3450 manifestum
1090 3397 1161 3450 sit
1201 3397 1434 3466 praemio
1486 3401 1543 3451 et
1585 3397 1850 3452 mercede

207 3507 431 3561 paucos
474 3491 574 3561 qui
624 3491 905 3544 sinceram
946 3489 1121 3543 iidem
1169 3505 1285 3544 non
1332 3489 1553 3544 habent
1607 3491 1852 3560 potuisse

208 3584 512 3654 corrumpi
558 3586 620 3637 ut
662 3584 969 3638 clamarent
1001 3583 1062 3637 in
1095 3583 1336 3638 Ecclesia
1364 3589 1418 3637 et
1447 3584 1630 3653 ipsum
1661 3589 1850 3654 petere

206 3679 550 3733 viderentur
595 3677 940 3746 episcogum,
975 3676 1206 3730 omnino
1262 3677 1366 3730 has
1402 3675 1626 3730 fraudes
1656 3693 1848 3730 remo-

207 3773 430 3826 vendas
448 3785 569 3824 esse
591 3769 954 3835 damnamus,
971 3769 1050 3823 ita
1064 3773 1129 3823 ut
1148 3787 1251 3823 nec
1278 3770 1472 3824 laicam
1502 3769 1856 3824 communio-

209 3881 343 3919 nem
370 3865 438 3919 in
465 3863 642 3918 ﬁdem
685 3863 922 3933 accipiat
961 3863 1108 3929 talis,
1149 3863 1300 3934 quod
1324 3863 1371 3916 si
1398 3863 1554 3917 vobis
1589 3863 1852 3918 omnibus

208 3960 428 4029 placet,
460 3956 711 4012 statuite.
741 3956 995 4010 Universi
1034 3956 1295 4011 dixerunt
1326 3974 1340 4012 :
1370 3957 1578 4011 Placet.

277 4055 348 4109 ll.
380 4050 550 4106 Osius
592 4049 886 4121 episcopus
927 4050 1065 4104 dixit
1096 4066 1111 4104 ε
1146 4050 1290 4105 lllud
1324 4065 1550 4120 quoque
1579 4053 1851 4106 statutum

208 4147 299 4211 sit,
331 4149 406 4200 ut
437 4143 734 4216 episcopus
770 4142 842 4198 de
869 4160 972 4198 sua
998 4143 1286 4213 provincia
1310 4143 1380 4197 ad
1405 4144 1575 4198 aliam
1621 4145 1848 4214 provin-

207 4240 354 4294 ciam
388 4239 450 4292 in
483 4253 599 4308 qua
639 4241 772 4292 sunt
811 4236 1054 4308 episcopi
1089 4253 1202 4293 non
1233 4240 1484 4291 transeat
1510 4236 1615 4290 nisi
1645 4236 1791 4292 forte
1819 4253 1854 4291 a

205 4331 486 4388 fratribus
518 4330 804 4398 invitatus,
843 4346 916 4385 ne
961 4329 1263 4387 videamur
1288 4331 1532 4401 januam
1561 4329 1852 4385 charitatis

208 4426 510 4482 claudere.

1958 1902 2144 1973 placet
2166 1903 2299 1958 huic
2325 1904 2624 1960 sententia:
2651 1920 2822 1975 quam
2848 1904 3079 1975 plenam
3120 1905 3415 1960 sanctitate
3457 1922 3590 1976 pro-

1957 1995 2162 2051 tulistis
2209 2001 2269 2052 ut
2305 2013 2436 2051 cum
2479 1997 2686 2068 aliquis
2724 1997 3023 2068 episcopus
3069 1998 3358 2068 depositus
3395 1998 3588 2066 fuerit,

1959 2106 2162 2145 eorum
2190 2091 2590 2162 episcoporum
2612 2092 2830 2162 judicio
2859 2092 2955 2162 qui
2996 2092 3057 2146 in
3104 2092 3303 2146 vicinis
3327 2108 3585 2148 commo-

1959 2189 2158 2238 rantur
2201 2185 2334 2239 locis
2379 2189 2438 2240 et
2483 2186 2934 2256 proclamaverit,
2994 2186 3282 2255 agendum
3332 2185 3439 2240 sibi
3483 2202 3586 2240 ne-

1959 2277 2180 2348 gotium
2212 2277 2270 2332 in
2301 2278 2442 2334 urbe
2485 2280 2682 2334 Roma.
2725 2280 2883 2333 Alter
2924 2279 3238 2350 episcopus,
3280 2279 3340 2332 in
3385 2279 3588 2334 eadem

1956 2371 2220 2426 cathedra
2252 2376 2377 2442 post
2421 2371 2868 2442 appellationem
2912 2373 3032 2442 ejus
3077 2373 3175 2443 qui
3215 2372 3440 2426 videtur
3468 2387 3590 2426 esse

1956 2464 2264 2534 depositus,
2298 2465 2532 2520 omnino
2577 2482 2692 2519 non
2738 2465 3054 2532 ordinetur,
3086 2465 3194 2519 nisi
3221 2481 3389 2520 causa
3414 2465 3591 2521 fuerit

1954 2557 2014 2612 in
2032 2557 2250 2627 judicio
2278 2559 2521 2613 Romani
2555 2559 2804 2628 episcopi
2837 2559 3230 2613 determinata.

2025 2651 2108 2705 Vl.
2137 2651 2298 2705 Osius
2342 2651 2640 2722 episcopus
2685 2651 2826 2705 dixit
2857 2668 2870 2706 :
2901 2652 2952 2706 Si
3005 2651 3324 2720 contigerit,
3370 2651 3432 2706 in
3470 2667 3589 2706 una

1955 2743 2245 2814 provincia
2291 2744 2349 2798 in
2399 2761 2514 2815 qua
2569 2745 2783 2799 fuerint
2826 2745 3056 2816 plurimi
3105 2744 3357 2815 episcOpi
3402 2760 3587 2799 unum

1955 2837 2099 2892 forte
2115 2853 2410 2893 remanere
2433 2837 2786 2909 episcopum,
2804 2838 2892 2892 ille
2912 2853 3044 2893 vero
3060 2853 3162 2907 per
3178 2837 3588 2907 negligentiam

1955 2930 2205 2985 noluerit
2229 2931 2495 2986 ordinare
2527 2932 2859 3003 episcopum
2883 2935 2941 2986 et
2971 2931 3168 3002 populi
3217 2931 3591 2985 convenerint

1957 3023 2250 3094 episcopos
2274 3024 2471 3079 vicina;
2496 3025 2822 3096 provinciae,
2848 3025 3056 3080 debent
3076 3025 3239 3078 illum
3268 3025 3423 3094 prius
3448 3040 3584 3079 con-

1953 3117 2149 3171 venire
2179 3117 2532 3188 episcopum,
2557 3119 2654 3188 qui
2684 3119 2741 3172 in
2769 3119 2970 3174 eadem
2998 3118 3288 3189 provincia
3306 3121 3586 3184 moratur,

1955 3214 2010 3265 et
2039 3209 2339 3265 ostendere
2386 3211 2542 3281 quod
2584 3211 2781 3283 populi
2825 3216 3024 3282 petant
3065 3212 3174 3266 sibi
3201 3216 3499 3278 rectorem,
3532 3214 3591 3266 et

1953 3304 2060 3358 hoc
2079 3305 2302 3374 justum
2335 3320 2476 3371 esse,
2508 3307 2569 3358 ut
2595 3308 2654 3359 et
2688 3305 2791 3376 ipsi
2819 3305 3071 3372 veniant,
3098 3309 3155 3360 et
3181 3321 3311 3359 cum
3341 3322 3408 3359 eo
3433 3303 3584 3360 ordi-

1951 3402 2094 3450 nent
2122 3397 2475 3467 episcopum,
2499 3398 2649 3468 quod
2679 3398 2722 3452 si
2749 3402 3065 3452 conventus
3095 3397 3298 3452 litteris
3326 3395 3584 3464 tacuerit,

1955 3494 2010 3543 et
2052 3489 2510 3558 dissimulaverit,
2559 3492 2815 3562 nihilque
2853 3491 3228 3561 responderit,
3259 3497 3391 3544 tunc
3419 3490 3584 3544 satis-

1952 3581 2278 3637 faciendum
2327 3599 2447 3638 esse
2495 3585 2738 3654 populis,
2767 3588 2833 3639 ut
2856 3585 3090 3639 veniant
3117 3601 3182 3639 ex
3210 3583 3408 3637 vicinis
3452 3598 3582 3653 pro-

1951 3674 2166 3742 vinciis,
2223 3678 2279 3729 et
2335 3675 2633 3730 ordinent.
2675 3677 3029 3748 episcopum.
3087 3680 3298 3731 lterum
3354 3676 3585 3731 licentia

1953 3768 2256 3823 ordinandi
2277 3768 2606 3840 episcOpum
2635 3769 2826 3824 danda
2852 3771 3060 3841 passim
3091 3786 3209 3824 non
3231 3775 3332 3835 est,
3357 3771 3404 3823 si
3433 3769 3585 3825 enim

1953 3860 2139 3914 subito
2164 3867 2262 3914 aut
2291 3861 2442 3915 vicus
2494 3861 2699 3932 aliquis
2727 3865 2826 3916 aut
2867 3861 3090 3916 modica
3107 3854 3310 3916 'civitas
3334 3862 3424 3915 cui
3454 3862 3586 3918 satis

1954 3959 2037 4007 est
2063 3970 2212 4007 unus
2242 3953 2538 4024 presbyter
2576 3955 2814 4010 voluerit
2841 3955 2946 4010 sibi
2975 3954 3304 4025 episcopum
3334 3954 3587 4008 ordinari

1953 4046 2024 4100 ad
2044 4046 2172 4114 hoc,
2203 4049 2267 4100 ut
2286 4046 2517 4102 vilescat
2539 4064 2754 4102 nomen
2777 4047 3028 4120 episcopi
3047 4051 3103 4102 et
3129 4047 3339 4101 summi
3358 4045 3588 4102 honoris

1951 4142 2276 4205 auctoritas,
2309 4157 2425 4194 non
2457 4141 2667 4196 debent
2691 4142 2771 4196 illi
2797 4159 2866 4197 ex
2895 4141 3003 4196 alia
3034 4140 3329 4212 provincia
3364 4140 3586 4196 invitati

1952 4233 2136 4289 facere
2164 4234 2516 4305 episcopum,
2548 4235 2771 4290 nisiaut
2799 4235 2860 4290 in
2892 4234 3344 4305 civitatibusque:
3379 4233 3587 4304 episco-

1952 4343 2052 4397 pos
2078 4327 2422 4394 habuerunt,
2450 4333 2550 4384 aut
2578 4329 2625 4382 si
2658 4345 2770 4400 qua
2795 4333 2914 4383 tam
2939 4329 3216 4401 populosa
3255 4331 3341 4381 est
3369 4326 3586 4396 civitas,

1951 4419 2042 4473 vel
2072 4421 2230 4475 locus
2257 4420 2355 4491 qui
2381 4427 2668 4478 mereatur
2701 4421 2916 4478 habere
2943 4422 3290 4494 episcopum.
3323 4419 3588 4491 Synodus

281 4521 376 4574 Ill.
411 4517 579 4574 Osius
608 4516 906 4589 episcopus
932 4515 1106 4573 dixit:
1124 4517 1542 4573 Providendum
1568 4519 1654 4572 est
1680 4516 1849 4570 etiam
1871 4531 1932 4604 D
1954 4513 2251 4584 respondit
2278 4530 2291 4567 :
2321 4514 2526 4569 Placet.

210 4619 274 4668 ut
319 4615 370 4668 si
418 4613 479 4668 in
526 4611 716 4684 aliqua
762 4610 1056 4683 provincia
1105 4611 1254 4667 forte
1297 4610 1502 4682 aliquis
1555 4609 1856 4682 episcopus

213 4712 421 4762 contra
444 4706 680 4761 fratrem
720 4721 887 4760 suum
926 4704 1258 4776 episcopum
1283 4704 1443 4758 litem
1466 4703 1753 4771 habuerit,
1782 4719 1856 4759 ne

213 4817 368 4855 unus
397 4816 428 4855 e
458 4799 680 4855 duobus
709 4816 778 4854 ex
805 4799 917 4855 alia
953 4798 1242 4871 provincia
1281 4798 1517 4853 advocet
1560 4797 1856 4869 episcopos

214 4893 288 4947 ad
308 4893 620 4963 judicium.

286 4988 379 5042 IV.
412 4985 578 5042 Osius
621 4986 921 5058 episcopus
976 4985 1161 5041 dixit:
1197 4985 1361 5050 Quod
1395 4984 1442 5038 si
1487 4984 1691 5055 aliquis
1736 4985 1852 5053 epi-

212 5097 424 5152 scopus
451 5075 807 5151 adjudicatu's
833 5079 1005 5134 fuerit
1023 5079 1082 5134 in
1105 5079 1292 5150 aliqua
1311 5095 1498 5141 causa,
1529 5082 1585 5131 et
1606 5081 1768 5147 putat
1797 5094 1855 5132 se

211 5174 428 5229 bonam
477 5191 700 5228 causam
745 5173 975 5241 habere,
1030 5178 1090 5228 ut
1133 5173 1338 5228 iterum
1383 5171 1665 5242 judicium
1694 5187 1857 5226 reno-

212 5274 402 5335 vetur,
445 5267 492 5321 si
520 5267 676 5323 vobis
719 5269 918 5339 placet,
947 5266 1126 5321 sancti
1167 5266 1314 5324 Petri
1353 5264 1591 5336 apostoli
1639 5281 1851 5319 memo-

213 5361 365 5415 riam
397 5361 770 5428 honoremus,
803 5365 865 5416 ut
894 5360 1192 5426 scribatur,
1237 5360 1324 5414 vel
1369 5359 1440 5414 ab
1482 5358 1570 5413 his
1595 5357 1691 5429 qui
1719 5374 1852 5411 cau-

212 5470 344 5508 sam
382 5454 870 5519 examinaverunt,
908 5455 994 5508 vel
1038 5453 1213 5508 etiam
1255 5452 1326 5507 ab
1381 5452 1507 5506 aliis
1555 5450 1851 5522 episcopis,

213 5547 320 5617 qui
369 5547 430 5602 in
481 5547 806 5618 provincia,
861 5546 1187 5618 propinqua
1239 5548 1541 5600 morantur
1601 5544 1854 5598 Romano

213 5640 508 5711 episcopo.
526 5640 648 5696 Etsi
658 5639 1258 5711 judicaveritrenovan
1267 5639 1404 5694 dum
1419 5654 1541 5694 esse
1546 5637 1851 5709 judicium,

214 5737 521 5789 revocetur
551 5739 609 5790 et
636 5733 735 5788 det
753 5733 994 5804 judices.
1027 5733 1085 5788 Si
1110 5736 1300 5787 autem
1329 5731 1654 5803 probaverit
1680 5731 1852 5786 talem

215 5841 473 5893 causam,
500 5833 564 5884 ut
589 5845 657 5884 ea
682 5843 800 5884 non
828 5827 1170 5884 refricentur
1212 5841 1340 5898 qum
1386 5830 1509 5882 acta
1544 5827 1695 5894 sunt,
1725 5839 1852 5896 qua:

2029 4607 2134 4661 νη.
2167 4606 2332 4661 Osius
2377 4606 2674 4678 episcopus
2719 4608 2902 4665 dixit:
2934 4609 3002 4662 Et
3041 4608 3149 4662 hoc
3193 4606 3428 4678 placuit,
3455 4610 3520 4660 ut
3543 4606 3593 4662 si

1955 4700 2251 4771 episcopus
2294 4704 2585 4755 accusatus
2626 4701 2816 4768 fuerit,
2858 4703 2916 4755 et
2961 4717 3164 4755 omnes
3205 4699 3591 4771 judicaverint

1956 4794 2290 4864 congregati
2322 4793 2571 4865 episcopi
2598 4794 2850 4865 regionis
2874 4793 3069 4865 ipsius,
3094 4799 3150 4848 et
3177 4793 3247 4848 de
3273 4795 3460 4864 gradu
3484 4810 3589 4850 suo

1957 4886 2228 4957 ejecerint
2251 4902 2406 4956 eum,
2441 4888 2488 4941 si
2514 4886 2887 4958 appellaverit
2929 4888 3027 4959 qui
3063 4887 3315 4958 dejectus
3344 4887 3587 4957 videtur,

1957 4984 2013 5034 et
2068 4979 2394 5052 confugerit
2441 4980 2515 5058 ad
2559 4980 2954 5034 beatissimum
3006 4981 3281 5036 Romanas
3328 4981 3589 5037 Ecclesia:

1956 5073 2311 5146 episcopum,
2333 5076 2390 5129 et
2409 5073 2653 5128 voluerit
2671 5089 2730 5128 se
2748 5074 2952 5141 audiri,
2975 5075 3023 5128 si
3041 5075 3261 5145 justum
3283 5075 3586 5147 putaverit,

1958 5173 2019 5222 ut
2045 5170 2376 5234 renovetur,
2418 5183 2655 5223 examen
2702 5168 2946 5223 scribere
2995 5168 3274 5240 episcopis
3317 5170 3589 5240 dignetur

1956 5259 2247 5315 Romanus
2283 5260 2586 5332 episcopus
2628 5261 2719 5317 his
2762 5261 2869 5332 qui
2904 5261 2963 5315 in
3008 5261 3249 5317 ﬁnitima
3270 5267 3326 5317 et
3351 5262 3586 5332 prepiu-

1958 5370 2064 5423 qua
2093 5354 2277 5407 altera
2302 5353 2590 5424 provincia
2615 5360 2766 5420 sunt,
2811 5358 2874 5408 ut
2918 5354 3022 5424 ipsi
3058 5354 3365 5425 diligenter
3390 5353 3586 5408 omnia

1954 5445 2272 5517 requirant,
2302 5451 2360 5502 et
2386 5447 2546 5518 juxta
2585 5447 2761 5502 fidem
2786 5448 3039 5502 veritatis
3064 5447 3258 5502 omnia
3287 5447 3585 5511 deﬁniant,

1954 5539 2106 5610 quod
2153 5539 2198 5593 si
2251 5539 2299 5594 is
2345 5539 2444 5612 qui
2483 5545 2649 5610 rogat
2689 5557 2927 5596 causam
2965 5555 3130 5595 suam
3166 5540 3376 5595 iterum
3404 5538 3590 5594 audiri

1957 5632 2363 5704 deprecatione
2391 5649 2495 5688 sua
2525 5633 2770 5689 moverit
2802 5634 3130 5704 episcOpum
3152 5633 3498 5700 Romanum,
3523 5636 3590 5688 ut

1955 5730 2024 5786 de
2065 5732 2245 5793 latere
2289 5748 2394 5788 suo
2438 5731 2802 5804 presbyteros
2838 5731 3048 5797 mittat,
3087 5730 3198 5787 erit
3220 5731 3280 5785 in
3311 5734 3588 5802 potestate

1953 5823 2130 5895 ipsius
2164 5825 2304 5896 quid
2349 5824 2500 5894 velit,
2534 5830 2590 5881 et
2617 5825 2754 5897 quid
2801 5823 3061 5892 aestimet,
3096 5827 3151 5879 et
3194 5825 3239 5879 si
3276 5826 3588 5882 decreverit
