4026 6166
415 339 418 343 ,
486 281 591 337 273
1368 281 1648 334 ΑΡΡΕΝΙ).
1693 282 1778 335 ΑΙ)
1816 284 1975 337 8.·ΕΟ.

2249 280 2494 335 ιδιυοιιι
2533 279 2960 335 MElttJATORlS
3723 286 3807 338 “270

484 387 790 442 mittendos
861 403 980 442 esse
1011 429 1023 453 ,
1095 387 1189 458 qui
1260 391 1566 458 praesentes
1635 405 1766 444 cum
1839 389 2114 462 episcopis
2136 401 2196 475 Α
2286 389 2346 443 Χ.
2378 386 2635 459 Aliphius
2678 386 2977 458 episcopus
3021 385 3204 442 dixit:
3237 386 3294 442 Si
3333 391 3570 459 propter
3595 388 3812 458 pupillos

478 481 755 552 judicent,
803 485 865 536 ut
905 481 1153 537 habeant
1205 481 1376 536 etiam
1425 482 1822 538 auctoritatem
1854 499 2116 555 personae
2219 486 2277 537 et
2309 481 2507 536 viduas
2552 481 2641 536 vel
2680 480 3030 548 laborantes,
3078 478 3175 551 qui
3226 496 3417 534 causas
3459 495 3572 535 non
3616 481 3815 552 iniquas

483 574 635 628 illius
662 592 694 628 a
720 591 833 645 quo
876 574 1142 630 destinati
1187 580 1339 644 sunt,
1373 576 1484 631 erit
1521 576 1581 630 in
1620 577 1742 647 ejus
1772 577 2025 632 arbitrio.
2059 576 2118 633 Si
2216 574 2451 642 habent,
2516 574 2870 646 susceperint
2932 573 3414 645 peregrinationis
3467 573 3813 642 incommoda,

485 684 618 722 vero
647 667 951 723 crediderit
976 669 1238 725 sufficere
1266 669 1565 742 episcopos
1591 670 2115 742 comprovinciales,
2217 668 2513 724 habebunt
2538 667 2756 739 aliquid
2779 668 2951 738 justas
2996 666 3255 735 rationis,
3281 683 3435 722 nunc
3458 683 3590 722 vero
3615 666 3732 723 cum
3759 685 3817 726 ea

485 765 550 816 ut
573 761 806 832 negotio
839 762 1150 817 terminum
1174 763 1494 835 imponant,
1524 765 1692 821 faciet
1716 766 1867 837 quod
1892 765 2115 838 sapien-
2219 763 2530 835 postulent,
2560 777 2687 833 quae
2713 761 2836 815 sine
2865 760 3084 816 invidia
3115 759 3397 828 omnium,
3443 764 3500 814 et
3539 761 3818 831 reprehen-

485 853 702 910 tissimo
727 855 964 911 consilio
991 873 1093 911 suo
1118 857 1476 928 judicaverit.
2219 858 2378 912 sione
2404 871 2524 911 esse
2567 871 2683 911 non
2725 857 2987 929 possunt,
3015 871 3129 912 non
3173 869 3400 910 necesse
3430 869 3522 910 eos
3546 853 3624 912 ire
3651 855 3717 912 ad
3739 873 3815 912 co.

557 950 692 1003 VIII.
723 948 885 1031 Osius
912 949 1208 1021 episcopus
1229 951 1368 1006 dixit
1391 969 1402 1006 :
1427 954 1883 1024 lmportunitatis
1911 958 2120 1011 nostra;
2221 950 2506 1006 mitatum.

484 1041 662 1096 nimia
686 1042 1027 1113 frequentia,
1056 1046 1112 1098 et
1137 1044 1213 1114 inj
1225 1048 1362 1100 ustae
1389 1046 1693 1116 petitiones
1735 1048 1994 1104 fecerunt
2016 1066 2121 1104 nos
2292 1044 2377 1098 ΧΙ.
2398 1043 2748 1097 Gaudentius
2770 1041 3068 1114 episcopus
3085 1042 3256 1097 dixit:
3283 1045 3362 1098 ΕΘ.
3388 1059 3516 1114 quae
3551 1043 3820 1101 salubriter

485 1151 604 1188 non
632 1139 854 1190 tantam
880 1136 1089 1192 habere
1117 1138 1361 1208 gratiam
1393 1144 1493 1195 aut
1516 1140 1806 1210 ﬁduciam,
1828 1143 1966 1196 dum
1993 1143 2117 1212 qui-
2223 1136 2538 1208 providistis
2558 1136 2916 1191 convenienti
2935 1136 3317 1191 aestimatione
3346 1136 3712 1207 omniumque
3723 1138 3820 1192 Deo

489 1228 618 1282 dam
650 1245 764 1282 non
791 1234 1014 1284 cessant
1043 1231 1113 1284 ad
1141 1223 1471 1286 comitatum
1498 1232 1579 1288 ire
1599 1233 1848 1305 episcopi
1875 1234 2122 1291 maxime
2223 1230 2496 1302 placitura
2525 1234 2582 1284 et
2613 1229 2943 1284 hominibus
2958 1232 3160 1284 tenere
3175 1229 3820 1287 hactenusfortitudinem

489 1320 659 1389 Afri,
725 1322 825 1394 qui
876 1323 1040 1378 sicuti
1095 1325 1488 1396 cognovimus,
1543 1327 1888 1383 sanctissimi
1937 1328 2125 1384 fratris
2221 1327 2480 1396 possunt,
2496 1324 2542 1378 si
2563 1327 2750 1378 metus
2765 1323 2895 1377 huic
2911 1323 3205 1378 sententiae
3229 1324 3627 1395 conjungatur,
3641 1325 3821 1380 scimus

493 1414 808 1487 coepiscopi
851 1417 1030 1472 nostri
1074 1418 1220 1490 grati
1250 1419 1483 1474 consilia
1531 1421 1792 1476 salutaria
1821 1424 2120 1493 spernunt,
2222 1419 2379 1475 enim
2404 1419 2575 1474 etiam
2615 1417 2720 1488 ipsi
2762 1416 3071 1489 smpissime
3111 1422 3346 1488 propter
3385 1433 3687 1489 paucorum
3728 1418 3819 1473 im~

493 1512 666 1580 atque
710 1514 1109 1580 contemnunt,
1159 1515 1215 1565 et
1279 1529 1391 1566 non
1444 1513 1627 1568 solum
1669 1514 1741 1568 ad
1791 1515 2123 1570 comitatum
2222 1511 2588 1586 prudentiam
2603 1527 2826 1566 sacrum
2846 1509 3256 1581 acreligiosum
3274 1511 3623 1566 sacerdotale
3641 1528 3821 1567 nomen

493 1602 702 1657 multas
741 1606 798 1656 et
841 1604 1088 1658 diversas
1125 1606 1383 1660 Ecclesiae
1427 1623 1542 1660 non
1592 1609 1921 1678 profuturas
1972 1625 2120 1679 praa-
2222 1607 2396 1662 fuisse
2427 1606 2859 1677 reprehensum.
2907 1604 2963 1660 Si
3003 1604 3178 1676 igitur
3205 1607 3405 1658 contra
3447 1604 3698 1660 omnium
3723 1622 3824 1660 sen-

494 1695 687 1750 ferunt
713 1713 924 1764 causas,
959 1701 1024 1751 ut
1049 1698 1176 1752 ﬁeri
1202 1699 1345 1753 solet
1373 1703 1470 1753 aut
1497 1704 1744 1770 oportet,
1770 1706 1832 1755 ut
1862 1704 1961 1755 aut
1990 1718 2125 1772 pau-
2144 1768 2184 1772 _
2223 1699 2462 1755 tentiam
2494 1699 2696 1770 aliquis
2727 1697 2877 1752 visus
2898 1697 3072 1752 fuerit
3093 1697 3394 1752 ambitioni
3423 1698 3644 1770 placere
3667 1699 3826 1769 magis

491 1788 742 1858 peribus,
769 1794 866 1843 aut
892 1789 1094 1857 viduis,
1125 1796 1222 1846 aut
1248 1793 1481 1864 pupillis
1523 1768 1907 1864 subveniatur,
1941 1768 2040 1848 sed
2070 1768 2202 1849 etB
2225 1810 2397 1865 quam
2415 1795 2547 1859 Deo,
2566 1768 2736 1847 debet
2763 1791 2902 1845 scire
2921 1790 3102 1845 causis
3125 1790 3362 1845 redditis
3386 1768 3662 1847 honorem
3680 1768 3825 1863 atque

495 1881 800 1952 dignitates
853 1885 1168 1952 saeculares,
1219 1889 1276 1940 et
1319 1886 1842 1942 administrationes
1891 1888 2122 1958 quibus-
2225 1886 2564 1958 dignitatern
2599 1902 2657 1939 se
2683 1886 3048 1951 amissurum,
3081 1887 3189 1938 hoc
3217 1888 3413 1939 autem
3441 1884 3586 1949 sciri.
3610 1889 3662 1939 et
3687 1902 3824 1939 com-

492 1991 662 2045 quam
693 1978 1139 2046 postulant,hazc
1155 1977 1345 2049 itaque
1363 1979 1614 2050 pravitas
1641 1979 1777 2034 olim
1803 1996 1918 2035 non
1941 1981 2127 2035 solum
2224 1980 2395 2052 periri
2426 1979 2632 2050 poterit
2656 1980 2702 2034 si
2733 1979 3126 2050 unusquisque
3168 1984 3432 2034 nostrum
3460 1979 3556 2050 qui
3586 1978 3642 2033 in
3668 1979 3823 2034 canali

493 2069 996 2139 murmurationes,
1030 2072 1128 2126 sed
1165 2077 1221 2127 et
1247 2073 1513 2127 scandala
1561 2073 1785 2128 excitat.
1816 2076 2127 2129 Honestum
2226 2074 2564 2128 constitutus
2602 2078 2687 2127 cst
2727 2089 2859 2127 cum
2904 2073 3372 2144 progredientem
3407 2072 3721 2144 episcOpum
3757 2072 3823 2126 vi-

493 2164 579 2215 est
603 2165 796 2216 autem
816 2167 881 2216 ut
905 2163 1199 2234 episcopus
1221 2164 1684 2220 intercessionem
1701 2183 1862 2221 suam
1877 2166 1966 2220 his
1981 2183 2122 2237 praa-
2227 2167 2393 2233 derit,
2421 2166 2672 2238 inquirat
2700 2165 3010 2220 transitum
3062 2166 3206 2237 ejus,
3251 2182 3454 2221 causas
3497 2165 3694 2235 videat,
3729 2180 3825 2236 quo

495 2258 604 2308 stet
631 2255 728 2325 qui
755 2255 941 2325 aliqua
980 2255 1176 2326 iniqua
1217 2257 1270 2310 vi
1315 2258 1739 2327 opprimuntur,
1767 2264 1864 2314 aut
1891 2259 1936 2313 si
1960 2260 2129 2314 vidua
2225 2259 2429 2326 tendit,
2461 2261 2746 2330 agnoscat.
2777 2261 2845 2314 Et
2871 2258 2916 2312 si
2944 2259 3177 2330 quidem
3192 2275 3326 2314 eum
3353 2259 3647 2329 agnoverit
3671 2257 3746 2311 ire
3765 2256 3825 2311 ad

494 2345 797 2416 afﬂigatur,
844 2349 943 2400 aut
986 2349 1235 2419 pupillus
1280 2350 1640 2420 exspolietur,
1684 2356 1875 2406 tamen
1921 2357 1978 2406 et
2020 2352 2128 2406 ista
2227 2352 2580 2421 comitatum,
2612 2353 2865 2423 requirat
2906 2352 3047 2406 illud
3089 2352 3244 2424 quod
3288 2352 3557 2424 superius
3590 2367 3824 2423 compre-

495 2439 690 2494 omnia
714 2439 758 2494 si
782 2439 999 2511 justam
1041 2441 1291 2496 habeant
1323 2460 1547 2498 causam
1585 2449 1642 2499 et
1684 2445 2038 2516 petitionem.
2069 2446 2128 2500 Si
2227 2447 2472 2500 hensum
2507 2450 2612 2514 est,
2656 2462 2728 2500 ne
2764 2446 2908 2501 forte
2949 2445 3223 2500 invitatus
3272 2446 3369 2513 sit,
3417 2449 3482 2500 ut
3527 2445 3578 2500 ei
3628 2445 3829 2499 facultas

495 2532 651 2586 vobis
683 2548 841 2605 ergo,
870 2534 1072 2590 fratres
1101 2535 1434 2604 charissimi,
1467 2538 1672 2607 placet,
1707 2538 2014 2608 decernite,
2055 2554 2128 2594 ne
2228 2540 2403 2594 eundi
2448 2539 2830 2610 permittatur,
2879 2538 2927 2592 si
2977 2555 3111 2593 vero
3172 2542 3234 2592 ut
3285 2539 3551 2610 superius
3601 2536 3829 2592 meminit

496 2625 740 2698 episcopi
781 2627 849 2682 ad
893 2627 1228 2683 comitatum
1273 2630 1565 2700 accedant,
1609 2630 1720 2685 nisi
1767 2631 1909 2686 forte
1941 2632 1997 2686 hi
2029 2633 2128 2703 qui
2229 2633 2490 2688 sanctitas
2517 2636 2700 2688 vestra
2733 2636 2972 2703 propter
3019 2632 3301 2687 desideria
3331 2637 3393 2687 et
3421 2631 3740 2687 ambitiones
3759 2630 3828 2684 ire

494 2719 902 2790 religiosissimi
934 2721 1290 2792 imperatoris
1318 2723 1540 2791 litteris,
1568 2724 1655 2778 vel
1677 2723 1896 2779 invitati
1914 2725 2127 2780 fuerint
2229 2727 2299 2781 ad
2366 2727 2699 2780 comitatum
2771 2725 3074 2781 tentaverit
3101 2766 3116 2792 ,
3188 2742 3379 2797 neque
3454 2725 3653 2780 litteris
3725 2723 3827 2794 ejus

490 2813 576 2866 vel
608 2813 808 2882 vocati,
830 2815 924 2869 sed
943 2815 1219 2886 quoniam
1249 2833 1399 2886 saepe
1421 2817 1722 2887 contingit,
1744 2822 1803 2872 ut
1817 2819 1884 2872 ad
1902 2817 2124 2873 miseri-
2228 2819 2628 2889 subscribatur,
2657 2836 2843 2890 neque
2883 2818 2941 2872 in
2989 2819 3400 2874 communione
3446 2819 3748 2890 recipiatur.
3780 2815 3827 2871 Si

494 2906 746 2960 cordiam
805 2908 1062 2962 Ecclesiae
1117 2909 1488 2980 confugiant,
1550 2911 1649 2981 qui
1705 2911 1975 2982 injuriam
2029 2929 2126 2982 pa-
2228 2913 2386 2967 vobis
2426 2914 2622 2984 placet,
2667 2913 2832 2968 debet
2877 2912 3139 2967 omnium
3188 2912 3476 2968 sententia
3514 2909 3823 2966 conﬁrmari.

493 2998 732 3068 tiuntur,
781 3003 838 3054 et
877 3000 973 3072 qui
1018 3005 1317 3073 peccantes
1361 3002 1419 3057 in
1468 3003 1749 3072 exsilium,
1794 3005 1880 3060 vel
1919 3005 2130 3060 insulas
2229 3006 2483 3061 Universi
2521 3007 2828 3061 dixerunt:
2862 3007 2977 3061 Hoc
3020 3005 3326 3062 honestum
3374 3022 3515 3076 esse,
3549 3010 3604 3061 et
3640 3005 3826 3076 placere

495 3092 866 3162 damnantur,
884 3099 980 3150 aut
999 3098 1149 3150 certe
1170 3111 1574 3169 quamcunque
1593 3098 1936 3154 sententiam
1960 3099 2130 3153 susci-
2149 3130 2203 3203 Ο
2231 3100 2334 3154 sibi
2355 3100 2834 3154 constitutionem.

491 3185 676 3257 piunt,
703 3186 942 3259 ideoque
971 3188 1424 3243 subveniendum
1471 3195 1552 3246 est
1595 3191 1702 3258 his,
1733 3195 1789 3246 et
1813 3192 1936 3246 sine
1970 3192 2128 3246 dubi-
2154 3185 2203 3203 υ
2299 3195 2400 3248 ΧΠ.
2434 3193 2595 3249 Osius
2625 3193 2922 3264 episcopus
2968 3193 3146 3249 dixit:
3178 3193 3284 3248 Sed
3329 3196 3390 3248 et
3439 3191 3737 3248 moderatio
3760 3192 3828 3244 est

497 3280 708 3336 tatione
753 3281 832 3335 eis
873 3283 1120 3353 petenda
1169 3300 1272 3354 per
1315 3284 1618 3339 Ecclesiam
1656 3284 2034 3356 indulgentia.
2070 3285 2128 3340 Si
2230 3286 2569 3353 necessaria,
2623 3285 2972 3340 dilectissimi
3029 3287 3246 3352 fratres,
3305 3303 3381 3342 ne
3439 3286 3619 3342 subito
3671 3283 3827 3338 adhuc

494 3389 627 3428 vero
650 3374 755 3429 hoc
783 3375 938 3429 vobis
967 3378 1172 3447 placet,
1210 3379 1509 3432 statuatur.
1540 3377 1796 3433 Universi
1818 3378 2079 3434 dixerunt
2111 3395 2124 3435 :
2227 3379 2458 3450 quidam
2498 3380 2816 3434 nescientes
2861 3379 2997 3450 quid
3040 3379 3334 3434 decretum
3384 3379 3458 3434 sit
3502 3379 3558 3433 in
3616 3375 3822 3449 synodo,

492 3467 700 3536 Placet,
730 3473 786 3524 et
806 3469 1204 3525 constituatur.
2225 3473 2492 3528 venerint
2520 3472 2704 3528 subito
2731 3473 2804 3526 ad
2834 3472 3084 3527 civitates
3111 3487 3226 3541 eas,
3246 3488 3381 3542 quae
3410 3471 3470 3526 in
3495 3470 3669 3526 canali
3692 3473 3819 3532 sunt,

561 3562 643 3616 IX.
680 3562 844 3616 Osius
869 3563 1164 3634 episcopus
1190 3563 1334 3620 dixit
1363 3581 1375 3619 :
1405 3565 1534 3620 Haac
1561 3581 1791 3637 quoque
1823 3565 2129 3637 prudentia
2228 3567 2398 3621 debet
2415 3565 2711 3638 episcopus
2730 3565 2968 3620 civitatis
2989 3565 3166 3636 ipsius
3186 3565 3500 3620 admonere
3517 3569 3573 3620 et
3586 3564 3828 3618 instruere

491 3656 673 3708 vestra
700 3657 943 3711 tractare
970 3656 1156 3727 debet,
1181 3657 1316 3729 quia
1343 3661 1407 3713 ut
1437 3658 1763 3713 decrevistis
1781 3676 1853 3714 ne
1876 3659 2129 3731 episcopi
2229 3660 2412 3727 illum,
2448 3664 2504 3714 et
2532 3673 2598 3714 ex
2627 3675 2695 3714 eo
2726 3660 2850 3714 loco
2866 3659 2961 3712 ille
2983 3657 3175 3712 mittat
3195 3657 3530 3726 diaconum,
3547 3653 3828 3712 admonitus

492 3747 832 3819 improbitas
854 3753 1088 3805 notetur
1115 3751 1188 3806 ad
1214 3752 1550 3807 comitatum
1569 3753 1946 3824 pergendum,
1978 3765 2130 3825 quae-
2229 3757 2424 3808 tamen
2450 3753 2568 3824 ipse
2591 3753 2788 3808 redeat
2815 3751 2888 3806 ad
2913 3750 3250 3823 parochiam
3278 3767 3465 3806 suam.

489 3858 714 3913 cunque
743 3859 881 3916 ergo
924 3829 1118 3916 quales
1165 3845 1425 3916 superius
1454 3846 1896 3901 memoravimus
1935 3863 2129 3917 preces
2298 3848 2432 3902 XIII.
2456 3845 2619 3901 Osius
2644 3845 2938 3916 episcopus
2964 3844 3106 3900 dixit
3134 3844 3574 3915 :Necessarium,
3593 3841 3823 3905 arbitror,

491 3936 919 4007 habuerint,vel
934 3937 1257 4009 acceperint
1282 3956 1388 4010 per
1403 3939 1708 3995 diaconum
1726 3956 1894 3994 suum
1916 3939 2125 4005 mittat,
2229 3944 2292 3995 ut
2336 3938 2762 4010 diligentissime
2809 3938 3075 4005 tractetis,
3127 3937 3173 3992 si
3211 3938 3362 3993 forte
3412 3941 3514 3994 aut
3553 3937 3714 4004 dives,
3747 3935 3826 3986 aut

491 4029 624 4100 quia
650 4047 897 4102 persona
925 4031 1170 4086 ministri
1197 4049 1315 4086 non
1343 4033 1451 4086 erit
1489 4032 1787 4100 invidiosa,
1819 4049 1950 4104 quae
1977 4031 2127 4086 cele-
2229 4033 2590 4088 scholasticus
2607 4031 2676 4087 de
2693 4032 2840 4101 foro,
2857 4037 2954 4087 aut
2974 4049 3038 4085 ex
3061 4031 3555 4087 administratione
3571 4029 3826 4102 episcopus

493 4122 611 4176 rius
639 4124 854 4193 poterit
882 4140 1010 4194 quas
1031 4123 1420 4194 impetraverit
1446 4125 1682 4181 referre.
1712 4127 1780 4179 Et
1799 4125 1909 4179 hoc
1935 4140 2130 4179 conse-
2228 4127 2402 4182 fuerit
2431 4125 2766 4198 postulatus,
2801 4141 2917 4181 non
2963 4125 3121 4197 prius
3161 4125 3484 4193 ordinetur,
3519 4123 3624 4179 nisi
3646 4127 3697 4178 et
3719 4122 3827 4174 ante

493 4229 676 4284 quens
731 4231 853 4269 esse
912 4215 1164 4284 videtur,
1217 4219 1280 4270 ut
1331 4218 1719 4289 unusquisque
1785 4218 1883 4289 qui
1938 4234 2132 4288 preces
2227 4219 2452 4275 lectoris
2474 4222 2817 4287 munere,et
2833 4218 3022 4273 ofﬁcio
3043 4217 3261 4273 diaconi
3281 4222 3339 4272 et
3356 4215 3666 4290 presbyteri
3687 4210 3829 4269 fuerit

495 4306 763 4361 habuerit
806 4325 901 4362 eas
931 4309 1005 4363 ad
1047 4309 1254 4365 fratres
1283 4313 1341 4365 et
1382 4311 1751 4382 coepiscopos
1780 4314 2004 4366 nostros
2032 4311 2129 4383 qui
2229 4313 2578 4386 perfunctus.
2626 4313 2694 4367 Et
2731 4312 2810 4366 ita
2858 4327 2961 4382 per
3007 4310 3261 4382 singulos
3304 4311 3537 4382 gradus,
3569 4310 3612 4365 si
3651 4307 3827 4378 dignus

493 4400 551 4454 in
597 4400 847 4456 maxima
889 4402 1132 4470 civitate,
1186 4403 1245 4458 id
1297 4408 1400 4474 est,
1456 4404 1553 4476 qui
1599 4404 1900 4477 metrOpoli
1937 4404 2127 4459 consi-
2229 4407 2420 4474 fuerit,
2445 4405 2712 4470 ascendat
2731 4405 2803 4459 ad
2822 4406 3050 4459 culmen
3069 4405 3446 4476 episcopatus,
3475 4406 3676 4476 postest
3698 4397 3825 4454 enim

491 4497 668 4565 stunt,
698 4495 948 4564 mittant,
991 4499 1047 4551 et
1091 4496 1169 4551 illi
1223 4513 1324 4568 per
1372 4514 1502 4552 suos
1529 4497 1799 4554 diaconos
1827 4497 2127 4569 destinant,
2150 4496 2208 4569 D
2234 4518 2333 4572 per
2362 4501 2482 4568 has,
2516 4499 2904 4571 promotiones
2943 4515 3069 4570 quae
3113 4497 3329 4552 habent
3353 4498 3550 4569 utique
3578 4493 3825 4568 prolixum

493 4593 800 4650 tribuendo
833 4595 1326 4651 commendatitias
1365 4596 1628 4668 epistolas
1657 4597 1780 4668 pari
1810 4597 2030 4652 ratione
2060 4597 2131 4652 ad
2231 4598 2460 4666 tempus
2502 4592 2754 4663 probari,
2797 4608 2905 4662 qua
2949 4591 3058 4648 fide
3103 4591 3194 4659 sit,
3239 4606 3424 4661 quave
3467 4586 3747 4653 modestia,
3781 4584 3826 4635 et

491 4687 697 4741 fratres
726 4691 783 4742 et
815 4689 1174 4762 coepiscopos
1205 4695 1426 4746 nostros
1453 4691 1552 4762 qui
1579 4690 1636 4745 in
1663 4690 1758 4745 illo
1783 4693 2042 4762 tempore
2071 4690 2128 4744 in
2232 4686 2508 4759 gravitate
2527 4688 2582 4740 et
2597 4684 2955 4740 verecundia.
2981 4685 3065 4754 Et,
3083 4684 3128 4739 si
3147 4683 3355 4756 dignus
3380 4683 3569 4749 fuerit,
3591 4679 3824 4753 probatus

493 4779 580 4835 his
631 4781 964 4852 regionibus
1027 4787 1083 4838 et
1152 4784 1384 4839 urbibus
1437 4787 1754 4853 morantur,
1813 4783 1873 4838 in
1925 4783 2130 4855 quibus
2229 4781 2419 4836 divino
2444 4779 2760 4834 sacerdotio
2803 4778 3135 4833 illustretur.
3181 4779 3327 4833 Nam
3372 4793 3475 4833 nec
3519 4769 3823 4830 conveniens

401 4913 406 4916 -
491 4873 623 4928 felix
655 4879 712 4928 et
753 4873 951 4930 beatus
981 4877 1327 4949 Augustinus
1371 4877 1788 4949 rempublicam
1833 4877 2126 4948 gubernat.
2230 4879 2333 4941 est,
2369 4890 2473 4928 nec
2517 4872 2754 4928 rationis
2793 4870 3090 4942 disciplina
3140 4870 3374 4943 patitur,
3430 4873 3491 4924 ut
3542 4873 3738 4923 temere
3770 4875 3822 4914 ac

493 4966 550 5022 Si
592 4984 726 5023 vero
757 4968 931 5024 habet
958 4969 1084 5040 quis
1114 4971 1511 5042 episcoporum
1556 4972 1771 5026 amicos
1802 4970 1861 5024 in
1889 4970 2126 5042 palatio,
2229 4968 2431 5023 leviter
2483 4967 2778 5021 ordinetur
2837 4963 3166 5035 episcopus,
3229 4968 3326 5018 aut
3375 4962 3690 5034 presbyter,
3743 4955 3823 5007 aut

493 5061 591 5132 qui
606 5061 760 5132 cupit
777 5062 991 5133 aliquid
1011 5064 1164 5134 quod
1180 5067 1369 5120 tamen
1397 5065 1706 5120 honestum
1723 5067 1809 5118 est
1827 5063 2128 5134 impetrare
2230 5061 2522 5128 diaconus,
2571 5058 2672 5130 qui
2716 5057 3040 5128 ne0phytus
3070 5060 3172 5124 est,
3204 5056 3457 5111 maxime
3485 5070 3611 5110 cum
3645 5046 3820 5106 heatis-
3844 5114 3847 5116 _

490 5171 608 5211 non
651 5155 1025 5226 prohibeatur
1069 5175 1175 5229 per
1217 5158 1526 5213 diaconum
1575 5174 1742 5212 suum
1795 5173 2022 5228 rogare,
2075 5161 2132 5211 et
2229 5155 2404 5210 simus
2447 5150 2752 5224 Apostolus
2795 5149 3071 5220 magister
3108 5149 3387 5221 gentium,
3426 5165 3502 5203 ne
3544 5148 3645 5201 hoc
3684 5141 3822 5196 ﬁeret

490 5248 811 5321 significare
845 5249 925 5304 eis
953 5266 1096 5322 quos
1141 5251 1244 5306 scit
1285 5252 1538 5323 benigna
1584 5251 1981 5306 intercessione
2024 5248 2129 5303 sibi
2230 5247 2588 5303 denuntiasse
2619 5247 2676 5300 et
2701 5243 3063 5315 prohibuisse
3095 5242 3373 5311 videatur,
3401 5242 3495 5297 sed
3526 5239 3581 5295 hi
3607 5244 3821 5309 quorum

492 5343 712 5399 absenti
756 5361 919 5415 posse
959 5349 1248 5415 praestare.
1297 5345 1402 5411 Qui
1448 5362 1581 5400 vero
1613 5346 1848 5400 Romam
1888 5342 2127 5413 venerit,
2231 5358 2332 5414 per
2370 5341 2612 5412 longum
2649 5343 2879 5410 tempus
2927 5335 3252 5391 examinata
3295 5336 3368 5391 sit
3412 5334 3522 5388 vita
3563 5335 3617 5386 et
3643 5324 3822 5384 merita

489 5438 636 5492 sicut
674 5437 888 5494 dictum
929 5442 1033 5507 est,
1080 5439 1436 5494 sanctissimo
1483 5438 1645 5494 fratri
1696 5443 1752 5492 et
1795 5436 2129 5509 coepiscopo
2230 5434 2614 5507 comprobata.
2643 5430 2896 5489 Universi
2923 5431 3188 5486 dixerunt
3214 5429 3432 5502 placere
3463 5426 3568 5482 sibi
3591 5425 3723 5478 haec.

492 5535 688 5586 nostro
717 5534 989 5588 Romana:
1017 5533 1276 5589 Ecclesia;
1310 5550 1507 5605 preces
1534 5549 1673 5605 quas
1700 5531 1891 5600 habet,
1926 5531 2128 5601 tradat,
2303 5529 2432 5584 XIV.
2461 5527 2622 5583 Osius
2647 5525 2945 5598 episcopus
2976 5523 3122 5579 dixit
3159 5541 3172 5579 :
3204 5524 3316 5578 Hoc
3361 5535 3584 5595 quoque
3609 5515 3825 5605 statuere

491 5626 560 5679 ut
586 5623 706 5694 ipse
735 5627 891 5697 prius
920 5627 1209 5683 examinet
1240 5628 1282 5683 si
1310 5599 1590 5694 honestae,
1619 5630 1678 5681 et
1709 5627 1876 5698 justas
1905 5627 2059 5693 sunt,
2077 5599 2132 5679 ct
2233 5621 2474 5690 debetis,
2506 5625 2567 5674 ut
2589 5619 2886 5690 episcopus
2913 5635 2983 5672 ex
3008 5615 3117 5673 alia
3142 5616 3369 5672 civitate
3397 5629 3532 5671 cum
3556 5599 3825 5708 vertet-iiiid

495 5718 728 5782 praestet
751 5719 1106 5790 diligentiam
1125 5724 1297 5793 atque
1327 5720 1763 5776 sollicitudinem
1786 5722 1852 5774 ut
1869 5719 1942 5774 ad
1963 5718 2134 5773 comi-
2230 5715 2399 5770 aliam
2450 5713 2757 5781 civitatem,
2813 5713 2901 5769 vel
2959 5727 3030 5765 ex
3083 5710 3376 5782 provincia
3436 5722 3532 5760 sua
3572 5702 3639 5758 ad
3682 5699 3825 5756 aliam

498 5808 678 5860 tatum
720 5811 1098 5878 perferantur.
1132 5814 1388 5872 Universi
1415 5814 1680 5872 dixerunt
1709 5814 1970 5870 :Placere
2002 5809 2129 5869 sibi.
2232 5805 2620 5882 provinciam,
2685 5809 2745 5862 et
2807 5802 3105 5861 ambitioni
3162 5803 3344 5876 magis
3419 5797 3616 5856 serviat
3681 5801 3826 5864 quam
