4026 6166
219 318 318 371 277

1425 317 1897 374 DECRETALIUM
1936 315 2328 377 COLLECTIU.

3474 343 3579 397 278

218 423 529 492 devotioni,
572 424 652 480 ita
719 429 780 482 ut
845 427 890 481 si
963 428 1204 483 voluerit
1263 429 1320 483 in
1393 430 1582 484 aliena
1623 429 1845 483 civitate
1867 429 2327 508 Aexterminare
2353 447 2485 487 eum
2517 433 2584 488 de
2617 436 2852 492 ecclesia
2871 439 3132 509 voluerit,
3159 443 3575 514 providendum

218 518 400 573 multo
427 522 693 590 tempore
730 520 1002 587 residere,
1044 527 1101 576 et
1133 523 1428 594 contingat
1460 527 1523 577 ut
1554 524 1845 594 episcopus

215 613 458 668 civitatis
504 612 686 684 ipsius
727 631 846 669 non
913 619 1030 670 tam
1087 615 1394 672 instructus
1435 618 1540 684 sit,
1586 634 1689 672 nec
1729 621 1843 672 tam

217 707 438 773 doctus,
463 707 511 761 is
535 724 674 762 vero
699 709 793 780 qui
814 709 1039 764 advenit
1058 709 1294 780 incipiat
1313 716 1842 777 contemnerceum,

216 806 270 854 et
324 801 668 871 frequenter
705 805 891 857 facere
934 820 1284 871 sermonem,
1327 808 1386 858 ut
1421 805 1759 859 dehonestet
1790 809 1846 859 et

214 894 502 949 deformet
525 895 674 950 illius
697 912 1019 968 personam.
1051 896 1175 969 65
1209 898 1330 961 Qua
1347 898 1633 953 occasione
1673 899 1754 966 tit,
1786 904 1847 953 ut

211 1004 326 1042 non
356 988 588 1045 dubitet
631 990 956 1061 relinquere
985 991 1091 1045 sibi
1139 991 1486 1061 assignatam
1525 993 1842 1059 ecclesiam,

212 1087 265 1136 et
290 1083 534 1138 transire
566 1084 638 1138 ad
663 1084 926 1150 alienam,
950 1084 1179 1139 deﬁnite
1205 1101 1343 1156 ergo
1369 1088 1611 1156 tempus,
1635 1085 1768 1156 quia
1790 1092 1846 1141 et

214 1190 328 1229 non
355 1176 620 1247 recipere
647 1177 975 1249 episcopum
1002 1177 1382 1233 inhumanum
1413 1182 1516 1247 est,
1551 1183 1609 1234 et
1635 1179 1846 1235 diutius

209 1269 459 1324 residere
480 1270 863 1340 perniciosum
881 1276 984 1326 est.
1013 1272 1092 1326 Ne
1123 1272 1222 1326 fiat
1251 1288 1390 1343 ergo
1422 1273 1531 1326 hoc
1550 1273 1846 1343 providen-

212 1361 348 1417 dum
394 1367 504 1418 est.
541 1364 774 1418 Memini
810 1369 1004 1420 autem
1051 1365 1332 1438 superiori
1373 1365 1606 1422 consilio
1645 1367 1846 1422 fratres

210 1461 437 1511 nostros
467 1458 844 1527 constituisse,
869 1463 932 1512 ut
961 1459 1006 1512 si
1033 1459 1161 1530 quis
1186 1459 1360 1518 laicus
1386 1459 1444 1514 in
1469 1476 1536 1514 ea
1565 1477 1678 1531 qua
1697 1477 1848 1516 com-

209 1554 470 1605 moratur
490 1551 712 1606 civitate
730 1556 846 1606 tres
863 1551 1198 1621 Dominicas,
1221 1552 1282 1607 id
1304 1557 1405 1623 est,
1428 1570 1530 1624 per
1550 1557 1661 1609 tres
1681 1555 1845 1626 septi-

209 1659 416 1697 manas
438 1661 560 1699 non
582 1644 919 1700 celebrasset
937 1649 1282 1701 conventum
1305 1647 1709 1702 communione
1727 1648 1842 1719 pri-

206 1741 463 1791 varetur.
512 1738 567 1793 Si
609 1754 742 1808 ergo
789 1739 909 1793 htec
954 1739 1101 1793 circa
1138 1739 1310 1795 laicos
1344 1741 1642 1796 constituta
1691 1746 1840 1810 sunt,

207 1836 425 1902 quanto
458 1831 646 1902 magis
691 1848 794 1886 nec
845 1833 974 1886 licet
1009 1849 1113 1888 nec
1149 1833 1308 1888 decet
1355 1839 1415 1887 ut
1469 1834 1764 1906 cpiscopus
1798 1800 1922 1888 siB

207 1925 387 1978 ullam
438 1931 556 1978 tam
606 1941 840 1995 gravem
896 1926 1101 1980 habeat
1146 1927 1535 1982 necessitatem
1593 1931 1844 1982 nectam

207 2017 505 2072 difficilem
553 2019 872 2084 rationem,
923 2022 988 2072 ut
1038 2019 1236 2073 tandiu
1282 2020 1426 2075 desit
1470 2020 1540 2074 ab
1611 2021 1843 2075 ecclesia

203 2128 274 2165 ne
317 2112 609 2182 populum
651 2113 966 2167 contristet.
1013 2112 1266 2167 Universi
1309 2113 1580 2168 dixerunt
1621 2114 1844 2194 placere

204 2205 326 2258 sibi.

271 2299 386 2353 XV.
420 2298 587 2352 Osius
608 2298 907 2370 episcopus
929 2299 1103 2354 dixit:
1135 2300 1274 2365 Quia
1307 2299 1447 2353 nihil
1484 2299 1845 2370 praetermitti

203 2396 456 2463 oportet,
486 2397 619 2446 sunt
663 2392 899 2463 quidam
943 2395 1147 2448 fratres
1188 2397 1246 2448 et
1287 2393 1606 2464 coepiscopi
1638 2393 1840 2463 nostri,

201 2485 296 2556 qui
324 2502 454 2539 non
483 2485 542 2539 in
569 2502 632 2540 ea
667 2486 892 2540 civitate
926 2486 1198 2553 resident,
1249 2486 1308 2541 in
1338 2504 1452 2558 qua
1485 2487 1733 2558 episcopi
1759 2487 1842 2540 vi-

201 2578 420 2633 dentur
463 2595 583 2633 esse
617 2579 937 2647 constituti,
983 2581 1069 2634 vel
1109 2585 1259 2634 certe
1309 2597 1539 2650 parvam
1577 2597 1702 2634 rem
1744 2579 1840 2646 ibi,

201 2672 331 2725 alibi
360 2677 562 2727 autem
591 2672 798 2727 idonea
828 2673 1040 2744 praedia
1069 2673 1280 2727 habere
1310 2678 1624 2728 noscuntur
1650 2675 1734 2727 vel
1767 2675 1844 2726 af-

200 2766 482 2820 fectiones
509 2766 905 2838 proximorum
938 2768 1143 2837 quibus
1178 2767 1538 2836 indulgeant,
1567 2767 1844 2820 hactenus

201 2864 397 2913 autem
429 2859 510 2913 eis
531 2859 781 2929 permitti
813 2863 1061 2931 Oportet,
1113 2864 1171 2914 ut
1213 2860 1484 2914 accedant
1523 2861 1594 2914 ad
1620 2876 1840 2930 posses-

200 2951 392 3006 siones
412 2969 564 3021 suas,
580 2958 636 3006 et
657 2953 966 3024 disponant
980 2955 1066 3007 vel
1087 2953 1352 3008 ordinent
1372 2954 1617 3008 fructum
1635 2953 1843 3008 laboris

201 3046 303 3115 sui,
336 3049 425 3112 ut,
461 3051 590 3116 post
616 3046 941 3102 Dominicas
971 3050 1110 3116 tres,
1159 3047 1214 3101 id
1244 3050 1326 3101 est
1358 3051 1482 3117 post
1511 3053 1626 3101 tres
1667 3047 1839 3118 septi-

198 3155 424 3206 manas,
455 3139 499 3192 si
527 3141 737 3193 morari
769 3157 993 3195 necesse
1035 3145 1138 3207 est,
1183 3141 1240 3194 in
1284 3141 1398 3194 suis
1441 3141 1625 3212 potius
1654 3141 1842 3194 fundis
1862 3161 1918 3235 Ο

199 3237 524 3286 morentur.
557 3235 623 3287 Et
648 3233 692 3287 si
718 3239 802 3288 est
847 3234 1106 3304 proxima
1142 3234 1337 3289 civitas
1378 3235 1435 3287 in
1466 3251 1578 3304 qua
1604 3234 1837 3304 presby-

197 3329 281 3379 ter
312 3332 429 3390 est,
459 3343 534 3379 ne
573 3326 692 3380 sine
728 3327 966 3380 ecclesia
1008 3327 1192 3382 facere
1235 3327 1496 3381 videatur
1524 3327 1612 3382 die
1648 3327 1837 3382 Domi-

198 3420 345 3484 nico,
385 3419 523 3472 illuc
553 3419 785 3473 accedat
826 3426 885 3474 ut
931 3436 1036 3473 nec
1081 3435 1170 3473 res
1205 3420 1328 3490 ejus
1365 3420 1690 3474 domesticae
1742 3437 1842 3490 per

199 3513 529 3566 absentiam
557 3512 678 3582 ejus
711 3513 1117 3567 detrimentum
1145 3514 1479 3568 sustineant.
1505 3515 1571 3566 Et
1597 3530 1711 3566 non
1735 3515 1842 3567 fre-

197 3611 451 3676 quenter
469 3605 744 3660 veniendo
769 3605 838 3660 ad
853 3606 1021 3659 aliam
1050 3606 1359 3674 civitatem,
1393 3607 1451 3659 in
1480 3623 1593 3677 qua
1621 3610 1705 3660 est
1727 3607 1840 3676 epi-

198 3716 410 3770 scopus
435 3698 756 3769 suspicione
781 3698 1067 3768 jactantiee
1111 3705 1167 3754 et
1210 3698 1533 3754 ambitionis
1570 3700 1836 3754 incurrat.

198 3792 459 3847 Universi
485 3792 752 3846 dixerunt
776 3792 998 3862 placere
1031 3792 1159 3847 sibi.

267 3887 401 3939 XVI.
453 3885 617 3939 Osius
657 3885 953 3957 episcopus
990 3885 1128 3939 dixit
1166 3903 1178 3940 :
1213 3885 1267 3941 Si
1307 3886 1413 3940 hoc
1453 3901 1680 3957 quoque
1710 3902 1836 3940 om-

197 3979 370 4033 nibus
411 3980 615 4049 placet,
647 3981 712 4032 ut
739 3978 854 4033 sive
895 3979 1190 4045 diaconus,
1229 3980 1344 4033 sive
1389 3979 1697 4050 presbyter,
1725 3979 1839 4034 sive

196 4073 322 4143 quis
353 4072 695 4126 clericorum
720 4072 789 4126 ab
817 4071 1081 4143 episcopo
1103 4089 1207 4126 suo
1239 4073 1410 4127 fuerit
1437 4073 1839 4128 communione

198 4166 473 4235 privatus,
516 4170 573 4219 et
606 4165 677 4219 ad
725 4165 970 4219 alterum
1015 4166 1333 4236 perrexerit
1375 4166 1731 4236 episcopum,
1783 4170 1839 4220 et

196 4259 391 4314 scierit
417 4259 513 4312 ille
542 4258 614 4312 ad
645 4275 815 4330 quem
845 4259 1165 4328 confugerit
1198 4275 1329 4312 eum
1361 4259 1432 4312 ab
1458 4259 1716 4330 episcopo
1739 4277 1838 4314 suo

197 4352 370 4407 fuisse
395 4351 704 4421 abjectum,
735 4368 852 4406 non
879 4352 1197 4423 oportuerit
1224 4368 1374 4418 eum,
1405 4355 1466 4404 ut
1495 4351 1545 4405 ei
1572 4369 1834 4406 commu-

197 4446 433 4501 nionem
469 4445 787 4515 indulgeat.
813 4445 972 4509 Quod
1000 4445 1044 4498 si
1071 4445 1283 4512 fecerit,
1311 4445 1449 4499 sciat
1471 4461 1530 4497 se
1559 4461 1836 4500 convoca-

1945 524 2128 576 estne
2154 522 2428 578 innocens
2472 526 2794 596 damnetur,
2837 538 2938 587 aut
2977 536 3181 604 perdat
3219 541 3576 595 communio-

1947 630 2104 669 nem.
2141 616 2205 670 Et
2227 616 2353 671 ideo
2375 618 2581 675 habeat
2611 626 2950 692 potestatem
2973 627 3070 698 qui
3103 629 3360 700 dejectus
3379 638 3484 702 est,
3519 639 3582 689 ut

1946 706 2220 763 finitimos
2247 710 2540 782 episcopos
2575 714 2918 787 interpellet,
2953 725 3011 774 et
3035 739 3205 777 causa
3231 725 3353 794 ejus
3380 728 3576 782 audia-

1947 803 2056 867 tur,
2086 805 2141 854 et
2171 802 2496 873 diligentius
2524 809 2814 877 tractetur,
2846 812 2981 882 quia
3009 830 3124 868 non
3151 822 3378 888 oportet
3407 820 3460 874 ei
3484 838 3578 876 ne-

1947 894 2071 964 gari
2098 895 2450 953 audientiam
2489 902 2738 972 roganti.
2777 905 2845 958 Et
2873 905 2966 959 ille
3007 908 3317 981 episcopus,
3355 913 3451 984 qui
3483 918 3581 968 aut

1939 985 2113 1056 juste,
2143 993 2242 1044 aut
2264 989 2473 1061 injuste
2500 1010 2633 1048 eum
2667 995 2891 1066 abjecit,
2935 1000 3220 1069 patienter
3244 1004 3482 1076 accipiat
3509 1011 3574 1061 ut.

1949 1080 2248 1150 negotium
2297 1083 2649 1154 discutiatur,
2694 1093 2759 1143 ut
2802 1091 2887 1144 vel
2927 1093 3202 1163 probetur
3242 1099 3518 1153 sententia
3547 1116 3582 1154 a

1946 1173 2226 1244 plurimis,
2251 1178 2338 1230 vel
2381 1180 2734 1236 emendetur.
2765 1184 2974 1240 Tamen
3012 1186 3352 1260 priusquam
3381 1193 3576 1247 omnia

1946 1265 2251 1338 diligenter
2285 1275 2342 1324 et
2386 1271 2634 1328 fideliter
2672 1275 2885 1332 fuerint
2923 1281 3262 1348 examinata,
3307 1300 3437 1337 eum
3479 1285 3578 1355 qui

1945 1359 2168 1415 fuerita
2196 1366 2599 1422 communione
2641 1375 2955 1440 separatus,
2999 1374 3190 1429 nullus
3227 1375 3372 1430 alius
3407 1377 3582 1433 debet

1945 1469 2290 1523 praesumere
2311 1463 2376 1512 ut
2399 1458 2635 1531 recipiat
2654 1464 2711 1515 et
2729 1466 3119 1521 communioni
3140 1468 3334 1524 societ.
3358 1470 3465 1534 Qui
3485 1488 3580 1524 au-

1943 1548 2063 1600 tem
2103 1550 2472 1605 convenerint
2503 1552 2575 1606 ad
2607 1554 2977 1627 audiendum,
3010 1558 3056 1612 si
3093 1560 3424 1616 clericorum
3457 1580 3578 1618 esse

1946 1639 2239 1709 fastigium
2260 1642 2507 1698 viderint
2525 1649 2580 1700 et
2599 1649 2950 1718 superbiam,
2967 1669 3085 1707 non
3106 1653 3268 1708 decet
3287 1661 3347 1709 ut
3367 1655 3581 1726 episco-

1947 1748 2053 1801 pus
2071 1738 2167 1787 aut
2189 1734 2268 1805 inj
2279 1736 2459 1791 uriam
2481 1742 2579 1792 aut
2599 1744 3004 1798 contumeliam
3024 1746 3291 1816 patiatur,
3315 1750 3582 1804 austerio-

1946 1825 2102 1879 ribus
2128 1843 2224 1881 eos
2251 1829 2438 1884 verbis
2463 1832 2758 1903 castigent,
2781 1838 2845 1889 ut
2865 1836 3130 1891 obcdiant
3158 1839 3399 1894 honesta
3428 1859 3572 1911 prac-

1944 1918 2176 1988 cipienti
2205 1921 2492 1994 episCOpo,
2518 1925 2653 1996 quia
2694 1927 2840 1981 sicut
2868 1928 2959 1983 ille
3000 1930 3285 1986 sincerum
3313 1949 3574 1989 amorem

1944 2011 2111 2066 debet
2139 2013 2355 2068 clericis
2391 2016 2662 2072 exhibere
2699 2019 3005 2089 charitatis,
3035 2023 3115 2078 ita
3163 2040 3387 2095 quoque
3414 2026 3572 2081 vicis-

1943 2104 2052 2159 sim
2079 2105 2324 2167 ministri
2353 2108 2602 2165 infucata
2626 2112 2841 2168 debent
2877 2115 3142 2187 episcopo
3171 2134 3270 2171 suo
3302 2117 3574 2192 obsequia

1944 2199 2230 2256 exhibere.

2015 2293 2189 2348 XVIII.
2239 2295 2536 2351 Ianuarius
2581 2298 2878 2371 episcopus
2918 2300 3061 2357 dixit
3099 2319 3111 2357 :
3156 2303 3295 2359 Illud
3346 2322 3576 2378 quoque

1944 2387 2215 2442 sanctitas
2245 2396 2429 2444 vestra
2469 2394 2699 2458 statuat,
2739 2396 2801 2446 ut
2833 2394 2977 2448 nulli
3007 2396 3268 2469 episcopo
3297 2399 3464 2454 liceat
3493 2401 3574 2455 al-

1943 2479 2119 2534 terius
2162 2481 2411 2554 episcopi
2459 2483 2698 2538 civitatis
2742 2486 3076 2542 ministrum
3129 2490 3572 2548 ecclesiasticum

1942 2572 2265 2643 sollicitare,
2321 2581 2383 2630 ut
2430 2576 2490 2630 in
2542 2594 2643 2631 sua
2694 2578 2917 2634 dimcesi
2967 2581 3232 2637 ordinare
3275 2585 3570 2653 clericum,

1943 2667 2077 2736 quia
2106 2684 2170 2722 ex
2195 2667 2284 2721 his
2304 2670 2764 2725 contentionibus
2789 2673 2975 2727 solent
2994 2675 3149 2728 nasci
3171 2676 3484 2732 discordiae.
3510 2681 3576 2734 Et

1943 2759 2072 2813 ideo
2097 2760 2394 2830 prohibeat
2415 2763 2678 2818 omnium
2701 2767 3000 2837 sententia,
3022 2784 3095 2824 ne
3113 2769 3240 2840 quis
3261 2770 3366 2825 hoc
3388 2773 3572 2827 facere

1943 2853 2167 2908 audeat.

2015 2947 2142 3000 XIX.
2174 2947 2336 3003 Osius
2365 2949 2662 3022 episcopus
2696 2951 2840 3007 dixit
2870 2969 2884 3006 :
2924 2955 2992 3008 Et
3025 2954 3134 3009 hoc
3160 2956 3407 3012 universi
3441 2975 3575 3013 con-

1944 3039 2248 3108 stituimus,
2293 3046 2354 3096 ut
2398 3043 2724 3114 quicunque
2769 3061 2835 3099 ex
2882 3047 2991 3100 alia
3029 3049 3300 3118 parochia
3338 3051 3579 3106 voluerit

1942 3133 2192 3188 alienum
2233 3135 2559 3190 ministrum
2585 3137 2704 3191 sine
2727 3154 3001 3193 consensu
3032 3141 3284 3213 episcopi
3303 3142 3498 3213 ipsius,
3521 3147 3577 3197 et

1942 3227 2065 3281 sine
2102 3228 2390 3284 voluntate
2419 3229 2703 3299 ordinare,
2733 3248 2851 3287 non
2882 3232 2954 3286 sit
2991 3238 3114 3288 rata
3145 3236 3424 3292 ordinatio
3452 3237 3575 3307 ejus

1942 3319 2275 3392 Quicunque
2325 3326 2514 3377 autem
2564 3323 2670 3378 hoc
2717 3328 3079 3396 usurpaverit
3119 3345 3151 3381 a
3201 3329 3469 3384 fratribus
3519 3334 3578 3385 et

1940 3414 2286 3485 coepisc0pis
2312 3415 2519 3470 nostris
2551 3417 2851 3473 admoneri
2891 3425 2947 3474 et
2976 3421 3185 3492 corrigi
3212 3421 3400 3477 debet.

2011 3509 2116 3562 ΧΧ.
2185 3508 2434 3562 Cletitius
2499 3509 2797 3581 cpisc0pus
2868 3513 3066 3568 dixit:
3128 3516 3249 3568 Non
3299 3517 3573 3586 ignoratis

1939 3605 2158 3671 quanta
2182 3606 2238 3655 et
2265 3602 2449 3673 qualis
2475 3602 2549 3656 sit
2576 3603 3165 3662 Tliessalonicensium
3187 3609 3399 3677 civitas,
3423 3626 3573 3681 saepe

1939 3694 2093 3748 enim
2121 3694 2192 3748 ad
2225 3711 2353 3749 eam
2382 3695 2618 3750 veniunt
2649 3714 2717 3750 ex
2745 3698 2871 3752 aliis
2896 3701 3227 3771 regionibus
3256 3703 3568 3774 presbyteri

1939 3792 1996 3840 et
2024 3787 2268 3858 diaconi,
2303 3794 2359 3843 et
2389 3805 2506 3844 non
2550 3794 2684 3843 sunt
2715 3793 2987 3859 contenti,
3023 3797 3085 3845 ut
3126 3795 3283 3848 brevi
3315 3801 3570 3866 tempore

1939 3885 2320 3948 remorentur,
2370 3886 2468 3936 aut
2511 3883 2796 3938 resideant
2837 3883 2938 3951 ibi,
2976 3889 3074 3939 aut
3118 3892 3270 3940 certe
3314 3887 3406 3941 vix
3447 3891 3572 3957 post

1940 3974 2114 4043 longa
2141 3975 2321 4045 spatia
2351 3976 2424 4030 ad
2451 3993 2554 4031 sua
2583 3975 2766 4031 redire
2795 3981 3095 4047 coguntur.
3127 3978 3381 4033 Universi
3412 3981 3567 4035 dixe-

1940 4072 2071 4120 runt
2099 4085 2111 4121 :
2144 4071 2210 4124 Et
2238 4073 2497 4141 tempora
2525 4087 2653 4142 qute
2683 4070 2986 4126 constituta
3012 4077 3144 4126 sunt
3173 4073 3318 4126 circa
3349 4074 3567 4145 episco-

1939 4177 2055 4229 pus,
2089 4164 2146 4214 et
2173 4177 2308 4234 erga
2335 4163 2544 4218 horum
2569 4181 2840 4234 personas
2863 4165 3148 4220 observari
3179 4166 3408 4222 debent.

2008 4256 2138 4310 ΧΧΙ.
2167 4256 2328 4311 Osius
2371 4258 2666 4328 episcopus
2703 4258 2846 4312 dixit
2877 4275 2890 4313 :
2925 4259 3284 4330 Suggerente
3311 4261 3485 4317 fratre
3515 4267 3571 4316 et

1938 4349 2270 4420 coepiscopo
2293 4355 2486 4406 nostro
2519 4351 2802 4422 Olympio,
2831 4353 2939 4406 hoc
2971 4353 3143 4406 etiam
3175 4354 3406 4423 placuit,
3443 4360 3503 4409 ut
3523 4356 3570 4409 si

1937 4442 2141 4513 aliquis
2168 4443 2281 4497 vim
2312 4461 2612 4514 perpessus
2644 4448 2729 4499 est
2755 4449 2812 4499 et
2841 4445 3036 4516 inique
3065 4448 3318 4517 pulsatus
3339 4465 3443 4518 pro
3464 4449 3574 4502 dis-

198 4540 264 4593 tis
307 4538 588 4610 episcopis
623 4555 822 4592 causas
862 4555 981 4592 esse
1028 4539 1338 4593 dicturum.
1378 4538 1634 4593 Universi
1677 4538 1836 4593 dixe-
1859 4524 1919 4596 D
1943 4534 2148 4605 ciplina
2174 4537 2259 4591 vel
2283 4536 2556 4592 catholica
2588 4538 2942 4606 defensione,
2982 4541 3068 4594 vel
3093 4540 3452 4594 confessione
3475 4559 3570 4596 ve-

201 4638 334 4686 runt
363 4649 376 4685 :
413 4633 530 4686 Hoc
559 4635 836 4686 statutum
881 4637 934 4686 et
964 4649 1163 4702 pacem
1206 4631 1472 4699 servabit,
1516 4636 1571 4686 et
1599 4649 1834 4687 concor-

201 4725 355 4780 diam
384 4725 686 4781 custodiet.

267 4820 428 4873 XVII.
459 4818 620 4872 Osius
649 4818 947 4891 episcOpus
971 4818 1113 4873 dixit
1143 4837 1155 4873 ε
1189 4819 1345 4883 Quod
1369 4837 1462 4874 me
1497 4820 1682 4874 adhuc
1709 4837 1833 4875 mo-

198 4916 290 4966 vet
316 4911 558 4966 reticere
588 4928 702 4966 non
729 4911 931 4967 debeo.
961 4912 1018 4967 Si
1061 4911 1361 4984 episcopus
1391 4913 1518 4983 quis
1542 4913 1689 4968 forte
1723 4913 1835 4968 ira-

199 5006 422 5060 cundus
450 5005 618 5077 (quod
651 5021 770 5060 esse
803 5022 915 5060 non
940 5006 1130 5074 debet)
1163 5005 1301 5074 cito,
1334 5009 1432 5058 aut
1458 5023 1658 5076 aspere
1679 5023 1834 5061 com-

199 5102 496 5154 moveatur
512 5099 779 5154 adversus
793 5098 1210 5171 presbyterum,
1235 5101 1333 5153 aut
1355 5097 1656 5154 diaconum
1671 5117 1838 5155 suum

1941 4629 2116 4683 ritatis
2142 4629 2369 4700 fugiens
2413 4629 2665 4701 pericula
2710 4631 3002 4698 innocens,
3059 4637 3115 4686 et
3161 4632 3457 4686 devolutus
3498 4634 3570 4688 ad

1940 4722 2106 4777 aliam
2136 4723 2358 4778 venerit
2387 4723 2671 4779 civitatem
2703 4741 2819 4779 non
2841 4725 3217 4796 prohibeatur
3245 4725 3568 4795 immorari,

1939 4817 2188 4888 quandiu
2231 4821 2329 4871 aut
2355 4817 2544 4871 redire
2573 4817 2823 4888 potuerit
2852 4822 2949 4872 aut
2991 4819 3200 4890 injuria
3226 4820 3348 4891 ejus
3381 4835 3566 4875 reme-

1939 4910 2099 4964 dium
2131 4909 2432 4980 acceperit.
2469 4911 2685 4965 Durum
2722 4915 2808 4965 est
2831 4912 2984 4966 enim
3025 4912 3124 4983 qui
3147 4913 3569 4984 persecutiones

1938 5004 2157 5075 patitur
2181 5020 2296 5058 non
2328 5003 2526 5075 recipi.
2571 5003 2753 5059 Etiam
2793 5009 2852 5059 et
2883 5005 3044 5076 larga
3084 5006 3475 5062 benevolentia
3513 5010 3570 5062 et

1939 5097 2267 5153 humanitas
2296 5100 2380 5152 est
2405 5097 2458 5152 ei
2483 5097 2825 5153 exhibenda.

1005 5393 1399 5459 INCIPIUNT
1442 5394 1835 5462 CAPITULA
1879 5396 2215 5486 CONCILII
2258 5396 2766 5462 ANTIOCHENI.

279 5550 322 5600 I.
356 5548 474 5602 Non
507 5547 675 5603 licere
701 5549 912 5604 Pascha
942 5548 1162 5606 diverso
1200 5554 1456 5621 tempore
1497 5551 1705 5620 facere,
1735 5569 1832 5609 ne-

198 5656 307 5709 que
334 5658 465 5694 cum
493 5642 699 5696 Iudaeis
733 5643 1041 5698 celebrare.

270 5736 316 5786 2.
353 5735 472 5788 Non
491 5735 657 5790 licere
677 5737 1145 5792 communionem
1167 5737 1417 5792 ecclesias
1438 5744 1828 5808 contemnere,

200 5830 295 5878 aut
323 5829 829 5884 excommunicatis
858 5830 1302 5886 communicare.

2007 5557 2059 5608 3.
2095 5555 2215 5608 Non
2247 5552 2458 5608 debere
2485 5552 2754 5607 clericum
2784 5553 2856 5607 ad
2895 5550 3191 5608 ecclesiam
3221 5547 3564 5619 migrantem

1933 5646 2010 5701 ibi
2043 5663 2425 5718 perseverare.

2000 5741 2054 5795 4.
2083 5741 2206 5795 Non
2236 5741 2406 5796 licere
2437 5741 2700 5812 episcopo
2721 5741 2806 5794 vel
2834 5738 3098 5810 cuiquam
3126 5735 3352 5806 clerico,
3383 5734 3428 5791 si
3461 5753 3564 5792 ex-

1932 5838 2261 5890 auctoratus
2285 5833 2479 5904 fuerit,
2502 5833 2846 5889 ministrare.
