4026 6166
562 317 666 375 2'79

1440 321 1723 378 APPEND.
1764 323 1854 378 AD
1892 323 2052 380 SAEC.
2096 324 2182 379 IX.
2215 353 2283 364 —-
2322 324 2571 381 lSlDORl
2607 324 3038 382 MERCATORlS
3768 342 3847 394 280

629 430 681 480 5.
714 427 838 481 Non
857 426 1022 482 licere
1041 425 1260 480 clericis
1289 431 1617 500 contempto
1646 431 1906 503 episcopo
1926 447 2186 488 seorsum
2209 445 2267 517 Α
2359 436 2444 487 17.
2474 433 2552 487 De
2581 432 2860 504 episcopis
2891 433 2989 505 qui
3032 437 3268 504 accepta
3303 450 3500 492 manus
3535 437 3843 511 impositione

560 535 620 573 se
647 519 935 591 colligere.

629 615 682 666 6.
715 613 791 666 De
817 614 1342 670 excommunicatis.

629 709 684 760 7.
711 706 939 761 Nullum
965 707 1332 778 peregrinum
1365 708 1578 780 absque
1609 710 1886 782 episcopis
1914 713 2138 785 suscipi.

627 800 679 852 8.
708 800 779 853 Ut
806 798 1064 870 epistola
1089 817 1122 854 a
1154 802 1270 856 solo
1303 801 1634 874 coepiscopo
1659 803 1817 860 ﬁant.

628 893 682 947 9.
713 893 788 945 De
813 892 1263 964 metropolitanis
1285 894 1579 966 episcopis.

632 987 715 1040 l0.
751 986 830 1038 De
857 986 1227 1057 coepiscopis.

631 1081 715 1131 ll.
751 1078 830 1133 De
868 1079 955 1132 his
993 1080 1266 1151 episcopis
1313 1082 1397 1135 vel
1432 1082 1646 1137 clericis
1692 1085 1790 1156 qui
1827 1086 1947 1142 sine
1988 1087 2187 1144 litteris

553 1170 950 1242 episcoporum
976 1172 1048 1225 ad
1076 1172 1479 1243 imperatorem
1507 1176 1743 1232 vadunt.

629 1267 713 1318 l2.
745 1265 819 1317 De
852 1264 1130 1336 episcOpis
1159 1268 1248 1320 vel
1277 1267 1496 1322 clericis
1523 1270 1809 1340 depositis.

630 1359 716 1412 l3.
743 1357 868 1412 Non
894 1357 1064 1414 licere
1091 1358 1373 1432 episc0pis
1399 1361 1460 1415 in
1486 1362 1668 1418 aliena
1698 1364 1992 1435 provincia
2022 1367 2182 1424 cleri-

552 1466 648 1504 cos
679 1450 962 1506 ordinare.

625 1549 711 1602 14.
745 1549 824 1602 De
851 1548 1122 1620 episcopis
1147 1551 1444 1607 accusatis.

625 1645 711 1696 15.
743 1641 820 1696 De
848 1642 1054 1713 quibus
1083 1661 1274 1714 supra.

625 1737 708 1790 l6.
742 1734 819 1788 De
849 1735 1122 1808 episcopis
1151 1736 1499 1792 vacantibus.

2289 541 2408 580 non
2437 526 2805 596 acquiescunt
2831 527 3114 598 suscipere
3141 527 3532 586 ministerium.

2365 622 2450 673 18.
2479 619 2559 674 De
2585 619 2673 672 his
2702 618 2907 690 quibus
2933 636 3127 692 supra.

2363 713 2448 766 19.
2476 712 2602 766 Νοη
2639 712 2809 768 licere
2848 712 2970 768 sine
3021 713 3257 769 consilio
3312 717 3712 788 metropolitani
3755 724 3847 795 epi-

2288 805 2441 876 scopi
2470 805 2800 876 episcopum
2830 805 3107 861 ordinari.

2360 900 2449 952 20.
2481 898 2551 952 Ut
2578 898 2666 951 bis
2690 897 2749 951 in
2781 914 2933 953 anno
2961 899 3211 970 synodus
3236 900 3566 958 celebretur.

2357 991 2446 1044 2i.
2476 990 2819 1062 Episcopum
2859 991 2930 1048 de
2973 991 3198 1048 dioecesi
3242 994 3315 1049 ad
3355 994 3628 1052 dioecesim
3651 1015 3747 1055 non
3771 1001 3848 1057 de-

2287 1085 2425 1142 bere
2445 1087 2712 1142 transire.

2357 1189 2447 1240 22.
2476 1185 2820 1257 Episcopum
2851 1203 2968 1242 non
2999 1187 3208 1244 debere
3238 1189 3299 1244 in
3322 1190 3561 1247 alienam
3589 1193 3776 1252 irruere
3798 1200 3853 1253 ci-

2281 1279 2540 1334 vitatem.

2355 1374 2442 1426 23.
2476 1372 2747 1443 Episcopo
2778 1390 2892 1428 non
2936 1374 3106 1429 licere
3153 1391 3528 1433 successorem
3553 1379 3649 1435 sibi
3681 1384 3845 1438 consti-

2282 1470 2466 1520 tuere.

2360 1559 2450 1612 24.
2482 1559 2556 1614 De
2578 1559 2749 1614 rebus
2774 1560 3160 1616 ecclesiasticis
3186 1566 3245 1617 et
3268 1563 3677 1635 episcopalibus.

2353 1655 2439 1705 25.
2470 1651 2810 1722 EpiscOpum
2840 1653 3051 1709 habere
3082 1659 3416 1725 potestatem
3434 1657 3492 1713 in
3522 1659 3677 1714 rebus
3703 1661 3846 1717 eccle-

2281 1742 2518 1798 siasticis
2547 1744 2917 1816 exponendis.

2023 1854 2433 1869 ψ

1356 1941 1706 2015 INCIPIT
1786 1943 2313 2015 CONCILIUM
2392 1945 3122 2019 ANTIOCHENUM.

616 2083 816 2140 Sancta
857 2090 916 2141 et
953 2088 1312 2158 pacatissima
1349 2093 1594 2161 synodus
1625 2094 1687 2148 in
1728 2109 1911 2150 unum
1936 2111 2178 2166 congre-
2199 2089 2257 2161 B
2280 2092 2663 2149 turbationem
2689 2096 3066 2151 Ecclesiarum
3096 2113 3351 2154 seorsum
3379 2100 3646 2171 colligere,
3675 2104 3725 2156 et
3748 2119 3848 2156 cum

544 2180 692 2246 gata,
728 2177 815 2231 his
843 2179 940 2248 qui
967 2196 1070 2250 per
1099 2182 1350 2253 singulas
1375 2186 1694 2254 provincias
1725 2194 1857 2243 sunt
1893 2189 2176 2243 unanimis

545 2270 752 2324 sanctis
783 2276 840 2326 et
869 2273 1365 2330 consacerdotibus
1395 2277 1454 2330 in
1487 2279 1726 2335 Domino
1753 2281 2014 2336 salutem.
2044 2282 2178 2336 Gra-

543 2361 625 2415 tia
654 2367 710 2416 et
734 2363 939 2418 veritas
966 2367 1098 2421 Jesu
1124 2367 1332 2423 Christi
1376 2370 1601 2425 Domini
1642 2376 1699 2427 et
1740 2373 2038 2429 Salvatoris
2068 2391 2174 2430 no-

545 2455 644 2508 stri
671 2461 921 2512 sanctam
954 2460 1374 2517 Antiochenam
1414 2465 1720 2520 Ecclesiam
1752 2467 2004 2535 visitans,
2033 2472 2091 2522 et
2114 2470 2175 2524 in

546 2564 725 2603 unum
745 2557 1086 2607 connectens
1102 2570 1205 2625 per
1215 2558 1579 2614 concordiam
1593 2561 2175 2634 pacatissimispiritus

541 2643 726 2697 multa
769 2644 1003 2715 quidem
1044 2652 1103 2701 et
1141 2649 1253 2704 alia
1295 2652 1525 2720 perfecit
1557 2653 1617 2706 in
1648 2655 1914 2709 omnibus
1956 2663 2168 2712 autem.

540 2740 890 2805 suggerente
919 2741 1116 2794 sancto
1145 2744 1201 2795 et
1226 2743 1461 2812 pacifica
1480 2744 1704 2815 spiritu,
1727 2747 1898 2801 etiam
1923 2748 2030 2802 hoc
2051 2765 2176 2818 per-

539 2827 690 2893 fecit,
723 2835 787 2883 ut
812 2847 942 2900 qua
962 2831 1078 2885 visa
1118 2839 1250 2888 sunt
1289 2840 1441 2890 recte
1472 2838 1738 2893 constitui
1767 2856 1897 2894 cum
1929 2841 2173 2911 plurima

541 2921 997 2978 consideratione
1039 2931 1096 2979 et
1133 2925 1349 2995 judicio
1395 2945 1513 2983 una
1555 2947 1686 2985 cum
1713 2933 1978 2988 omnibus
2005 2935 2171 2990 nobis

537 3012 897 3070 Antiochiam
923 3033 993 3071 ex
1019 3017 1256 3072 diversis
1298 3022 1600 3091 provinciis
1628 3024 1688 3079 in
1715 3042 1895 3081 unum
1924 3028 2170 3083 collectis

539 3106 815 3178 episcopis
842 3109 902 3163 in
927 3115 1168 3166 vestram
1200 3113 1466 3170 notitiam
1503 3116 1850 3187 deferantur,
1885 3121 2168 3176 credimus

537 3202 732 3254 autem
766 3203 964 3272 gratia
994 3205 1215 3260 Domini
1243 3211 1300 3263 et
1325 3208 1563 3280 Spiritui
1591 3216 1783 3266 sancto
1810 3213 1984 3283 pacis,
2013 3215 2168 3286 quod

537 3291 645 3361 ipsi
669 3295 1066 3365 conspirabitis
1111 3299 1277 3354 nobis
1305 3305 1580 3373 tanquam
1616 3304 1674 3357 in
1714 3321 1894 3360 unam
1921 3307 2169 3363 fuissetis

535 3385 820 3456 virtutem,
851 3391 910 3442 et
936 3390 1234 3447 nobiscum
1265 3394 1624 3450 orationibus
1647 3397 1967 3455 adnitentes
1979 3402 2166 3472 magis

2274 2187 2483 2241 Judais
2509 2189 2724 2242 Pascha
2752 2189 3032 2244 voluerint
3063 2191 3375 2262 celebrare,
3418 2195 3564 2248 hunc
3592 2199 3758 2249 sancta
3777 2212 3845 2264 sy-

2274 2279 2462 2334 nodus
2485 2280 2611 2350 jam
2639 2281 2893 2336 alienum
2939 2282 3009 2337 ab
3048 2284 3293 2339 Ecclesia
3318 2302 3440 2341 esse
3462 2287 3733 2357 judicabit,
3760 2292 3851 2341 tan-

2275 2387 2447 2442 quam
2477 2389 2609 2428 eum
2633 2375 2731 2445 qui
2755 2391 2870 2429 non
2897 2375 3080 2430 solum
3126 2378 3346 2448 proprii
3390 2379 3596 2450 peccati
3630 2396 3746 2434 reus
3777 2381 3846 2445 sit,

2275 2465 2372 2520 sed
2385 2465 2624 2520 aliorum
2641 2473 2920 2538 corrupta
2937 2469 3146 2524 mentis
3169 2472 3611 2528 conversationis
3629 2473 3847 2543 supplan-

2274 2561 2422 2612 tator
2441 2559 2738 2615 exstiterit.
2773 2562 2838 2615 Et
2875 2545 3012 2616 non‘
3036 2563 3219 2616 solum
3275 2564 3595 2636 hujusmodi
3624 2566 3802 2637 deponi
3822 2583 3847 2619 a

2272 2651 2590 2706 sacerdotio
2631 2657 2687 2708 et
2712 2653 3026 2708 ministerio
3045 2655 3229 2725 jubet,
3263 2658 3365 2712 sed
3397 2675 3490 2713 eos
3514 2660 3607 2730 qui
3632 2659 3738 2713 ausi
3755 2659 3845 2712 fue-

2272 2744 2390 2797 rint
2412 2745 2501 2798 his
2527 2746 2944 2802 communicare
2974 2753 3102 2818 post
3126 2748 3573 2807 damnationem.
3602 2751 3844 2824 Depositus

2271 2839 2464 2891 autem
2494 2838 2664 2893 etiam
2694 2838 2918 2894 honore
2939 2839 3038 2911 qui
3055 2841 3408 2899 extrinsecus
3423 2849 3503 2900 est
3515 2845 3707 2916 privari
3721 2860 3843 2914 opor-

2269 2931 2351 2983 tet
2375 2946 2546 3000 quem
2575 2937 2798 2986 sanctus
2824 2948 3004 2988 canon
3035 2937 3092 2988 et
3119 2935 3219 2989 Dei
3249 2938 3625 2994 sacerdotium
3660 2952 3842 3010 prome-

2269 3021 2407 3077 ruit.

2342 3116 2406 3169 ll.
2436 3114 2646 3170 Omnes
2677 3117 2773 3188 qui
2801 3117 3206 3189 ingrediuntur
3258 3123 3550 3179 ecclesiam
3577 3124 3684 3193 Dei,
3713 3127 3760 3178 et
3781 3139 3842 3176 sa-

2267 3223 2393 3263 cras
2419 3208 2734 3279 Scripturas
2763 3211 3024 3283 audiunt,
3058 3230 3175 3267 non
3203 3220 3400 3271 autem
3427 3233 3553 3272 cum
3591 3215 3838 3288 populoin

2266 3300 2520 3357 oratione
2568 3304 3019 3373 communicant,
3069 3312 3404 3364 aversantur
3433 3316 3617 3366 autem
3639 3315 3841 3364 sanctam

2267 3394 2714 3466 assumptionem
2743 3397 3024 3453 Dominici
3062 3403 3409 3457 sacramenti
3451 3403 3738 3458 secundum
3761 3402 3837 3456 ali-

808 3451 817 3456 ,
1698 3451 1703 3452 ,
1756 3451 1759 3452 ν
1796 3451 2161 3472 ___--_____O__
2459 3451 2479 3466 ,
2804 3451 2807 3452 ν
3064 3451 3409 3457 ηηῇῄη
3451 3451 3819 3458 __-_______

533 3482 729 3534 autem
749 3481 976 3550 muniti,
1006 3487 1064 3538 et
1101 3484 1160 3539 in
1186 3485 1404 3556 Spiritu
1433 3492 1627 3544 sancto
1669 3495 1968 3561 prasente,
1991 3494 2037 3548 si
2060 3494 2159 3549 iis-
2186 3451 2240 3526 Ο
2266 3504 2436 3559 quam
2473 3489 2769 3559 Propriam
2811 3491 3194 3562 ἀίεοίΡῙίΠειων
3227 3494 3336 3550 hos
3364 3496 3434 3552 ab
3463 3497 3679 3553 ΘεοῙθεὶθ
3709 3493 3840 3565 abii“

535 3571 665 3625 dem
692 3572 828 3643 ipsis
846 3591 972 3645 qua
993 3575 1230 3632 deﬁnita
1244 3585 1394 3648 sunt,
1423 3583 1859 3653 consentientes,
1879 3589 1935 3641 et
1949 3603 2017 3642 ea
2036 3604 2162 3658 qua

529 3665 649 3719 visa
679 3670 828 3735 sunt,
861 3673 1017 3723 recta
1046 3671 1382 3727 roborantes
1413 3691 1692 3732 consensu
1718 3680 1898 3735 sancti
1919 3681 2160 3752 Spiritus

529 3759 954 3828 consignabitis.
977 3765 1118 3818 Sunt
1134 3768 1328 3820 autem
1352 3769 1617 3838 praﬁniti
1635 3788 1882 3828 canones
1899 3774 2160 3830 ecclesia-

529 3855 652 3910 stici
679 3857 738 3910 hi
765 3858 861 3928 qui
885 3859 1037 3916 infra
1065 3868 1198 3919 sunt
1215 3865 1431 3937 scripti,
1450 3884 1590 3938 quos
1605 3869 2016 3926 subterinserti
2032 3889 2158 3942 pro-

525 3950 853 4020 mulgavere
899 3954 1167 4025 episcopi,
1209 3959 1503 4026 Eusebius,
1549 3963 1880 4030 Archelaus,
1932 3966 2153 4031 Aineas,

525 4042 898 4111 Macedonius,
925 4047 1139 4116 Niceta,
1169 4050 1402 4118 Esicius,
1452 4053 1674 4120 Bassus,
1703 4056 2033 4125 Antiochus,
2061 4059 2152 4111 Ja-

526 4135 718 4201 cobus,
747 4138 977 4206 Moyses,
1010 4141 1321 4211 Agaphius,
1353 4146 1572 4212 Petrus,
1601 4147 1892 4216 Mocinius,
1919 4150 2156 4205 Alexan-

524 4221 643 4289 der,
694 4224 1000 4292 Narcissus,
1049 4229 1330 4299 Etherius,
1390 4234 1684 4303 Patricius,
1742 4237 1993 4304 Siricius,
2040 4240 2150 4294 Ma-

525 4331 692 4384 gnus,
720 4318 942 4385 Paulus,
974 4321 1326 4390 Eustachius,
1356 4325 1643 4395 Manicius,
1675 4331 1891 4401 Petrus,
1922 4333 2148 4404 Paulus,

519 4407 796 4477 Theurus,
840 4411 1130 4480 Municius,
1177 4415 1455 4487 Aliphius,
1487 4422 1706 4489 Petrus,
1755 4425 2151 4481 Tarcodunan-

520 4505 631 4570 tus,
661 4504 1015 4574 Anatholius,
1063 4508 1410 4580 Theodorus,
1441 4513 1596 4569 Alius
1635 4517 1911 4586 Theurus,
1940 4520 2146 4577 Sirion.

517 4595 599 4649 Ex
628 4599 932 4666 provinciis
953 4601 1127 4672 Syria
1154 4603 1321 4660 cales
1347 4609 1403 4662 et
1430 4607 1712 4664 Phoenicis
1732 4611 1879 4666 veris
1902 4613 2144 4683 Arabia,

516 4689 947 4762 Mesopotamia,
963 4698 1020 4750 et
1044 4696 1168 4752 hac
1187 4700 1601 4758 constituerunt
1620 4719 1750 4775 quae
1774 4704 1922 4761 infra
1941 4708 2149 4780 scripta

517 4784 669 4836 sunt.

585 4875 717 4932 CAP.
734 4879 775 4933 Ι.
795 4879 1006 4936 Omnes
1033 4885 1132 4954 qui
1157 4887 1375 4943 audent
1400 4889 1702 4948 dissolvere
1733 4893 1991 4966 regulam
2017 4912 2144 4951 san-

515 4968 590 5022 cti
611 4974 668 5024 et
687 4973 882 5042 magni
913 4977 1135 5032 concilii
1155 4979 1389 5051 Nicani,
1420 4986 1574 5054 quod
1602 4986 1953 5042 celebratum
1979 4993 2064 5044 est
2085 4990 2145 5045 in

513 5062 822 5130 praesentia
847 5064 946 5119 Dei
966 5069 1345 5125 amantissimi
1375 5075 1726 5130 Constantini
1752 5076 2141 5148 imperatoris,

515 5148 586 5202 de
613 5154 803 5205 sancta
849 5156 908 5206 et
949 5155 1175 5211 salutari
1220 5159 1516 5216 festivitate
1547 5165 1801 5220 Paschali
1844 5165 2144 5223 Salvatoris

513 5239 708 5308 nostri,
737 5245 1262 5303 excommunicatos
1304 5254 1361 5304 et
1387 5251 1638 5321 abjectos
1673 5270 1793 5308 esse
1838 5255 2046 5310 debere
2071 5257 2141 5311 ab

510 5333 772 5402 Ecclesia,
805 5336 1049 5393 maxime
1068 5338 1114 5393 si
1142 5349 1506 5412 perseverent
1529 5345 1713 5401 studio
1756 5349 2142 5404 contentionis

510 5427 582 5482 ad
607 5428 987 5487 subvertenda
1029 5449 1100 5488 ea
1127 5451 1258 5506 qua
1302 5437 1516 5508 Optime
1561 5440 1871 5497 constituta
1898 5447 2052 5498 sunt.
2075 5446 2142 5500 Et

507 5520 630 5576 hac
660 5522 894 5593 quidem
921 5525 1069 5582 dicta
1097 5532 1234 5584 sunt
1252 5529 1322 5585 de
1346 5531 1520 5587 laicis.
1537 5533 1802 5590 Siautem
1822 5537 2140 5608 prapositis

509 5613 768 5672 Ecclesia
796 5618 993 5690 aliqui,
1026 5621 1084 5676 id
1113 5627 1218 5691 est,
1247 5625 1336 5681 vel
1361 5627 1682 5698 episcopus,
1707 5629 1795 5686 vel
1819 5631 2136 5704 presbyter,

509 5705 595 5757 vel
633 5706 902 5767 diaconus
927 5718 1060 5790 post
1089 5717 1231 5772 hanc
1253 5719 1678 5791 difﬁnitionem,
1702 5725 1759 5778 et
1775 5723 1928 5779 hunc
1944 5727 2138 5781 termi-

514 5809 652 5849 num
683 5801 800 5855 ausi
829 5805 1042 5864 fuerint
1055 5810 1116 5867 in
1135 5812 1558 5871 subversionern
1575 5817 1920 5888 populorum
1942 5821 1998 5875 θῑ
2014 5836 2139 5890 Pe!“

2263 3585 2507 3652 Oportet,
2549 3583 2729 3637 donec
2767 3584 3094 3640 conﬁtcntes
3133 3588 3383 3644 fructum
3425 3590 3744 3662 pauitantia
3769 3588 3838 3641 de-

2261 3679 2602 3746 monstrent,
2633 3680 2690 3731 et
2715 3677 3005 3748 deprecati
3033 3678 3265 3749 fuerint,
3302 3688 3368 3738 ut
3404 3684 3530 3740 data
3567 3683 3713 3738 venia
3749 3697 3839 3736 sus-

2259 3767 2371 3838 cipi
2403 3771 2752 3839 mereantur,
2787 3786 2904 3824 non
2950 3776 3142 3828 autem
3165 3773 3299 3830 licet
3345 3777 3739 3832 communicare
3763 3789 3838 3828 θι-

2259 3861 2705 3932 communicatis,
2729 3867 2915 3936 neque
2941 3881 3073 3920 cum
3098 3867 3188 3921 his
3213 3885 3321 3939 per
3346 3870 3546 3927 domos
3568 3867 3780 3941 ingredi,
3795 3871 3838 3920 et

2257 3969 2388 4007 cum
2415 3954 2493 4006 eis
2523 3970 2707 4022 orare,
2738 3957 2835 4026 qui
2865 3959 3113 4014 ecclesia
3140 3963 3492 4035 participant
3517 3965 3576 4018 in
3599 3961 3834 4023 oratione,

2257 4061 2360 4098 nec
2384 4045 2444 4100 in
2469 4047 2709 4102 alteram
2737 4050 3032 4106 ecclesiam
3061 4053 3238 4125 recipi
3268 4057 3373 4127 qui
3401 4057 3472 4112 ab
3501 4058 3609 4113 alia
3645 4069 3832 4110 excom-

2255 4139 2642 4210 municantur,
2663 4143 2816 4212 quod
2845 4144 2890 4197 si
2917 4145 3042 4215 quis
3068 4147 3246 4204 fuerit
3264 4149 3641 4222 deprehensus
3658 4148 3833 4220 episco-

2253 4248 2479 4302 porum,
2531 4234 2621 4288 vel
2672 4236 3155 4310 presbyterorum,
3217 4243 3302 4297 vel
3351 4243 3720 4310 diaconorum,
3767 4237 3832 4291 vel

2252 4325 2425 4381 etiam
2439 4327 2538 4398 qui
2551 4327 2612 4382 in
2629 4344 2845 4385 canone
2867 4330 3198 4388 detinentur
3217 4335 3704 4393 excommunicatis
3718 4347 3833 4388 com-

2249 4420 2561 4490 municare,
2596 4425 2655 4476 et
2679 4423 2831 4478 hunc
2858 4429 3086 4496 oportet
3104 4431 3509 4488 communione
3527 4427 3716 4502 privari
3739 4430 3834 4482 tan-

2248 4529 2423 4584 quam
2451 4514 2710 4571 Ecclesia
2738 4518 2963 4589 regulas
2989 4519 3459 4579 confundentem.

2317 4608 2402 4661 III.
2430 4607 2485 4662 Si
2522 4608 2651 4679 quis
2693 4611 3012 4683 presbyter,
3060 4614 3146 4670 vel
3189 4614 3479 4686 diaconus,
3519 4617 3602 4674 vel
3632 4611 3832 4688 quilibet

2246 4699 2504 4762 clericus.
2527 4701 2752 4758 deserta
2780 4720 2881 4759 sua
2905 4705 3146 4763 ecclesia
3165 4708 3238 4762 ad
3269 4709 3444 4767 aliam
3466 4706 3829 4766 transeundum

2163 4820 2223 4892 D
2245 4808 2367 4849 esse
2390 4793 2719 4866 crediderit,
2750 4802 2809 4853 et
2836 4798 2915 4854 ibi
2954 4800 3232 4871 paulatim
3257 4807 3440 4862 tentet
3473 4821 3582 4878 quo
3607 4797 3829 4874 migravit

2243 4890 2522 4958 perpetuo
2565 4905 2804 4947 manere
2843 4893 3101 4963 ulterius,
3149 4897 3474 4954 ministrare
3514 4915 3626 4954 non
3669 4894 3825 4956 debet,

2243 4981 2564 5050 prasertim
2594 4983 2639 5037 si
2668 4984 2740 5038 ab
2766 4985 3028 5058 episcopo
3055 5004 3156 5044 suo
3177 4990 3248 5045 ad
3275 4991 3665 5048 revertendum
3686 4984 3826 5044 fuerit

2244 5075 2571 5131 exhortatus
2599 5078 2770 5148 quod,
2793 5083 2849 5133 et
2874 5079 2920 5133 si
2944 5084 3076 5151 post
3103 5085 3495 5142 evocationem
3519 5086 3600 5141 sui
3614 5076 3826 5156 episcol’i

2243 5184 2361 5222 non
2388 5169 2691 5237 obedierit,
2719 5172 2818 5226 sed
2842 5172 3179 5231 inobediens
3206 5178 3652 5248 perseveraverit,
3679 5170 3826 5230 omni-

2240 5261 2407 5316 mode
2445 5263 2516 5316 ab
2565 5263 2750 5318 officio
2777 5281 2879 5321 suo
2916 5267 3128 5340 deponi
3171 5271 3401 5340 debere,
3433 5289 3535 5329 nec
3567 5264 3824 5342 aliquando

2241 5371 2400 5426 spem
2427 5355 2798 5412 restitutionis
2826 5359 3062 5419 habere.
3092 5364 3152 5420 Si
3177 5381 3311 5422 vero
3331 5371 3563 5438 propter
3590 5365 3722 5419 hanc
3735 5356 3824 5414 cul-

2239 5465 2374 5519 pam
2400 5449 2724 5520 depositum
2747 5453 2887 5508 alius
2914 5456 3209 5530 episcOpus
3234 5461 3561 5532 susceperit,
3591 5460 3645 5513 et
3673 5456 3775 5526 ipse
3797 5465 3823 5502 a-

2238 5542 2532 5597 communi
2569 5544 2790 5616 synodo
2828 5563 3056 5619 poenam
3093 5553 3407 5609 merebitur
3431 5542 3820 5623 increpationiS.

2238 5637 2510 5708 tanquam
2542 5637 2918 5697 ecclesiastica
2936 5642 3070 5713 jura
3099 5644 3427 5702 dissolvens.

2303 5730 2389 5783 IV.
2417 5729 2474 5784 Si
2519 5731 2647 5802 quis
2687 5733 2978 5807 episcopus
3013 5754 3049 5792 a
3091 5740 3304 5810 synodo
3340 5738 3510 5796 fuerit
3548 5733 3819 5809 depositus,

2235 5823 2323 5878 vel
2351 5823 2668 5896 presbyter,
2711 5828 2794 5884 vel
2821 5828 3093 5888 diaconus
3120 5848 3152 5887 a
3180 5833 3408 5907 proprio
3446 5833 3693 5906 episcopo
3715 5839 3822 5882 con-
