4026 6166
170 330 252 383 281
1387 317 1860 376 DECRETALIUM
1897 315 2283 373 COLLECTIO.

3406 317 3508 377 282

168 434 464 497 damnatus,
489 433 542 483 et
559 427 994 500 praesumpserit
1017 428 1318 484 sacerdotii
1343 444 1444 482 seu
1469 428 1616 482 sacri
1645 445 1770 498 my-
1795 440 1853 512 Α
1873 426 2080 496 quibus
2109 424 2350 478 sufficiat
2377 425 2619 480 istorum
2645 425 2872 480 tantum
2899 423 3181 496 graduum
3219 425 3508 482 licentiam

168 524 300 579 sterii
322 523 628 594 quippiam,
653 538 766 575 non
795 522 846 576 ei
872 523 1117 592 amplius
1146 522 1336 586 liceat,
1368 538 1552 591 neque
1579 521 1637 574 in
1662 521 1772 574 alia

166 617 356 688 synodo
380 631 536 686 spem
560 615 938 670 restitutionis
966 615 1201 682 habere,
1230 631 1418 686 neque
1447 614 1772 669 assertionis

167 710 380 779 alicujus
406 709 611 775 locum,
647 708 746 761 sed
777 712 835 762 et
861 707 1355 762 communicantes
1386 708 1437 761 ei
1466 706 1631 777 abjici
1656 722 1773 760 om-

165 819 250 856 nes
277 802 342 854 ab
369 796 622 866 ecclesia,
663 800 910 855 maxime
949 800 997 855 si
1039 807 1338 872 postquam
1377 802 1773 871 cognoverunt

164 892 479 949 sententiam
509 892 776 946 adversus
795 909 928 947 eum
953 891 1121 947 fuisse
1146 894 1450 964 prolatam,
1470 895 1768 946 contuma-

163 988 286 1041 citer
310 985 892 1040 communicaverunt.

224 1077 337 1152 66
364 1080 424 1133 V.
455 1078 512 1133 Si
539 1079 664 1149 quis
687 1079 983 1150 presbyter
1006 1080 1095 1133 vel
1123 1079 1392 1133 diaconus
1441 1082 1772 1150 contempto

164 1173 400 1243 episcopo
429 1172 676 1243 seipsum
701 1172 773 1226 ab
804 1172 1040 1227 ecclesia
1085 1172 1470 1243 segregaverit
1495 1176 1551 1226 et
1576 1173 1767 1243 priva-

162 1272 262 1320 tum
305 1265 453 1336 apud
495 1281 554 1319 se
599 1265 845 1320 collectis
887 1265 1110 1336 pOpulis
1145 1266 1319 1320 altare
1357 1265 1576 1334 erigere
1601 1281 1770 1318 ausus

163 1359 330 1424 fuerit,
357 1362 413 1412 et
453 1358 826 1412 nihilominus
864 1359 1131 1429 episcopo
1173 1375 1278 1412 suo
1319 1357 1680 1423 exhortante,
1714 1363 1771 1411 et

163 1450 312 1504 semel
351 1455 407 1503 et
455 1451 667 1504 iterum
710 1455 1013 1506 revocante
1063 1451 1396 1506 inobediens
1456 1449 1765 1515 exstiterit;

162 1544 290 1597 hunc
325 1543 511 1598 modis
556 1544 821 1598 omnibus
862 1544 1288 1615 deponendum,
1329 1559 1432 1598 nec
1464 1543 1767 1614 aliquando

161 1636 401 1708 consequi
430 1637 814 1699 curationem,
847 1641 945 1692 aut
969 1637 1269 1709 pr0prium
1308 1637 1590 1692 honorem
1620 1636 1765 1691 reci-

161 1745 272 1800 pere
301 1736 504 1800 speret.
538 1731 699 1794 Quod
744 1731 791 1784 si
834 1731 1008 1786 etiam
1060 1731 1519 1801 perseveraverit,
1547 1733 1769 1801 pertur-

1875 517 2180 588 accepisse.
2210 519 2330 570 Non
2370 523 2558 572 autem
2602 518 3024 588 presbyterum,
3055 534 3172 572 non
3200 519 3509 574 diaconum

1872 611 2120 665 audeant
2153 609 2419 664 ordinare
2450 615 2660 680 prater
2695 610 3097 664 conscientiam
3141 611 3391 682 episcopi
3428 613 3506 666 ci-

1870 703 2074 769 vitatis,
2116 704 2206 757 vel
2232 701 2481 757 ecclesia
2507 701 2597 756 cui
2625 702 2888 772 adjacens
2915 704 3218 769 invenitur,
3252 719 3353 758 seu
3385 704 3506 775 ipse

1870 811 1970 850 seu
1997 796 2156 866 regio
2186 795 2244 848 in
2275 811 2388 866 qua
2429 811 2675 865 praesse
2704 795 3075 865 dignoscitur.
3109 797 3271 860 Quod
3299 798 3345 850 si
3379 799 3506 868 quis

1870 887 2231 958 pravaricari
2279 904 2449 942 ausus
2495 887 2671 942 fuerit
2718 889 3040 955 constituta,
3093 889 3306 960 deponi
3347 907 3502 957 eum,

1870 986 1927 1036 et
1953 981 2232 1051 dignitate
2258 997 2372 1052 qua
2396 981 2666 1052 praditus
2693 985 2778 1036 est
2804 981 3015 1035 debere
3046 982 3272 1051 privari.
3300 984 3502 1054 Coepi-

1871 1090 2070 1144 scopus
2097 1078 2290 1129 autem
2324 1075 2395 1128 ab
2421 1073 2684 1145 episcopo
2708 1074 2949 1129 civitatis
2975 1075 3061 1128 vel
3091 1074 3199 1129 loci
3225 1075 3317 1130 cui
3349 1075 3502 1132 idem

1869 1167 2089 1237 adjacet
2113 1166 2462 1221 ordinandus
2488 1170 2589 1221 est.

1937 1260 2024 1314 Xl.
2039 1260 2094 1315 Si
2106 1259 2232 1330 quis
2247 1260 2558 1330 episcOpus,
2573 1259 2662 1313 vel
2676 1260 2992 1331 presbyter,
3012 1261 3099 1316 vel
3111 1261 3297 1315 omnis
3317 1262 3501 1316 omni-

1869 1369 1945 1407 no
1978 1353 2076 1424 qui
2102 1359 2186 1408 est
2205 1352 2309 1406 sub
2339 1353 2714 1408 ecclesiastica
2740 1355 2942 1424 regula
2969 1354 3327 1423 constitutus,
3361 1369 3506 1426 pra-

1868 1451 1955 1499 ter
1970 1446 2274 1501 consilium
2289 1447 2377 1501 vel
2389 1446 2603 1501 litteras
2621 1462 2823 1501 eorum
2847 1447 3239 1518 episcoporum
3257 1449 3355 1519 qui
3373 1456 3505 1504 sunt

1867 1538 2020 1592 intra
2046 1538 2418 1609 provinciam,
2437 1542 2493 1594 et
2508 1539 2755 1595 maxime
2771 1541 3197 1611 metropolitani
3224 1541 3293 1594 ad
3325 1541 3504 1612 impe-

1867 1636 2120 1686 ratorem
2143 1632 2479 1703 perrexerit,
2508 1633 2662 1686 hunc
2686 1633 2936 1687 abdicari
2953 1637 3010 1687 et
3025 1633 3152 1704 ejici
3183 1650 3299 1689 non
3314 1635 3501 1689 solum

1870 1724 1941 1778 de
1963 1726 2398 1794 communione,
2421 1726 2516 1780 sed
2535 1726 2703 1780 etiam
2729 1725 2953 1796 propria
2973 1727 3250 1797 dignitate
3269 1727 3500 1798 privari,

161 1823 279 1877 bans
303 1827 569 1878 cunctam
599 1824 905 1878 Ecclesiam
956 1840 1082 1895 qua
1121 1824 1261 1879 foris
1307 1829 1410 1891 est,
1462 1825 1611 1878 hunc
1638 1828 1766 1877 tan-
1791 1804 1844 1875 Β
1867 1822 2146 1890 tanquam
2171 1819 2476 1873 molestum
2507 1824 2564 1873 et
2589 1818 2982 1889 importunum
3005 1819 3392 1890 imperialibus
3407 1838 3502 1876 au-

160 1933 304 1986 quam
330 1917 664 1971 seditiosum
683 1917 892 1988 corripi
913 1922 1156 1988 oportet.

218 2011 291 2063 Vl.
322 2010 374 2066 Si
404 2011 539 2081 quis
583 2028 616 2064 a
652 2010 884 2082 proprio
929 2010 1194 2082 episcopo
1241 2008 1767 2064 excommunicatus

158 2106 242 2168 est,
271 2119 375 2157 non
405 2120 544 2158 eum
575 2104 734 2175 prius
773 2103 844 2158 ab
894 2103 1018 2158 aliis
1043 2103 1248 2158 debere
1279 2103 1507 2173 suscipi,
1541 2101 1647 2156 nisi
1672 2107 1769 2156 aut

158 2211 292 2250 asuo
327 2197 502 2251 fuerit
546 2199 808 2268 receptus
855 2197 1140 2268 episcopo,
1192 2201 1292 2250 aut
1333 2195 1570 2250 concilio
1615 2195 1764 2250 facto

159 2289 401 2360 episcOpis
426 2295 695 2344 occurrat
740 2295 797 2345 et
832 2290 1193 2362 respondeat,
1240 2294 1298 2343 et
1340 2289 1385 2343 si
1433 2289 1644 2359 synodo
1672 2305 1763 2342 sa-

158 2382 418 2452 tisfecerit,
454 2383 762 2438 statuimus
804 2383 910 2438 sub
954 2383 1066 2438 alia
1099 2383 1378 2437 sententia
1410 2398 1542 2436 eum
1569 2382 1763 2453 recipi,

157 2475 287 2545 quod
310 2477 484 2530 etiam
519 2476 664 2530 circa
684 2476 876 2543 laicos,
911 2479 969 2530 et
995 2475 1373 2547 presbyteros,
1416 2479 1472 2528 et
1499 2475 1766 2530 diaconos

158 2571 200 2622 et
222 2585 400 2624 omnes
426 2569 533 2640 qui
559 2569 618 2623 in
657 2570 808 2624 clero
831 2573 963 2624 sunt
987 2569 1254 2624 convenit
1279 2568 1584 2623 observari.

213 2662 309 2716 V’ll.
337 2662 571 2717 Nullum
602 2662 815 2733 absque
844 2663 1086 2716 formata
1137 2661 1310 2732 (quod
1339 2661 1515 2715 Graci
1561 2661 1764 2732 episto-

157 2754 248 2808 lam
271 2755 478 2825 dicunt)
513 2755 950 2826 peregrinorum
979 2753 1309 2810 clericorum
1350 2752 1558 2824 suscipi
1591 2770 1760 2824 Opor-

157 2850 236 2900 tet.

1867 1910 2023 1964 ribus
2064 1918 2260 1965 contra
2306 1911 2672 1966 ecclesiastica
2706 1911 3036 1966 constituta.
3082 1912 3138 1967 Si
3177 1918 3365 1967 autem
3395 1931 3496 1967 ne-

1866 2005 2096 2058 cessitas
2140 2005 2294 2075 cogit
2325 2001 2401 2058 ad
2452 2005 2860 2074 imperatorem
2915 2020 3217 2059 excurrere
3266 2010 3500 2076 propter

1868 2097 2120 2168 aliquam
2169 2097 2472 2164 actionem,
2525 2113 2656 2151 cum
2709 2097 3115 2151 deliberatione
3161 2103 3218 2152 et
3259 2099 3496 2153 consilio

1865 2190 2293 2261 metropolitani
2323 2190 2497 2261 ipsius
2527 2190 2831 2257 provincia
2873 2191 3144 2261 episcopi,
3177 2194 3235 2245 et
3261 2195 3495 2246 cataro-

1866 2299 1996 2336 rum
2015 2283 2360 2338 conscientia
2389 2283 2791 2355 episcoporum
2819 2283 2918 2353 qui
2956 2283 3017 2337 in
3043 2283 3243 2338 eadem
3273 2284 3497 2354 provin-

1867 2376 1953 2430 cia
1980 2380 2114 2430 sunt
2139 2381 2308 2447 atque
2336 2392 2467 2430 cum
2496 2376 2698 2430 litteris
2722 2392 2924 2430 eorum
2950 2375 3032 2431 ire
3052 2376 3300 2433 debebit.

1934 2471 2045 2525 ΧΙΙ.
2074 2469 2130 2524 Si
2158 2469 2283 2539 quis
2307 2485 2341 2522 a
2368 2469 2601 2540 proprio
2633 2469 2904 2540 episcopo
2935 2470 3222 2540 depositus
3261 2470 3492 2544 presby-

1864 2567 1970 2628 ter,
2005 2562 2091 2616 vel
2134 2561 2420 2628 diaconus,
2468 2566 2566 2616 aut
2615 2562 2788 2616 etiam
2832 2563 2876 2615 si
2921 2579 2954 2615 a
2997 2562 3216 2633 synodo
3256 2564 3496 2634 quilibet

1865 2651 2160 2725 episcopus
2203 2654 2376 2709 fuerit
2419 2659 2830 2721 exauctoratus,
2873 2655 3192 2710 molestiam
3233 2656 3496 2727 imperia-

1862 2747 2010 2802 libus
2036 2748 2268 2802 auribus
2293 2747 2508 2802 inferre
2551 2765 2663 2802 non
2714 2754 3037 2817 praesumat,
3084 2748 3183 2803 sed
3212 2750 3282 2804 ad
3306 2750 3491 2820 majo-

1864 2857 1987 2896 rem
2015 2842 2410 2912 episcoporum
2437 2842 2716 2911 synodum
2744 2858 2865 2895 sese
2891 2845 3198 2908 convertat,
3215 2846 3270 2896 et
3289 2859 3416 2914 qua
3432 2861 3491 2898 se

1862 2937 2026 3004 putat
2045 2935 2275 3004 habere,
2300 2934 2454 3005 justa
2479 2934 2536 2988 in
2568 2951 2767 2988 eorum
2796 2935 3034 2989 concilio
3060 2937 3289 3006 alleget,
3319 2941 3492 3007 atque

1860 3027 1930 3081 ab
1962 3028 2046 3080 his
2075 3028 2145 3082 de
2165 3045 2224 3082 se
2243 3031 2529 3098 exspectet
2547 3045 2676 3098 qua
2696 3029 2871 3082 fuerit
2898 3029 3233 3099 deprompta
3258 3033 3491 3083 senten-

1863 3120 1961 3174 tia.
1991 3120 2152 3188 Quod
2193 3120 2240 3174 si
2286 3120 2554 3175 deﬁciens
2592 3121 3057 3191 pusillanimitate
3097 3122 3202 3176 hoc
3245 3122 3494 3177 noluerit

1861 3213 2067 3281 facere,
2109 3213 2205 3268 sed
2247 3208 2790 3285 imperatori‘fuerit
2841 3215 3233 3286 importunus,
3289 3216 3488 3285 hujus-

1860 3307 2019 3360 modi
2069 3307 2283 3361 nullam
2325 3307 2551 3362 veniam
2585 3307 2814 3375 habeat,
2865 3324 3051 3378 neque
3103 3310 3291 3363 locum
3344 3309 3493 3364 illius

1859 3399 2186 3454 assertionis
2212 3417 2348 3468 sua,
2383 3417 2490 3455 nec
2520 3418 2681 3472 spem
2706 3401 3018 3471 recipiendi
3045 3402 3257 3472 gradus
3283 3401 3490 3458 habeat

1860 3493 1919 3546 in
1945 3494 2226 3548 futurum.

1931 3587 2059 3640 Xlll.
2097 3587 2328 3640 Nullum
2371 3587 2705 3658 episcopum
2749 3587 2963 3643 audere
3011 3587 3221 3644 debere
3267 3603 3337 3643 ex
3382 3588 3493 3644 alia

1862 3679 2149 3750 provincia
2195 3679 2267 3733 ad
2313 3679 2484 3734 aliam
2531 3681 2837 3736 transitum
2881 3682 3089 3749 facere,
3137 3685 3196 3736 et
3231 3683 3492 3739 ordinare

1862 3773 2080 3843 aliquos
2115 3772 2374 3826 Ecclesiis
2417 3776 2519 3827 aut
2570 3773 2785 3827 referre
2836 3774 2907 3828 ad
2957 3791 3183 3830 sacrum
3231 3777 3487 3833 ministe-

1859 3865 2033 3933 rium,
2062 3882 2168 3920 nec
2205 3864 2346 3920 alios
2389 3865 2521 3920 illuc
2566 3865 2816 3920 attrahat
2845 3865 3154 3937 episcopos,
3187 3869 3295 3922 nisi
3338 3869 3487 3924 forte

1860 3976 1965 4031 per
1990 3960 2204 4014 litteras
2232 3962 2461 4030 rogatus
2487 3958 2709 4026 abierit,
2738 3975 2856 4014 non
2881 3960 3062 4014 solum
3086 3966 3281 4016 autem
3305 3979 3338 4016 θ.
3362 3978 3482 4018 me-

1859 4053 2222 4125 tropolitano,
2254 4052 2355 4107 sed
2382 4056 2439 4106 et
2467 4052 2538 4108 ab
2572 4051 2659 4107 his
2685 4052 2781 4124 qui
2815 4069 2945 4107 cum
2974 4070 3042 4108 eo
3071 4059 3204 4110 sunt
3229 4055 3492 4112 omnibus

1858 4146 2036 4217 ipsius
2065 4146 2368 4217 provincia
2408 4145 2705 4218 episcopis.
2738 4146 2897 4210 Quod
2936 4146 2982 4201 si
3015 4149 3173 4202 nullo
3213 4148 3489 4204 invitante

1858 4239 2178 4295 inordinate
2200 4240 2585 4310 superveniat,
2608 4244 2666 4294 et
2695 4240 2916 4312 aliquos
2942 4240 3030 4296 vel
3060 4241 3324 4297 ordinare
3349 4259 3493 4314 pra-

158 4337 339 4397 habere
377 4359 500 4399 sua
541 4343 796 4398 diacesis
821 4345 1161 4414 potestatem
1188 4345 1251 4396 ut
1277 4345 1436 4411 regat
1465 4344 1521 4395 et
1562 4342 1762 4412 guber.
1863 4333 2190 4404 sumpserit,
2236 4333 2324 4388 vel
2361 4333 2647 4404 quoslibet
2688 4337 2846 4388 actus
2875 4333 2957 4388 illi
2986 4333 3232 4391 ecclesia
3257 4350 3490 4409 compe-

161 4439 240 4488 net
266 4435 574 4491 secundum
612 4439 1042 4508 competentem
1081 4435 1319 4507 singulis
1357 4435 1758 4502 reverentiam,
1861 4430 2046 4482 tentes
2067 4443 2194 4497 quae
2219 4427 2288 4481 ad
2319 4442 2377 4480 se
2396 4424 2632 4482 minime
2660 4424 2970 4498 pertinent,
3005 4445 3278 4502 usurpare
3306 4436 3490 4490 tenta~

159 4531 205 4579 et
254 4529 670 4598 providentiam
727 4533 889 4601 gerat
937 4528 1122 4584 omnis
1171 4529 1426 4600 regionis
1480 4544 1607 4598 qua
1655 4527 1758 4582 sub
1778 4533 1838 4605 Ι)
1859 4519 2023 4586 verit,
2045 4536 2224 4574 vacua
2253 4519 2488 4590 quidem
2517 4525 2573 4575 et
2596 4520 2790 4574 inania
2819 4526 2988 4576 eruni-
3013 4523 3208 4579 οιηηίᾶ
3225 4540 3352 4595 quae
3370 4544 3494 4598 885-

157 4617 308 4688 ipsius
335 4626 420 4677 est
449 4622 695 4692 civitate,
724 4622 800 4676 ita
844 4627 909 4676 ut
953 4621 1124 4676 etiam
1157 4621 1422 4676 ordinare
1449 4621 1498 4675 ei
1526 4620 1758 4692 presby-
1863 4614 2019 4681 serit,
2048 4612 2171 4684 ipse
2204 4628 2336 4668 vero
2362 4612 2534 4684 hujus
2558 4612 2965 4684 indisciplinati
2993 4632 3165 4671 ausus
3192 4618 3489 4676 irrationa-

157 4714 301 4780 teres,
341 4722 397 4772 et
443 4716 714 4772 diaconos
763 4714 1042 4787 probabili
1084 4715 1300 4785 judicio
1352 4715 1541 4782 liceat,
1592 4717 1650 4769 et
1691 4713 1761 4769 de
1860 4706 1991 4762 bilis
2015 4706 2180 4778 coepti
2213 4705 2413 4776 dignas
2452 4723 2648 4761 causas
2678 4708 2960 4778 expediat,
2989 4714 3264 4782 tanquam
3307 4713 3487 4785 depo-

159 4803 367 4877 Singulis
408 4810 564 4864 illius
601 4809 850 4880 regionis
892 4808 1074 4862 causis
1110 4808 1506 4864 moderatione
1535 4812 1592 4862 et
1614 4824 1758 4878 pon-
1859 4801 2000 4855 situs
2045 4817 2078 4854 ει
2116 4799 2333 4869 synodo
2361 4803 2578 4869 Sancta,
2628 4804 2685 4855 et
2735 4807 2969 4873 propter
2995 4803 3324 4874 hujusmodi
3351 4823 3492 4878 pra-

157 4896 270 4954 dere
297 4902 630 4974 disceptare,
662 4903 807 4957 ultra
833 4905 1025 4956 autem
1056 4902 1197 4956 nihil
1216 4918 1386 4973 agere
1413 4901 1762 4972 permittitur
1860 4893 2245 4965 sumptionem
2264 4892 2387 4962 jam
2413 4893 2855 4964 pradamnatus.

158 4989 277 5046 citra
298 4995 722 5067 metropolitani
753 4995 996 5067 episcopi
1026 4994 1448 5061 conscientiam,
1490 5010 1596 5049 nec
1635 5010 1756 5050 me-
1930 4988 2062 5042 XIV.
2101 4986 2157 5043 Si
2189 4985 2316 5058 quis
2359 4985 2430 5040 de
2466 4986 2750 5058 aliquibus
2788 4988 2970 5044 causis
3008 4990 3400 5048 criminalibus
3425 4992 3487 5048 in

158 5087 507 5155 tropolitanus
550 5090 672 5144 sine
715 5092 1054 5144 caterorum
1093 5087 1309 5159 aliquid
1338 5092 1502 5158 gerat
1525 5088 1759 5143 consilio
1851 5081 2068 5153 judicio
2097 5080 2489 5152 episcoporum
2515 5080 2691 5135 fuerit
2717 5087 3028 5150 accusatus,
3062 5085 3359 5157 contingat
3383 5104 3484 5142 au-

159 5181 516 5239 sacerdotum,
1858 5181 1976 5231 tem
2019 5174 2089 5229 de
2132 5173 2267 5245 ipsis
2305 5173 2586 5246 episcopis
2628 5175 2936 5246 provincia
2973 5176 3070 5249 qui
3099 5189 3492 5239 convenerunt

215 5272 268 5327 Χ.
295 5275 622 5348 CoepiscOpi
638 5277 738 5350 qui
763 5294 969 5332 manus
995 5275 1420 5348 impositionem
1449 5274 1520 5330 ab
1547 5274 1762 5346 episco-
1860 5268 2112 5323 diversas
2156 5267 2367 5322 habere
2413 5267 2741 5338 sententias,
2791 5271 2846 5324 et
2891 5270 3032 5325 alios
3059 5271 3296 5344 quidem
3320 5275 3488 5334 iuno.

158 5363 232 5432 pis
265 5373 626 5440 susceperunt
669 5375 727 5425 et
753 5376 819 5426 ut
855 5370 1102 5442 episcopi
1134 5374 1265 5424 sunt
1306 5369 1636 5435 consecrati,
1670 5373 1755 5423 ta-
1859 5368 2085 5418 centem
2127 5378 2259 5416 eum
2301 5361 2690 5432 pronuntiare,
2735 5360 2875 5417 alios
2900 5380 3086 5432 reum,
3114 5373 3352 5437 propter
3378 5371 3489 5428 hu-

158 5471 271 5514 men
303 5463 512 5532 placuit
539 5469 746 5520 sancta
790 5464 1009 5536 synodo
1059 5479 1156 5518 eos
1196 5463 1435 5518 modum
1466 5461 1760 5534 proprium
1850 5453 2172 5527 juscemodi
2211 5452 2403 5525 itaque
2443 5455 2887 5510 controversiam
2926 5461 3337 5528 amputandam
3365 5464 3489 5533 pla~

210 2941 330 2997 Vlll.
375 2942 579 3014 Neque
620 2941 918 3014 presbyter
964 2941 1036 2996 ad
1081 2941 1344 3012 regiones
1399 2941 1757 3012 longinquas,

158 3034 409 3104 formatas,
453 3035 517 3090 id
548 3038 635 3090 est
670 3035 968 3090 canonicos
1007 3034 1288 3105 epistolas,
1322 3035 1430 3088 nisi
1469 3035 1540 3088 ad
1585 3035 1759 3089 ﬁniti-

156 3143 258 3181 mos
281 3129 573 3200 episcopos
592 3129 876 3201 simplices
896 3127 1163 3199 epistolas
1184 3127 1411 3182 mittere
1436 3133 1759 3198 prasumat,

157 3221 345 3276 vicariis
373 3238 515 3278 vero
549 3221 824 3292 episcopis
865 3221 1024 3292 quia
1050 3221 1253 3276 Gracis
1301 3220 1620 3292 coepiscopi
1663 3238 1758 3275 vo-

159 3320 347 3382 cantur,
379 3317 662 3370 formatas
686 3316 869 3370 facere
895 3314 1080 3369 liceat.

211 3409 281 3463 1X.
328 3411 430 3464 Per
486 3409 737 3480 singulas
785 3406 1108 3480 provincias
1160 3407 1452 3480 episcopos
1508 3407 1762 3480 singulos

155 3501 271 3555 scire
293 3507 538 3574 oportet,
568 3503 896 3573 episcopum
937 3502 1460 3572 metropolitanum.
1495 3501 1594 3573 qui
1623 3518 1762 3572 pra.

156 3599 225 3648 est
247 3612 432 3652 curam
462 3602 524 3651 et
556 3594 1000 3650 sollicitudinem
1031 3595 1201 3650 totius
1244 3595 1550 3666 provincia
1579 3611 1762 3648 susce-

154 3686 292 3757 pisse.
336 3691 580 3762 Propter
621 3687 778 3760 quod
821 3688 892 3743 ad
939 3688 1438 3759 metropolitanam
1477 3687 1761 3742 civitatem

154 3780 308 3836 abhis
341 3783 437 3854 qui
471 3798 669 3838 causas
713 3781 929 3837 habent
965 3786 1349 3837 concurratur.
1406 3782 1763 3852 QuaprOpter

153 3873 338 3943 placuit
370 3891 532 3943 eum,
581 3880 638 3930 et
683 3875 898 3930 honore
941 3875 1287 3946 pracellere,
1330 3880 1386 3929 et
1418 3873 1560 3928 nihil
1608 3873 1762 3928 ultra

155 3966 252 4021 sine
289 3970 552 4040 episcopo
602 3968 854 4040 reliquos
897 3969 1186 4040 episcopos
1230 3984 1400 4039 agere
1445 3968 1760 4024 secundum

156 4061 424 4133 antiquum
475 4064 704 4116 Patrum
749 4065 1076 4117 nostrorum
1128 4078 1430 4128 canonem,
1486 4059 1595 4115 nisi
1650 4061 1759 4116 hoc

154 4158 350 4211 tantum
374 4155 536 4228 quod
561 4156 870 4227 unicuique
896 4154 1144 4210 ecclesia
1162 4171 1263 4225 per
1290 4171 1448 4208 suam
1473 4155 1758 4211 dioecesim

155 4250 408 4319 competit.
447 4251 925 4321 Unumquemque
970 4249 1125 4303 enim
1159 4255 1385 4319 oportet
1430 4249 1758 4319 episcopum

158 5551 398 5624 retinere,
436 5563 490 5612 et
531 5557 854 5630 gubernare
890 5555 1214 5628 adjacentes
1256 5556 1364 5610 sibi
1407 5555 1663 5610 civitates
1705 5561 1762 5610 et

159 5657 261 5699 esse
308 5652 592 5708 contentos
651 5650 880 5723 propria
933 5650 1310 5706 sollicitudine
1369 5653 1426 5704 et
1483 5649 1761 5720 guberna-

159 5734 295 5794 tione
319 5757 483 5814 quam
510 5748 904 5816 susceperunt,
933 5745 1281 5800 constituere
1306 5747 1497 5800 autem
1523 5742 1609 5798 his
1636 5758 1760 5814 per-

159 5830 383 5894 mittitur
422 5836 672 5911 lectores,
713 5839 771 5896 et
810 5837 1182 5895 subdiaconos
1217 5841 1389 5914 atque
1433 5835 1755 5908 exorcistas,

1859 5548 1976 5605 cuit
1998 5552 2206 5604 sancta
2251 5547 2468 5619 synodo
2515 5549 3018 5619 metropolitanum
3061 5551 3388 5623 episcopum
3415 5557 3491 5610 al-

1858 5643 2034 5698 terius
2061 5642 2261 5698 vicina
2287 5642 2593 5713 provincia
2615 5642 2900 5708 advocari,
2927 5646 2982 5698 et
3008 5643 3330 5714 aliquantos
3359 5663 3490 5704 cum

1859 5753 1925 5792 eo
1953 5737 2241 5809 episcopos
2284 5736 2445 5793 alios.
2490 5735 2596 5800 Qui
2637 5736 2854 5810 pariter
2882 5736 3196 5792 residentes
3223 5755 3491 5810 quacun-

1858 5846 1969 5910 que
2017 5831 2253 5901 fuerint,
2301 5829 2574 5886 dirimant
2619 5829 2967 5905 quaestiones
2995 5834 3228 5910 propter
3272 5833 3379 5892 hoc
3423 5839 3493 5902 ut
