4026 6166
555 301 656 353 283
1456 307 1738 366 ΑΡΡΕΝΙ).
1781 316 1867 368 AD
1903 318 2062 372 SEC.
2105 320 2187 372 IX.

554 407 788 461 ﬁrmum
815 407 888 461 sit
918 408 1200 478 judicium
1228 414 1380 484 quod
1417 416 1486 470 ab
1528 419 1693 473 unius
1734 423 2036 491 provinciae
2069 426 2186 496 epi-

554 500 738 569 scopis
764 500 937 556 fuerit
969 506 1414 576 promulgatum.

620 593 725 646 XV.
757 592 808 647 Si
848 595 973 664 quis
1021 597 1314 670 episcopus
1358 602 1730 661 criminaliter
1777 615 2071 666 accusatus
2113 613 2182 667 ab

551 685 817 739 omnibus
867 687 965 757 qui
1003 695 1138 744 sunt
1181 692 1330 747 intra
1374 695 1723 764 provinciam
1778 701 2062 774 episcopis
2099 721 2184 759 ac-

549 778 763 848 ceperit
819 797 991 835 unam
1041 799 1474 858 consonamque
1515 793 1880 864 sententiam,
1937 796 2004 849 ab
2061 797 2185 852 aliis

551 871 790 926 ulterius
804 872 1049 942 judicari
1081 893 1195 931 non
1224 881 1453 951 poterit,
1483 883 1581 936 sed
1610 901 1842 940 manere
1873 888 2020 943 circa
2049 906 2182 944 eum

553 968 782 1032 oportet
831 970 1104 1038 tanquam
1148 973 1581 1029 convenientem
1626 993 1752 1048 quae
1798 980 1868 1034 ab
1918 984 2182 1038 omnibus

552 1058 769 1126 prolata
791 1063 877 1113 est
902 1061 1127 1116 ﬁrmam
1154 1070 1451 1137 ratamque
1483 1071 1841 1127 sententiam.

620 1152 749 1206 XVI.
800 1152 857 1207 Si
907 1153 1032 1224 quis
1077 1157 1376 1228 episcopus
1423 1177 1626 1216 vacans
1656 1163 1715 1217 in
1746 1167 2052 1222 Ecclesiam
2086 1186 2182 1224 va-

550 1246 778 1298 cantem
830 1251 1246 1317 superveuerit,
1297 1255 1353 1305 et
1401 1253 1548 1308 hanc
1591 1255 1942 1328 obripienter
1975 1267 2186 1331 printer

548 1338 864 1406 plenariam
910 1342 1190 1410 synodum
1244 1348 1627 1417 occupandam
1679 1366 1800 1405 esse
1861 1353 2181 1422 crediderit,

551 1429 703 1484 hunc
735 1431 902 1500 abjici
926 1437 1169 1503 oportet,
1202 1439 1459 1506 quamvis
1491 1457 1626 1494 eum
1657 1444 1816 1512 plebs
1843 1461 2015 1516 quam
2056 1448 2186 1502 diri-

549 1524 757 1592 puerit,
784 1525 920 1580 velit
944 1527 1048 1580 sibi
1081 1529 1411 1601 episcopum
1440 1534 1711 1591 retinere.
1738 1537 1834 1592 Illa
1861 1543 2055 1594 autem
2095 1541 2183 1595 di-

550 1615 701 1670 citur
726 1618 976 1688 synodus
1000 1622 1260 1690 plenaria
1290 1623 1350 1678 in
1376 1642 1488 1697 qua
1518 1628 1688 1684 etiam
1729 1631 2029 1703 episcopus
2057 1651 2184 1689 me-

549 1710 934 1780 tropolitanus
962 1713 1229 1771 adfuerit.

621 1803 775 1859 XVII.
818 1805 876 1860 Si
921 1807 1048 1877 quis
1086 1809 1407 1882 episcopus,
1441 1821 1700 1888 suscepta
1727 1834 1929 1872 manus
1960 1803 2261 1891 imposi-B

549 1895 725 1967 tione,
762 1902 819 1953 et
842 1899 1145 1970 deputatus
1189 1906 1412 1977 populis
1460 1925 1723 1979 prazesse,
1757 1928 1874 1966 non
1922 1913 2187 1984 suscipiat

550 1988 932 2047 ministerium
966 1996 1287 2064 sacerdotii,
1336 2015 1442 2054 nec
1491 2004 1809 2060 consentiat
1846 2005 2051 2061 habere
2081 2008 2182 2061 Ec-

548 2082 805 2148 clesiam,
834 2087 892 2139 in
915 2104 1029 2158 qua
1053 2089 1244 2144 fuerat
1271 2093 1588 2163 ordinatus,
1621 2097 1772 2152 hunc
1793 2098 2181 2155 incommuni-

551 2177 793 2232 cabilem
828 2195 949 2232 esse
994 2181 1225 2250 debere,
1258 2184 1442 2240 donec
1469 2194 1693 2244 coactus
1722 2193 2045 2246 consentiat
2070 2194 2186 2264 ple-

550 2269 679 2323 bem
734 2271 1021 2341 suscipere
1065 2274 1292 2330 sibimet
1343 2278 1694 2348 deputatam,
1746 2289 1844 2339 aut
1884 2285 2186 2355 provincim

550 2361 809 2430 plenaria
857 2364 1106 2434 synodus
1146 2368 1542 2440 episcoporum
1595 2374 1666 2429 de
1721 2391 1788 2430 eo
1837 2377 2052 2448 aliquid
2081 2382 2187 2434 sta-

550 2458 690 2508 tuat.

619 2548 795 2603 XVIII.
864 2550 922 2605 Si
977 2551 1102 2622 quis
1145 2553 1438 2626 episcopus
1489 2559 1778 2617 ordinatus
1820 2579 1938 2618 non
1984 2564 2187 2620 abierit

550 2638 611 2695 in
645 2642 977 2712 parochiam
1020 2646 1110 2699 cui
1152 2648 1444 2704 ordinatus
1484 2655 1588 2722 est,
1635 2654 1681 2708 si
1728 2671 1844 2710 non
1885 2673 1984 2710 suo
2027 2657 2182 2728 vitio,

550 2734 648 2788 sed
698 2735 878 2805 plebis
941 2738 1174 2794 forsitan
1233 2743 1718 2817 contradictione,
1770 2749 1861 2803 hic
1911 2750 2185 2806 honorem

549 2830 874 2898 susceptum
925 2831 1172 2886 retinere
1222 2833 1471 2903 debebit,
1527 2841 1583 2892 et
1636 2842 1946 2897 sacerdotio
1999 2844 2182 2916 fungi,

548 2918 630 2974 ita
658 2925 720 2974 ut
744 2920 888 2975 nihil
913 2925 1183 2979 molestiae
1210 2926 1412 2983 afferat
1437 2931 1694 2986 Ecclesiae
1722 2933 1801 2988 illi
1828 2935 1885 2989 in
1913 2953 2026 3008 qua
2050 2937 2182 2991 fue-

549 3016 640 3066 rat
669 3015 1022 3070 constitutus.
1052 3020 1387 3090 Exspectare
1416 3028 1609 3079 autem
1636 3041 1766 3080 eum
1798 3033 2022 3098 oportet
2048 3047 2178 3102 pro-

550 3104 749 3161 vincia:
781 3108 1095 3179 plenariam
1123 3114 1424 3184 synodum,
1456 3117 1632 3172 donec
1659 3119 1728 3175 de
1756 3137 1824 3176 eo
1857 3123 2010 3194 quod
2035 3140 2183 3180 com-

547 3199 694 3270 petit
722 3203 1021 3259 statuatur.

621 3292 745 3347 XIX.
780 3295 1121 3368 Episcopum
1177 3316 1295 3355 non
1355 3302 1735 3361 ordinandum
1788 3307 1909 3364 sine
1946 3310 2182 3368 consilio

551 3389 609 3441 et
636 3389 942 3458 praesentia
967 3393 1400 3464 metropolitani
1427 3397 1694 3470 episcopi,
1723 3401 1815 3455 cui
1843 3403 2049 3459 melius
2073 3405 2183 3460 erit

548 3477 593 3533 si
621 3495 689 3534 ex
717 3481 874 3536 omni
915 3484 1208 3555 provincia
1234 3494 1663 3561 congregentur
1692 3493 1963 3567 episcopi.
2018 3496 2181 3562 Quod

549 3572 597 3626 si
627 3573 753 3628 ﬁeri
797 3592 915 3631 non
957 3583 1162 3650 potest,
1195 3581 1254 3634 hi
1301 3583 1399 3654 qui
1419 3583 1617 3640 adesse
1645 3603 1760 3642 non
1784 3595 2020 3660 possunt
2043 3609 2179 3663 pro-

547 3664 691 3738 priis
715 3667 918 3725 litteris
943 3686 1287 3730 consensum
1318 3693 1484 3732 suum
1515 3678 1586 3734 de
1615 3678 1740 3751 ipso
1771 3683 2094 3756 designent,
2127 3691 2184 3742 et

547 3765 686 3815 tunc
713 3760 945 3819 demum
973 3771 1103 3837 post
1124 3768 1505 3839 plurimorum
1532 3773 1645 3830 sive
1672 3791 1778 3846 per
1815 3778 2182 3848 praesentiam

548 3853 662 3910 sive
705 3872 810 3927 per
847 3857 1067 3915 litteras
1110 3864 1448 3920 sententiam
1497 3883 1808 3923 consonam
1862 3872 2178 3928 ordinetur.

550 3947 712 4011 Quod
744 3949 790 4003 si
814 3951 979 4006 aliter
1021 3970 1197 4025 quam
1244 3960 1449 4014 statuta
1491 3965 1625 4016 sunt
1661 3961 1778 4029 ﬁat,
1811 3963 1953 4018 nihil
1991 3965 2181 4022 valere

547 4041 879 4111 hujusmodi
909 4046 1354 4105 ordinationem.
1402 4051 1457 4106 Si
1501 4069 1634 4108 vero
1670 4054 1841 4110 etiam
1869 4059 2180 4114 secundum

546 4134 811 4189 definitas
837 4139 1064 4207 regulas
1095 4140 1377 4196 ordinatio
1405 4145 1745 4216 celebretur,
1792 4150 2183 4208 contradicant

545 4231 739 4280 autem
768 4227 945 4299 aliqui
971 4237 1207 4302 propter
1235 4236 1497 4306 proprias
1528 4243 1586 4293 et
1613 4240 1952 4297 domesticas
1982 4245 2178 4300 simul-

546 4322 710 4388 tates,
757 4319 846 4374 his
884 4325 1181 4396 contentis,
1216 4329 1498 4384 sententia
1530 4332 1600 4387 de
1633 4348 1701 4388 eo
1732 4333 1983 4393 obtineat
2006 4338 2182 4410 pluri-

548 4423 797 4468 morum.

2220 350 2287 357 -
2327 321 2561 375 ISIDORI
2597 316 3019 374 MERCATORIS
3753 329 3832 384 .234

2210 429 2762 510 Atropolitanorum
2829 426 3224 497 episcoporum
3284 428 3602 484 conscientia
3646 432 3829 504 facere,

2290 522 2494 592 quibus
2538 521 2606 576 de
2646 520 2909 575 omnibus
2953 520 3129 574 causis
3169 524 3377 574 constat
3406 523 3709 592 permissum
3741 543 3832 581 esse

2279 614 2580 685 judicium.

2354 727 2476 779 XXI.
2511 725 2851 796 Episcopum
2891 725 2961 778 de
3005 724 3231 778 dioecesi
3257 725 3325 778 ad
3351 725 3613 780 dioecesim
3642 729 3834 784 alteram

2283 836 2396 873 non
2427 819 2636 872 debere
2675 818 2936 884 transire,
2983 834 3166 888 neque
3211 818 3254 871 si
3289 819 3528 889 seipsum
3569 819 3834 892 ingesserit,

2285 928 2470 982 neque
2495 911 2538 965 si
2567 928 2599 964 a
2630 911 2855 982 populis
2889 910 3062 964 fuerit
3091 911 3364 965 violenter
3393 916 3658 980 attractus,
3687 931 3835 985 neque

2284 1006 2331 1058 si
2365 1004 2536 1058 etiam
2585 1004 2692 1057 hoc
2743 1004 2796 1056 ei
2857 1003 2927 1057 ab
2977 1003 3250 1074 episcopis
3304 1004 3607 1071 suadeatur,
3651 1024 3836 1061 manere

2286 1102 2480 1152 autem
2525 1113 2658 1150 eum
2703 1096 2909 1150 debere
2941 1096 3000 1149 in
3034 1097 3280 1150 Ecclesia
3310 1097 3402 1151 Dei
3428 1114 3588 1168 quam
3617 1098 3678 1152 ab
3712 1100 3840 1153 initio

2285 1190 2516 1244 sortitus
2542 1194 2645 1258 est,
2681 1195 2736 1244 et
2760 1207 2872 1244 non
2898 1189 3030 1243 alibi
3060 1189 3376 1260 demigrare
3404 1190 3686 1244 secundum
3713 1209 3842 1262 regu-

2284 1284 2397 1337 lam
2427 1300 2599 1353 super
2626 1283 2732 1338 hoc
2765 1283 2902 1336 olim
2933 1299 2964 1336 a
2991 1281 3251 1337 Patribus
3277 1283 3638 1366 constitutam.

2356 1396 2504 1449 XXII.
2536 1395 2880 1465 Episcopum
2909 1411 3025 1448 non
3064 1393 3271 1447 debere
3319 1393 3377 1446 in
3416 1393 3644 1446 alienam
3671 1393 3842 1447 irruere

2285 1488 2656 1559 provinciam,
2701 1505 2829 1558 qum
2871 1487 2950 1540 illi
2994 1487 3268 1557 probatur
3310 1502 3424 1540 non
3464 1503 3577 1540 esse
3622 1486 3841 1556 subjecta,

2285 1599 2471 1653 neque
2518 1582 2576 1635 in
2621 1581 2919 1653 regionem
2973 1597 3100 1651 quae
3146 1580 3216 1634 ad
3273 1579 3392 1650 ejus
3438 1596 3615 1633 curam
3655 1580 3844 1632 minime

2285 1676 2544 1730 noscitur
2584 1675 2868 1746 pertinere
2913 1673 2986 1728 ad
3025 1672 3240 1744 aliquid
3286 1671 3667 1738 ordinandum,
3695 1689 3845 1743 neque

2287 1768 2668 1838 presbyteros,
2717 1783 2901 1838 neque
2947 1765 3216 1820 diaconos
3261 1765 3607 1833 constituere,
3639 1764 3701 1817 ad
3736 1765 3845 1818 alios

2285 1861 2573 1932 episcopos
2600 1860 2972 1932 pertinentes,
3025 1859 3133 1912 nisi
3177 1858 3325 1913 forte
3365 1875 3491 1912 cum
3531 1859 3779 1912 voluntate
3807 1862 3847 1911 et

2284 1954 2607 2010 testimonio
2638 1953 2884 2026 propriae
2913 1951 3168 2024 regionis
3199 1951 3467 2023 episcopi.
3498 1950 3645 2014 Quod
3671 1951 3710 2004 si
3726 1951 3844 2021 quis-

2283 2047 2437 2119 piam
2473 2048 2684 2102 horum
2725 2047 2838 2101 tale
2884 2045 3071 2101 facere
3098 2044 3340 2100 voluerit
3361 2045 3519 2099 irrita
3540 2043 3745 2115 quidem
3769 2042 3849 2097 erit

2284 2141 2615 2212 hujusmodi
2661 2139 2964 2207 ordinatio,
3013 2142 3069 2195 et
3119 2155 3248 2211 qua:
3297 2156 3351 2193 m
3389 2139 3440 2192 1e
3487 2136 3796 2208 usurpaverit
3824 2152 3848 2189 a

2285 2235 2507 2306 synodo
2536 2238 2868 2306 arguantur.
2913 2233 3053 2287 Nam
3091 2232 3136 2286 si
3183 2232 3448 2288 ordinare
3485 2247 3594 2286 non
3627 2229 3847 2300 poluerit,

2289 2328 2608 2383 nullatenus
2627 2326 2860 2382 alterius
2876 2324 3294 2397 parochianum
3307 2325 3553 2396 judicare
3578 2324 3845 2395 praesumat.

2355 2441 2526 2495 XXIII.
2569 2438 2908 2510 Episcopum
2959 2453 3078 2492 non
3122 2437 3336 2492 debere
3377 2439 3638 2507 tanquam
3680 2448 3849 2488 succes-

2284 2549 2467 2587 sorem
2508 2532 2616 2587 sibi
2651 2532 2911 2586 futurum
2953 2529 3300 2585 constituere
3345 2529 3599 2596 alterum,
3639 2525 3848 2598 quamvis

2285 2625 2435 2679 circa
2479 2623 2685 2680 vicinia
2727 2623 2928 2678 mortis
2967 2623 3269 2691 habeatur,
3310 2621 3460 2694 quod
3489 2621 3532 2675 si
3557 2620 3659 2675 tale
3683 2617 3849 2689 aliquid

2284 2718 2497 2772 factum
2524 2718 2696 2772 fuerit
2716 2717 2878 2772 irrita
2908 2715 3019 2770 erit
3048 2715 3384 2786 hujusmodi
3414 2711 3851 2779 ordinatio,custo-

2284 2811 2406 2866 dire
2451 2815 2642 2866 autem
2685 2810 2858 2864 debet
2901 2808 3281 2864 ecclesiastica
3336 2808 3626 2862 constituta
3671 2821 3777 2876 qua:
3816 2802 3850 2855 si

2283 2904 2365 2958 ita
2387 2904 2699 2973 continent,
2735 2920 2848 2957 non
2886 2918 3053 2973 posse
3087 2901 3254 2956 aliter
3283 2902 3601 2973 episcopum
3625 2898 3745 2963 ﬁeri,
3769 2895 3849 2949 nisi

2283 2997 2343 3051 in
2373 2996 2636 3064 concilio,
2671 3001 2728 3051 et
2755 3011 3035 3052 consensu
3074 2995 3479 3068 episcoporum
3520 3009 3700 3048 eorum
3745 2989 3852 3043 dun-

2281 3095 2436 3145 taxat
2463 3089 2562 3161 qui
2583 3092 2709 3160 post
2739 3087 2956 3144 obitum
2987 3089 3109 3159 ejus
3137 3087 3232 3159 qui
3281 3086 3578 3160 prmeessit,
3605 3081 3852 3139 habuerint

2203 3169 2258 3243 Ο
2283 3186 2617 3254 potestatem
2646 3199 2776 3237 eum
2806 3181 2904 3253 qui
2934 3181 3143 3253 dignus
3171 3181 3349 3236 fuerit
3366 3177 3710 3253 provehendi.

2353 3296 2530 3351 XXIV.
2577 3294 2941 3364 Quaecunque
2995 3309 3086 3349 res
3130 3293 3400 3350 Ecclesiae
3453 3296 3596 3359 sunt,
3638 3287 3850 3346 convenit

2281 3403 2412 3444 cum
2442 3389 2601 3444 omni
2626 3387 2942 3458 diligentia,
2972 3389 3032 3442 et
3055 3387 3210 3442 bona
3234 3387 3349 3443 ﬁde
3378 3403 3503 3459 quae
3520 3386 3629 3440 Deo
3645 3383 3846 3444 debetur,

2281 3483 2380 3555 qui
2406 3482 2599 3537 omnia
2623 3481 2880 3554 providet
2902 3485 3071 3553 atque
3091 3481 3320 3552 judicat
3338 3495 3575 3553 quaeque
3590 3477 3851 3574 gubernare

2283 3579 2529 3648 oportet,
2560 3578 2620 3630 et
2642 3575 2972 3647 dispensare
3004 3590 3134 3630 cum
3171 3574 3394 3645 judicio
3419 3579 3475 3631 et
3495 3573 3747 3646 potestate
3766 3573 3852 3637 epi-

2283 3669 2459 3742 scopi,
2490 3668 2584 3724 cui
2610 3669 2782 3724 totius
2822 3667 3006 3739 plebis
3043 3667 3257 3722 anima:
3297 3667 3555 3742 videntur
3588 3680 3697 3720 esse
3734 3675 3851 3762 coin-

2282 3764 2486 3818 missae.
2517 3762 2812 3819 Manifesta
2837 3765 3032 3817 autem
3079 3777 3200 3817 esse
3229 3763 3462 3833 oportet
3496 3775 3618 3832 quia
3642 3755 3850 3812 Ecclesia

2281 3861 2612 3928 competunt
2653 3873 2786 3912 cum
2836 3855 3042 3912 notitia
3083 3871 3289 3911 eorum
3343 3855 3773 3927 presbyterorum
3810 3849 3851 3899 et

2281 3949 2667 4015 diaconorum,
2697 3950 2796 4022 qui
2821 3949 2971 4004 circa
2996 3949 3190 4020 ipsum
3215 3952 3371 4017 sunt,
3393 3954 3459 4005 ut
3484 3947 3588 4019 ipsi
3602 3961 3706 4002 non
3727 3943 3852 4012 igno'

2280 4049 2427 4114 rent,
2457 4060 2562 4098 nec
2599 4060 2698 4098 eos
2730 4043 2949 4115 aliquid
2993 4044 3171 4098 lateat
3212 4057 3419 4098 eorum
3465 4037 3559 4114 qui
3599 4043 3717 4136 sunt
3747 4047 3847 4136 pre-

2281 4137 2403 4207 pria
2428 4137 2711 4203 Ecclesiae,
2729 4141 2794 4192 ut
2822 4137 2868 4191 si
2898 4136 3204 4208 contigerit
3230 4138 3558 4208 episcopum
3584 4134 3648 4188 de
3662 4131 3851 4230 haetita

2279 4231 2547 4301 migrare,
2581 4230 2902 4286 manifesta:
2948 4231 3064 4286 sint
3107 4235 3164 4286 et
3206 4234 3363 4286 notae
3391 4247 3482 4285 res
3507 4225 3849 4322 ecclesiasticae,

2281 4340 2352 4380 ne
2379 4325 2722 4380 intercidant
2743 4329 2914 4395 atque
2942 4324 3270 4395 depereant,
3294 4325 3396 4380 sed
3425 4340 3527 4379 nec
3549 4337 3633 4377 res
3656 4327 3850 4390 propria?

2280 4418 2533 4489 episcopi
2559 4421 2838 4490 tanquam
2865 4417 3128 4473 ohnoxim
3171 4434 3370 4474 rerum
3409 4412 3850 4473 ecclesiasticamm

612 4504 714 4561 XX.
771 4510 1010 4580 Propter
1067 4509 1470 4571 ecclesiasticas
1532 4536 1746 4591 causas,
1800 4525 1858 4577 et
1912 4541 2039 4596 qua:
2087 4543 2179 4582 ex-

2280 4512 2578 4567 occasione
2605 4511 2778 4567 ullius
2811 4512 3110 4583 pulsentur
3148 4510 3382 4583 injuria,
3433 4509 3565 4583 quia
3593 4509 3785 4580 justum
3811 4502 3852 4600 et

540 4597 720 4655 istunt
777 4605 1190 4660 controversias
1247 4603 1632 4668 dissolvendae
1683 4615 1942 4673 sufﬁcere
1993 4597 2251 4675 visum"
2280 4609 2573 4676 acceptum
2599 4609 2685 4660 est
2710 4605 2861 4676 aPud
2891 4607 3070 4662 Deum
3108 4610 3164 4660 θί
3202 4605 3467 4660 homines
3507 4619 3628 4675 qua?
3665 4607 3851 4672 Propria

543 4697 627 4748 est
670 4694 757 4748 bis
799 4695 858 4749 in
908 4714 1060 4753 anno
1106 4717 1211 4771 per
1252 4702 1500 4774 singulas
1543 4709 1860 4777 provincias
1885 4713 2180 4786 episcopo-

541 4803 670 4841 rum
709 4789 1012 4845 consilium
1071 4793 1215 4849 ﬁeri.
1270 4796 1453 4852 Semel
1497 4800 1728 4871 quidem
1781 4811 1911 4876 post
1959 4808 2177 4863 tertiam

540 4879 964 4938 hebdomadam
990 4886 1274 4942 Paschalis
1307 4890 1644 4964 festivitatis,
1676 4895 1756 4950 ita
1783 4904 1844 4952 ut
1882 4899 1940 4954 in
1978 4905 2178 4971 quarta

539 4971 899 5030 hebdomada
940 4994 1068 5048 quas
1108 4984 1488 5056 consequitur,
1532 4987 1592 5041 id
1638 4995 1724 5045 est
1758 4992 1943 5046 media
1981 4995 2177 5050 Pente-

489 5135 500 5148 υ
539 5071 690 5122 coste
743 5071 1119 5144 compleatur,
1172 5076 1520 5133 admoneant
1569 5085 1765 5137 autem
1803 5085 2176 5154 provinciales

542 5158 836 5234 episcopos
870 5163 932 5218 hi
965 5166 1063 5238 qui
1103 5167 1162 5222 in
1204 5169 1541 5242 civitatibus,
1581 5173 1642 5228 id
1680 5181 1764 5231 est
1802 5177 1861 5232 in
1888 5184 2173 5252 metropo-

537 5255 730 5314 litanis
756 5260 1075 5321 civitatibus
1109 5265 1345 5340 degunt,
1365 5271 1682 5328 secundum
1711 5287 1845 5330 vero
1870 5279 2174 5335 concilium

537 5351 726 5408 Idibus
786 5356 1041 5412 Octobris
1089 5359 1384 5431 habeatur,
1431 5364 1530 5435 qui
1582 5365 1704 5421 dies
1761 5371 1912 5440 apud
1956 5372 2176 5428 Grzecos

539 5445 915 5516 Yperberetaai
941 5451 1152 5507 mensis
1198 5454 1451 5510 decimus
1497 5457 1802 5530 invenitur,
1831 5463 1890 5519 in
1918 5465 2052 5536 ipsis
2080 5485 2176 5524 au-

538 5543 655 5593 tem
681 5543 933 5598 conciliis
965 5551 1020 5600 et
1045 5546 1405 5618 presbyteros
1451 5555 1508 5605 et
1546 5549 1814 5611 diaconos
1862 5566 2174 5630 praesentes

541 5645 661 5685 esse
703 5638 948 5706 oportet,
997 5641 1054 5691 et
1099 5655 1299 5696 omnes
1341 5649 1621 5716 quotquot
1665 5665 1725 5702 se
1769 5651 1934 5707 laesos
1978 5654 2172 5711 existi-

543 5727 726 5793 mant,
751 5731 807 5780 et
837 5730 1163 5798 synodicam
1194 5741 1517 5807 exspectare
1560 5743 1926 5813 sententiam,
1959 5763 2062 5802 nec
2111 5749 2174 5805 li-

543 5817 662 5868 ceat
703 5816 988 5889 aliquibus
1023 5826 1175 5898 apud
1222 5829 1559 5905 semetipsos
1609 5835 1845 5895 concilia
1889 5839 2007 5897 sine
2051 5858 2172 5901 me.

2277 4702 2409 4752 sunt
2446 4698 2693 4770 episcopi
2742 4699 2949 4770 quibus
2990 4700 3109 4770 ipse
3145 4699 3510 4770 judicaverit,
3567 4685 3848 4758 derelinqub

2278 4797 2487 4863 etquae
2513 4792 2774 4847 Ecclesiae
2809 4793 2917 4864 ipsi
2962 4793 3258 4846 reservari.
3312 4794 3392 4847 Ita
3431 4791 3579 4847 enim
3611 4787 3675 4841 sit
3701 4789 3850 4838 utnec

2277 4886 2524 4942 Ecclesia
2550 4887 2759 4942 damno
2788 4887 2979 4957 aliquo
3003 4886 3314 4956 afﬂigatur,
3349 4902 3455 4940 nec
3485 4884 3755 4962 episcopus
3776 4888 3848 4926 oc-

2277 4980 2500 5035 casione
2545 4996 2737 5035 rerum
2789 4979 3293 5035 ecclesiasticarum
3345 4977 3728 5051 proscribatnr,
3779 4979 3853 5018 n8-

2276 5090 2388 5144 que
2432 5074 2787 5145 pertinentes
2836 5074 2907 5128 ad
2953 5091 3089 5128 eum
3135 5088 3328 5128 causas
3378 5065 3678 5135 incurrant,
3717 5065 3850 5130 atque

2211 5163 2220 5170 ’
2275 5169 2402 5238 post
2416 5170 2664 5223 mortem
2682 5167 2966 5222 memoria
2985 5166 3110 5238 ejus
3135 5165 3452 5222 maledictis
3477 5159 3738 5234 aliquibus
3750 5164 3853 5208 one-

2274 5263 2452 5315 retur.

2348 5373 2469 5450 67
2501 5378 2647 5432 xx“
2672 5378 3010 5450 Episcopum
3037 5375 3250 5434 habere
3279 5381 3504 5450 oportet
3523 5381 3704 5465 rerum
3719 5358 3851 5465 eccle-

2274 5469 2628 5526 siasticarum
2641 5473 2983 5541 potestatem
3001 5473 3075 5527 ad
3091 5473 3531 5545 dispensandum
3547 5463 3851 5522 omnibuslﬂ‘

2275 5564 2601 5635 digentibus
2617 5582 2744 5620 cum
2767 5565 2922 5620 omni
2941 5566 3149 5622 timore
3167 5572 3226 5622 et
3249 5563 3561 5621 reverentia
3578 5555 3850 5650 Dei,ipsu.ll1

2274 5672 2502 5731 quoque
2531 5677 2598 5714 ex
2627 5659 2707 5714 eis
2732 5660 3024 5732 percipere
3048 5665 3217 5733 atque
3250 5659 3341 5716 uti
3369 5658 3574 5713 debere
3597 5649 3856 5752 quibus

2273 5749 2447 5822 δίδοι,
2502 5752 2548 5807 Si
2591 5759 2783 5808 tamen
2813 5753 3055 5826 indiget,
3087 5755 3175 5810 vel
3205 5755 3276 5810 ad
3300 5767 3439 5809 suas
3464 5747 3776 5846 necessarias
3791 5747 3860 5846 εξ·

2271 5859 2474 5918 pensas
2499 5845 2588 5899 vel
2618 5846 2883 5919 fratrum,
2908 5847 3009 5920 qui
3034 5848 3185 5921 apud
3206 5861 3347 5905 eum
3373 5839 3744 5918 hospitalitatis
3759 5842 3857 5903 31'8-
