4026 6166
215 302 315 354 285
1446 297 1575 354 Ι)Εο
1589 294 1923 355 ΒΕΤΑΙᾸΙΪΜ
1964 301 2347 356 COLLECTIO.

3476 307 3575 364 286

212 409 284 461 tia
309 409 626 472 morantur,
651 411 708 460 ut
733 405 889 460 nulla
915 421 985 460 ex
1010 414 1169 477 parte
1196 422 1300 478 per
1325 406 1580 478 inopiam
1607 408 1836 462 defrau-
1861 413 2095 493 Anent,
2148 409 2261 462 sive
2329 409 2398 464 de
2451 411 2625 481 agris,
2673 412 2788 466 sive
2841 412 2912 466 de
2959 413 3082 468 aliis
3143 415 3575 488 quibuscumque

212 501 419 553 dentur
462 498 774 553 secundum
816 500 1143 570 Apostolum
1191 500 1474 554 dicentem
1515 518 1527 556 :
1563 523 1590 550 «
1628 502 1841 555 [laben-

210 598 291 646 tes
338 593 551 646 victum
597 593 992 664 quotidianum
1037 597 1095 648 et
1141 597 1538 665 tegumentum
1588 595 1842 665 corporis

209 686 295 740 his
335 686 585 740 contenti
618 687 794 739 simus
827 689 871 754 (Ι
903 690 1038 742 Tim.
1071 704 1143 754 v1,
1171 689 1244 757 8).
1278 709 1303 734 ››
1341 687 1506 750 Quod
1543 689 1589 742 si
1620 688 1706 742 his
1741 688 1843 741 mi-

209 779 359 833 nime
389 783 691 833 contentus
717 783 885 850 atque
913 780 1198 835 sufﬁciens
1235 781 1539 834 transferat
1567 781 1625 834 in
1658 797 1846 836 neces-

209 873 397 926 sitates
426 873 834 926 ecclesiasticas
865 889 954 928 res
982 874 1067 927 vel
1093 874 1394 928 commoda
1436 874 1706 944 quaelibet
1749 890 1840 928 ec-

209 965 415 1034 clesiaz,
456 969 555 1019 aut
596 982 865 1036 agrorum
913 966 1415 1022 ecclesiasticarum
1460 966 1677 1021 fructus
1723 966 1843 1021 sine

208 1059 556 1112 conscientia
595 1059 1056 1130 presbyterorum
1098 1061 1249 1131 apud
1278 1077 1336 1114 se
1386 1059 1628 1130 redigat,
1663 1069 1719 1114 et
1743 1060 1840 1114 do-

208 1151 457 1204 mesticis
491 1152 608 1206 suis
642 1152 728 1206 vel
770 1151 940 1206 etiam
975 1152 1240 1208 afﬁnibus
1282 1156 1382 1208 aut
1428 1153 1716 1222 fratribus,
1746 1158 1846 1207 aut

207 1245 328 1299 filiis
353 1261 556 1300 earum
577 1263 766 1300 rerum
799 1246 1011 1300 tribuat
1037 1250 1399 1318 potestatem,
1423 1252 1487 1301 ut
1511 1262 1614 1318 per
1643 1262 1844 1301 eorum

208 1342 484 1392 secretam
530 1338 889 1408 diligentiam
939 1339 1293 1393 ecclesiastici
1349 1338 1476 1393 laedi
1520 1339 1842 1408 videantur,

208 1435 429 1486 reatum
443 1432 598 1485 hunc
616 1432 713 1502 qui
733 1431 1058 1502 hujusmodi
1077 1437 1160 1486 est
1177 1432 1328 1502 apud
1345 1433 1844 1503 metropolitanum

207 1525 514 1596 provincia:
558 1529 826 1596 praestare
875 1525 1120 1594 debebit,
1156 1525 1306 1596 quod
1346 1526 1390 1579 si
1435 1526 1620 1580 taliter
1659 1542 1846 1597 repre-

208 1619 494 1673 hendatur
519 1618 840 1690 episcopus,
870 1619 958 1672 vel
993 1617 1051 1671 hi
1089 1618 1189 1690 qui
1219 1635 1350 1672 cum
1382 1619 1502 1689 ipso
1540 1624 1672 1674 sunt
1724 1635 1847 1690 pre-

207 1713 415 1783 sbyteri
453 1729 570 1784 quo
609 1712 868 1766 dicantur
896 1713 1016 1767 haec
1052 1728 1181 1783 qua:
1224 1711 1297 1766 ad
1340 1712 1634 1767 ecclesiam
1665 1712 1844 1784 perti-

1943 501 2326 556 ecclesiasticis
2361 503 2561 572 causis,
2594 521 2690 558 eos
2716 506 2942 560 sibimet
2979 524 3273 578 usurpare,
3301 525 3576 581 pauperes

1943 611 2073 648 vcro
2112 595 2442 650 necessitate
2483 601 2540 650 et
2582 599 2822 668 penuria
2869 600 3134 671 opprimi,
3167 605 3336 672 atque
3364 620 3429 657 ex
3466 605 3576 660 hoc

1943 688 2063 758 ipso
2100 705 2213 742 non
2255 690 2436 744 solum
2487 691 2882 746 ecclesiastica
2909 693 3136 763 rationi,
3163 712 3364 750 verum
3405 697 3574 753 etiam

1944 781 2432 852 dispensatoribus
2466 785 2588 855 ejus
2628 785 2930 839 maledicta
2968 788 3332 858 reprehensio
3375 807 3581 862 augea-

1941 879 2054 929 tur.
2107 877 2264 930 Hunc
2313 876 2467 931 enim
2517 878 2928 933 correctionem
2972 883 3195 949 oportet
3242 884 3470 952 mereri,
3519 885 3575 939 id

1943 984 2172 1038 quoque
2203 969 2478 1025 condecet
2513 974 2706 1024 sancta
2737 973 2954 1041 synodo
2981 980 3374 1044 cognoscente.
3403 979 3574 1032 Euse-

1943 1060 2071 1114 bius
2097 1061 2362 1116 omnibus
2390 1079 2519 1133 qua:
2549 1063 2852 1118 constituta
2887 1069 3020 1119 sunt
3054 1083 3300 1136 praesens
3333 1069 3574 1140 scripsit.

1943 1154 2292 1222 Theodorus,
2352 1155 2562 1222 Niccta,
2621 1156 3001 1227 Macedonius,
3061 1161 3377 1231 Anatolius,
3434 1163 3576 1217 Mar-

1941 1244 2356 1317 ‘codunanetus,
2391 1249 2674 1316 Atherius,
2714 1250 3020 1320 Narcissus,
3065 1253 3417 1322 Eustachius,
3458 1256 3576 1310 Esi-

1944 1340 2124 1409 chius,
2162 1341 2448 1410 Manicius,
2477 1342 2704 1409 Paulus,
2734 1345 2790 1397 et
2824 1344 3034 1413 caeteri,
3065 1362 3312 1416 quorum
3342 1348 3578 1402 nomina

1945 1433 2004 1486 in
2031 1435 2222 1488 Graeco
2245 1435 2370 1504 jam
2397 1435 2654 1506 superius
2683 1435 3066 1508 continentur,
3089 1444 3497 1496 consenserunt
3525 1448 3580 1496 et

1945 1527 2423 1599 subscripserunt.

2233 1620 2470 1693 Explicit
2495 1623 2798 1677 concilium
2819 1624 3256 1683 Antiochenum.

1053 1949 1452 2014 INCIPIUNT
1496 1949 1891 2015 CAPITULA
1935 1951 2264 2015 CONCILI]
2312 1950 2753 2016 LAUDICENI.

277 2083 326 2136 1.
371 2083 454 2138 Dc
479 2083 749 2156 bigamis.

273 2179 327 2230 2.
366 2179 452 2232 De
487 2177 575 2232 his
599 2178 698 2251 qui
733 2179 1090 2236 diversorum
1129 2185 1487 2252 peccatorum
1524 2181 1716 2255 lapsus
1753 2182 1843 2238 iu-

207 2277 466 2326 currunt.

274 2368 324 2419 3.
369 2367 453 2419 De
477 2366 766 2436 neophitis
794 2383 910 2421 non
938 2369 1334 2438 promovendis
1354 2367 1425 2424 ad
1445 2369 1844 2426 sacerdotium.

272 2459 326 2512 4.
369 2459 499 2512 Non
529 2459 719 2514 licebit
761 2475 949 2514 coram
995 2461 1418 2516 catechumenis
1444 2463 1676 2518 clericos
1703 2463 1845 2518 ﬁeri.

273 2555 325 2606 5.
359 2553 490 2606 Non
511 2551 681 2606 licere
702 2552 916 2608 clericis
938 2571 1169 2609 usuram
1186 2557 1273 2610 vel
1294 2557 1558 2628 sexcupla
1574 2557 1846 2628 accipere.

271 2649 324 2700 6.
371 2647 498 2699 Non
532 2645 738 2701 debere
778 2647 1070 2703 haereticos
1107 2649 1166 2703 in
1199 2649 1405 2704 haeresi
1453 2655 1850 2721 permanentes

205 2738 259 2792 in
289 2739 597 2794 ecclesiam
636 2740 883 2812 ingredi.

270 2837 324 2887 τ.
369 2833 457 2886 De
486 2834 808 2888 Novatianis
834 2839 891 2889 et
917 2835 1463 2900 Quartodecimanis.

272 2930 326 2982 8.
371 2928 459 2980 De
491 2926 863 2999 Cataphrygis
894 2928 967 2983 ad
994 2929 1300 2984 Ecclesiam
1325 2931 1703 2986 venientibus.

1867 2102 1924 2174 B
2020 2091 2106 2143 30.
2148 2088 2296 2142 Nulli
2324 2087 2644 2144 Christiano
2675 2089 2845 2144 licere
2890 2105 3019 2144 cum
3054 2088 3388 2147 mulieribus
3424 2091 3578 2147 lava-

1947 2198 2386 2237 cra.excercere.

2016 2279 2104 2331 31.
2149 2277 2222 2330 De
2253 2275 2512 2330 cavendis
2544 2276 2949 2331 haereticorum
2979 2277 3298 2332 connubiis.

2016 2371 2104 2423 32.
2146 2369 2268 2423 Non
2299 2369 2468 2423 licere
2495 2369 2566 2424 ab
2595 2369 2880 2424 haereticis
2909 2371 3158 2442 eulogias
3179 2371 3454 2442 accipere.

2017 2464 2104 2516 33.
2146 2463 2265 2516 Non
2303 2462 2510 2518 debere
2548 2480 2678 2516 cum
2717 2463 3020 2532 haereticis,
3068 2467 3168 2518 aut
3216 2464 3584 2519 scliismaticis

1951 2572 2131 2610 orare.

2023 2650 2109 2704 34.
2147 2650 2268 2704 Non
2301 2649 2566 2704 eumdem
2613 2649 2682 2704 ad
2713 2649 2880 2704 falsos
2908 2653 3207 2721 martyres.

2017 2746 2104 2798 33.
2148 2744 2269 2798 Non
2320 2744 2489 2797 licere
2529 2743 2875 2798 Christianos
2920 2743 3192 2798 derelicta
3245 2743 3477 2800 ecclesia
3511 2746 3584 2800 ad

1948 2837 2288 2906 angulorum
2316 2837 2793 2908 congregationes
2817 2837 3026 2907 colligi.

2020 2933 2106 2984 36.
2149 2931 2266 2984 Non
2316 2929 2485 2984 licere
2541 2930 2790 2999 clericos,
2827 2947 3043 3000 magos,
3086 2932 3173 2985 vel
3215 2931 3590 2987 incantatores

273 3022 325 3074 9.
370 3021 504 3074 Non
529 3020 739 3075 debere
772 3022 1101 3090 catholicos,
1127 3023 1184 3077 in
1207 3040 1270 3078 ea
1301 3040 1430 3096 quae
1456 3025 1730 3096 martyria
1750 3041 1851 3080 sua
1949 3039 2088 3092 esse,
2116 3027 2214 3076 aut
2238 3023 2583 3094 phylacteria
2609 3023 2816 3078 facere.

206 3113 464 3169 heretici
491 3113 707 3181 dicunt,
736 3115 973 3171 intrare.

277 3211 366 3263 10.
412 3208 541 3261 Non
584 3207 790 3264 debere
827 3209 1161 3265 catholicam
1203 3209 1606 3267 haereticorum
1647 3213 1846 3268 matri-

205 3299 401 3356 monio
435 3300 652 3356 sociari.

277 3399 364 3452 11.
412 3395 492 3449 De
519 3394 940 3450 catechumenis
970 3397 1249 3453 Ecclesia.

2021 3120 2108 3171 37.
2149 3117 2271 3170 Non
2313 3115 2481 3171 licere
2529 3116 2599 3170 ab
2643 3116 2926 3172 haereticis
2957 3118 3044 3172 vel
3081 3119 3292 3174 Iudaeis
3337 3119 3590 3175 feriatica
3653 3102 3662 3110 ’

1951 3227 2081 3282 quae.
2111 3209 2422 3264 mittuntur
2447 3209 2720 3281 accipere.

2023 3306 2112 3359 38.
2152 3304 2276 3357 Non
2313 3303 2483 3358 licere
2512 3320 2545 3358 a
2575 3303 2783 3358 Judteis
2821 3321 3044 3376 azymas
3068 3305 3342 3377 accipere.

2023 3400 2112 3453 39.
2152 3398 2277 3451 Non
2311 3397 2477 3452 licere
2503 3413 2634 3452 cum
2664 3397 2904 3469 paganis
2929 3398 3073 3453 festa
3106 3399 3408 3453 celebrare.

277 3493 365 3544 12.
415 3489 492 3543 De
525 3488 858 3544 ordinandis
889 3491 1166 3564 episcopis
1191 3509 1323 3548 cum
1361 3492 1596 3549 concilio
1639 3472 1928 3550 metro-C
2028 3493 2116 3545 40.
2158 3491 2458 3561 Episcopos
2501 3492 2573 3544 ad
2634 3491 2917 3562 synodum
2960 3495 3183 3547 vocatos
3212 3508 3342 3547 -non
3387 3490 3591 3548 debere

205 3582 448 3654 politani
476 3583 533 3636 et
559 3581 938 3638 finitimorum
969 3585 1390 3658 episcoporum.

281 3680 368 3733 13.
415 3677 540 3731 Non
572 3676 742 3731 licere
774 3679 984 3750 p0pulo
1015 3679 1302 3735 ministros
1327 3679 1520 3736 altaris
1547 3681 1783 3752 eligere.

1956 3587 2343 3640 contemnere.
2729 3655 2736 3660 _

2027 3679 2086 3732 4i
2103 3717 2115 3730 .
2157 3677 2277 3731 Non
2307 3677 2512 3732 debere
2533 3674 2801 3731 clericum
2829 3677 2915 3732 vel
2934 3678 3139 3733 laicum
3166 3678 3288 3734 sine
3320 3679 3594 3751 episcopis

281 3773 372 3826 l4.
419 3770 653 3826 Sanctas
683 3771 996 3828 oblationes
1034 3790 1136 3845 pro
1174 3775 1417 3846 eulogiis
1458 3775 1517 3829 in
1560 3774 1858 3831 festivitate
1958 3770 2335 3844 peregrinari.

211 3864 468 3920 Paschali
493 3865 566 3920 ad
593 3865 731 3920 alias
756 3867 1055 3937 parochias
1084 3885 1198 3923 non
1227 3868 1434 3924 debere
1454 3869 1785 3924 transmitti.

285 3963 372 4014 15.
421 3958 500 4013 De
529 3958 852 4030 psalmistis.

287 4055 378 4108 18.
424 4052 494 4107 Ut
526 4055 790 4107 sanctum
816 4053 1186 4126 Evangelium
1218 4055 1479 4110 Sabbatis
1510 4057 1749 4128 legatur.

287 4151 377 4202 17.
423 4147 672 4211 Psalmos
701 4148 938 4219 sparsim
967 4165 1080 4203 non
1103 4148 1271 4204 licere
1293 4150 1582 4206 confundi.

289 4244 380 4296 18.
426 4241 504 4295 De
532 4240 886 4296 orationibus
910 4239 1276 4314 quotidianis.

291 4335 382 4390 19.
427 4335 505 4389 De
533 4334 732 4390 ordine
763 4336 1092 4391 orationum
1122 4337 1662 4392 catechumenorum
1690 4341 1862 4410 atque

221 4427 482 4482 ﬁdelium
509 4431 567 4481 et
590 4428 1015 4485 communione.

292 4525 387 4581 20.
429 4523 504 4577 De
531 4521 825 4594 disciplina
848 4528 1017 4595 atque
1041 4521 1296 4580 molestia
1324 4524 1682 4580 clericorum.

293 4619 388 4670 21.
430 4617 506 4670 De
535 4615 855 4671 ministerio
895 4618 1396 4673 subdiaconorum.

292 4712 388 4764 22.
432 4710 508 4764 De
544 4710 844 4780 ministris,
873 4717 935 4766 ut
964 4712 1152 4766 orario
1180 4729 1293 4766 non
1331 4714 1583 4767 utantur.

2027 3866 2116 3918 42.
2158 3863 2387 3918 Nullum
2414 3861 2682 3918 clericum
2711 3861 2919 3918 debere
2950 3859 3072 3917 sine
3104 3863 3346 3935 episcOpi
3374 3862 3460 3918 sui
3478 3865 3596 3936 jus-

1960 3958 2118 4013 sione
2145 3956 2503 4029 peregrinari
2531 3961 2587 4012 et
2610 3957 2840 4028 signum
2873 3957 3174 4029 suscipere.

2031 4053 2117 4108 43.
2158 4051 2436 4106 Ministros
2466 4066 2584 4105 non
2614 4050 2821 4106 debere
2849 4050 2919 4105 ab
2950 4050 3145 4106 hostiis
3172 4051 3456 4106 recedam.

2031 4147 2116 4201 44.
2159 4145 2282 4200 Non
2315 4148 2542 4217 oportet
2570 4161 2677 4216 per
2701 4144 2842 4199 duas
2879 4144 3225 4215 septimanas
3269 4144 3597 4216 Quadrage-

1961 4240 2121 4294 simas
2151 4239 2399 4312 aliquem
2429 4238 2500 4293 ad
2525 4237 2874 4309 baptismum
2907 4239 3216 4310 suscipere.

2033 4335 2120 4388 45.
2163 4335 2282 4388 Non
2313 4333 2521 4387 debere
2551 4332 2854 4386 mulierem
2888 4333 3109 4403 ingredi
3136 4332 3208 4386 ad
3235 4333 3431 4387 altare.

2034 4427 2124 4482 46.
2167 4425 2536 4498 Baptizandos
2560 4424 2769 4480 debere
2797 4423 3123 4496 symbolum
3146 4420 3281 4481 fidei
3307 4430 3364 4482 et
3388 4422 3602 4480 discere

1966 4526 2023 4577 et
2051 4519 2313 4576 reddere.

2036 4615 2124 4668 47.
2167 4614 2242 4667 De
2270 4612 2358 4667 his
2383 4612 2483 4684 qui
2519 4611 2578 4666 in
2611 4607 2950 4684 aegritudine
2978 4609 3360 4682 baptizantur.

2038 4707 2126 4762 48.
2169 4707 2314 4771 Quia
2345 4710 2473 4777 post
2495 4705 2849 4777 baptismum
2879 4705 3311 4760 chrismandum
3341 4709 3444 4762 est.

297 4807 390 4858 23.
433 4803 715 4868 Quoniam
745 4821 859 4858 non
895 4808 1118 4877 oportet
1156 4805 1392 4860 lectores
1428 4806 1515 4859 vel
1546 4805 1866 4878 psalmistas
1890 4843 1949 4914 D
2041 4804 2129 4856 49.
2175 4802 2233 4914 In
2255 4799 2705 4870 Quadragesima
2726 4796 2967 4853 Sabbato
2989 4802 3212 4854 tantum
3233 4805 3290 4855 et
3315 4799 3606 4855 Dominica

227 4897 418 4952 orario
449 4897 531 4951 uti
570 4903 625 4953 et
657 4893 734 4952 sic
760 4898 977 4971 legere.

303 4992 392 5046 24.
433 4992 510 5046 De
549 4993 850 5048 lectoribus
899 4999 954 5048 et
991 4993 1323 5065 psalmistis,
1353 4996 1420 5049 ut
1453 4993 1712 5050 tabernas
1757 5008 1871 5050 non

233 5085 474 5141 intrent.

308 5182 397 5233 25.
439 5179 565 5234 Non
591 5180 764 5236 licere
791 5179 1066 5237 ministris
1091 5197 1302 5254 panem
1332 5177 1489 5254 dare,
1520 5181 1871 5241 autcalicem

234 5271 599 5329 benedicere.

315 5369 398 5421 26.
440 5367 519 5421 De
544 5367 858 5422 exorcistis.

314 5462 400 5515 27.
442 5459 564 5514 Non
602 5461 810 5516 debere
854 5461 1087 5519 clericos
1138 5462 1252 5519 sive
1299 5464 1470 5519 laicos
1520 5464 1591 5519 ad
1634 5481 1874 5537 agapem

240 5557 466 5608 vocatos
495 5561 687 5626 partes
717 5556 917 5611 tollere
929 5600 941 5612 .

316 5650 399 5703 28.
442 5649 566 5704 Non
602 5649 770 5706 licere
797 5651 856 5706 in
891 5653 1135 5708 ecclesiis
1175 5651 1465 5708 accubitus
1510 5654 1762 5707 sternere
1792 5648 1878 5704 vel

246 5754 484 5814 agapem
515 5743 725 5800 facere.

321 5840 408 5894 29.
452 5837 572 5893 Non
601 5837 809 5896 debere
839 5839 1184 5897 Christianos
1211 5839 1574 5897 sabbatizare.

1974 4893 2336 4951 offerendum
2369 4897 2472 4948 est.

2044 4994 2132 5045 50.
2173 4991 2297 5044 Non
2322 4988 2492 5043 licere
2513 4985 2772 5058 quintam
2793 4981 2995 5042 feriam
3019 4986 3354 5058 septimana:
3373 4985 3606 5060 majoris

1966 5084 2173 5156 jejunii
2198 5083 2360 5139 solvi.

2045 5184 2132 5236 51.
2175 5181 2298 5235 Non
2327 5171 2533 5234 debere
2561 5178 2618 5232 in
2647 5166 3093 5248 Quadragesima
3135 5171 3244 5232 nisi
3282 5173 3524 5234 Sabbato
3551 5181 3608 5236 et

1976 5273 2273 5330 Dominica
2297 5273 2549 5328 natalitia
2574 5273 2893 5342 martyrum
2921 5271 3230 5326 celebrare.

2050 5371 2137 5424 52.
2179 5367 2303 5421 Non
2330 5365 2500 5420 licere
2533 5365 2760 5436 nuptias
2780 5364 2901 5420 ﬁeri
2927 5364 2986 5418 in
3015 5364 3477 5434 Quadragesima.

2047 5465 2134 5516 53.
2175 5461 2296 5514 Non
2325 5458 2495 5513 licere
2527 5457 2876 5513 Christianos
2903 5457 2973 5512 ad
3001 5457 3229 5527 nuptias
3254 5460 3451 5512 euntes
3480 5474 3610 5514 can-

1981 5559 2100 5609 tare
2127 5557 2224 5608 aut
2253 5553 2466 5607 balare.

2049 5649 2139 5702 54.
2179 5649 2300 5701 Non
2327 5647 2495 5700 licere
2534 5645 2826 5700 ministros
2851 5644 3042 5699 altaris
3067 5645 3151 5700 vel
3179 5649 3411 5701 caeteros
3440 5663 3604 5720 quos-

1977 5741 2118 5795 libet
2143 5738 2471 5811 spectaculis
2499 5755 2627 5810 quae
2654 5739 2712 5794 in
2743 5739 2974 5811 nuptiis,
3005 5741 3106 5794 aut
3142 5739 3200 5795 in
3248 5740 3430 5796 scenis
3460 5741 3614 5798 exhi-

1980 5834 2190 5891 bentur
2215 5833 2508 5889 interesse.
