4026 6166
500 276 602 328 287

1391 265 1674 323 APPEND.
1716 266 1805 322 AD
1843 265 2003 322 SzEC.
2045 266 2133 320 1X.
2166 294 2235 306 —
2276 264 2520 321 ISIDORI
2561 260 2985 321 MERCATORIS
3727 270 3810 325 988

567 384 653 434 57$.
696 380 816 432 Non
847 377 1052 432 debere
1083 374 1350 431 clericum
1375 377 1462 429 vel
1498 375 1705 429 laicum
1744 374 2127 430 Christianum
2151 355 2238 458 Α·
2304 376 2390 428 58.
2429 374 2556 427 Non
2612 374 2836 443 oportet
2889 371 2950 426 in
3009 368 3275 426 domibus
3322 370 3393 426 ab
3444 371 3699 444 episcopis
3742 377 3812 430 vel

501 489 570 528 ex
596 470 863 543 symbolis
889 468 1144 523 convivia
1168 469 1471 524 celebrare.

570 567 658 618 56.
700 564 819 616 Non
848 565 1072 632 oportet
1112 562 1467 633 presbyteros
1491 564 1623 616 ante
1653 561 1977 632 ingressum
2009 560 2128 632 epi-

501 656 654 726 scapi
683 655 929 726 ingredi,
957 661 1057 710 aut
1083 655 1276 710 sedere
1304 655 1364 709 in
1392 654 1792 710 tribunalibus.

573 751 659 802 57.
699 749 822 802 Non
864 748 1071 804 debere
1116 748 1175 802 in
1199 748 1334 803 vicis
1373 755 1431 803 et
1465 747 1611 803 villis
1650 749 1944 819 episcopos
1981 746 2133 801 ordi-

499 856 657 908 nare,
687 856 873 912 neque
896 841 1258 913 presbyteros
1285 841 1410 897 sine
1443 845 1731 913 praecepto
1770 841 1862 896 vel
1901 838 2135 894 consilio

502 933 752 1005 episcopi
776 934 993 1006 aliquid
1024 950 1217 1007 agere.

2229 466 2577 538 presbyteris
2604 465 2954 521 oblationem
2975 464 3119 520 ﬁeri.

2305 564 2393 615 59.
2434 561 2558 614 Non
2602 559 2772 614 licere
2816 559 3062 629 psalmos
3102 558 3172 613 ab
3214 557 3401 613 idiotis
3438 560 3813 630 compositosin

2233 653 2463 709 ecclesia
2504 652 2632 721 dici,
2660 668 2765 708 nec
2800 653 2976 708 libros
3013 651 3114 723 qui
3150 668 3265 707 non
3305 655 3438 707 sunt
3479 652 3712 709 canonici
3745 654 3814 709 le-

2237 762 2390 818 gere.

1338 1137 1689 1210 INCIPIT
1769 1136 2295 1209 CONCILIUM
2374 1133 3031 1207 LAUDICENUM.

575 1304 775 1363 Sancta
824 1305 1086 1378 synodus,
1119 1324 1249 1380 quae
1288 1307 1441 1380 apud
1481 1308 1831 1364 Laodicaeam
1871 1308 2136 1379 Phrygiae

502 1401 769 1472 pacativaa
795 1401 1057 1456 convenit
1081 1417 1149 1456 ex
1181 1401 1417 1457 diversis
1446 1401 1749 1473 provinciis
1773 1401 1937 1468 Λεία),
1972 1417 2139 1471 regu-

503 1494 584 1547 las
613 1493 877 1564 exposuit
918 1494 1337 1565 ecclesiasticas,
1367 1496 1509 1549 sicut
1535 1494 1687 1549 infra
1729 1494 2003 1565 scriptum
2033 1498 2134 1549 est.

574 1587 706 1642 CAP.
720 1589 760 1641 Ι.
776 1588 854 1642 De
871 1604 939 1642 eo
955 1588 1106 1659 quod
1125 1588 1683 1660 oportet,secundum
1700 1586 2138 1642 ecclesiasticum

504 1696 790 1735 canonem
818 1697 912 1736 eos
937 1682 1035 1753 qui
1068 1681 1243 1736 libere
1275 1688 1332 1737 et
1352 1681 1610 1753 legitime
1640 1681 1898 1737 secundis
1926 1680 2138 1751 nuptiis

2306 1307 2397 1361 XI.
2430 1307 2534 1362 Eos
2561 1305 2659 1377 qui
2693 1306 2766 1360 ad
2797 1304 3105 1361 Ecclesiam
3149 1302 3440 1374 pertinent
3472 1300 3823 1357 indiﬂ‘erenter

2237 1398 2383 1455 ﬁlios
2410 1399 2671 1471 proprios
2702 1399 3102 1454 haereticorum
3128 1396 3343 1469 nuptiis
3382 1394 3611 1451 minime
3638 1394 3819 1451 sociare

2239 1493 2465 1548 debere.

2307 1588 2415 1640 XII.
2444 1585 2783 1657 Episcopum
2810 1602 2927 1640 non
2956 1589 3181 1656 oportet
3218 1586 3423 1656 praeter
3439 1581 3699 1655 judicium
3721 1597 3820 1636 me-

2238 1680 2717 1750 tropolitanorum
2735 1683 2792 1734 et
2806 1679 3178 1733 ﬁnitimorum
3193 1678 3581 1750 episcoporum
3599 1674 3824 1729 constitui

497 1773 685 1844 juncti
703 1779 854 1838 sunt,
871 1791 978 1829 nec
996 1775 1280 1829 occultam
1299 1774 1731 1847 permistionem
1753 1774 1966 1846 operati
1983 1777 2134 1841 sunt,
2157 1761 2214 1832 Β
2237 1773 2306 1826 ad
2336 1772 2594 1827 Ecclesiae
2620 1772 3020 1843 principatum,
3047 1789 3151 1828 nec
3191 1772 3477 1842 eligantur
3503 1768 3606 1825 nisi
3634 1769 3686 1823 hi
3707 1785 3823 1840 quos

502 1883 683 1938 pauco
708 1870 965 1938 tempore
1005 1871 1270 1938 exempto
1294 1884 1497 1924 vacare
1520 1868 1866 1923 orationibus
1909 1872 1965 1922 et
1995 1867 2138 1937 jeju-

501 1960 631 2027 niis,
659 1966 715 2016 et
741 1960 1057 2016 secundum
1074 1962 1298 2017 veniam
1326 1962 1485 2018 reddi
1518 1962 1598 2016 eis
1640 1961 2134 2016 communionem.

575 2056 642 2109 Il.
656 2053 749 2108 His
759 2053 858 2125 qui
874 2053 1229 2110 diversorum
1246 2059 1608 2126 peccatorum
1632 2055 1823 2126 lapsus
1838 2055 2139 2109 incurrunt

504 2152 564 2206 et
588 2151 861 2221 oratione,
890 2151 1239 2207 confessione
1265 2169 1329 2207 ac
1347 2152 1681 2223 poenitentia
1705 2153 1990 2206 malorum
2012 2167 2139 2206 suo-

502 2259 633 2298 rum
682 2244 992 2315 perfectam
1041 2244 1525 2300 conversationem
1572 2245 1989 2314 demonstrant,
2034 2261 2136 2315 pro

503 2336 772 2406 qualitate
811 2338 1043 2408 peccati,
1070 2337 1418 2408 poenitentiae
1452 2342 1681 2408 tempus
1709 2337 2136 2405 attribuendum

440 2466 447 2467 κ
503 2433 589 2483 est
632 2432 864 2500 propter
905 2430 1361 2486 misericordiam
1407 2435 1464 2485 et
1505 2429 1823 2486 bonitatem
1870 2431 1990 2484 Dei.
2028 2430 2137 2494 Qui

504 2537 641 2593 ergo
663 2521 995 2593 hujusmodi
1017 2526 1151 2580 sunt
1172 2523 1475 2583 revocandi
1489 2526 1546 2581 et
1564 2524 1639 2581 ad
1664 2524 2137 2580 communionem

501 2618 636 2669 sunt
665 2615 1008 2688 applicandi.

572 2711 662 2764 III.
678 2711 798 2765 Non
821 2715 1049 2781 oportet
1067 2712 1419 2784 neophytum
1439 2710 1763 2783 promoveri
1783 2711 1853 2767 ad
1876 2711 2135 2767 ordinem

503 2803 943 2858 sacerdotalem.
1368 2808 1376 2820 ‘

574 2895 662 2950 IV.
690 2896 813 2950 Non
840 2896 1012 2952 licere
1036 2913 1238 2953 manus
1277 2899 1643 2970 impositione
1669 2915 1841 2971 super
1866 2897 2133 2954 ordinan-

504 2984 605 3042 dos
632 2989 1004 3059 praesentibus
1035 2992 1453 3047 catechumenis
1488 2992 1633 3048 ﬁeri.

2238 1867 2419 1920 multo
2450 1869 2581 1920 ante
2619 1872 2751 1921 nota
2788 1865 3208 1937 probabilisque
3236 1866 3357 1920 vita
3395 1862 3746 1919 commendat.
3771 1861 3824 1915 Et

2239 1959 2609 2013 nihilominus
2638 1959 2683 2012 si
2708 1958 2768 2038 in
2796 1975 3060 2014 sermone
3090 1959 3222 2014 fidei
3265 1963 3325 2013 et
3351 1961 3503 2014 recta
3539 1954 3821 2027 operatione

2237 2069 2340 2124 per
2370 2069 2528 2108 suam
2555 2052 3045 2108 conversationem
3072 2053 3288 2108 fuerint
3311 2051 3545 2123 probati.

2307 2148 2439 2203 XIII.
2463 2148 2543 2202 De
2567 2164 2633 2203 eo
2659 2146 2811 2220 quod
2833 2163 2947 2201 non
2968 2147 3041 2200 sit
3053 2146 3284 2218 populis
3307 2143 3717 2202 concedendum
3735 2142 3823 2199 ele-

2238 2238 2481 2295 ctionem
2506 2240 2690 2296 facere
2720 2257 2918 2296 eorum
2948 2240 3045 2312 qui
3070 2240 3269 2295 altaris
3290 2238 3600 2295 ministerio
3618 2241 3824 2307 suntap-

2235 2333 2511 2407 plicandi.

2308 2428 2440 2482 XIV.
2474 2427 2705 2483 Sanctas
2731 2428 3045 2484 oblationes
3075 2428 3147 2483 ad
3177 2428 3359 2484 vicem
3390 2427 3723 2499 eulogiarum
3741 2439 3824 2495 per

2236 2520 2596 2576 festivitatem
2632 2522 2953 2577 Paschalem
2989 2523 3060 2577 ad
3094 2522 3233 2576 alias
3258 2522 3554 2594 parochias
3579 2517 3713 2575 mitti
3735 2516 3822 2572 mi-

2235 2612 2393 2668 nime
2421 2618 2666 2685 oportet.

2306 2708 2411 2762 XV.
2445 2708 2567 2762 Non
2595 2690 2761 2763 licere
2790 2711 3000 2780 praeter
3024 2707 3331 2764 canonicos
3358 2708 3600 2782 psalmos
3624 2704 3721 2761 nisi
3745 2701 3823 2774 qui

2235 2800 2577 2871 regulariter
2623 2807 2881 2857 cantores
2935 2801 3206 2868 existunt,
3253 2803 3356 2874 qui
3400 2818 3527 2874 quas
3584 2799 3821 2871 pulpitum

2237 2893 2552 2949 ascendunt
2581 2899 2638 2948 et
2679 2895 2751 2949 de
2787 2894 2978 2950 codice
3022 2894 3223 2967 legunt
3248 2894 3449 2966 alium,
3475 2892 3756 2966 quemlibet
3776 2888 3821 2942 in

2237 2986 2471 3041 ecclesia
2508 2988 2763 3058 psallere.

574 3081 636 3135 V.
670 3082 828 3198 Sion!-
850 3081 1019 3198 licere
1064 3084 1327 3198 fenerare
1369 3086 1648 3198 ministris
1690 3084 1911 3198 altaris,
1945 3086 2035 3198 vel
2076 3084 2133 3140 in
2157 3124 2212 3198 Ο
2307 3080 2435 3198 XVI.
2463 3079 2717 3135 Sabbatis
2754 3079 3059 3153 Evangelia
3088 3098 3217 3138 cum
3263 3082 3391 3137 aliis
3440 3078 3721 3152 Scripturis
3757 3077 3822 3130 le-

503 3175 835 3230 sacerdotali
878 3177 1079 3231 ordine
1122 3178 1458 3247 constitutis,
1487 3179 1575 3234 vel
1602 3195 1799 3233 usuras
1828 3180 1915 3234 vel
1957 3179 2133 3249 lucra,

502 3283 632 3339 quas
658 3269 924 3341 sexcupla
960 3269 1246 3339 dicuntur,
1280 3272 1563 3344 accipere.

573 3361 659 3417 Vl.
688 3361 810 3417 Non
840 3363 1277 3419 concedendum
1299 3364 1577 3421 haereticis
1597 3365 1918 3438 ingressum
1936 3365 2137 3421 domus

500 3452 601 3510 Dei
626 3455 686 3510 in
710 3456 914 3512 haeresi
938 3458 1429 3527 permanentibus.

576 3547 682 3603 VII.
710 3549 1053 3604 Novatianos
1077 3551 1167 3605 vel
1199 3552 1372 3606 etiam
1405 3550 1964 3623 Quartodecimanos,
1995 3569 2136 3624 quos

498 3640 679 3697 Graeci
724 3642 1367 3700 Thesserescedecatires
1416 3647 1727 3718 appellant,
1778 3647 1837 3701 id
1891 3649 1995 3714 est,
2039 3646 2138 3718 qui

498 3735 925 3807 quartadecima
945 3737 1080 3792 luna
1104 3738 1277 3810 primi
1303 3738 1518 3794 mensis
1543 3756 1676 3795 cum
1698 3739 1908 3795 Iudaeis
1926 3740 2138 3794 Pascha

500 3827 805 3896 celebrant,
840 3829 940 3886 sed
967 3836 1025 3886 et
1056 3831 1494 3888 catechumenos
1536 3849 1740 3888 eorum
1782 3834 1979 3888 ﬁdeles
2020 3848 2137 3888 non

499 3920 692 3994 recipi,
721 3922 1054 3995 priusquam
1084 3925 1471 3981 condemnant
1509 3941 1743 3981 omnem
1782 3925 2048 3980 hmresim
2075 3925 2138 3981 in

499 4031 610 4087 qua
634 4016 1056 4087 detinebantur,
1079 4017 1404 4088 plenissime
1434 4022 1630 4074 autem
1676 4023 1810 4073 ante
1851 4018 2049 4073 omnia
2079 4020 2139 4073 et

499 4122 655 4163 nunc
689 4105 787 4180 qui
828 4107 984 4180 apud
1010 4125 1107 4164 eos
1147 4108 1340 4165 fideles
1366 4110 1635 4165 dicuntur
1659 4110 1978 4182 symbolum
2002 4110 2137 4166 ﬁdei

501 4196 833 4271 doceantur,
859 4204 1029 4272 atque
1052 4202 1131 4257 ita
1158 4207 1355 4257 unctos
1393 4201 1564 4258 etiam
1600 4208 1805 4258 sancto.
1828 4202 2135 4260 chrismate

500 4293 691 4350 divino
719 4298 1080 4349 sacramento
1110 4293 1530 4351 communicare
1550 4295 1831 4352 convenit.

2239 3173 2426 3245 genda
2448 3189 2567 3229 esse
2595 3191 2914 3230 censemus.
2939 3218 2942 3221 η

2305 3267 2460 3322 XVI].
2490 3269 2553 3321 In
2578 3267 3037 3338 processionibus
3056 3285 3174 3325 non
3206 3271 3567 3338 connectere,
3587 3266 3641 3322 id
3666 3267 3755 3330 est,
3771 3277 3822 3316 ex

2237 3358 2472 3415 diversis
2500 3361 2753 3415 versibus
2778 3366 2835 3417 et
2859 3362 3115 3417 sensibus
3140 3363 3272 3418 libri
3299 3363 3360 3418 in
3380 3378 3559 3418 unum
3582 3358 3822 3416 canticum

2235 3453 2473 3508 minime
2493 3454 2619 3525 conj
2629 3471 2865 3526 ungere.
2891 3455 3007 3511 Sed
3028 3456 3392 3528 singulorum
3408 3456 3738 3528 psalmorum
3755 3464 3825 3503 or-

2235 3546 2559 3602 dinabiliter
2582 3548 2791 3603 debere
2818 3548 2943 3603 ﬁeri
2968 3549 3300 3606 lectionem.

2309 3638 2437 3713 68
2460 3642 2641 3696 XVIII.
2668 3643 2749 3696 De
2771 3658 2837 3697 eo
2859 3642 3017 3714 quod
3041 3659 3273 3715 semper
3291 3641 3710 3716 supplicationes
3725 3651 3823 3692 ora-

2236 3734 2478 3803 tionum,
2509 3739 2565 3790 et
2602 3734 2674 3790 ad
2716 3735 2922 3791 horam
2962 3752 3176 3791 nonam
3206 3741 3264 3792 et
3296 3752 3613 3808 vesperam,
3641 3731 3825 3804 oportet

2236 3828 2529 3884 celebrari.

2305 3922 2434 3976 XIX.
2464 3920 2749 3985 Quoniam
2777 3922 3320 3979 catechumenorum
3358 3924 3661 3981 orationem
3697 3932 3826 3989 sepa-

2236 4012 2401 4069 ratim
2430 4017 2486 4068 et
2515 4014 2673 4086 prius
2717 4016 3007 4086 prostratis
3042 4017 3124 4072 eis
3153 4017 3487 4091 episcOpum
3533 4016 3737 4088 oportet
3757 4024 3826 4064 ce-

2235 4106 2478 4162 lebrare.
2508 4106 2725 4170 Quibus
2754 4110 2995 4180 egressis
3022 4113 3188 4165 orent
3215 4111 3396 4167 etiam
3434 4111 3495 4167 hi
3521 4110 3615 4182 qui
3648 4108 3701 4162 in
3724 4118 3821 4177 pm-

2237 4200 2480 4256 nitentia
2506 4206 2638 4256 sunt
2681 4203 2993 4261 constituti.
3025 4205 3094 4259 Et
3131 4208 3263 4276 post
3298 4188 3506 4261 manus
3552 4195 3824 4273 impositio-

2232 4311 2388 4363 nem,
2412 4295 2503 4350 his
2530 4311 2757 4368 quoque
2805 4297 3259 4367 abscedentibus,
3290 4302 3428 4355 tunc
3464 4296 3650 4353 ﬁdeles
3688 4303 3822 4347 orare

572 4387 707 4443 VIII.
741 4387 849 4442 Eos
874 4386 974 4459 qui
999 4390 1412 4444 convertuntur
1437 4388 1508 4444 ab
1537 4389 1742 4445 haeresi
1772 4405 1900 4462 quas
1930 4389 2138 4446 dicitur
2232 4388 2539 4445 debebunt.
2565 4390 2819 4453 Quorum
2845 4393 2958 4445 tres
2978 4390 3261 4465 orationes
3287 4392 3453 4461 ﬁunt,
3478 4406 3584 4445 una
3605 4384 3821 4460 quidem,

501 4480 1041 4563 Cataprhrygarum,
1067 4480 1168 4555 qui
1205 4498 1265 4537 se
1307 4480 1367 4538 in
1406 4481 1556 4538 clero
1584 4482 1921 4539 constitutos
1948 4483 2128 4540 existi-
2148 4494 2209 4568 D
2231 4482 2291 4537 id
2317 4488 2404 4538 est
2432 4483 2635 4554 prima,
2662 4500 2767 4554 per
2789 4483 3096 4552 silentium,
3130 4485 3383 4542 secunda
3409 4502 3541 4541 vero
3579 4487 3632 4539 et
3666 4478 3819 4542 tertia,

501 4580 680 4647 mant,
702 4575 964 4649 quamvis
982 4574 1180 4649 magni
1205 4575 1467 4632 dicantur
1481 4575 1810 4648 hujusmodi
1830 4594 1959 4632 cum
1976 4581 2139 4635 omni

502 4669 799 4742 diligentia
817 4669 1152 4725 catechizari
1175 4672 1399 4742 oportet
1414 4675 1471 4725 et
1487 4670 1765 4743 baptizari
1784 4670 1855 4726 ab
1876 4672 2139 4729 Ecclesiae

502 4762 790 4819 catholicae
818 4763 1099 4836 episcopis
1125 4767 1183 4818 et
1200 4763 1567 4836 presbyteris.

573 4855 658 4914 IX.
683 4855 804 4912 Non
831 4854 1259 4913 concedendum
1279 4857 1338 4912 in
1364 4857 1708 4930 coemeteria,
1725 4858 1812 4914 vel
1838 4875 1967 4932 quae
1991 4876 2139 4916 mar-

502 4950 651 5024 tyria
709 4950 1106 5008 hereticorum
1160 4950 1445 5022 dicuntur,
1500 4952 1810 5008 catholicos
1867 4953 2138 5010 orationis

503 5044 692 5117 gratia
715 5048 774 5099 et
797 5042 1062 5116 petendae
1093 5044 1398 5100 curationis
1426 5045 1661 5100 intrare.
1700 5044 1808 5100 Sed
1843 5051 1899 5100 et
1932 5047 2031 5117 qui
2053 5047 2134 5101 ie-

503 5140 658 5207 runt,
698 5138 746 5194 si
788 5141 921 5194 sunt
964 5137 1181 5206 ﬁdeles,
1225 5136 1792 5194 incommunicabiles
1841 5138 2018 5193 factos
2063 5131 2145 5193 add

502 5228 894 5306 paenitentiam
925 5248 1101 5304 usque
1127 5231 1199 5289 ad
1223 5232 1459 5304 aliquod
1480 5234 1708 5303 tempus
1734 5231 1938 5303 redigi,
1961 5232 2139 5304 poeni-

501 5329 689 5383 tentes
742 5326 936 5383 autem
993 5341 1090 5381 eos
1146 5329 1204 5382 et
1258 5341 1474 5380 errasse
1544 5325 1880 5380 conﬁtentes
1931 5324 2137 5397 suscipi

505 5424 749 5492 Oportet.

573 5514 634 5568 X.
654 5512 915 5568 Mulieres
928 5529 1055 5585 qua:
1076 5511 1229 5583 apud
1248 5510 1474 5567 Graecos
1488 5508 1836 5584 presbyteros
1855 5512 2139 5585 appellan-

504 5608 618 5671 tur,
647 5606 799 5673 apud
834 5622 930 5661 vos
966 5605 1171 5674 viduas,
1202 5605 1455 5661 seniores
1498 5604 1753 5673 univirae,
1794 5606 2138 5663 matricurias

509 5697 884 5765 appellantur,
913 5697 971 5754 in
1001 5697 1245 5755 Ecclesia
1274 5700 1550 5771 tanquam
1578 5699 1904 5756 ordinantes
1929 5700 2134 5757 consti-

510 5784 596 5844 tui
623 5801 743 5842 non
767 5785 991 5847 debere.

2238 4592 2343 4647 per
2364 4577 2512 4630 vocis
2538 4576 3083 4648 pronuntiationem,
3112 4584 3169 4635 et
3190 4583 3325 4635 tunc
3355 4581 3585 4636 demum
3606 4574 3821 4632 osculum

2238 4668 2391 4740 pacis
2417 4669 2553 4724 dare
2583 4669 2813 4726 debere.
2844 4672 2911 4727 Et
2952 4677 3146 4744 postea
3183 4689 3358 4746 quam
3406 4668 3702 4747 presbyteri
3731 4663 3823 4736 epi-

2239 4779 2407 4834 scopo
2455 4779 2652 4835 pacem
2692 4764 2968 4832 dederint,
3014 4770 3149 4822 tunc
3194 4768 3363 4823 etiam
3412 4768 3578 4823 Iaicos
3619 4764 3736 4819 dare
3776 4758 3821 4810 et

2237 4862 2374 4911 tunc
2403 4856 2611 4912 oblatio
2653 4857 2946 4926 offeratur,
2979 4859 3113 4915 solis
3151 4867 3343 4916 autem
3368 4860 3632 4916 ministris
3666 4849 3823 4911 altaris

2237 4950 2403 5006 liceat
2425 4951 2652 5023 ingredi
2679 4952 2750 5006 ad
2773 4952 2950 5007 altare
2972 4958 3029 5008 et
3047 4952 3257 5009 ibidem
3285 4953 3705 5011 communicare.

2307 5044 2408 5099 XX.
2479 5045 2760 5109 Quoniam
2825 5062 2939 5100 non
3003 5053 3225 5119 oportet
3298 5049 3594 5104 diaconum
3656 5040 3821 5098 sedere

2239 5143 2374 5192 ante
2403 5139 2815 5211 presbyterum,
2838 5140 2934 5195 sed
2960 5157 3027 5195 ex
3044 5141 3298 5213 jussione
3320 5138 3621 5214 presbyteri
3641 5134 3818 5194 sedeat,

2238 5230 2496 5288 similiter
2519 5236 2710 5287 autem
2737 5230 3147 5290 honoriﬁcetur
3170 5241 3226 5292 et
3251 5236 3519 5305 diaconus
3535 5251 3565 5289 a
3589 5222 3821 5287 ministris

2238 5323 2605 5380 inferioribus
2637 5329 2695 5380 et
2717 5326 2980 5383 omnibus
3010 5328 3246 5385 clericis.

2308 5420 2439 5476 XXI.
2493 5419 2780 5484 Quoniam
2834 5437 2953 5477 non
3007 5425 3234 5495 oportet
3280 5423 3639 5480 subdiaconos
3670 5416 3819 5471 licen-

2238 5511 2377 5568 tiam
2420 5513 2630 5570 habere
2668 5514 2728 5570 in
2759 5515 3145 5587 secretarium,
3185 5517 3300 5574 sive
3344 5515 3642 5573 sacrarium
3681 5500 3819 5581 (φιοά

2237 5606 2417 5663 Graeci
2455 5609 2774 5665 'diaconicon
2820 5611 3126 5685 appellant)
3152 5611 3395 5686 ingredi,
3424 5613 3481 5666 et
3525 5604 3819 5675 contingere

2238 5717 2369 5756 vasa
2397 5701 2707 5761 Dominica.
