4026 6166
173 309 266 358 2am
1393 301 1859 356 lii-leui'rXLIL'il
1895 299 2281 354 COLLEC'I‘IU.
2439 285 2442 288 ’
2551 361 2564 364 _
3414 307 3520 352 290

232 416 386 469 XXII.
419 413 730 467 Ministrum
766 427 882 464 non
919 415 1140 482 oportet
1170 409 1367 464 orariis
1408 411 1510 478 uti,
1544 428 1646 466 nec
1682 411 1785 465 ho-

1916 432 2078 485 'eticis
2123 430 2378 485 feriatica
2421 444 2546 500 quae
2593 429 2902 483 mittuntur
2937 428 3213 500 accipere,
3260 445 3363 484 nec
3389 445 3519 484 cum

169 510 260 562 stia
293 507 708 576 derelinquere.

231 602 404 654 XXIII.
435 600 713 662 Quoniam
746 615 860 652 non
889 601 1114 668 oportet
1140 599 1378 652 lectores
1407 601 1507 652 aut
1534 599 1788 669 psalmis-

165 701 240 749 tas
270 693 467 748 orariis
495 693 597 758 uti,
631 696 686 745 et
717 693 792 745 sic
823 694 1008 761 legere
1034 695 1133 744 aut
1161 693 1418 761 psallere.

231 800 397 851 XXIV.
445 797 728 860 Quoniam
776 814 888 850 non
940 801 1167 866 oportet
1203 798 1439 850 clericos
1486 797 1792 852 servientes

165 909 196 946 a
224 891 566 962 presbyteris
598 907 769 960 usque
799 890 871 942 ad
901 890 1181 955 diaconos,
1205 895 1262 943 et
1290 891 1553 960 deinceps
1575 891 1791 944 ordinis

163 985 517 1038 ecclesiastici
547 1001 747 1037 omnes
778 1001 953 1053 usque
985 984 1052 1036 ad
1082 983 1502 1048 ministros,aut
1525 985 1787 1049 lectores,

164 1082 252 1132 aut
299 1077 650 1148 psalmistas,
686 1081 784 1130 aut
829 1076 1149 1140 exorcistas,
1207 1081 1305 1129 aut
1349 1076 1664 1144 hostiarios,
1693 1082 1790 1129 aut

163 1171 326 1223 etiam
353 1188 450 1224 eos
478 1171 576 1240 qui
606 1171 665 1222 in
696 1169 986 1240 preposito
1017 1169 1384 1224 continentiae
1413 1174 1564 1238 sunt,
1595 1169 1785 1223 taber-

165 1280 256 1316 nas
282 1265 526 1317 intrare.

224 1357 366 1410 XXV.
399 1357 527 1409 Non
557 1359 781 1426 oportet
807 1357 1102 1410 diaconem
1137 1372 1348 1426 panem
1380 1356 1539 1424 dare,
1571 1372 1674 1411 nec
1693 1372 1785 1410 ca-

163 1449 314 1503 licem
338 1449 705 1503 benedicere.

226 1544 392 1597 XXVI.
441 1544 562 1596 Non
603 1546 830 1612 oportet
871 1559 1008 1613 ergo
1047 1543 1372 1597 exorcizare
1403 1559 1496 1596 eos
1527 1542 1622 1612 qui
1662 1558 1788 1595 nec-

165 1634 287 1688 dum
312 1635 383 1688 ab
414 1636 690 1705 episcopis
735 1642 866 1690 sunt
908 1638 1178 1706 provecti,
1221 1652 1404 1706 neque
1449 1635 1506 1689 in
1538 1634 1786 1689 ecclesiis

163 1744 330 1798 neque
359 1729 517 1782 intra
544 1729 764 1782 domos.

1893 525 1974 579 eis
1999 525 2117 578 dies
2146 540 2315 594 agere
2337 524 2584 578 feriatos.

1964 619 2219 672 XXXVIII.
2253 618 2374 670 Non
2416 620 2640 686 Oportet
2668 633 2700 670 a
2750 617 2955 670 Iudaeis
2985 633 3212 687 azymas
3239 617 3518 689 accipere,
3627 639 3636 645 -

1891 714 1989 764 aut
2019 709 2446 764 communicare
2476 709 2859 779 impietatibus
2887 725 3110 764 eorum.

1964 805 2179 857 XXXIX.
2211 805 2330 856 Non
2360 806 2582 872 oportet
2623 818 2753 855 cum
2798 803 3031 872 paganis
3067 803 3208 856 festa
3235 802 3519 857 celebrare

1892 901 1950 950 et
1979 914 2106 950 cum
2137 896 2517 967 impietatibus
2544 911 2746 948 eorum
2776 895 2985 948 habere
3013 896 3354 950 societatem.

1963 991 2066 1044 XL.
2111 992 2229 1044 Non
2280 994 2501 1060 oportet
2541 993 2763 1042 vocatos
2799 989 3093 1060 episcopos
3127 989 3197 1042 ad
3243 990 3519 1060 synodum

1891 1087 2278 1151 contemnere,
2311 1083 2407 1137 sed
2439 1082 2593 1136 abire
2619 1081 2846 1148 debere,
2874 1088 3041 1134 etaut
3069 1082 3268 1136 docere
3295 1089 3391 1136 aut
3419 1082 3518 1136 do-

1889 1177 2004 1230 ceri
2053 1194 2179 1247 quze
2225 1179 2357 1229 sunt
2396 1176 2468 1228 ad
2513 1175 2770 1229 Ecclesia:
2829 1181 3279 1245 cteterorumque
3330 1192 3520 1229 corre-

1890 1269 2140 1323 ctionem
2209 1269 2388 1322 utilia.
2443 1268 2604 1332 Quod
2659 1269 2702 1320 si
2780 1269 3227 1338 contempserit,
3277 1267 3522 1338 seipsum

1886 1364 2111 1417 videtur
2137 1379 2445 1428 accusasse,
2480 1361 2586 1415 nisi
2614 1361 2758 1415 forte
2794 1378 2898 1432 pro
2928 1361 3256 1414 inﬁrmitate
3297 1361 3379 1414 ire
3405 1377 3521 1414 non

1927 1457 2080 1510 ossit.

1927 1474 2080 1510 ossu.

1887 1474 1926 1527 Ρ
1957 1551 2084 1604 XLI.
2142 1551 2261 1603 Non
2313 1554 2538 1620 oportet
2585 1549 2912 1602 ministrum
2965 1548 3155 1602 altaris
3205 1547 3292 1602 vel
3346 1546 3522 1602 etiam

1886 1643 2094 1697 laicum
2127 1643 2246 1697 sine
2273 1643 2561 1696 canonicis
2593 1641 2814 1710 litteris,
2843 1642 2902 1695 id
2931 1647 3015 1696 est
3040 1642 3285 1718 formata
3311 1640 3520 1694 alicubi

1888 1736 2189 1808 proficisci.

224 1831 418 1886 XXVII.
456 1832 578 1884 Non
622 1835 844 1901 oportet
875 1831 1165 1886 ministros
1208 1831 1417 1899 altaris,
1451 1831 1538 1885 vel
1579 1831 1787 1901 quosli-
1807 1805 1863 1874 B
1891 1805 1908 1808 -
1959 1831 2107 1882 XLII.
2139 1830 2257 1882 Non
2290 1833 2510 1899 oportet
2539 1828 2861 1882 ministrum
2885 1828 3078 1882 altaris
3099 1829 3183 1881 vel
3205 1827 3522 1898 quemlibet

163 1924 248 1978 bet
266 1925 670 1978 ecclesiasticos
696 1923 769 1977 ad
793 1942 1035 1995 agapem
1067 1931 1312 1991 vocatos,
1339 1929 1528 1994 partes
1563 1925 1784 1990 tollere,

163 2025 384 2088 propter
412 2018 684 2086 injuriam
719 2035 846 2088 qua:
870 2035 940 2072 ex
967 2020 1074 2073 hac
1103 2019 1399 2072 occasione
1417 2017 1787 2072 ecclesiastico

163 2112 328 2164 ordini
361 2112 545 2181 possit
573 2112 852 2181 deputari.

226 2206 438 2260 XXVIII.
496 2205 617 2258 Non
677 2209 900 2276 oportet
961 2205 1019 2259 in
1080 2205 1323 2260 basilicis
1387 2219 1487 2258 seu
1537 2202 1787 2258 ecclesiis

165 2315 392 2370 agapem
450 2299 658 2367 facere,
691 2302 749 2352 et
791 2299 944 2352 intus
981 2299 1322 2354 manducare
1368 2298 1452 2351 vel
1501 2297 1788 2352 accubitus

164 2397 428 2448 sternere.

225 2495 395 2548 XXIX.
449 2493 569 2548 Non
612 2499 832 2566 oportet
889 2494 1240 2550 Christianos
1297 2494 1588 2565 judaizare
1633 2497 1692 2548 et
1729 2494 1788 2548 in

162 2586 390 2642 Sabbato
425 2603 641 2657 vacare,
671 2589 768 2642 sed
795 2589 1017 2659 operari
1057 2606 1152 2643 eos
1192 2589 1253 2642 in
1300 2588 1499 2642 eadem
1532 2587 1642 2656 die,
1674 2589 1786 2642 Do-

161 2681 426 2736 minicam
458 2682 842 2752 przeponendo
869 2681 1057 2736 eidem
1088 2682 1219 2736 diei.
1253 2681 1308 2736 Si
1338 2682 1445 2735 hoc
1466 2682 1546 2735 eis
1576 2681 1784 2750 placet,

161 2781 347 2829 vacent
375 2781 662 2845 tanquam
693 2775 1018 2830 Christiani.
1062 2775 1219 2842 Quod
1249 2776 1294 2829 si
1335 2775 1547 2829 inventi
1573 2773 1788 2828 fuerint

156 2868 462 2937 judaizare,
488 2869 793 2923 anathema
821 2869 912 2924 sit.

224 2972 362 3026 XXX.
422 2973 705 3034 Quoniam
767 2989 882 3027 non
941 2975 1161 3044 oportet
1230 2971 1522 3026 ministros
1569 2969 1784 3040 altaris,

162 3066 237 3119 vel
268 3067 452 3121 etiam
473 3067 703 3120 clericos
731 3066 1031 3137 quoslibet,
1066 3071 1162 3122 aut
1195 3067 1548 3120 continentes
1569 3082 1650 3132 se,
1692 3070 1789 3120 aut

163 3175 384 3214 omnem
399 3160 638 3213 omnino
658 3160 1044 3214 Christianum
1062 3176 1194 3214 cum
1215 3159 1549 3213 mulieribus
1567 3158 1787 3213 lavacra
1808 3176 1862 3250 ρ

163 3252 359 3308 habere
410 3253 756 3308 communia.
789 3255 883 3308 Est
929 3254 1083 3308 enim
1127 3254 1277 3325 apud
1314 3253 1557 3323 gentiles
1600 3252 1788 3323 prima

162 3348 550 3417 reprehensio.

221 3451 394 3505 XXXI.
424 3451 704 3513 Quoniam
734 3467 848 3505 non
888 3455 1115 3522 oportet
1156 3467 1287 3506 cum
1328 3449 1610 3505 hzereticis
1639 3467 1788 3506 com-

163 3542 383 3599 miscere
434 3544 739 3612 connubia,
791 3548 847 3598 et
890 3546 979 3598 vel
1023 3545 1169 3599 Iilios
1210 3551 1266 3599 et
1311 3545 1455 3599 tilias
1505 3546 1662 3613 dare,
1692 3545 1788 3600 sed

162 3637 336 3705 potius
375 3637 658 3707 accipere,
705 3638 751 3691 si
791 3644 983 3693 tamen
1023 3639 1400 3709 profiteantur
1437 3637 1788 3693 Christianos

165 3745 213 3782 se
241 3730 465 3785 futuros
489 3748 610 3785 esse
630 3737 686 3786 et
713 3732 1033 3787 catholicos.

227 3831 420 3886 XXXII.
467 3833 588 3886 Non
636 3837 856 3903 oportet
910 3833 1314 3888 haereticorum
1360 3832 1788 3888 benedictiones

166 3924 432 3994 accipere,
465 3925 737 3995 quoniam
774 3926 1202 3982 maledictiones
1246 3927 1430 3997 magis
1460 3931 1592 3981 sunt
1617 3942 1787 3998 quam

164 4014 598 4074 benedictiones.

226 4123 450 4176 XXXIII.
486 4122 610 4176 Non
652 4126 877 4194 oportet
907 4139 1038 4179 cum
1070 4123 1349 4179 haereticis
1388 4123 1476 4180 vel
1517 4123 1788 4179 schisma-

170 4214 282 4268 ticis
307 4232 501 4270 orare.

228 4318 444 4375 XXXIV.
476 4319 600 4374 Non
631 4323 858 4392 Oportet
885 4321 1122 4376 omnino
1168 4321 1551 4376 Christianum
1578 4319 1785 4375 dereli-

169 4411 260 4464 ctis
283 4413 632 4484 martyribus
661 4414 868 4468 Christi
901 4414 1057 4470 abire
1089 4415 1158 4470 ad
1188 4415 1358 4470 falsos
1400 4418 1698 4486 martyres,
1727 4414 1789 4468 hi

171 4507 313 4562 enim
342 4507 517 4562 alieni
545 4524 579 4561 a
606 4507 720 4563 Deo
748 4513 898 4563 sunt.
931 4509 1260 4580 Quicunque
1292 4516 1482 4565 autem
1511 4509 1667 4566 abire
1696 4526 1786 4565 vo-

168 4601 344 4674 luerit,
373 4604 686 4660 anathema
715 4607 807 4661 sit.

229 4708 416 4763 XXXV.
448 4710 570 4764 Non
618 4713 845 4781 oportet
886 4710 1259 4780 Christianos,
1301 4712 1566 4767 derelicta
1594 4712 1781 4767 Eccle-

169 4800 242 4853 sia
286 4803 407 4869 Dei,
434 4803 592 4858 abire
630 4805 700 4858 ad
745 4805 984 4878 angulos
1022 4805 1358 4860 idololatriae
1387 4806 1786 4861 abominanda:

169 4897 634 4968 congregationes
665 4899 868 4968 facere,
901 4916 1030 4970 quae
1075 4900 1268 4954 omnia
1305 4900 1601 4954 interdicta
1634 4906 1782 4955 sunt.

169 4987 487 5062 Quicunque
515 4995 706 5046 autem
725 4992 986 5048 inventus
1011 4994 1184 5049 fuerit
1209 4994 1422 5066 occulte
1452 4994 1584 5048 huic
1613 4994 1788 5050 idolo-

168 5080 333 5138 latriaa
365 5102 586 5154 vacans,
616 5087 925 5142 anathema
959 5088 1049 5156 sit,
1068 5089 1362 5162 quoniam,
1385 5089 1786 5160 derelinquens

171 5173 468 5233 Dominum
513 5186 770 5236 nostrum
819 5182 1014 5238 Jesum
1067 5183 1350 5239 Christum
1402 5183 1606 5238 Filium
1661 5183 1783 5254 Dei,

168 5273 388 5328 accessit
418 5273 491 5327 ad
519 5273 690 5330 idola.

233 5372 445 5432 XXXVI.
474 5377 754 5440 Quoniam
775 5395 890 5434 non
917 5383 1142 5451 oportet
1170 5381 1461 5437 ministros
1479 5381 1670 5437 altaris
1689 5385 1786 5436 aut

170 5465 391 5528 clericos
418 5490 615 5546 magos
652 5483 710 5532 et
732 5477 1112 5534 incantatores
1155 5495 1276 5536 esse
1309 5485 1408 5535 aut
1441 5481 1628 5536 facere
1657 5497 1784 5552 qua:

171 5562 425 5621 dicuntur
448 5569 812 5640 phylacteria,
847 5588 977 5643 quae
1002 5578 1134 5628 sunt
1165 5590 1375 5646 magna
1403 5574 1786 5645 obligamenta

172 5658 516 5732 animarum,
566 5664 668 5720 hos
710 5668 904 5720 autem
951 5666 1050 5738 qui
1093 5667 1298 5723 talibus
1339 5667 1507 5723 rebus
1551 5671 1787 5724 utuntur

174 5753 364 5822 projici
393 5757 462 5811 ab
487 5757 733 5813 Ecclesia
745 5759 1039 5830 jussimus.

239 5846 467 5904 XXXVII.
513 5852 794 5916 Quoniam
823 5871 938 5910 non
988 5859 1212 5927 oportet
1239 5873 1273 5912 a
1307 5857 1516 5915 Iudaeis
1549 5859 1634 5914 vel
1665 5858 1786 5915 ha:-

565 5949 835 6013 PATROL.
885 5951 1110 6016 CXXX.

1888 1924 2158 1976 clericum
2186 1926 2393 1992 praeter
2415 1922 2731 1992 jussionem
2759 1921 3008 1992 episcopi
3033 1920 3108 1974 ad
3139 1921 3515 1991 peregrinan-

1888 2016 2028 2069 dum
2054 2015 2354 2086 proﬁcisci.

1958 2110 2128 2162 XLIII.
2178 2109 2300 2161 Non
2347 2111 2569 2178 oportet
2612 2108 2915 2173 ministros,
2961 2107 3019 2160 id
3065 2109 3150 2160 est
3192 2105 3518 2173 hostiarios,

1887 2203 1974 2257 vel
2017 2201 2174 2256 brevi
2230 2207 2494 2272 tempore
2541 2201 2610 2254 ab
2661 2200 2856 2255 hostiis
2900 2199 3130 2267 deesse,
3179 2204 3237 2254 et
3282 2199 3520 2254 orationi

1888 2312 2107 2350 vacare.

1958 2390 2130 2442 XLIV.
2156 2389 2278 2443 Non
2306 2392 2530 2460 oportet
2554 2392 2680 2459 post
2702 2387 2840 2442 duas
2861 2387 3247 2443 hebdomadas
3275 2388 3524 2453 Quadra-

1890 2481 2120 2552 gesimm
2146 2481 2456 2553 quemlibet
2479 2481 2552 2535 ad
2581 2481 2929 2552 baptismum
2956 2481 3181 2551 suscipi.

1959 2576 2109 2628 XLV.
2143 2575 2265 2628 Non
2296 2577 2525 2645 oportet
2549 2573 2817 2627 mulieres
2849 2573 3070 2642 ingredi
3101 2573 3172 2626 ad
3203 2574 3396 2628 altare.

1958 2668 2134 2722 XLVI.
2166 2667 2539 2737 Baptizandos
2568 2671 2791 2736 oportet
2833 2665 2965 2720 tidei
2995 2666 3314 2736 symbolum
3341 2667 3516 2723 disce-

1888 2778 1970 2824 re,
2003 2766 2060 2816 et
2106 2760 2302 2831 quinta
2331 2759 2474 2814 feria
2501 2760 2716 2813 ultimae
2760 2759 3117 2830 septimanae,
3145 2761 3232 2814 vel
3261 2759 3522 2831 episcopo

1887 2855 1972 2908 vel
2004 2853 2336 2925 presbytero
2369 2853 2628 2907 reddere.

1958 2949 2155 3001 XLVII.
2197 2946 2305 3010 Qui
2340 2947 2399 2999 in
2445 2945 2792 3016 aegritudine
2843 2945 3139 3000 constituti
3173 2945 3521 3016 baptismum

1888 3046 2281 3112 perceperunt,
2323 3039 2457 3092 facti
2490 3039 2636 3106 sani,
2683 3038 2815 3093 tidei
2851 3038 3174 3110 symbolum
3213 3038 3524 3094 doceantur

1890 3139 1952 3188 ut
1977 3133 2238 3187 noverint
2264 3149 2377 3203 qua
2409 3130 2714 3185 donatione
2741 3131 2899 3201 digni
2927 3134 3057 3185 sunt
3086 3131 3284 3185 habiti.

1960 3227 2182 3281 XLVIII.
2211 3225 2447 3296 Oportet
2477 3225 2786 3294 baptizatos
2815 3229 2942 3295 post
2970 3223 3317 3295 baptismum
3342 3241 3526 3280 sacra-

1887 3320 2172 3375 tissimum
2203 3319 2450 3373 chrisma
2479 3318 2795 3390 percipere,
2825 3323 2880 3372 et
2905 3318 3140 3373 celestis
3162 3319 3326 3390 regni
3352 3320 3527 3390 parti-

1889 3415 2042 3486 cipes
2069 3414 2208 3468 tieri.

1960 3508 2129 3561 XLIX.
2150 3508 2272 3561 Non
2289 3508 2516 3575 oportet
2533 3506 2593 3560 in
2611 3504 3056 3576 Quadragesima
3076 3520 3283 3575 panem
3304 3505 3517 3572 offerri,

1888 3601 1996 3656 nisi
2021 3600 2260 3655 Sabbato
2290 3605 2348 3652 et
2377 3599 2666 3653 Dominica
2692 3603 2937 3653 tantum.

1958 3696 2017 3749 L.
2066 3695 2188 3748 Non
2237 3697 2478 3764 oportet,
2526 3691 2585 3746 in
2625 3690 3090 3761 Quadragesimaa
3142 3693 3342 3764 quinta
3385 3694 3522 3749 feria

1890 3788 2106 3842 ultimae
2157 3784 2581 3850 hebdomadaa,
2625 3783 2912 3854 jejunium
2967 3783 3194 3839 dissolvi
3245 3791 3302 3840 et
3343 3791 3520 3841 totam

1889 3879 2398 3952 Quadragesimam
2421 3877 2774 3944 inhonorari,
2803 3876 2899 3932 sed
2929 3893 3032 3948 per
3057 3882 3207 3931 totos
3232 3878 3517 3950 diesjeju-

1887 3993 2046 4043 nare,
2077 3979 2133 4029 et
2161 3974 2298 4029 escis
2329 3972 2687 4028 abstinentiae
2711 3969 3201 4041 convenientibus,
3225 3970 3284 4025 id
3307 3977 3392 4027 est
3415 3972 3522 4027 ari-

1887 4069 2142 4125 dioribus
2174 4068 2274 4122 uti.

1959 4165 2042 4218 LI.
2073 4164 2193 4217 Non
2223 4166 2445 4233 oportet
2470 4160 2529 4215 in
2556 4158 3008 4231 Quadragesima
3029 4163 3346 4230 martyrum
3363 4163 3523 4214 nata-

1887 4257 2005 4313 Iitia
2029 4257 2322 4326 celebrari,
2369 4255 2472 4310 sed
2509 4271 2707 4309 earum
2747 4254 2806 4307 in
2851 4253 3095 4309 Sabbato
3138 4257 3194 4308 et
3232 4252 3519 4308 Dominica

1887 4355 2115 4408 tantum
2144 4349 2481 4406 memoriam
2506 4349 2649 4404 ﬁeri.

1959 4446 2070 4500 LII.
2104 4445 2225 4499 Non
2251 4447 2477 4514 oportet
2502 4442 2561 4495 in
2593 4439 3036 4512 Quadragesima
3063 4445 3161 4495 aut
3184 4441 3409 4512 nuptias
3436 4443 3519 4496 vel

1805 4553 1866 4624 D
1888 4540 2158 4612 quaelibet
2187 4536 2440 4592 natalitia
2463 4535 2766 4590 celebrare.

1961 4635 2094 4688 LIII.
2134 4634 2256 4687 Non
2302 4633 2530 4702 oportet
2557 4627 2909 4684 Christianos
2945 4627 3016 4682 ad
3056 4626 3285 4698 nuptias
3319 4633 3517 4684 euntes

1888 4728 1976 4784 vel
2005 4727 2195 4782 balare
2217 4727 2307 4780 vel
2336 4725 2557 4792 saltare,
2583 4721 2679 4777 sed
2698 4725 2849 4776 caste
2875 4735 3098 4775 coenare
3119 4721 3205 4776 vel
3234 4722 3515 4791 prandere

1888 4823 2161 4895 competit
2188 4817 2536 4876 Christianis.

1959 4918 2089 4975 LIV.
2131 4917 2252 4970 Non
2277 4915 2503 4984 oportet
2538 4909 2832 4964 ministros
2869 4907 3062 4963 altaris
3104 4909 3189 4964 vel
3236 4911 3518 4982 quoslibet

1888 5012 2124 5067 clericos
2161 5005 2492 5080 spectaculis
2528 5003 2847 5076 aliquibus,
2897 5017 3026 5074 quae
3059 5006 3159 5056 aut
3199 5003 3259 5058 in
3301 5006 3514 5076 nuptiis

1889 5109 1990 5160 aut
2030 5105 2090 5159 in
2131 5102 2311 5158 scenis
2341 5099 2688 5156 exhibentur
2734 5096 3026 5163 interesse,
3071 5095 3172 5150 sed
3207 5101 3515 5169 antequam

1885 5197 2204 5256 thermelici
2235 5194 2635 5268 ingrediantur
2668 5207 2903 5262 surgere
2945 5205 3040 5245 eos
3081 5189 3148 5245 de
3177 5191 3428 5247 convivio
3459 5197 3516 5250 et

1886 5294 2046 5349 abire
2074 5292 2299 5348 debere.

1958 5389 2064 5443 LV.
2097 5387 2218 5441 Non
2264 5388 2488 5458 oportet
2527 5381 2820 5438 ministros
2853 5379 3066 5447 altaris,
3101 5377 3188 5433 vel
3229 5377 3517 5449 quoslibet

1886 5481 2114 5538 clericos
2156 5479 2243 5534 vel
2293 5477 2464 5534 etiam
2509 5477 2688 5532 laicos
2729 5473 3093 5540 Christianos,
3139 5485 3206 5524 ex
3243 5471 3514 5542 symbolis

1885 5593 2016 5650 quae
2073 5575 2278 5646 vulgus
2325 5570 2704 5628 commissalia
2769 5565 3045 5639 appellat,
3109 5564 3368 5620 convivia
3420 5581 3510 5622 ce-

1886 5673 2125 5728 lebrare.

1956 5766 2084 5820 LVI.
2138 5764 2259 5818 Non
2309 5763 2537 5833 oportet
2594 5755 2957 5829 presbyteros
3001 5755 3134 5807 ante
3193 5751 3517 5823 ingressum

1889 5857 2140 5932 episcopi
2162 5854 2388 5931 ingredi
2411 5850 2726 5920 ecclesiam,
2746 5853 2803 5905 et
2823 5847 3019 5902 sedere
3040 5845 3100 5901 in
3116 5845 3521 5920 tribunalibus,

3090 5948 3162 6005 10
