4026 6166
542 272 634 323 '29!
1429 262 1711 317 APPEND.
1753 262 1842 316 AD
1882 262 2042 316 S.~EC.
2088 261 2171 314 IX.
2207 222 2546 313 —'lS|DORl
2584 250 3006 315 ME’RCATORIS
3734 282 3809 329 39.3

537 377 635 431 sed
681 391 811 429 cum
852 373 1115 443 episcopo
1161 369 1405 440 ingredi,
1450 370 1557 423 nisi
1609 371 1751 424 forte
1786 374 1884 423 aut
1929 372 2172 438 aegrotet
2191 367 2486 451 Amium,
2531 369 2663 422 Jcsu
2709 370 2893 438 Nave,
2942 368 3224 436 Judicum,
3265 372 3428 441 Ruth,
3474 374 3667 445 Regum
3714 380 3811 434 libri

541 469 856 538 episcopus,
888 470 989 519 aut
1012 465 1071 517 in
1094 462 1571 535 peregrinationis
1593 463 1895 518 commodo
1919 479 2051 516 eum
2082 463 2176 516 ab-
2275 465 2551 531 quatuor,
2599 462 3077 533 Paralipomenon
3127 464 3255 517 libri
3306 465 3445 533 duo,
3483 468 3667 535 Esdra,
3704 472 3813 527 liber

542 579 662 615 esse
685 558 1015 614 constiterit.
2272 555 2633 609 Psalmorum
2663 572 2905 609 numero
2936 560 3058 625 150,
3096 558 3393 613 Proverbia
3420 560 3711 633 Salomonis,
3736 566 3811 619 Ec-

608 655 759 708 LVII.
794 654 919 707 Non
949 652 1156 706 debere
1183 652 1244 706 in
1267 651 1413 705 villis
1444 657 1500 706 et
1526 651 1661 705 vicis
1692 650 1984 721 episcopos
2015 649 2170 704 ordi-
2275 648 2584 715 clesiastes,
2610 649 2836 703 Cantica
2860 650 3234 717 canticorum,
3263 652 3381 719 Job,
3412 654 3611 721 Esther,
3634 659 3687 709 t2
3708 658 3813 711 Pro-

540 747 680 815 nari,
712 747 811 801 sed
835 746 1174 814 visitatores,
1213 746 1271 800 id
1300 749 1405 813 est,
1435 744 1534 815 qui
1572 744 1921 799 circmneant
1964 744 2169 797 consti-
2271 741 2580 812 phetarum
2612 742 2759 809 libri,
2799 743 2854 797 id
2890 749 2971 796 est
3001 743 3142 797 Osee
3186 748 3242 798 et
3282 749 3461 812 Amos,
3487 748 3609 815 Joel,
3635 749 3813 813 Abdias,

536 841 647 908 tui;
678 840 766 894 his
792 820 984 895 autem
1010 839 1258 911 quiante
1284 839 1394 893 hoc
1415 837 1664 892 ordinati
1686 842 1817 891 sunt
1837 836 1979 891 nihil
2001 852 2172 907 agere
2271 836 2463 903 Jonas,
2500 826 2780 903 Michaeas,
2810 836 3050 904 Nahum,
3097 837 3368 906 Habacuc,
3400 840 3692 909 Sophonias,
3728 847 3813 912 Ag-

537 950 851 1003 censemus,
893 932 999 987 nisi
1043 931 1387 988 conscientia
1418 930 1668 1003 episcopi
1702 930 1959 985 civitatis.
2000 930 2168 984 Simi-
2274 945 2449 998 gaeus,
2499 930 2820 998 Zacharias,
2866 929 3185 999 Malachias,
3219 931 3395 998 Isaias,
3430 933 3688 999 Jeremias,
3716 935 3816 987 Eze-

535 1028 667 1083 liter
692 1027 865 1081 etiam
892 1026 1207 1098 presbyteri
1233 1025 1379 1080 nihil
1408 1025 1529 1079 sine
1554 1028 1841 1095 praecepto
1865 1029 1921 1079 et
1942 1022 2172 1078 consilio
2273 1020 2442 1090 chiel,
2477 1022 2673 1076 Daniel
2697 1041 2709 1088 ;
2742 1023 2881 1077 Novi
2907 1024 3273 1090 Testamenti,
3305 1024 3359 1079 id
3386 1030 3482 1095 est,
3520 1026 3821 1097 evangelium

538 1120 789 1192 episcopi
814 1124 1006 1190 agant.
2271 1115 2583 1170 secundum
2604 1116 2949 1185 Matthaeum,
2970 1117 3276 1171 secundum
3296 1117 3546 1187 Marcum,
3566 1118 3821 1173 secundum

607 1215 783 1269 LVIII.
808 1215 928 1268 Non
949 1216 1176 1286 oportet
1198 1213 1259 1267 in
1295 1212 1557 1267 domibus
1593 1210 1904 1266 oblationes
1942 1210 2012 1264 ab
2046 1209 2169 1280 epi-
2270 1208 2499 1275 Lucam,
2544 1209 2860 1263 secundum
2906 1211 3206 1277 Joannem,
3254 1214 3418 1264 Actus
3461 1212 3820 1281 apostolorum;

540 1307 722 1379 scopis
747 1307 862 1362 sive
886 1306 1231 1378 presbyteris
1261 1306 1404 1360 ﬁeri.
2271 1301 2563 1357 canonicae
2594 1302 2860 1373 Epistolse
2897 1305 2927 1357 7
2969 1320 2982 1356 :
3024 1304 3215 1358 Jacobi
3244 1320 3374 1371 una,
3415 1304 3553 1359 Petri
3579 1305 3705 1373 duas,
3735 1308 3749 1357 1
3782 1309 3824 1357 et

610 1402 737 1455 LIX.
777 1402 902 1455 Non
939 1402 1162 1471 oportet
1196 1399 1267 1454 ab
1306 1399 1497 1453 idiotis
1540 1397 1790 1469 psalmos
1833 1396 2171 1466 compositus
2267 1399 2331 1463 2;
2360 1396 2596 1450 Joannis
2625 1400 2756 1464 tres,
2783 1400 2833 1462 1,
2859 1399 2892 1450 2
2921 1398 3023 1450 et3
3045 1413 3058 1462 ;
3084 1396 3244 1451 Judaa
3270 1413 3410 1467 una;
3440 1397 3676 1468 Epistolas
3698 1397 3822 1451 Pauli

539 1500 596 1552 et
619 1496 880 1565 vulgares
917 1494 977 1548 in
1019 1492 1266 1549 ecclesiis
1309 1492 1436 1559 dici,
1478 1507 1663 1562 neque
1702 1491 1876 1544 libros
1910 1489 2007 1560 qui
2040 1493 2171 1543 sunt
2270 1490 2509 1559 apostoli
2533 1505 2774 1543 numero
2811 1490 2877 1542 14
2907 1505 2921 1542 :
2952 1489 3023 1543 ad
3067 1490 3372 1559 Romanos,
3412 1491 3479 1544 ad
3505 1490 3817 1545 Corinthiosl

541 1594 699 1643 extra
728 1603 1009 1642 canonem
1036 1588 1247 1658 legere,
1282 1585 1388 1640 nisi
1425 1586 1572 1639 solos
1608 1583 1907 1639 canonicos
1949 1583 2087 1636 Novi
2114 1588 2171 1636 et
2270 1586 2326 1636 et
2347 1586 2399 1650 2,
2430 1583 2500 1636 ad
2526 1582 2806 1649 Galathas,
2832 1583 2907 1637 ad
2933 1582 3223 1653 Ephesios,
3250 1584 3321 1638 ad
3343 1582 3700 1654 Philippenses
3717 1599 3824 1649 una,

539 1682 753 1737 Veteris
784 1680 1155 1749 Testamenti;
1195 1696 1323 1750 quas
1368 1682 1563 1734 autem
1594 1680 1867 1749 ~oporteat
1889 1661 2004 1746 legi
2029 1680 2085 1731 et
2108 1676 2199 1750 in,
2269 1675 2341 1729 ad
2381 1676 2734 1730 Colossenses
2776 1692 2907 1744 una,
2943 1675 3017 1729 ad
3060 1676 3572 1732 Thessalonicenses
3606 1677 3717 1731 duae
3741 1680 3758 1730 l
3785 1680 3827 1728 et

535 1775 929 1830 auctOritatem
954 1773 1129 1843 recipi
1156 1749 1276 1827 haec
1302 1777 1439 1827 sunt
1466 1789 1478 1826 :
2187 1749 2247 1823 B
2269 1773 2325 1839 2,
2357 1769 2431 1823 ad
2455 1769 2862 1824 Thimotheum
2894 1768 3022 1823 dua:
3048 1773 3070 1823 1
3110 1775 3165 1824 et
3188 1773 3244 1839 2,
3274 1771 3342 1825 ad
3370 1770 3569 1837 Titum,
3598 1770 3663 1823 ad
3688 1768 3826 1823 Phile-

609 1868 861 1936 Genesis,
899 1867 1144 1935 Exodus,
1182 1866 1483 1932 Leviticus,
1526 1865 1780 1934 Numeri,
1818 1865 2167 1919 Deuterono-
2272 1874 2527 1924 monem,
2561 1858 2631 1912 ad
2657 1858 2939 1913 Hebraeos.

1113 2119 1192 2184 ΙΝ
1198 2120 1514 2186 CIPIUNT
1558 2119 1952 2185 CAPITULA
1995 2115 2327 2184 CONClLlI
2376 2114 2523 2179 CON
2530 2112 3270 2181 STANTINOPOLITAN
3278 2113 3320 2176 Ι.

608 2265 659 2317 1.
686 2257 1135 2316 Custodiendum
1164 2275 1286 2313 esse
1315 2259 1488 2314 ﬁdem
1514 2261 1747 2314 Patrum
1772 2263 2162 2313 trecentorum
2334 2256 2386 2308 4.
2430 2255 2505 2307 De
2530 2252 2793 2307 Ecclesiis
2818 2252 2877 2306 in
2900 2252 3207 2307 barbaricis
3231 2249 3573 2323 compositis.
3600 2314 3608 2327 υ

535 2352 732 2408 decem
758 2358 816 2408 et
837 2355 982 2408 octo.
2433 2347 2509 2399 De
2538 2346 2751 2400 honore
2771 2344 3386 2417 Constantinopolitani
3410 2340 3658 2414 episcopi.

603 2451 656 2501 2.
694 2449 761 2501 Ut
800 2447 1047 2518 episcopi
1086 2463 1248 2501 suam
1291 2446 1574 2502 dioecesim
1607 2446 1926 2519 gubernant
1960 2461 2067 2499 nec
2092 2446 2164 2499 ad
2338 2444 2389 2494 6.
2432 2441 2512 2493 De
2544 2440 2780 2494 Maximo
2808 2440 3006 2510 cynico
3034 2438 3394 2510 philosopho.

530 2541 663 2595 alias
689 2540 976 2596 accedant.
1476 2602 1479 2604 _
2338 2539 2389 2588 7.
2429 2537 2505 2589 De
2548 2534 2659 2588 ﬁde
2695 2534 2937 2604 symboli
2980 2534 3129 2604 apud
3177 2528 3704 2600 Constantinopolim
3733 2542 3832 2579 cun-

602 2639 655 2689 3.
708 2636 832 2689 Non
880 2635 1143 2690 invitatos
1189 2602 1479 2706 episcopos
1522 2634 1672 2689 ultra
1718 2633 2003 2689 dioecesim
2044 2650 2166 2704 pro-
2266 2628 2469 2683 stituti.

528 2728 716 2801 priam
747 2728 1013 2783 accedere
1046 2744 1160 2782 non
1186 2728 1411 2783 debere.

1216 2897 1529 2965 INCIPIT
1575 2896 2047 2965 CONCILIUM
2095 2890 3213 2963 CONSTANTINOPOLITANUM

531 3014 848 3079 Habitum
879 3013 962 3077 ab
990 3034 1061 3076 CL
1092 3015 1407 3097 episcopis
1434 3015 1554 3077 sub
1592 3014 1941 3078 Theodosio
1972 3014 2251 3095 majore,
2278 3013 2549 3093 Siagrio
2574 3019 2635 3073 et
2664 3010 2995 3075 Eucherio
3024 3009 3417 3086 consulibus,
3450 3025 3577 3071 aera
3601 3017 3831 3069 ccccxux,

1790 3112 2105 3176 adversus
2137 3110 2448 3178 Macedon
2458 3112 2616 3172 ium.

2004 2805 2422 2814 _—.——————-

602 3245 729 3322 69
771 3250 869 3304 Ha:
898 3251 1114 3322 regula“:
1161 3248 1274 3305 sive
1319 3250 1685 3306 difﬁnitiones
1721 3254 1854 3305 sunt
1886 3250 2232 3339 expositae
2258 3264 2482 3319 cunque
2538 3246 2902 3318 disponendis
2967 3245 3356 3301 ecclesiasticis
3411 3241 3617 3306 causis,
3663 3236 3835 3333 servata

527 3341 598 3395 ab
624 3341 898 3414 episcopis
923 3358 1004 3412 CL,
1037 3342 1138 3414 qui
1164 3343 1222 3397 in
1250 3359 1431 3398 unum
1462 3342 2011 3415 Constantinopolim
2029 3360 2157 3398 con—
2190 3330 2232 3339 ν
2259 3342 2458 3413 regula
2487 3357 2616 3411 quae
2636 3357 2809 3411 supra
2825 3339 3030 3410 scripta
3059 3343 3162 3408 est,
3192 3338 3265 3393 de
3284 3350 3619 3409 unaquaque
3638 3330 3834 3386 dicacesi.

528 3424 823 3506 venerunt,
854 3436 1083 3507 quando
1119 3436 1317 3492 beatus
1356 3437 1649 3493 Nectarius
1684 3438 1985 3511 episcopus
2013 3437 2163 3492 ordi-
2259 3438 2625 3495 manifestum
2651 3454 2899 3510 namque
2931 3442 3014 3492 est
3044 3437 3195 3508 quod
3224 3453 3331 3508 per
3358 3433 3605 3506 singulas
3627 3438 3833 3501 quasque

526 3533 696 3583 natus
723 3534 827 3597 est,
853 3530 1119 3585 damnato
1144 3530 1383 3586 Maximo
1404 3531 1619 3603 cynico,
1654 3548 1900 3604 quorum
1925 3531 2162 3587 nomina
2262 3532 2580 3604 provincias
2604 3531 2965 3604 provincialis
2991 3530 3241 3603 synodus
3274 3528 3658 3586 administrare
3683 3524 3732 3576 et
3753 3534 3834 3589 gu-

528 3625 585 3678 et
609 3622 917 3694 provincias
945 3623 1313 3679 continentur
1336 3625 1396 3680 in
1422 3626 1636 3681 Graeco.
2262 3619 2502 3681 bernare
2532 3624 2728 3680 omnia
2773 3624 2999 3692 debeat,
3048 3623 3369 3679 secundum
3398 3637 3465 3676 ea
3509 3635 3628 3692 quae
3663 3620 3774 3670 sunt
3792 3610 3835 3662 in

599 3717 713 3788 Cap
739 3717 783 3771 Ι.
821 3717 947 3772 Non
993 3719 1377 3788 spernendam
1426 3736 1549 3774 esse
1574 3720 1746 3774 tidem
1782 3721 2011 3774 Patrum
2047 3724 2156 3775 tre-
2260 3719 2444 3773 Nicaea
2470 3718 2723 3773 deﬁnita.

527 3817 843 3868 cantorum:
864 3809 1059 3868 decem
1103 3816 1158 3867 et
1203 3818 1350 3880 octo,
1395 3813 1495 3885 qui
1543 3814 1603 3868 in
1652 3813 1833 3868 Nicaea
1880 3812 2158 3884 Bithyniae
2330 3814 2415 3867 IV.
2444 3812 2715 3868 Ecclesias
2743 3815 2936 3866 autem
2972 3811 3067 3865 Dei
3122 3827 3251 3882 quae
3303 3816 3437 3866 sunt
3476 3810 3535 3863 in
3577 3796 3838 3861 Barbaricis

528 3911 938 3975 convenerunt,
984 3906 1081 3961 sed
1126 3923 1361 3962 manere
1403 3923 1530 3962 eam
1577 3909 1764 3961 ratam
1809 3910 2060 3977 oportet,
2106 3908 2162 3959 et
2260 3906 2529 3976 gentibus
2580 3904 2930 3972 constitutae,
3009 3920 3208 3975 regere
3257 3908 3432 3977 atque
3498 3897 3842 3957 administrare

528 3998 1008 4055 anathematizare
1035 4015 1264 4053 omnem
1291 3999 1579 4067 haeresim,
1618 3998 1937 4071 specialiter
1968 4003 2161 4053 autem
2262 4002 2481 4070 oportet
2526 3998 2841 4054 secundum
2876 3998 3353 4053 consuetudinem
3399 4013 3524 4069 quae
3566 4012 3596 4048 a
3629 3986 3839 4047 Patribus

528 4092 1043 4158 Eunomianorum,
1066 4090 1184 4145 imo
1201 4091 1685 4158 Anomianorum,
1704 4091 1803 4161 qui
1823 4091 2020 4145 Latine
2040 4091 2160 4145 sine
2261 4091 2570 4148 obtinuisse
2598 4092 2969 4164 dignoscitur.

530 4185 656 4254 lege
677 4182 963 4253 dicuntur,
996 4186 1056 4237 et
1073 4184 1415 4238 Arianorum
1446 4183 1560 4238 sive
1581 4184 2048 4239 Eudoxianorum
2077 4202 2161 4239 se-
2335 4187 2394 4241 V.
2416 4184 3056 4257 Constantinopolitanae
3075 4184 3323 4240 civitatis
3340 4184 3661 4256 episcopum
3673 4175 3842 4231 habere

530 4276 690 4330 mina
733 4275 1091 4345 Arianorum,
1137 4292 1363 4331 necnon
1402 4278 2068 4348 Pneumatomachorum,
2101 4279 2161 4332 id
2261 4282 2483 4351 oportet
2511 4279 2791 4351 primatus
2816 4279 3094 4333 honorem
3142 4282 3269 4348 post
3319 4279 3637 4333 Romanum
3673 4268 3843 4343 episco-

531 4373 636 4437 est,
685 4369 785 4441 qui
811 4374 1010 4426 contra
1039 4370 1312 4442 Spiritum
1354 4375 1615 4426 sanctum
1653 4375 1928 4443 pugnant,
1967 4376 2024 4426 et
2055 4372 2157 4427 Sa-
2261 4391 2422 4445 pum,
2451 4378 2686 4446 propter
2715 4372 2871 4444 quod
2898 4372 2968 4427 sit
2994 4388 3144 4426 nova
3171 4372 3378 4427 Roma.

528 4462 905 4520 bellianorum
932 4467 989 4519 et
1013 4464 1504 4521 Marcellianorum
1528 4470 1582 4521 et
1611 4465 2078 4521 Fontinianorum
2104 4472 2162 4521 et
2331 4469 2419 4522 VI.
2469 4466 2912 4539 Proptertotius
2954 4466 3494 4537 indisciplinationis
3531 4464 3647 4535 ejus
3684 4451 3846 4514 doctri-

527 4558 1077 4629 Apollinaristarum.
2024 4554 2031 4559 ’
2263 4578 2395 4617 nam
2417 4577 2545 4632 quae
2573 4560 3065 4632 Constantinopoli
3110 4563 3236 4615 orta
3265 4564 3373 4628 est,
3414 4564 3473 4615 ut
3506 4571 3681 4628 neque
3707 4545 3847 4606 maxi-

608 4654 670 4707 ll.
700 4652 961 4724 Episcopi
984 4652 1084 4724 qui
1115 4656 1271 4708 extra
1299 4653 1586 4709 diceeesim
1615 4658 1764 4722 sunt,
1795 4656 1867 4709 ad
1897 4656 2158 4712 ecclesias
2176 4637 2236 4709 D
2258 4671 2389 4710 mus
2415 4654 2587 4709 fuisse
2613 4659 2712 4710 aut
2744 4671 2867 4709 esse
2907 4654 3080 4710 etiam
3107 4658 3343 4725 putetur
3384 4653 3677 4726 episcOpus
3700 4647 3844 4701 statu-

528 4761 657 4818 quse
701 4749 856 4800 extra
896 4746 1173 4801 terminos
1219 4762 1421 4802 eorum
1467 4751 1634 4816 sunt,
1681 4764 1800 4803 non
1843 4750 2154 4821 accedant,
2258 4755 2382 4806 tum
2412 4754 2515 4819 est,
2545 4765 2732 4821 neque
2758 4748 2819 4803 hi
2853 4748 2951 4821 qui
2978 4748 3047 4802 ab
3076 4765 3141 4803 eo
3167 4753 3302 4804 sunt
3350 4745 3595 4804 ordinati
3629 4737 3846 4815 qualem-

526 4855 714 4912 neque
741 4839 1094 4895 confundant
1121 4843 1180 4896 et
1221 4841 1610 4913 permisceant
1646 4843 1912 4898 ecclesias
1950 4861 2153 4900 secun-
2259 4860 2485 4914 cunque
2551 4843 2790 4915 gradum
2864 4842 3160 4898 clericatus
3232 4842 3568 4910 obtineant,
3627 4830 3850 4892 omnibus

529 4935 668 4991 dum
682 4934 1647 5006 rcgulasconstitutas,Alexandriae
1661 4937 1894 5008 quidem
1907 4938 2156 5010 episcopi
2260 4937 2476 4993 scilicet
2505 4954 2633 5009 quae
2667 4938 2816 4993 circa
2845 4953 2978 4992 eum
3002 4938 3092 4993 vel
3118 4937 3190 4992 ab
3221 4953 3288 4993 eo
3320 4940 3485 5009 gesta
3512 4937 3641 4990 sunt
3666 4930 3718 4985 in
3741 4921 3846 4981 irri-

472 5076 478 5085 .
531 5029 704 5087 solius
749 5028 997 5084 Orientis
1038 5045 1238 5085 curam
1285 5035 1515 5101 gerant,
1570 5030 1803 5086 servatis
1845 5032 2160 5088 honoribus
2258 5036 2379 5087 tum
2402 5032 2697 5087 revocatis.

529 5124 811 5203 primatus
837 5122 1099 5178 Ecclesia
1140 5123 1530 5194 Antiochense,
1576 5124 1672 5196 qui
1712 5124 1771 5179 in
1815 5126 2030 5198 regulis
2060 5125 2155 5180 Ni-
2347 5126 2656 5195 Symbolum
2681 5126 2913 5196 ejusdem
2944 5127 3160 5182 concilii
3186 5116 3775 5194 Comtantinopolitaui.

529 5238 704 5277 czente
735 5219 936 5292 synodi
973 5220 1356 5275 continentur.
1397 5220 1504 5276 Sed
1545 5224 1603 5274 et
1640 5221 1863 5276 Asiana;
1906 5221 2162 5276 dioecesis
2332 5221 2437 5273 νη.
2472 5218 2766 5274 Credimus
2798 5218 2856 5273 in
2899 5236 3077 5274 unum
3121 5220 3325 5285 Deum,
3360 5220 3589 5272 Patrem
3632 5208 3853 5277 omnipo-

530 5315 782 5388 episcopi
813 5332 881 5371 ca
907 5331 1035 5386 qua:
1066 5320 1197 5369 sunt
1223 5315 1283 5369 in
1323 5314 1476 5381 Asia,
1521 5318 1578 5368 et
1617 5332 1744 5386 qua:
1786 5316 1855 5369 ad
1894 5315 2159 5375 Asianam
2259 5319 2510 5383 tentem,
2562 5314 2842 5368 factorem
2896 5313 3017 5368 coeli
3062 5319 3119 5368 et
3160 5319 3361 5380 terra),
3411 5308 3711 5367 visibilium
3751 5316 3848 5355 om-

528 5409 926 5467 tantummodo
956 5408 1243 5463 dioecesim
1276 5408 1584 5479 pertinent,
1618 5409 1960 5479 gubernant.
1993 5410 2157 5464 Ponti
2259 5407 2419 5461 nium
2487 5412 2543 5462 et
2613 5407 2981 5462 invisibilinm
3043 5408 3396 5463 conditorem
3424 5448 3438 5474 ,
3494 5407 3551 5459 et
3602 5403 3657 5457 in
3704 5409 3851 5453 unum

532 5508 726 5559 autem
768 5503 1020 5574 episcOpi
1060 5501 1305 5556 Ponticae
1352 5506 1574 5556 tantum
1610 5502 1862 5557 dioecesis
1905 5504 2160 5559 habeant
2260 5501 2573 5556 Dominum
2619 5503 2807 5555 Jesum
2870 5500 3157 5557 Christum
3221 5500 3425 5555 Filium
3477 5499 3573 5553 Dci
3624 5484 3848 5563 unigenic

530 5612 747 5664 curam,
778 5595 1030 5650 Thraciae
1054 5610 1187 5649 vero
1212 5594 1388 5665 ipsius
1414 5597 1816 5650 tantummodo
1845 5588 2119 5654 Thracizr.
2258 5605 2376 5654 tum
2429 5617 2498 5654 ex
2550 5602 2708 5654 Patre
2754 5604 2954 5654 natum
3003 5603 3135 5654 ante
3184 5599 3377 5654 omnia
3422 5596 3651 5664 saecula,
3703 5592 3854 5645 Deum

600 5691 684 5742 lll.
712 5684 1082 5744 Non'invitati
1111 5688 1357 5759 episcopi
1392 5688 1541 5742 ultra
1570 5689 1853 5745 dioecesim
1886 5693 2157 5747 accedere
2259 5714 2323 5751 ex
2376 5699 2509 5766 Deo,
2556 5700 2747 5752 lumen
2791 5716 2853 5753 ex
2896 5698 3145 5767 lumine,
3194 5700 3369 5755 Deum
3418 5710 3617 5750 verum
3657 5706 3723 5744 ex
3759 5685 3855 5739 Ι)οο

532 5794 651 5834 non
681 5779 891 5835 debent
921 5797 1090 5852 super
1119 5780 1455 5836 ordinandis
1483 5781 1901 5853 aliquibus,ch
1935 5786 2165 5860 quibus-
2258 5806 2408 5858 vero,
2465 5788 2681 5862 natum,
2740 5810 2855 5848 non
2905 5793 3149 5861 factum,
3201 5791 3501 5849 oinousion
3550 5785 3710 5851 Patri,
3770 5780 3857 5833 hoc
