4026 6166
1298 338 1771 398 DECRETALIUM
1811 342 2203 396 COLLECTIU.

1861 342 1921 395 Ol
1930 342 2157 396 .LECTIt
2172 347 2203 394 l.
3349 352 3451 405 29’s

116 456 184 501 est
241 448 487 516 ejusdem
544 463 673 500 cum
730 448 889 501 Patre
957 448 1308 516 substantia,
1371 467 1474 519 per
1540 467 1714 521 quem
1738 452 2047 534 Atitemur
2068 466 2244 504 unum
2267 450 3037 521 baptismainremissionem
3059 452 3447 524 peccatorum;

117 541 287 593 omnia
322 540 472 593 facta
521 542 655 593 sunt
703 556 829 611 qua
879 541 937 595 in
992 541 1130 595 caelo
1171 547 1227 609 et
1266 558 1392 612 qua
1431 544 1487 597 in
1527 547 1713 612 terra;
1816 547 2202 613 exspectamus
2252 545 2727 599 resurrectionem
2777 552 3157 615 mortuorum,
3192 552 3250 602 et
3281 547 3451 603 vitam

116 634 194 703 qui
220 637 450 703 praptcr
473 649 573 687 nos
619 634 878 688 homines
920 639 975 688 et
1020 638 1251 705 propter
1279 641 1537 691 nostram
1567 637 1714 691 saiu-
1815 637 1991 690 futuri
2038 636 2260 704 saeculi,
2311 640 2513 691 Amen.
2562 636 2803 692 Nomina
2834 656 2918 693 cn.
2964 640 3254 695 Nectarius
3298 642 3448 696 Con-

113 738 211 779 tem
236 726 520 780 descendit
545 726 615 781 de
645 727 819 791 caelis,
850 731 906 781 et
932 727 1257 783 incarnatus
1289 734 1376 783 est
1405 729 1474 784 de
1502 728 1719 800 Spiritu
1816 730 2371 799 stantinopolitanus.
2390 729 2721 784 Timotheus
2738 732 3108 802 Alexandria,
3131 728 3451 789 Dorotheus

113 824 301 886 sancto,
359 836 430 872 ex
497 820 665 873 Maria
732 821 961 892 Virgine
1020 822 1192 876 homo
1261 824 1459 889 factus,
1520 839 1717 893 passus
1816 839 1848 875 a
1909 823 2198 885 Corintho,
2263 821 2500 893 Cyrillus
2571 822 3136 895 Hierosolymitanus,
3203 826 3450 881 Calasius

114 916 182 965 est
216 910 311 963 sub
347 912 552 965 Pontio
604 912 806 979 Pilato,
849 916 914 966 at:
971 916 1244 985 sepultus,
1296 920 1354 969 et
1408 915 1573 969 tertia
1628 914 1718 969 die
1814 914 2191 981 Casariensis,
2255 914 2435 969 Macer
2496 915 2890 987 Hiericontius,
2946 917 3264 989 Dionysius,
3315 920 3443 973 Dio-

115 1004 406 1071 resurrexit,
457 1005 712 1059 ascendit
760 1006 818 1060 iu
867 1006 1053 1073 caelos,
1096 1007 1259 1061 sedet
1304 1007 1377 1061 ad
1425 1008 1717 1063 dexteram
1816 1008 2149 1079 spolitanus,
2206 1007 2525 1062 Priscianus
2588 1008 3031 1080 Nicopolitanus,
3087 1011 3444 1079 Saturninus,

112 1098 282 1165 Patris,
313 1098 445 1152 inde
476 1101 750 1153 venturus
788 1102 871 1153 est
902 1116 1033 1153 cum
1063 1099 1248 1170 gloria
1270 1100 1529 1171 judicare
1564 1101 1718 1155 vivos
1818 1101 2205 1167 Sebastianus,
2270 1101 2584 1156 Auxentius
2661 1102 3152 1170 Ascholonitanus,
3220 1104 3451 1159 Elianus

113 1195 158 1242 et
178 1194 440 1256 mortuos,
470 1191 633 1261 cujus
659 1192 822 1261 regni
852 1209 969 1246 non
1005 1193 1113 1247 erit
1152 1193 1301 1248 ﬁnis.
1331 1193 1629 1249 Credimus
1659 1194 1718 1247 in
1820 1194 2138 1259 Raniensis,
2167 1196 2358 1249 Zenon
2387 1194 2604 1265 Tyrius,
2642 1196 2847 1250 Paulus
2891 1196 3277 1267 Sydaniensis,
3324 1197 3447 1253 Dei-

114 1282 354 1353 Spiritum
407 1287 694 1353 sanctum,
732 1285 1036 1340 Dominum
1082 1292 1139 1340 et
1184 1286 1609 1353 viviﬁcatorem,
1648 1303 1718 1340 ex
1749 1270 1753 1275 ⁷
1817 1288 1952 1342 sbus
1977 1304 2011 1341 a
2032 1288 2403 1353 Ptolomaida,
2430 1287 2724 1359 Philippus
2744 1288 3141 1345 Damascenus.
3166 1290 3451 1344 Varachus

112 1377 245 1430 Patre
266 1376 699 1446 procedentem,
731 1395 863 1432 cum
892 1380 1059 1433 Patre
1099 1383 1155 1434 et
1189 1364 1337 1433 Filio
1360 1380 1716 1435 adorandum
1816 1380 2234 1447 Peneaclensis,
2286 1380 2634 1451 Timotheus,
2694 1381 2975 1450 Basilides,
3031 1382 3279 1450 Abbibo,
3335 1383 3447 1437 Mo-

113 1474 157 1522 et
177 1470 728 1541 congloriﬁcandum,
757 1471 855 1543 qui
878 1472 1099 1527 locutus
1130 1475 1215 1526 est
1242 1489 1347 1544 per
1370 1460 1711 1545 prophetas;
1818 1474 2038 1529 chinius
2060 1474 2428 1539 Aracleensis,
2459 1477 2515 1527 et
2541 1475 2751 1529 cateri.

116 1579 257 1617 unam
273 1564 616 1618 catholicam
635 1569 805 1635 atque
827 1565 1197 1636 apostolicam
1218 1566 1521 1621 Ecclesiam
1541 1584 1553 1631 ;
1575 1583 1709 1621 con-
1733 1553 1790 1624 B
2554 1567 2723 1622 Finis.

1188 1833 1477 1899 INCIPIT
1523 1834 1877 1901 SYNODUS
1923 1834 2341 1900 EPHESINA.

167 1981 339 2036 lxcmr
364 1984 912 2061 srxoarsEraasma
956 2002 1116 2041 rrum
1166 1985 1545 2041 ducentorum
1588 1987 1707 2057 epi-
1813 1986 2166 2057 praedicaret.
2193 1984 2471 2041 Convenit
2497 1987 2689 2040 autem
2719 1984 2841 2039 hac
2856 1984 3106 2057 synodus
3128 1985 3443 2041 Theodosio

111 2090 396 2145 scaporum,
432 2076 626 2132 habita
651 2077 919 2132 adversus
946 2079 1267 2134 Nestorium
1305 2080 1708 2135 Constantino-
1803 2079 2037 2149 juniore
2069 2078 2237 2133 tertio
2268 2078 2486 2133 decimo
2518 2082 2575 2131 et
2605 2077 3004 2132 Valentiniano
3034 2078 3203 2133 tertio
3234 2094 3442 2133 consu-

110 2168 387 2235 politanum
407 2169 1418 2243 episcopum,quipurumhominem
1435 2177 1712 2229 exsancta
1810 2172 1979 2239 libus,
2010 2188 2123 2226 ara
2168 2187 2482 2226 ccccuvm.
2510 2170 2611 2226 Cui
2656 2169 2872 2240 synodo
2922 2169 3190 2241 prasedit
3231 2170 3443 2225 beatis-

112 2259 303 2331 Virgine
347 2262 526 2316 Maria
566 2266 769 2318 natum
816 2265 1073 2331 asseruit,
1104 2270 1165 2319 ut
1194 2266 1363 2320 aliam
1409 2280 1712 2336 personam
1810 2263 1986 2318 simus
2011 2264 2298 2335 quondam
2328 2262 2565 2334 Cyrillus
2608 2261 2961 2316 Alexandria
3002 2262 3317 2334 episcopus,
3347 2262 3445 2334 qui

109 2353 278 2421 carnis,
301 2354 473 2408 aliam
518 2356 732 2410 faceret
781 2356 1024 2426 deitatis,
1058 2374 1162 2411 nec
1205 2373 1385 2412 unum
1424 2359 1710 2413 Christum
1810 2374 1941 2411 cum
1995 2357 2153 2411 omni
2213 2355 2451 2411 concilio
2501 2355 2571 2411 ad
2624 2354 2891 2411 eumdem
2944 2355 3261 2411 Nestorium
3324 2355 3447 2410 hac

110 2444 152 2495 in
178 2446 336 2501 Verbo
371 2447 468 2502 Dei
497 2451 554 2501 et
584 2465 751 2503 carne
787 2450 1038 2518 sentiret,
1068 2452 1166 2505 sed
1197 2452 1510 2522 separatim
1538 2456 1709 2522 atque
1812 2452 2108 2523 synodalia
2137 2452 2369 2506 decreta
2396 2451 2731 2506 transmisit.

109 2539 370 2606 sejunctim
434 2541 675 2596 alterum
732 2543 936 2597 Filium
993 2544 1109 2609 Dei,
1162 2544 1407 2599 alterum
1460 2544 1711 2598 hominis

746 2800 1168 2870 EPISTOLA
1217 2803 1617 2871 EPHESINI
1665 2803 2037 2873 CONCILII
2085 2803 2203 2870 AD
2248 2800 2772 2870 NESTORIUM.

165 2956 435 3028 Religioso
466 2964 519 3012 et
568 2961 680 3014 Deo
729 2963 959 3016 amabili
1009 2965 1395 3019 consacerdoti
1442 2965 1711 3019 Nasromo
1812 2968 2158 3035 congregata
2192 2967 2296 3030 est,
2330 2962 2663 3034 prasidente
2704 2959 3055 3015 sanctissimo
3082 2963 3140 3013 et
3175 2974 3440 3013 reveren-

104 3049 357 3117 CraiLLas,
401 3053 487 3106 vel
527 3054 848 3125 quicunque
905 3061 1037 3110 sunt
1089 3058 1241 3128 apud
1282 3058 1485 3128 Ephesi
1537 3075 1706 3128 syno-
1811 3058 2042 3111 dissimo
2096 3059 2259 3111 Patre
2316 3062 2372 3111 et
2426 3054 2825 3110 consacerdote
2887 3058 3078 3108 nostro
3145 3052 3441 3107 Caelestino

110 3142 236 3197 dum.
888 3154 895 3159 '
1729 3184 1780 3221 ρ
1810 3151 2095 3221 episcopo,
2146 3150 2232 3203 his
2291 3149 2511 3221 scriptis
2582 3148 2862 3220 synodicis
2924 3151 2981 3201 te
3037 3146 3209 3202 etiam
3272 3145 3442 3201 tertio

160 3237 282 3292 Cum
310 3239 571 3295 Salvator
596 3244 788 3295 noster
817 3247 1011 3313 aperte
1038 3245 1407 3315 pronuntiet:
1443 3245 1551 3309 Qui
1582 3245 1704 3299 dili-
1732 3237 1783 3257 ν
1808 3243 2195 3310 convenimus,
2249 3241 2548 3297 consilium
2615 3242 2816 3296 dantes
2878 3244 2944 3293 ut
2992 3256 3026 3294 a
3076 3242 3196 3293 tam
3255 3239 3445 3310 pravis

110 3334 169 3397 aut
200 3337 415 3401 patrem
470 3338 569 3387 aut
624 3340 870 3390 matrem
926 3353 1099 3407 super
1155 3354 1246 3392 me
1310 3355 1421 3392 non
1482 3342 1565 3393 est
1616 3355 1707 3392 me
1811 3337 2093 3391 abstineas
2139 3336 2499 3407 dogmatibus
2547 3350 2674 3406 qua
2725 3337 2781 3389 et
2826 3332 3035 3387 sentire
3084 3332 3443 3403 cognosceris

108 3422 301 3493 dignus,
337 3430 395 3479 et
437 3427 537 3497 qui
582 3427 768 3500 diligit
812 3429 991 3483 tilium
1039 3435 1143 3485 aut
1176 3431 1352 3485 tiliam
1404 3447 1574 3503 super
1614 3448 1705 3485 me
1810 3435 1866 3483 et
1931 3429 2154 3485 docere.
2212 3428 2473 3500 Recipies
2521 3444 2653 3481 vero
2700 3427 2873 3481 fidem
2923 3430 3134 3480 rectam
3185 3424 3443 3480 Ecclesiis

105 3531 195 3570 non
227 3522 311 3573 est
346 3536 440 3573 me
473 3521 680 3591 dignus
717 3522 934 3592 (Matth.
968 3540 1020 3591 x,
1055 3525 1164 3595 37),
1194 3524 1333 3595 quid
1382 3541 1481 3578 nos
1528 3524 1703 3594 patie-
1808 3538 1911 3593 per
1935 3522 2288 3577 beatissimos
2330 3522 2610 3592 apostolos
2657 3525 2713 3575 et
2759 3518 3135 3590 evangelistas
3160 3517 3230 3572 ab
3275 3516 3439 3571 initio

106 3624 207 3662 mur
247 3612 346 3682 qui
392 3612 757 3683 depascimur
784 3632 816 3670 a
854 3620 952 3669 tua
998 3616 1276 3689 religione
1327 3620 1388 3669 ut
1432 3620 1487 3670 te
1536 3633 1708 3687 super
1807 3615 2093 3683 traditam,
2149 3613 2247 3684 qui
2309 3618 2366 3668 et
2426 3612 2602 3667 oculis
2663 3613 3032 3684 inspexerunt
3083 3616 3141 3666 et
3192 3609 3438 3665 ministri

104 3702 357 3760 Christum
417 3706 768 3761 Salvatorem
823 3708 1083 3763 omnium
1154 3710 1507 3780 diligamus?
1559 3709 1703 3775 Quid
1808 3707 1970 3763 Verbi
2014 3706 2183 3761 fuisse
2223 3708 2637 3761 monstrantur.
2678 3705 2844 3770 Quod
2873 3704 2916 3758 si
2955 3705 3061 3758 hoc
3108 3703 3311 3774 religio
3343 3706 3440 3756 tua

107 3796 234 3850 enim
259 3798 423 3853 nobis
454 3800 515 3852 in
546 3800 635 3854 die
671 3800 873 3871 judicii
904 3802 1174 3873 proderit,
1204 3806 1302 3857 aut
1339 3820 1511 3875 quam
1540 3803 1702 3858 satis-
1805 3801 1987 3855 facere
2009 3798 2310 3867 distulerit,
2334 3798 2493 3869 juxta
2522 3796 2852 3853 dilationem
2872 3796 3075 3851 litteris
3094 3794 3438 3866 pratlnitam

107 3888 375 3946 factionem
417 3893 671 3962 reperire
715 3894 1027 3964 poterimus
1057 3899 1290 3967 propter
1318 3901 1435 3951 tam
1479 3896 1701 3951 diutur-
1805 3892 2149 3948 sanctissimi
2190 3896 2246 3946 et
2295 3889 2756 3946 reverendissimi
2799 3887 3218 3943 consacerdotis
3260 3885 3439 3941 nostri

109 3996 221 4037 num
246 3985 535 4039 silentium
562 3985 630 4041 de
662 3986 895 4057 prolatis
916 4005 949 4041 a
976 3991 1030 4042 te
1061 3994 1256 4043 contra
1280 4006 1412 4043 eum
1439 3989 1700 4061 blasphe-
1807 3988 2072 4041 Romana
2091 3986 2348 4058 prasulis
2368 3984 2626 4039 Ecclesia
2642 3981 2951 4049 Calestini,
2976 3982 3121 4036 scias
3141 3983 3197 4036 te
3218 3979 3435 4034 nullam

111 4075 244 4130 miis?
270 4079 335 4132 Et
358 4078 402 4133 si
433 4078 672 4149 quidem
694 4083 750 4133 te
778 4081 1183 4135 tantummodo
1214 4082 1471 4149 laderes,
1495 4082 1703 4137 docens
1805 4084 2016 4136 sortem
2054 4080 2258 4135 habere
2288 4079 2607 4145 nobiscum,
2639 4093 2743 4133 nec
2769 4077 2962 4131 locum
2989 4078 3088 4130 aut
3114 4072 3431 4129 convivium

107 4166 190 4221 ista
216 4171 298 4224 vel
324 4172 592 4238 sentiens,
624 4173 945 4228 sollicitudo
989 4174 1151 4228 nobis
1197 4175 1383 4229 minor
1410 4176 1699 4231 existeret.
1804 4190 1934 4228 cum
1978 4173 2073 4228 Dei
2120 4172 2505 4228 sacerdotibus
2555 4174 2613 4226 et
2654 4169 2934 4242 episcOpis
2983 4166 3262 4222 obtinere.
3312 4165 3433 4220 Non

107 4262 221 4316 Cum
254 4280 383 4319 vero
416 4269 595 4320 totam
632 4267 1098 4322 scandalizaveris
1136 4268 1461 4334 Ecclesiam,
1494 4275 1549 4323 et
1587 4269 1698 4323 fer-
1802 4266 1955 4321 enim
1987 4268 2071 4321 fas
2100 4271 2185 4321 est
2213 4266 2433 4321 conteri
2466 4281 2583 4320 non
2610 4263 2793 4319 solum
2834 4261 3111 4317 Ecclesias
3136 4261 3212 4316 ita
3241 4256 3432 4315 turba-

109 4360 331 4412 mentum
357 4359 601 4414 insolita
627 4360 921 4431 pravitatis
947 4366 1002 4415 et
1029 4378 1190 4416 nova
1216 4361 1446 4417 haresis
1468 4360 1704 4416 miscue-
1804 4365 1889 4415 tas
1932 4365 1988 4415 et
2023 4359 2425 4414 scandalizatas
2468 4356 2716 4430 populis,
2747 4356 3036 4427 ﬁdemque
3063 4352 3433 4410 rectissimam

109 4446 229 4502 rLsin
252 4451 496 4522 populis,
516 4468 623 4507 nec
646 4456 866 4507 tantum
886 4453 1101 4508 ibidem
1129 4454 1348 4527 positis,
1372 4455 1466 4510 sed
1491 4455 1703 4525 ubique
1802 4453 2065 4507 violatam
2104 4452 2564 4523 dissipatamque,
2596 4450 2735 4522 quin
2761 4448 2935 4505 etiam
2983 4462 3219 4519 gregem
3259 4460 3434 4516 quem

107 4542 528 4599 consistentibus.
590 4546 734 4601 Nam
792 4552 1023 4602 tuarum
1088 4548 1509 4619 expositionum
1573 4547 2084 4627 IibriDcustodire
2135 4544 2433 4613 debueras,
2487 4542 2771 4614 siquidem
2829 4543 2995 4613 juxta
3052 4556 3157 4595 nos
3214 4540 3436 4592 amator

109 4646 191 4698 per
221 4642 411 4692 cuncta
446 4639 659 4709 vulgati
715 4644 866 4709 sunt,
908 4657 1013 4711 pro
1070 4644 1260 4695 nostra
1312 4641 1536 4696 silentio
1576 4657 1705 4712 qua
1804 4639 1941 4695 recti
1962 4637 2240 4710 dogmatis
2259 4637 2581 4702 exstitisses,
2599 4640 2927 4723 sanctorum
2944 4636 3173 4689 Patrum
3197 4628 3437 4701 vestigia

109 4727 231 4781 ratio
271 4731 417 4785 ultra
460 4732 545 4785 vel
589 4732 974 4787 excusationis
1033 4750 1218 4788 sermo
1267 4734 1555 4789 sufﬁciat?
1596 4737 1708 4789 Aut
1808 4733 1899 4803 pia
1926 4736 2271 4785 consectans.

110 4823 300 4886 quando
328 4840 443 4878 non
475 4841 703 4880 necesse
743 4825 816 4880 sit
863 4826 1190 4881 meminisse
1231 4827 1433 4881 Christi
1475 4827 1705 4881 Domini

112 4909 171 4963 sic
198 4913 418 4971 dicentis
441 4933 455 4971 :
484 4938 512 4969 «
535 4919 659 4973 Non
683 4919 893 4990 putetis
913 4920 1067 4991 quod
1087 4920 1339 4976 venerim
1366 4936 1560 4991 pacem
1584 4920 1706 4973 mit-
1877 4920 2089 4974 Omnes
2105 4917 2294 4989 itaque
2308 4931 2449 4988 quos
2469 4919 2701 4988 propter
2717 4914 2889 4970 fidem
2907 4910 3222 4984 tuareligio
3236 4928 3269 4966 a
3288 4925 3437 4967 com-

112 5008 207 5059 tere
224 5008 273 5062 in
290 5016 520 5078 terram,
542 5029 656 5066 non
675 5012 803 5067 veni
821 5029 1024 5084 pacem
1047 5013 1409 5082 mittere,sed
1428 5012 1702 5084 gladium,
1808 5012 2082 5067 munione
2108 5010 2365 5078 removit,
2398 5012 2495 5064 aut
2522 5009 2591 5063 ab
2620 5008 2819 5064 ordine
2848 5024 2947 5062 suo
2974 5005 3241 5079 deposuit
3270 5003 3438 5059 laicus

113 5101 369 5158 'v‘enienim
390 5122 654 5176 separare
678 5106 972 5161 hominem
995 5107 1261 5161 advelsus
1279 5110 1502 5178 patrem
1518 5122 1703 5175 suum,
1809 5109 1866 5160 et
1885 5106 2117 5160 clericos
2134 5105 2193 5159 in
2210 5110 2463 5159 nostram
2486 5102 2949 5158 communionem
2976 5100 3298 5172 recipimus,
3324 5114 3437 5153 non

112 5194 157 5242 et
176 5194 328 5251 tiliam
373 5199 643 5253 adversus
687 5203 924 5254 matrem
965 5216 1126 5254 suam
1155 5200 1336 5271 (lbid.,
1365 5200 1474 5270 34.)
1509 5221 1534 5247 ››
1568 5201 1707 5253 Nam
1809 5198 1966 5253 enim
1988 5198 2211 5269 justum
2236 5202 2323 5252 est
2341 5214 2434 5252 eos
2463 5196 2575 5252 tuis
2596 5196 2841 5251 decretis
2861 5193 3112 5266 opprimi
3144 5193 3241 5264 qui
3262 5207 3433 5247 nove-

112 5297 216 5339 cum
256 5290 474 5345 [aditur
502 5292 661 5357 ﬁdes,
706 5297 1006 5364 parentum
1051 5293 1370 5348 reverentia
1409 5293 1564 5347 velut
1612 5292 1703 5346 in-
1808 5296 1944 5348 runt
1989 5296 2143 5347 recta
2191 5290 2423 5346 sentire.
2479 5290 2585 5355 Qui
2633 5289 2806 5345 etiam
2872 5286 3293 5343 benefacientes
3338 5283 3439 5338 tibi

112 5378 236 5434 utilis
274 5389 328 5437 et
368 5384 681 5455 periculosa
727 5385 1054 5457 despicitur,
1086 5389 1144 5439 et
1175 5402 1340 5440 amor
1381 5403 1516 5457 erga
1563 5386 1707 5442 filios
1808 5384 2243 5458 prudentissime
2310 5384 2664 5451 restiterunt,
2711 5383 2819 5438 hoc
2865 5381 3020 5435 idem
3076 5393 3325 5449 namque
3383 5375 3441 5429 in

113 5468 384 5547 fratresque
429 5477 661 5545 vitatur,
691 5479 763 5532 ad
813 5483 1163 5550 postremum
1209 5479 1385 5533 etiam
1419 5496 1592 5550 super
1616 5479 1705 5551 ip-
1810 5480 2048 5551 epistola
2073 5494 2246 5552 quam
2280 5477 2485 5533 misisti
2513 5477 2585 5532 ad
2628 5476 2932 5549 prasulem
2977 5473 3182 5543 ampla
3223 5471 3437 5536 Roma,

115 5576 207 5619 θέλω
230 5569 395 5625 vitam
426 5588 579 5626 mors
617 5572 804 5642 potius
838 5590 870 5625 a
900 5573 1008 5643 piis
1034 5572 1167 5626 viris
1207 5572 1457 5644 eligitur,
1486 5576 1552 5627 ut
1583 5589 1704 5627 me-
1809 5578 2066 5628 sanctum
2128 5577 2183 5627 et
2247 5572 2644 5643 coepiscopum
2721 5573 2979 5625 nostrum
3056 5561 3438 5627 Calestinum,

114 5653 282 5717 liorem
324 5665 820 5733 resurrectionem,
853 5667 998 5721 sicut
1043 5667 1318 5739 scriptum
1366 5670 1469 5731 est,
1512 5682 1706 5721 conse-
1812 5667 2126 5738 significare
2194 5665 2421 5719 curasti.
2492 5665 2614 5719 Non
2674 5666 2864 5717 autem
2933 5658 3141 5713 sul‘llcit
3192 5656 3277 5710 vel
3327 5657 3443 5709 tua

114 5760 325 5817 quatitur
369 5758 556 5827 (Hebr.
600 5775 659 5826 ιι,
694 5759 801 5830 35).
847 5761 982 5815 Ecce
1032 5761 1220 5831 itaque
1260 5763 1316 5814 te
1362 5760 1533 5815 simul
1580 5776 1710 5814 cum
1812 5760 2492 5831 religionitantummodo
2512 5757 2641 5812 fidei
2670 5755 2989 5827 symbolum
3011 5748 3266 5807 confiteri
3285 5746 3443 5820 quod

116 5850 274 5903 sancta
300 5852 531 5922 synodo,
564 5868 691 5925 qua
736 5853 885 5923 apud
940 5855 1185 5925 amplam
1219 5854 1417 5908 urbem
1466 5855 1711 5908 Romam
1815 5854 2133 5925 expositum
2192 5858 2271 5906 est
2320 5869 2421 5923 per
2468 5851 2621 5904 idem
2688 5853 2933 5918 tempus.
2984 5845 3190 5918 Spiritu
3251 5845 3443 5899 sancto
