4026 6166
600 336 703 390 295
1478 316 1760 378 APPEND.
1802 320 1889 376 AD
1926 316 2089 379 SEC.
2133 319 2217 372 ix.
2251 345 2317 357 —-
2358 314 2604 370 lSiDORi
2644 302 3070 369 MERCATORIS
3783 319 3859 371 296

599 439 895 508 largiente,
946 439 1003 487 et
1048 430 1372 493 venerando
1420 436 1478 484 et
1522 447 1733 500 magno
1788 428 2029 483 concilio
2071 426 2224 498 apud
2248 424 2427 510 Abas
2461 422 2749 493 genitricis
2775 420 3022 492 Virginis
3063 417 3396 473 constitutus
3439 418 3727 473 universam
3748 436 3864 474 crea-

602 532 844 586 Nivmam
875 530 1241 597 congl'3gatu.

672 626 783 677 Hoc
833 621 983 675 enim
1041 638 1151 673 uun
1208 618 1530 672 intellexisti
1588 634 1690 670 nec
1747 622 1892 669 recte
1940 616 2221 683 interpre-

600 720 749 771 tatus
777 733 855 782 es,
889 714 1146 785 quinimo
1182 728 1467 783 perverse,
1497 713 1627 764 licet
1662 709 1984 775 sonogvocis
2022 706 2224 759 eadem

527 831 533 841 ο
601 810 768 863 verba
799 807 1135 879 praetuleris.
1173 807 1275 859 Sed
1325 820 1678 875 consequens
1727 806 1812 856 est
1859 802 2026 855 etiam
2067 800 2221 868 jure-

593 901 848 975 jurando
880 900 1043 954 fateri
1079 904 1132 953 te
1171 898 1321 969 quod
1370 895 1809 951 anatheniatizes
1861 894 2090 965 quidem
2130 895 2227 943 tua

599 996 814 1067 polluta
853 997 911 1048 et
940 993 1179 1064 profana
1219 992 1509 1061 dogmata,
1541 991 1747 1043 sentias
1790 992 1981 1041 autem
2029 988 2086 1038 et
2123 984 2224 1037 do-

602 1105 727 1143 ceas
786 1104 913 1158 quae
968 1102 1071 1139 nos
1141 1084 1408 1151 universi,
1467 1099 1569 1154 per
1630 1082 1914 1137 Orientem
1976 1096 2074 1133 seu
2128 1093 2229 1148 per

604 1181 963 1236 Occidentem
996 1178 1245 1249 episc0pi
1292 1180 1349 1231 et
1397 1176 1677 1246 magistri,
1717 1173 2098 1245 praesulesque
2131 1187 2229 1242 po-

603 1276 869 1346 pulorum
920 1270 1223 1336 credimus,
1270 1273 1327 1324 et
1371 1269 1661 1323 docemus.
1718 1266 1982 1337 Epistolis
2038 1267 2230 1317 autem

602 1366 673 1419 ab
734 1364 1117 1420 Alexandrina
1178 1368 1293 1417 tua:
1358 1360 1626 1432 religioni
1704 1359 1930 1414 directis
1991 1356 2232 1411 Ecclesia

605 1474 941 1515 consensum
986 1456 1244 1527 praebuit,
1277 1460 1395 1509 tam
1427 1471 1493 1508 ea
1519 1470 1647 1525 quas
1688 1452 1838 1524 apud
1881 1451 2081 1505 urbem
2122 1449 2227 1502 Ro-

605 1568 835 1607 manam
865 1550 1126 1605 convenit
1163 1554 1352 1602 sancta
1395 1546 1667 1618 synodus,
1700 1560 1877 1616 quam
1922 1543 2089 1597 etiam
2130 1558 2233 1595 nos

605 1661 802 1699 omnes
846 1644 999 1696 velut
1047 1645 1200 1695 recte
1250 1638 1937 1711 irreprehensibiliterque
1986 1634 2230 1689 conscri-

603 1739 744 1810 ptis;
798 1735 1152 1790 subdidimus
1199 1737 1390 1787 autem
1446 1732 1535 1785 his
1587 1731 1794 1785 nostris
1848 1745 1977 1800 quae
2028 1726 2233 1782 sentire

2324 523 2507 571 turum
2541 516 2792 585 replebat
2820 523 2881 566 ut
2916 516 3057 565 heus
3104 512 3338 581 genitori
3385 529 3479 563 suo
3521 511 3755 565 indivisus
3785 516 3866 567 exi-

2325 614 2514 664 steret.
2561 610 2717 672 Quod
2750 608 3002 660 divinum
3053 613 3135 658 est
3180 606 3329 658 enim
3383 606 3496 657 sine
3543 607 3807 673 quantitate
3828 614 3867 660 et

2326 705 2447 757 sine
2477 705 2622 756 mole
2651 701 3031 769 cognoscitur,
3053 716 3157 752 nec
3182 699 3302 751 ullis
3324 698 3564 751 terminis
3587 700 3867 753 continetur.

2326 796 2570 849 Verbum
2623 795 2717 847 Dei
2766 794 3075 847 secundum
3128 791 3538 844 subsistentiam
3588 791 3868 856 Cttlliiit‘lltt's,

2327 907 2503 943 unum
2532 889 2833 942 adoramus
2865 887 3063 939 Filium
3113 892 3167 938 et
3216 883 3507 937 Dominum
3548 884 3713 936 Iesum
3749 884 3869 936 (Liui-

2328 986 2479 1035 stum
2526 999 2639 1035 non
2690 996 2942 1033 seorsum
2978 984 3270 1048 ponentes,
3301 980 3356 1029 et
3383 976 3780 1029 determinantes
3805 977 3873 1029 bo-

2328 1075 2545 1129 minem
2569 1075 2740 1126 Deum
2762 1074 2912 1126 velut
2931 1071 3167 1124 invicem
3199 1070 3303 1122 sibi
3332 1068 3604 1138 dignitatis
3625 1073 3673 1122 et
3691 1070 3876 1122 auctori-

2328 1168 2462 1222 tatis
2487 1167 2694 1221 uuitati
2722 1167 3111 1235 coujunctum,
3135 1165 3243 1218 hoc
3275 1164 3423 1215 enim
3457 1162 3650 1215 novitas
3672 1162 3796 1215 vocis
3818 1166 3877 1214 est

2330 1267 2385 1315 et
2416 1260 2555 1314 nihil
2581 1260 2754 1324 aliud,
2784 1276 2888 1312 nec
2920 1259 3055 1311 item
3099 1257 3382 1311 Christum
3429 1254 3717 1326 specialiter
3741 1258 3879 1309 nomi-

2331 1358 2529 1408 nantes
2571 1353 2664 1406 Dei
2710 1351 2956 1405 Verbum
3006 1350 3160 1420 quod
3200 1367 3268 1403 ex
3301 1351 3409 1402 Deo
3448 1354 3543 1413 est,
3572 1364 3666 1401 nec
3692 1348 3879 1401 alterum

2332 1447 2593 1501 similiter
2620 1445 2905 1500 Christum
2950 1443 3270 1513 specialiter
3300 1443 3393 1512 qui
3433 1442 3498 1494 de
3527 1441 3734 1494 muliere
3756 1444 3879 1493 natus

2331 1546 2433 1607 est,
2485 1538 2587 1592 sed
2637 1555 2816 1592 unum
2873 1536 3235 1591 solummodo
3294 1535 3569 1591 Christum
3620 1534 3704 1586 Dei
3747 1534 3879 1586 Patris

2330 1632 2578 1686 Verbum
2604 1648 2730 1685 cum
2755 1630 2980 1701 propria
3010 1646 3180 1683 carne
3202 1628 3599 1697 cognoscimus.
3618 1628 3749 1680 Tunc
3766 1627 3881 1679 enim

2333 1725 2503 1778 etiam
2561 1722 2727 1793 juxta
2754 1724 2886 1776 ‘nos
2941 1726 3146 1775 unctus
3207 1724 3311 1787 est,
3364 1719 3607 1791 quamvis
3663 1718 3879 1788 Spiritum

604 1833 858 1901 oporteat
876 1831 933 1883 et
954 1828 1180 1892 docere,
1211 1830 1267 1880 et
1290 1843 1321 1879 a
1352 1825 1559 1896 quibus
1592 1824 1877 1879 abstinere
1911 1821 2229 1877 conveniat.
2254 1812 2310 1882 B
2335 1817 2524 1885 dignis
2562 1817 2682 1887 ipse
2726 1815 3029 1869 contulerit
3069 1818 3127 1868 et
3166 1831 3284 1868 non
3326 1814 3396 1867 ad
3441 1828 3751 1879 mensuram,
3778 1811 3884 1865 sicut

604 1924 733 1978 Haec
771 1924 856 1977 est
897 1920 1053 1975 enim
1096 1920 1235 1975 ﬁdes
1278 1918 1571 1972 catholicas
1613 1916 1894 1982 Ecclesia,
1929 1915 2018 1968 cui
2045 1912 2232 1967 cuncti

603 2014 968 2071 consentiunt
995 2010 1297 2068 orthodoxi
1318 2027 1421 2083 per
1438 2010 1726 2066 Orientem
1752 2008 2233 2077 Occidentemque

603 2107 919 2180 pontiﬁces.

674 2201 968 2255 Credimus
996 2199 1058 2252 in
1084 2213 1264 2252 unum
1293 2199 1471 2252 Deum
1492 2194 1737 2263 Patrem,
1756 2196 2231 2265 omnipotentem,

607 2294 866 2349 omnium
894 2290 1201 2344 visibilium
1246 2297 1303 2344 et
1348 2289 1715 2343 invisibilium
1753 2288 2133 2351 conditorem;
2178 2289 2237 2339 et

605 2387 666 2440 in
693 2402 870 2439 unum
896 2384 1199 2438 Dominum
1226 2386 1486 2436 nostrum
1502 2382 1694 2435 Iesum
1721 2380 2004 2435 Christum
2029 2379 2234 2431 Filium

512 2556 517 2563 ι
608 2479 706 2533 Dei
739 2482 936 2532 natum
966 2477 1034 2531 de
1060 2478 1220 2531 Patre
1251 2475 1631 2545 unigenitum,
1651 2474 1757 2527 hoc
1788 2476 1871 2526 est
1899 2490 1963 2526 ex
1986 2473 2237 2526 substan-

608 2572 687 2627 tia
725 2571 927 2640 Patris,
957 2571 1132 2623 Deum
1177 2585 1247 2622 ex
1290 2569 1423 2636 Deo,
1457 2568 1654 2621 lumen
1681 2567 1752 2621 de
1791 2566 2024 2631 lumine,
2058 2566 2235 2618 Deum

606 2682 810 2721 verum
837 2680 906 2719 ex
935 2664 1051 2717 Deo
1075 2678 1230 2728 vero,
1260 2667 1460 2715 natum
1507 2677 1621 2714 non
1675 2660 1905 2725 factum,
1937 2658 2237 2712 omousion

608 2758 807 2823 Patris,
856 2757 963 2810 hoc
1007 2760 1093 2810 est
1139 2754 1307 2808 unius
1355 2769 1484 2807 cum
1528 2754 1689 2806 Patre
1736 2751 2090 2818 substantiae;
2140 2766 2240 2819 per

609 2862 783 2918 quem
829 2843 1024 2898 omnia
1071 2843 1218 2896 facta
1263 2845 1397 2895 sunt
1440 2845 1498 2894 in
1546 2841 1682 2894 caelo
1730 2843 1787 2893 et
1833 2840 1891 2892 in
1940 2845 2108 2907 terra,
2140 2838 2239 2908 qui

608 2942 845 3010 propter
872 2953 976 2990 nos
1015 2933 1278 2989 homines
1326 2936 1383 2987 et
1427 2939 1661 3004 propter
1704 2936 1957 2986 nostram
2000 2932 2240 2986 salutem

612 3029 904 3086 descendit
921 3029 991 3084 de
1011 3027 1181 3082 cmlis.
1196 3029 1263 3081 Et
1279 3027 1608 3081 incarnatus
1627 3029 1731 3093 est,
1748 3028 1824 3093 et,
1841 3026 2014 3080 homo
2039 3026 2236 3091 factus,

610 3141 807 3197 passus
827 3126 930 3190 est,
949 3125 1008 3177 et
1032 3137 1341 3191 resurgens
1366 3120 1530 3174 tertia
1547 3119 1658 3188 die,
1677 3118 1934 3172 ascendit
1961 3119 2019 3172 in
2047 3119 2237 3186 ccelos,

611 3218 746 3272 inde
804 3218 1073 3270 venturus
1116 3213 1375 3284 judicare
1427 3213 1579 3266 vivos
1633 3216 1690 3266 et
1739 3214 2027 3280 mortuos;
2073 3216 2130 3264 et
2179 3212 2239 3264 in

615 3309 885 3381 Spiritum
916 3313 1192 3363 sanctum.
1218 3309 1325 3362 Eos
1355 3310 1548 3359 autem
1578 3304 1676 3376 qui
1701 3305 1926 3359 dicunt:
1946 3307 2077 3360 Erat
2101 3310 2243 3359 tem-

614 3418 720 3475 pus
772 3401 1005 3473 quando
1059 3416 1177 3473 non
1232 3403 1376 3466 erat,
1420 3402 1477 3452 et
1541 3403 1850 3468 antequam
1913 3402 2244 3452 nasceretur

616 3510 736 3551 non
762 3498 906 3564 erat,
941 3500 998 3549 et
1022 3493 1158 3566 quia
1192 3509 1260 3547 ex
1290 3492 1461 3547 nullis
1504 3490 1871 3546 existentibus
1916 3492 2097 3545 factus
2137 3495 2241 3553 est,

615 3592 716 3644 aut
739 3604 811 3643 ex
841 3588 952 3642 alia
978 3586 1291 3641 substantia
1320 3585 1409 3639 vel
1452 3584 1696 3640 essentia
1738 3601 1859 3638 esse
1902 3585 2114 3654 dicunt,
2147 3590 2247 3639 aut

616 3681 1044 3737 convertibilem
1069 3679 1156 3734 vel
1197 3678 1656 3734 commutabilem
1705 3677 1802 3732 Dei
1849 3678 2074 3745 Filium,
2107 3694 2243 3733 ana-

614 3775 948 3831 thematizat
1010 3772 1290 3829 catholica
1344 3776 1402 3826 et
1450 3771 1762 3842 apostolica
1823 3771 2085 3827 Ecclesia.
2140 3771 2243 3826 Se-

616 3872 858 3942 quentes
886 3868 1079 3939 itaque
1110 3866 1368 3921 omnium
1405 3867 1733 3919 sanctorum
1776 3866 2008 3919 Patrum
2034 3864 2248 3919 confes-

619 3963 825 4030 siones,
867 3977 1004 4031 quas
1047 3960 1314 4029 loquente
1362 3958 1423 4011 in
1469 3958 1547 4012 eis
1591 3960 1789 4012 sancto
1846 3958 2063 4028 Spiritu
2112 3973 2245 4028 pro-

619 4056 898 4120 tulerunt,
927 4055 985 4106 et
1029 4049 1333 4106 intentioni
1377 4066 1504 4120 quae
1550 4053 1637 4103 est
1677 4051 1738 4104 in
1786 4066 1988 4105 eorum
2028 4049 2245 4104 intelle-

622 4147 804 4202 ctibus
832 4144 1010 4214 aequis
1035 4143 1285 4213 vestigiis
1313 4142 1680 4210 inhaerentes,
1714 4146 1886 4212 atque
1913 4142 2024 4196 iter
2046 4141 2247 4196 ambu-

622 4239 807 4295 iantes
831 4235 1076 4306 regium,
1104 4234 1437 4304 proﬁtemur
1469 4233 1625 4305 quod
1665 4233 1851 4304 ipsum
1891 4234 2252 4305 unigenitum

625 4332 726 4388 Dei
749 4328 997 4386 Verbum
1023 4333 1221 4382 natum
1248 4342 1320 4381 ex
1352 4326 1475 4397 ipsa
1522 4326 1705 4381 Patris
1746 4328 2011 4397 essentia,
2046 4328 2115 4383 de
2144 4329 2252 4384 Deo

628 4442 761 4483 vero
810 4423 959 4478 Deus
1016 4437 1203 4490 verus,
1252 4420 1448 4476 lumen
1510 4420 1581 4475 de
1640 4420 1876 4488 lumine,
1920 4438 2026 4492 per
2080 4439 2254 4494 quem

2333 1911 2530 1965 beatus
2554 1911 2799 1963 Joannes
2834 1908 3177 1977 evangelista
3227 1906 3479 1960 asseruit.
3523 1906 3619 1961 Sed
3659 1921 3746 1958 nec
3782 1903 3883 1957 illud

2335 2002 2574 2059 dicimus
2588 2004 2738 2073 quod
2755 2002 2851 2055 Dei
2866 2002 3108 2054 Verbum
3125 1999 3279 2054 velut
3295 2000 3576 2054 hominem
3590 2011 3883 2053 communem

2334 2096 2543 2168 qui.de
2590 2100 2783 2149 sancta
2829 2095 3061 2164 Virgine
3108 2097 3278 2147 natus
3326 2100 3409 2147 est
3456 2091 3770 2157 habitaverit,
3810 2105 3885 2142 nec

2337 2191 2511 2243 Deum
2551 2190 2726 2243 homo
2767 2188 3021 2241 Christus
3052 2187 3429 2242 habitatorem
3460 2184 3717 2256 possidere
3740 2181 3885 2236 creda-

2333 2287 2445 2336 tur.
2502 2281 2766 2345 Quamvis
2822 2280 2975 2335 enim
3018 2281 3266 2333 Verbum
3321 2279 3640 2333 habitaverit
3677 2277 3725 2329 in
3766 2274 3887 2328 nobis

2337 2372 2461 2445 70
2484 2378 2542 2427 et
2567 2374 2782 2428 dictum
2812 2373 2886 2427 sit
2912 2373 2971 2426 in
2997 2373 3217 2428 Christo
3250 2372 3505 2426 habitare
3532 2384 3739 2424 omnem
3757 2365 3887 2437 pleni-

2337 2467 2597 2520 tudinem
2630 2467 2857 2521 deitatis
2884 2467 3273 2536 corporaliter,
3308 2469 3550 2519 attamen
3591 2461 3887 2530 intelligimus

2337 2561 2581 2614 Verbum
2602 2559 2752 2630 quod
2773 2576 2906 2613 caro
2923 2560 3132 2613 factum
3155 2565 3257 2625 est,
3280 2575 3393 2613 non
3413 2557 3551 2612 sicut
3567 2557 3618 2611 in
3637 2555 3808 2609 sanctis
3822 2553 3889 2605 ha-

2337 2654 2515 2707 bitare
2535 2653 2757 2719 dicitur,
2783 2670 2885 2706 nec
2910 2654 3083 2706 talem
3106 2654 3159 2705 in
3184 2652 3306 2722 ipso
3329 2652 3712 2706 habitationem
3732 2648 3889 2700 factam

2338 2747 2582 2801 diftinire
2616 2746 2979 2810 tentabimus,
3001 2747 3090 2799 sed
3129 2763 3272 2799 unus
3295 2747 3458 2816 juxta
3498 2754 3733 2797 naturam
3752 2738 3889 2793 necin

2340 2856 2568 2895 carnem
2599 2840 2821 2910 penitus
2850 2844 3231 2893 commutatus
3262 2841 3437 2893 talem
3466 2838 3568 2891 sibi
3592 2836 3712 2890 fecit
3729 2832 3891 2887 habita-

2338 2934 2552 2989 tionem
2573 2935 2803 3004 qualem
2823 2937 2882 2986 et
2896 2934 3087 2986 anima
3109 2933 3359 2986 hominis
3379 2932 3582 2985 habere
3606 2927 3826 2989 creditur,
3842 2921 3890 2976 ad

2338 3028 2632 3100 proprium
2651 3043 2872 3097 corpus.
2896 3027 3051 3080 Unus
3069 3025 3242 3097 igitur
3259 3025 3598 3079 estChristus
3617 3027 3667 3078 et
3681 3018 3891 3076 Dominus

2342 3138 2454 3174 non
2476 3122 2631 3174 velut
2652 3120 3051 3189 conjunctione
3073 3118 3326 3188 qualibet
3345 3120 3404 3173 in
3428 3119 3629 3173 unitate
3644 3109 3889 3185 dignitatis,

2342 3220 2399 3267 et
2421 3214 2767 3267 auctoritatis
2790 3213 3035 3267 hominis
3062 3212 3328 3265 habentis
3349 3214 3418 3267 ad
3446 3213 3633 3266 Deum.
3655 3210 3759 3263 Non
3778 3202 3891 3257 enim

2341 3311 2524 3378 potest
2554 3307 2714 3360 uuire
2748 3312 3007 3359 naturam
3038 3307 3157 3360 sola
3200 3306 3499 3376 dignitatis
3527 3301 3797 3375 aequalitas.
3821 3296 3894 3348 De-

2343 3399 2515 3470 nique
2547 3400 2742 3453 Petrus
2770 3406 2826 3453 et
2849 3401 3093 3453 Joannes
3116 3400 3359 3469 aequalis
3380 3403 3509 3453 sunt
3532 3398 3597 3451 ad
3625 3396 3895 3450 alterutrum

2345 3492 2658 3563 dignitatis,
2693 3498 2925 3563 propter
2952 3493 3105 3562 quod
3151 3494 3396 3562 apostoli
3437 3496 3493 3547 et
3517 3489 3680 3545 sancti
3702 3478 3899 3553 discipuli

2344 3602 2461 3641 esse
2479 3589 2882 3654 monstrantur,
2896 3589 3300 3639 verumtamen
3320 3590 3558 3657 uterque
3570 3600 3675 3638 non
3686 3595 3808 3635 unus
3823 3578 3896 3629 est.

2346 3681 2454 3733 Nec
2473 3680 2640 3751 juxta
2662 3679 3018 3733 collationem
3038 3680 3124 3732 vel
3147 3680 3563 3734 connexionem
3587 3675 3791 3731 modum
3807 3683 3898 3723 con-

2338 3772 2651 3844 junctionis
2683 3772 3049 3838 advertimus,
3082 3773 3190 3826 hoc
3222 3772 3384 3827 enim
3424 3772 3495 3827 ad
3538 3767 3797 3826 unitatem‘
3817 3774 3898 3816 non

2346 3865 2553 3919 sufficit
2583 3866 2919 3933 naturalem,
2951 3882 3056 3919 nec
3080 3866 3395 3920 secundum
3426 3851 3897 3937 participationisei-

2348 3958 2580 4025 fectum;
2597 3974 2701 4012 nos
2716 3958 2889 4012 etiam
2907 3958 3051 4012 sicut
3064 3959 3419 4014 adhaarentes
3437 3957 3661 4013 Domino
3670 3968 3793 4008 unus
3805 3960 3898 4002 cum

2350 4066 2418 4105 eo
2448 4050 2678 4121 spiritus
2707 4068 2921 4118 sumus,
2951 4051 3069 4105 imo
3100 4052 3288 4121 potius
3325 4048 3721 4123 conjunctionis
3743 4052 3900 4098 nomen

2350 4142 2624 4197 evitamus
2644 4147 2920 4214 tanquam
2944 4161 3057 4198 non
3075 4144 3320 4198 existens
3343 4144 3609 4199 idoneum
3625 4137 3757 4212 quod
3778 4130 3899 4203 signi-

2350 4236 2483 4290 ficat
2513 4236 2743 4291 unitatis
2767 4253 3061 4292 arcanum.

2425 4330 2537 4386 Sed
2565 4347 2749 4402 neque
2780 4332 2959 4385 Deum
2999 4336 3099 4386 aut
3139 4331 3447 4387 Dominum
3492 4328 3684 4388 Christi
3714 4321 3899 4379 Verbum

2353 4424 2455 4478 Dei
2476 4423 2657 4478 Patris
2681 4424 3008 4493 asserimus,
3035 4441 3108 4479 ne
3138 4425 3350 4480 iterum
3391 4421 3725 4480 manifestius
3749 4416 3797 4470 in
3819 4411 3899 4466 duo

628 4519 822 4578 omnia
849 4518 997 4573 facta
1025 4521 1177 4583 sunt,
1203 4514 1320 4569 sive
1347 4514 1406 4570 in
1449 4514 1603 4570 caelis
1631 4516 1745 4570 sive
1772 4514 1832 4569 in
1858 4520 2029 4586 terra,
2061 4518 2255 4572 salutis
2273 4546 2334 4617 D
2356 4517 2695 4585 dividamus,
2730 4534 2907 4572 unum
2934 4518 3221 4573 Christum
3249 4519 3454 4573 Filium
3483 4524 3539 4572 et
3568 4513 3845 4573 Dominum,
3866 4506 3904 4554 εί

629 4619 840 4671 nostra;
892 4627 1079 4677 causa,
1127 4608 1474 4664 descendens
1519 4608 1592 4663 ad
1646 4609 2094 4666 exinanitionem
2140 4628 2258 4667 sese

635 4708 904 4780 dignatus
918 4707 1004 4759 est.
1016 4704 1309 4771 inclinare,
1329 4708 1495 4757 natus
1509 4708 1703 4758 autem
1719 4710 1774 4758 et
1793 4704 1966 4759 homo
1987 4705 2186 4774 factus,
2202 4705 2260 4760 id

636 4805 724 4857 est
770 4814 999 4855 carnem
1037 4798 1107 4852 de
1134 4796 1364 4867 Virgine
1415 4802 1611 4851 sancta
1656 4797 1981 4868 suscipiens,
2013 4815 2260 4869 eamque

633 4895 922 4969 propriam
976 4890 1189 4944 faciens
1247 4889 1600 4946 nativitatem
1665 4897 1915 4947 nostram
1976 4909 2046 4947 ex
2100 4893 2263 4947 vulva

637 4986 926 5051 sustinuit,
963 4985 1137 5038 homo
1181 4983 1251 5037 de
1294 4984 1530 5039 muliere
1580 4984 1912 5054 procedens,
1953 5002 2057 5041 nec
2107 4986 2265 5056 quod

639 5084 763 5138 erat
791 5077 1076 5150 abjiciens.
1111 5076 1246 5130 Nam
1287 5076 1417 5130 licet
1455 5077 1635 5131 factus
1676 5076 1747 5131 sit
1784 5077 1843 5131 in
1882 5079 2265 5150 assumptione

641 5172 830 5231 carnis
867 5174 926 5226 et
959 5168 1271 5240 sanguinis,
1300 5171 1490 5223 tamen
1536 5169 1708 5223 etiam
1753 5171 1905 5241 quod
1952 5175 2078 5226 erat
2120 5172 2266 5226 Deus

639 5272 855 5326 natura
887 5263 1097 5320 scilicet
1140 5267 1200 5317 et
1238 5261 1470 5316 veritate
1515 5263 1842 5334 persistens.
1874 5264 1985 5319 Nec
2032 5281 2265 5320 carnem

639 5363 833 5435 itaque
858 5358 1100 5415 dicimus
1125 5356 1183 5410 in
1211 5358 1475 5411 naturam
1507 5356 1731 5411 deitatis
1760 5374 1879 5412 esse
1920 5374 2266 5426 conversam,

643 5474 750 5515 nec
774 5456 831 5510 in
858 5448 1232 5508 substantiam
1270 5447 1457 5504 carnis
1501 5449 1942 5523 inseparabilem
1973 5451 2076 5507 Dei
2105 5452 2271 5508 verbi

646 5548 951 5607 essentiam
977 5543 1364 5600 comitantem.

719 5638 1163 5699 inconvertibilis
1174 5635 1418 5693 estenim
1433 5639 1491 5691 et
1502 5636 1980 5697 incommutabilis
2002 5639 2271 5714 idemque

648 5733 769 5807 ipse
801 5736 970 5807 juxta
1012 5731 1327 5805 Scripturas
1358 5730 1580 5803 jugiter
1615 5748 1977 5805 permanens.
2004 5735 2164 5791 Visus
2190 5740 2275 5791 est

648 5829 842 5887 autem
867 5832 925 5885 et
950 5827 1238 5900 parvulus,
1266 5827 1592 5902 positusque
1638 5826 1698 5886 in
1741 5828 2020 5895 cunabilis
2052 5834 2109 5889 et
2134 5829 2271 5888 sini-

2360 4610 2418 4664 in
2449 4611 2666 4665 crimen
2707 4610 2986 4682 sacrilegii
3028 4610 3364 4679 recidamus,
3395 4613 3570 4666 Deum
3605 4607 3679 4663 illi
3715 4601 3904 4672 seipsum

2359 4703 2630 4758 facientes
2656 4711 2712 4758 et
2735 4704 3057 4759 Dominum.
3078 4705 3277 4759 Unitus
3305 4705 3539 4776 quippe,
3564 4702 3695 4757 sicut
3711 4691 3906 4765 supeﬁlls

2362 4797 2630 4865 diximus,
2650 4800 2795 4852 Deus
2822 4798 3068 4852 Verbum
3088 4798 3243 4852 carni
3273 4798 3587 4853 secundum
3610 4784 3907 4850 substantiam

2364 4892 2510 4945 Deus
2532 4891 2761 4962 quidem
2788 4898 2872 4946 est
2890 4908 2980 4945 om
2990 4891 3150 4945 nium
3168 4898 3225 4946 et
3248 4892 3569 4946 dominator
3585 4875 3906 4943 universitati!»-

2363 4986 2765 5039 Verumtameu
2793 5001 2895 5039 nec
2926 5001 3119 5039 servus
3147 4989 3232 5040 est
3257 4985 3363 5039 sibi
3397 4984 3502 5056 ipsi
3545 4999 3643 5037 nec
3681 4971 3908 5034 Dominus:

2367 5079 2642 5149 quoniam
2672 5079 2931 5149 ineptum
2959 5084 3045 5132 est
3064 5079 3151 5132 vel
3173 5079 3357 5149 potius
3384 5077 3619 5148 impium
3646 5074 3741 5127 hoc
3756 5062 3910 5121 sentire

2366 5172 2453 5227 vel
2474 5171 2676 5227 dicere.
2708 5171 2974 5234 Quamvis
2998 5171 3151 5226 enim
3177 5171 3325 5227 dicat
3344 5173 3522 5226 Deum
3550 5181 3701 5224 suum
3724 5163 3909 5217 Patrem,

2368 5282 2499 5320 cum
2520 5265 2592 5320 sit
2611 5266 2757 5320 Deus
2776 5269 2833 5320 et
2859 5266 2928 5320 de
2950 5265 3263 5320 substantia
3289 5266 3428 5336 ejus,
3450 5271 3636 5319 tamen
3655 5256 3912 5314 nullatenus

2368 5360 2704 5431 ignoramus
2728 5359 2877 5431 quod
2904 5376 3143 5414 manens
3166 5361 3331 5428 Deus,
3355 5359 3523 5413 homo
3552 5366 3759 5429 quoque
3782 5346 3914 5401 111οῒ11⁵

2370 5461 2473 5518 est,
2499 5453 2597 5525 qui
2627 5453 2730 5509 sub
2759 5454 2871 5508 Deo
2899 5453 3147 5508 debitam
3166 5454 3353 5525 legem
3374 5454 3588 5506 naturae
3616 5431 3914 5525 humanitati}

2369 5522 2700 5614 assumeret,
2727 5547 2846 5618 ipse
2870 5563 3002 5601 vero
3029 5546 3134 5601 sibi
3172 5522 3459 5618 quomodo
3486 5543 3571 5599 vel
3604 5542 3734 5595 Deus
3763 5522 3914 5604 pater“

2371 5657 2493 5697 esse
2524 5642 2610 5696 vel
2637 5640 2927 5708 Dominus,
2950 5656 3089 5711 ergo
3116 5640 3258 5695 sicut
3287 5641 3466 5695 homo
3493 5640 3751 5707 quantum
3771 5625 3921 5680 decen-

2369 5737 2457 5791 ter
2475 5734 2877 5791 exinanitionis
2903 5750 3189 5789 mensura:
3211 5750 3316 5790 con
3323 5749 3391 5807 gr
3404 5730 3490 5785 uit
3511 5728 3612 5784 sub
3630 5727 3735 5782 Deo
3752 5729 3850 5775 esse
3862 5724 3929 5765 ου’

2371 5828 2592 5885 hiscum
2620 5844 2740 5884 esse
2775 5828 3039 5884 decrevit.
3074 5829 3187 5884 Hoc
3219 5828 3390 5884 etiam
3428 5818 3706 5903 quomodo
3729 5810 3818 5870 sub
3838 5807 3929 5876 1⁸8⁸
