4026 6166
160 255 241 304 297
1202 296 1217 315 ε
1340 247 1818 333 assummum
1855 247 2240 308 consono.

3367 260 3466 317 298

154 353 663 426 factusestquamvis
680 353 805 426 ipse
826 355 1275 426 promulgaverit
1292 358 1480 429 legem
1502 360 1739 432 etlegis-
1760 368 1933 443 Aces
1976 376 2115 430 quas
2166 358 2421 415 Salvator
2468 361 2528 415 in
2577 362 2896 434 Evangeliis
2941 364 3198 435 protulit,
3248 382 3363 425 non
3409 372 3470 429 in

152 452 277 505 lator
295 453 353 503 ut
380 449 526 501 Deus
551 449 835 514 existeret,
856 465 1119 504 cavemus
1157 451 1228 504 de
1271 452 1494 508 Christo
1526 454 1735 510 dicere.

153 546 357 613 Propter
374 547 752 596 assumentem
772 560 1008 597 veneror
1021 552 1396 615 assumptum.
1418 547 1486 601 Et
1508 554 1740 618 propter

152 636 455 690 invisibilem
503 636 675 689 adoro
707 635 1000 690 visibilem.
1033 638 1386 693 Horn-udum
1412 655 1545 695 vero
1572 658 1740 712 super

151 730 238 783 hoc
263 732 340 783 est
363 728 531 783 etiam
560 729 695 782 illud
726 728 946 783 dicere:
972 732 1019 785 Is
1048 731 1144 801 qui
1172 738 1464 803 susceptus
1490 739 1577 787 est
1605 751 1736 788 cum

152 838 206 876 eo
222 822 308 893 qui
331 820 559 891 suscipit
580 825 943 892 nuncupatur
966 824 1136 879 Deus.
1159 825 1264 888 Qui
1284 825 1437 879 enim
1465 826 1587 881 haec
1605 827 1739 882 dicit

151 914 315 970 dividit
335 914 541 968 iterum
584 915 643 968 in
689 915 829 969 duos
869 917 1119 971 Christos
1144 934 1275 972 eum
1303 919 1401 989 qui
1443 937 1589 973 unus
1634 926 1734 988 est,

150 1007 404 1063 hominem
451 1024 705 1062 seorsum
750 1008 809 1062 in
854 1015 1040 1080 parte,
1072 1016 1128 1064 et
1171 1011 1346 1065 Deum
1386 1012 1647 1067 similiter
1674 1015 1734 1068 in

149 1106 273 1173 parte
290 1101 647 1156 constituens.
669 1102 973 1157 Evidenter
985 1104 1138 1157 enim
1162 1104 1411 1176 denegat
1434 1106 1732 1173 unitatem,

149 1194 419 1248 secundum
448 1211 624 1265 quam
665 1212 781 1249 non
820 1196 962 1251 alter
988 1213 1118 1251 cum
1159 1199 1335 1252 altero
1376 1200 1732 1267 coadoratur,

151 1292 227 1341 aut
248 1293 593 1358 nuncupatur
616 1290 785 1357 Deus,
816 1290 909 1344 sed
943 1307 1089 1344 unus
1118 1291 1460 1362 intelligitur
1483 1293 1736 1349 Christus

149 1382 293 1447 Iesus,
318 1381 481 1435 Filius
506 1382 609 1436 Dei
638 1383 988 1452 unigenitus,
1018 1401 1132 1438 una
1156 1386 1421 1441 servitute
1451 1402 1580 1441 cum
1605 1403 1736 1458 pro-

150 1474 249 1544 pria
267 1489 422 1528 carne
444 1476 828 1530 venerandus.

202 1567 526 1622 Conﬁtemur
543 1569 718 1623 etiam
737 1569 891 1640 quod
911 1570 1069 1624 idem
1089 1571 1209 1642 ipse
1230 1572 1327 1642 qui
1348 1588 1417 1626 ex
1440 1573 1552 1627 Deo
1570 1575 1732 1628 Patre

151 1664 282 1714 natus
298 1666 373 1715 est
400 1661 570 1715 Filius
600 1662 927 1733 unigenitus
949 1664 1113 1730 Deus,
1136 1663 1268 1717 licet
1280 1665 1443 1734 juxta
1470 1672 1734 1722 naturam

1839 453 2055 508 duabus
2085 453 2416 509 substantiis
2454 462 2551 510 aut
2598 458 2852 526 personis
2895 460 3133 515 omnino
3162 462 3463 532 partimur.

1839 547 1958 601 Non
1985 546 2135 603 enim
2173 547 2380 617 duplex
2420 556 2505 603 est
2556 566 2701 603 unus
2747 551 2999 607 Christus
3025 559 3080 608 et
3107 555 3252 610 Deus
3290 557 3462 625 solus,

1838 640 2094 709 quamvis
2120 657 2185 694 ex
2236 639 2453 695 duabus
2495 641 2838 713 diversisque
2869 644 3038 701 rebus
3078 647 3148 701 ad
3190 649 3464 707 unitatem

1838 733 2193 803 cognoscitur
2219 734 2566 789 individuam
2587 737 2940 803 convenisse,
2964 738 3105 794 sicut
3131 740 3301 797 homo
3326 759 3465 814 quo-

1839 820 2035 896 que'ex
2055 826 2246 880 anima
2265 833 2485 882 constat
2499 831 2804 899 etcorpore
2826 846 2943 888 non
2958 829 3166 902 duplex
3183 849 3351 903 unus,
3364 836 3462 895 sed

1836 918 2024 989 potius
2044 923 2128 974 est
2147 938 2211 974 ex
2237 928 2499 992 utroque.

1908 1014 2191 1067 Humanas
2234 1030 2372 1085 ergo
2424 1018 2481 1068 et
2527 1014 2741 1069 divinas
2786 1015 3021 1088 insuper
3048 1034 3208 1075 voces
3243 1021 3314 1076 ab
3343 1038 3459 1078 uno

1837 1106 2058 1161 Christo
2079 1107 2253 1161 dictas
2272 1107 2791 1163 animadvertentes
2816 1112 2970 1165 recte
2997 1112 3289 1168 sentimus.
3313 1115 3459 1170 Cum

1836 1199 1991 1253 enim
2010 1199 2080 1253 de
2102 1200 2325 1254 duobus
2350 1200 2682 1271 dignissime
2702 1202 2954 1273 loquitur
2967 1203 3035 1258 de
3056 1205 3276 1275 seipso:
3302 1229 3330 1256 «ι
3351 1207 3462 1273 Qui

1835 1308 1930 1346 me
1958 1291 2129 1357 videt,
2152 1291 2302 1347 videt
2327 1298 2383 1347 et
2410 1294 2634 1348 Patrem
2667 1294 2836 1362 (Joan.
2871 1311 2979 1365 xiv,
3009 1296 3062 1369 9)
3093 1317 3122 1346 ››
3152 1301 3211 1352 et
3236 1314 3251 1352 :
3285 1319 3314 1348 ‹‹
3344 1300 3460 1371 Ego

1835 1388 1893 1440 et
1929 1387 2097 1439 Pater
2120 1402 2301 1440 unum
2330 1402 2529 1441 sumus
2558 1387 2728 1456 (Joan.
2756 1404 2814 1455 x,
2843 1388 2953 1458 30),
2982 1410 3011 1438 »
3046 1389 3297 1448 divinam
3339 1393 3464 1462 ejus

1834 1477 2206 1548 intelligimus
2268 1478 2732 1551 ineﬂabilemque
2791 1485 3081 1551 naturam,
3148 1485 3464 1541 secundum

1833 1587 2005 1643 quam
2033 1587 2179 1626 unus
2205 1577 2291 1626 est
2318 1588 2449 1626 cum
2491 1574 2655 1627 Patre
2700 1589 2802 1628 suo
2838 1577 3076 1645 propter
3100 1591 3274 1631 unam
3301 1594 3462 1632 eam-

1835 1664 2081 1735 demque
2113 1664 2505 1731 substantiam,
2538 1686 2565 1714 ‹‹
2592 1665 2781 1737 imago
2802 1670 2859 1721 et
2881 1668 3173 1723 character
3196 1670 3465 1740 splendor

151 1770 279 1807 suam
298 1770 487 1824 expers
508 1755 785 1825 passionis
814 1756 1110 1823 exstiterit,
1134 1772 1238 1827 pro
1263 1758 1423 1812 nobis
1442 1764 1632 1814 tamen
1653 1777 1736 1815 se-
1754 1735 1810 1808 B
1835 1757 2031 1827 gloriae
2082 1758 2203 1828 ejus
2246 1757 2492 1812 existens
2531 1735 2737 1828 (Hebr:
2755 1776 2795 1825 ι,
2824 1760 2900 1827 3).
2929 1781 2956 1809 »
2989 1762 3130 1816 Cum
3172 1735 3306 1817 vero
3354 1764 3460 1818 hu-

151 1846 353 1901 cundum
396 1847 718 1918 Scripturas
762 1865 928 1903 carne
975 1865 1273 1919 percussus
1301 1852 1387 1906 vel
1432 1869 1734 1923 perpessus

152 1939 221 2005 sit,
238 1944 283 1993 et
296 1945 409 1994 erat
426 1940 485 1994 in
503 1941 772 1996 cruciﬁxo
795 1958 1029 2013 corpore
1060 1943 1302 2014 propnia:
1328 1945 1509 1999 carnis
1529 1945 1736 2017 impas-

152 2031 342 2088 sibiliter
368 2033 435 2087 ad
470 2049 531 2087 se
577 2034 833 2088 referens
880 2035 1222 2105 passionem.
1253 2037 1443 2092 Gratia
1470 2054 1602 2092 vero
1632 2039 1733 2094 Dei

149 2141 229 2195 pro
250 2126 491 2180 omnibus
522 2127 774 2198 gustavit
798 2134 1071 2197 mortem,
1094 2130 1323 2184 tradens
1355 2139 1410 2185 et
1438 2133 1734 2203 proprium

149 2234 310 2289 corpus
340 2220 593 2291 quamvis
640 2226 697 2274 et
740 2223 1075 2277 naturaliter
1117 2224 1233 2293 ipse
1280 2224 1392 2278 vita
1434 2226 1522 2291 sit,
1555 2229 1613 2280 et
1641 2243 1731 2281 re-

148 2314 373 2367 surrectio
400 2318 778 2368 mortuorum.
803 2316 940 2369 Nam
976 2322 1036 2369 ut
1064 2320 1307 2371 mortem
1336 2317 1607 2372 ineffabili
1636 2336 1734 2390 po-

148 2405 287 2459 tentia
324 2408 670 2477 proculcaret
705 2424 769 2461 ac
794 2409 949 2479 prius
974 2409 1034 2462 in
1066 2427 1164 2463 sua
1196 2426 1361 2465 carne
1391 2412 1735 2483 primogeni-

150 2500 232 2563 tus,
259 2500 405 2565 Deus,
438 2501 574 2555 licet
592 2501 756 2571 juxta
782 2509 1044 2557 naturam
1078 2520 1260 2571 suam,
1295 2504 1498 2558 mortis
1533 2521 1733 2575 expers

148 2605 198 2644 ex
214 2593 429 2647 mortuis
450 2593 619 2649 ﬁeret
645 2617 672 2644 «
703 2595 968 2665 primitiae
996 2596 1405 2651 dormientium
1430 2597 1478 2665 (Ι
1497 2597 1617 2652 Cor.
1642 2615 1729 2668 xv,

148 2687 229 2755 20),
243 2686 524 2758 nviamque
541 2689 1269 2744 facerethumanmnaturze
1281 2691 1350 2744 ad
1364 2691 1736 2763 incorruptio-

147 2776 213 2830 nis
234 2794 525 2849 recursum,
550 2782 740 2851 gratia
763 2781 878 2847 Dei,
904 2783 1048 2835 sicut
1066 2799 1236 2852 supra
1261 2783 1474 2837 dictum
1505 2788 1608 2851 est,
1627 2802 1730 2855 pro

146 2868 427 2926 hominibus
454 2874 706 2944 gustavit
731 2881 996 2941 mortem,
1015 2878 1090 2939 et,
1112 2876 1279 2929 tertia
1300 2875 1390 2929 die
1408 2893 1728 2947 resurgens,

146 2965 426 3033 exspoliavit
456 2967 771 3021 infernum.
802 2968 1011 3022 Idcirco
1041 2968 1294 3037 quamvis
1325 2969 1549 3023 dicatur
1581 2971 1731 3041 quod

146 3071 224 3123 per
243 3057 516 3113 hominem
551 3060 700 3113 facta
742 3060 814 3113 sit
854 3061 1189 3114 resurrectio
1235 3064 1614 3129 mortuorum,
1647 3068 1726 3117 ta-

149 3164 249 3203 men
272 3151 636 3223 intelligimus
663 3153 960 3207 hominem
981 3155 1189 3207 factum
1210 3154 1455 3211 Verbum
1480 3156 1633 3226 quod
1660 3173 1730 3210 ex

148 3240 232 3295 Deo
254 3250 343 3309 est,
373 3248 427 3299 et
451 3262 559 3316 per
592 3244 780 3316 ipsum
817 3246 1016 3300 mortis
1058 3246 1365 3318 imperium
1406 3247 1583 3302 fuisse
1625 3249 1727 3303 de-

148 3338 393 3394 structum.

199 3429 367 3486 Veniet
390 3436 589 3488 autem
613 3434 969 3504 temporibus
997 3434 1291 3505 praeﬁnitis
1319 3434 1460 3490 sicut
1483 3440 1568 3489 est
1581 3452 1729 3489 unus

145 3518 277 3576 Filius
294 3530 345 3579 et
373 3527 649 3581 Dominus
675 3526 733 3580 in
764 3528 937 3597 gloria
969 3528 1144 3582 Patris
1163 3549 1190 3576 «
1216 3530 1276 3580 ut
1292 3527 1513 3597 judicet
1532 3528 1727 3583 orbem

144 3617 381 3673 terrarum
408 3619 465 3675 in
494 3620 765 3691 aequitate
799 3620 967 3691 (Psal.
998 3638 1071 3688 1x,
1104 3624 1177 3690 9),
1211 3642 1239 3670 »
1269 3621 1413 3675 sicut
1440 3621 1728 3692 Scriptura

144 3708 350 3766 testatur.

194 3801 477 3862 Necessarie
504 3807 690 3879 igitur
716 3813 774 3862 et
815 3808 921 3862 hoc
960 3808 1275 3879 adjicimus.
1304 3808 1725 3863 Annuntiantes

145 3893 263 3950 enim
280 3898 408 3955 sicut
431 3901 750 3956 secundum
775 3918 1007 3957 carnem
1032 3908 1276 3956 mortem
1299 3902 1579 3973 unigeniti
1602 3902 1725 3956 Filii

145 3986 235 4055 Dei,
264 3990 312 4045 id
336 3997 432 4060 est,
462 3996 596 4049 Jesu
638 3995 843 4049 Christi
886 4002 943 4049 et
987 3995 1460 4050 resurrectionem
1501 3996 1643 4066 ejus,
1670 4000 1726 4050 et

144 4077 185 4132 in
204 4083 330 4137 celis
350 4088 739 4142 ascensionem
765 4088 977 4158 pariter
995 4088 1345 4154 conﬁtentes,
1369 4088 1725 4143 incruentam

144 4173 443 4233 celebramus
489 4181 553 4234 in
592 4178 841 4235 ecclesiis
906 4181 1161 4235 sacriﬁcii
1221 4182 1572 4236 servitutem.
1636 4182 1725 4237 Sic

144 4264 276 4321 etiam
294 4271 359 4325 ad
378 4274 648 4343 mysticas
667 4274 1095 4329 benedictiones
1114 4275 1435 4329 accedimus
1456 4280 1511 4328 et
1527 4274 1724 4329 sancti-

144 4356 332 4416 ﬁcamur
358 4367 665 4437 participes
702 4369 878 4421 sancti
921 4368 1178 4438 corporis
1220 4372 1276 4421 et
1326 4368 1556 4439 pretiosi
1595 4384 1720 4421 san-

1835 1867 2021 1905 manse
2035 1854 2257 1905 naturas
2269 1866 2593 1906 mensuram
2609 1852 2938 1907 nullatenus
2953 1852 3220 1924 ignorans
3238 1856 3463 1911 Iudaeos

1836 1944 2161 2015 alloquitur,
2190 1959 2343 1998 nunc
2375 1965 2403 1993 ‹‹
2436 1961 2532 2001 me
2571 1945 2824 2015 quaeritis
2869 1946 3131 2001 occidere
3160 1948 3335 2018 (Joan.
3361 1965 3461 2019 vn,

1834 2038 1942 2107 20),
1974 2058 2001 2085 ››
2030 2036 2330 2092 hominem
2367 2037 2465 2108 qui
2495 2038 2790 2092 veritatem
2836 2039 3056 2093 locutus
3103 2057 3231 2094 sum
3276 2042 3459 2111 vobis,

1833 2130 1968 2184 item
1992 2147 2106 2184 non
2136 2131 2324 2185 minus
2352 2146 2484 2185 eum
2510 2131 2609 2201 qui
2634 2131 2693 2185 in
2717 2130 3154 2187 similitudinem
3186 2136 3245 2187 et
3271 2150 3459 2206 aequa-

1831 2224 2055 2278 litatem
2100 2223 2278 2278 Patris
2320 2228 2378 2278 et
2415 2226 2596 2278 Deum
2626 2240 2823 2279 verum
2865 2225 3039 2280 etiam
3080 2225 3141 2281 in
3183 2227 3465 2284 mensuris

1833 2317 2206 2372 humanitatis
2256 2317 2381 2387 ejus
2403 2317 2787 2389 agnoscimus.
2813 2318 2871 2374 Si
2908 2324 3099 2373 autem
3144 2320 3462 2377 necessario

1834 2410 2085 2464 creditur
2109 2409 2264 2481 quod
2293 2413 2496 2465 natura
2532 2411 2679 2464 Deus
2719 2411 2969 2466 existens
3006 2412 3190 2467 factus
3218 2413 3289 2468 sit
3313 2429 3462 2482 caro,

1831 2503 1948 2557 imo
1994 2503 2181 2574 potius
2229 2503 2404 2558 homo
2451 2503 2736 2558 animatus
2779 2505 2971 2559 anima
3014 2505 3294 2573 rationali,
3333 2522 3464 2578 qum

1833 2612 2002 2650 causa
2026 2600 2197 2650 estut
2240 2596 2300 2649 in
2345 2596 2465 2666 ejus
2512 2595 2750 2666 quilibet
2793 2597 3020 2651 vocibus
3062 2598 3379 2664 erubescat,
3411 2599 3461 2653 si

1832 2706 1926 2744 eas
1964 2689 2195 2744 homine
2227 2688 2427 2758 dignas
2456 2688 2658 2743 effatus
2698 2691 2827 2745 est?
2868 2690 3030 2754 Quod
3076 2691 3121 2745 si
3167 2707 3464 2747 sermones

1833 2781 2056 2837 homini
2083 2786 2459 2849 congruentes
2482 2782 2695 2852 abjicit,
2715 2783 2883 2855 juxta
2905 2800 3008 2840 nos
3024 2783 3322 2840 hominem
3337 2784 3462 2840 ﬁeri

1835 2875 1970 2946 quid
1997 2874 2224 2945 coegit?
2266 2875 2407 2929 Cum
2430 2890 2564 2929 vero
2597 2892 2656 2928 se
2685 2879 2918 2946 propter
2953 2893 3056 2930 nos
3099 2877 3171 2933 ad
3212 2877 3463 2932 exinani-

1832 2968 2045 3023 tionem
2060 2972 2300 3038 spontan
2308 2984 2438 3023 eam
2452 2968 2893 3023 misericorditer
2902 2969 3274 3037 inclinaverit,
3288 2986 3464 3042 quam

1833 3061 1906 3116 ob
1920 3078 2142 3116 causam
2165 3061 2367 3132 dignos
2397 3061 2819 3116 examinatione
2851 3062 3129 3117 sermonis
3157 3062 3463 3134 effugerit?

1831 3155 1939 3210 Uni
1967 3155 2142 3225 igitur
2164 3171 2424 3224 personae
2453 3160 2655 3209 cuncta
2680 3155 2805 3225 ejus
2823 3156 2881 3209 in
2908 3156 3209 3226 Evangelia
3234 3156 3463 3211 ascribi-

1830 3265 1976 3315 mus,
2006 3248 2106 3304 uni
2136 3247 2465 3302 substantia:
2509 3247 2698 3316 Verbi,
2743 3248 2801 3302 id
2842 3253 2946 3317 est,
2987 3248 3287 3315 incarnati,
3326 3248 3462 3320 quia

1826 3356 1977 3396 unus
2003 3346 2087 3396 est
2114 3340 2387 3396 Dominus
2427 3342 2590 3396 Jesus
2619 3340 2894 3409 Christus,
2922 3344 2985 3394 ut
3023 3342 3299 3412 scriptum
3334 3347 3456 3397 est:

1825 3435 2183 3505 Appellatum
2210 3451 2342 3490 vero
2371 3434 2441 3489 ab
2485 3434 2752 3504 Apostolo
2800 3456 2827 3483 «
2867 3433 3198 3489 Pontiﬁcem
3234 3434 3458 3490 confes-

1828 3527 2002 3582 sionis
2027 3531 2235 3582 nostra:
2265 3528 2441 3595 (Hebr.
2473 3542 2555 3594 III,
2586 3529 2634 3596 l)
2667 3547 2694 3578 )›
2724 3533 2998 3598 tanquam
3044 3526 3458 3582 sacriﬁcantem

1826 3621 1942 3675 Deo
1970 3624 2026 3675 et
2054 3620 2203 3676 Patri
2240 3620 2370 3675 ﬁdei
2420 3625 2632 3676 nostris
2678 3620 3118 3687 confessionem,
3141 3637 3268 3692 quae
3301 3637 3336 3675 a
3355 3637 3458 3676 no-

1826 3713 2053 3785 bisipsis
2077 3713 2184 3785 ipsi
2217 3714 2328 3768 Deo
2355 3714 2507 3768 Patri
2553 3713 2902 3769 incessanter
2939 3713 3202 3780 oﬂ‘ertur;
3250 3714 3458 3769 iterum

1825 3807 2014 3878 ipsum
2051 3823 2172 3861 esse
2213 3806 2454 3861 dicimus
2477 3823 2547 3862 ex
2574 3808 2686 3862 Deo
2722 3806 3039 3860 secundum
3084 3812 3346 3861 naturam
3376 3806 3459 3861 Fi-

1824 3900 1965 3955 lium
1993 3899 2372 3971 unigenitum,
2397 3916 2502 3955 nec
2528 3899 2750 3955 homini
2780 3902 2993 3971 praeter
3021 3915 3157 3953 eum
3182 3898 3347 3953 alteri
3372 3915 3458 3953 sa-

1825 3992 2038 4048 cerdoti
2090 4009 2303 4048 nomen
2347 3998 2404 4047 et
2448 3993 2701 4048 ofﬁcium
2749 3992 3111 4063 deputamus,
3142 3991 3326 4047 factus
3373 3994 3461 4046 est

1825 4087 1980 4141 enim
2014 4107 2041 4135 ‹‹
2078 4085 2360 4141 mediator
2386 4086 2484 4140 Dei
2528 4091 2585 4142 et
2628 4085 2929 4140 hominum
2956 4085 3113 4155 (Tim.
3142 4102 3204 4151 ιι,
3231 4086 3303 4155 5),
3337 4105 3365 4134 ››
3400 4087 3459 4139 et

1823 4179 2216 4236 reconciliator
2242 4179 2314 4234 ad
2339 4195 2539 4251 pacem
2567 4179 2937 4250 semetipsum
2962 4179 3077 4233 Deo
3100 4181 3158 4233 et
3175 4178 3330 4233 Patri
3352 4193 3457 4248 pro

1824 4273 1988 4328 nobis
2016 4272 2261 4328 offerens
2288 4294 2316 4322 ‹‹
2351 4272 2411 4327 in
2454 4272 2689 4327 odorem
2728 4271 3016 4327 suavitatis
3044 4271 3204 4342 (Eph.
3236 4287 3291 4340 v,
3319 4270 3396 4341 2).
3426 4291 3453 4319 ››

1824 4366 2070 4438 Ideoque
2101 4366 2322 4421 dicebat
2357 4383 2370 4420 :
2418 4388 2445 4416 «
2486 4365 2838 4421 Sacriﬁcium
2878 4368 2935 4419 et
2975 4364 3321 4419 oblationem
3362 4380 3459 4418 no-

145 4454 291 4520 guinis
304 4460 778 4515 Christiomnium
806 4466 1066 4516 nostrum
1090 4462 1491 4533 Redemptoris
1511 4461 1717 4525 effecti,
1741 4462 1799 4533 Β
1821 4459 1994 4526 luisti,
2024 4460 2344 4515 holocausta
2373 4476 2477 4529 pro
2514 4463 2744 4531 peccato
2787 4475 2903 4513 non
2945 4458 3047 4512 tibi
3097 4459 3453 4529 placuerunt,

143 4558 229 4600 non
269 4558 325 4605 ut
369 4570 736 4609 communem
803 4572 1035 4609 carnem
1096 4556 1503 4627 percipientes;
1569 4554 1724 4626 quod

144 4636 270 4708 absit,
296 4661 391 4700 nec
416 4655 480 4702 ut
505 4648 609 4701 viri
645 4649 969 4703 sanctiﬁcati
1000 4652 1057 4703 et
1086 4650 1262 4703 Verbo
1311 4648 1596 4720 conjuncti
1634 4665 1720 4702 se-

144 4733 344 4791 cundum
362 4740 653 4810 dignitatis
682 4742 959 4796 unitatem
985 4748 1083 4796 aut
1108 4742 1250 4795 sicut
1268 4742 1518 4797 divinam
1543 4741 1721 4812 possi-

144 4821 300 4880 dentes
317 4831 744 4898 habilazionem,
762 4836 863 4888 sed
886 4852 1016 4889 Vere
1036 4834 1451 4889 viviﬁcatricem
1473 4840 1528 4888 et
1550 4836 1723 4905 ipsius

144 4914 272 4973 Verbi
315 4927 591 4995 propriam
646 4929 873 4982 factam.
921 4928 1042 4981 Vita
1095 4928 1247 4981 enim
1290 4928 1621 4981 naturaliter
1663 4932 1723 4981 ut

144 5007 252 5065 Deus
276 5017 528 5087 existens,
564 5023 697 5091 quia
727 5022 956 5092 prOprie
989 5037 1160 5075 carne
1192 5021 1384 5075 imitus
1417 5027 1520 5085 est,
1546 5020 1717 5074 viviﬁ-

144 5106 360 5186 catricem
396 5130 522 5168 eam
566 5131 687 5168 esse
738 5115 1024 5186 professus
1068 5122 1170 5169 est.
1206 5115 1272 5168 Et
1301 5114 1423 5168 ideo
1462 5114 1720 5185 quamvis

145 5174 261 5253 dicat
278 5203 342 5257 ad
366 5222 463 5260 nos
491 5223 505 5260 :
534 5230 560 5254 ‹‹
589 5214 790 5272 Amen,
812 5225 979 5261 amen
1007 5208 1130 5261 dico
1152 5207 1327 5275 vobis,
1352 5207 1456 5261 nisi
1485 5208 1722 5262 mandu-

146 5295 354 5350 caveritis
376 5316 601 5355 carnem
636 5302 754 5355 Filii
786 5302 1037 5356 hominis
1070 5310 1127 5355 et
1159 5301 1412 5355 biberitis
1448 5302 1570 5370 ejus
1596 5318 1720 5355 sau-

146 5383 335 5449 g‘linem
365 5395 535 5461 (Joan.
565 5411 640 5463 v1,
674 5397 783 5465 54),
810 5417 838 5445 ››
875 5412 990 5450 non
1016 5401 1208 5450 tamen
1239 5411 1367 5451 eam
1391 5401 1451 5449 ut
1470 5394 1719 5449 hominis

146 5476 278 5532 unius
301 5498 357 5537 ex
385 5486 544 5540 nobis
570 5488 893 5543 existimare
922 5489 1216 5554 debemus,
1245 5488 1535 5559 quomodo
1564 5487 1719 5542 enim

141 5563 270 5631 juxta
288 5583 535 5634 naturam
562 5598 719 5636 suam
747 5582 1078 5637 viviﬁcatrix
1097 5598 1219 5637 esse
1237 5598 1368 5636 caro
1395 5580 1603 5657 poterit
1620 5581 1721 5634 ho-

149 5661 319 5722 minis?
338 5671 434 5726 sed
452 5679 517 5729 ut
532 5691 658 5731 vere
682 5676 983 5748 proprium
1005 5676 1128 5747 ejus
1147 5676 1354 5731 factam
1371 5674 1469 5746 qui
1488 5679 1720 5746 propter

147 5764 225 5808 n08
243 5757 376 5817 ﬁlius
398 5764 643 5825 hominis
662 5772 749 5825 est
766 5770 943 5827 factus
964 5775 1021 5825 et
1035 5774 1282 5826 vocatus.
1300 5769 1403 5827 Eas
1418 5771 1609 5824 autem
1627 5783 1720 5824 vo-

1823 4570 2027 4624 corpus
2070 4557 2260 4607 autem
2304 4552 2586 4623 perfecisti
2637 4552 2801 4619 mihi,
2832 4555 2966 4606 tunc
2993 4550 3109 4605 dixi
3139 4568 3151 4604 :
3187 4553 3323 4605 Ecce
3359 4567 3452 4605 ve-

1825 4647 1943 4701 nio.
1974 4648 2033 4700 ln
2062 4646 2244 4717 capite
2269 4645 2400 4699 libri
2430 4645 2705 4716 scriptum
2733 4648 2820 4699 est
2846 4643 2915 4698 de
2947 4660 3061 4711 me,
3096 4648 3160 4699 ut
3185 4644 3453 4712 facerem,

1824 4740 1986 4806 Deus,
2016 4741 2362 4795 voluntatem
2390 4744 2547 4793 tuam
2577 4738 2757 4806 (Hebr.
2788 4754 2842 4803 x,
2875 4741 2906 4792 5
2937 4742 2988 4792 et
3016 4736 3148 4809 seq).
3179 4759 3207 4788 »
3238 4737 3457 4793 Obtulit

1823 4833 1972 4887 enim
2000 4832 2295 4903 pr0prium
2320 4848 2522 4902 corpus
2550 4848 2661 4885 non
2691 4847 2790 4902 pro
2817 4847 2897 4896 se,
2927 4831 3024 4886 sed
3057 4848 3161 4903 pro
3206 4830 3369 4885 nobis
3395 4831 3455 4886 in

1822 4925 2056 4981 odorem
2084 4925 2394 4979 suavitatis.
2418 4925 2557 4979 Nam
2592 4940 2705 4995 qua
2729 4941 2830 4995 pro
2858 4941 2916 4978 se
2945 4925 3030 4979 vel
3058 4924 3339 4979 oblatione
3367 4923 3454 4979 vel

1821 5019 2094 5074 sacriﬁcio
2138 5019 2440 5090 indigeret,
2474 5016 2633 5073 omni
2684 5022 2913 5088 peccato
2961 5018 3125 5084 liber,
3168 5021 3233 5073 ut
3282 5018 3450 5087 Deus,

1822 5113 2109 5168 existens?
2124 5112 2290 5177 Quod
2313 5113 2358 5166 si
2378 5128 2577 5166 omnes
2607 5112 2977 5182 peccaverint,
3001 5117 3057 5169 et
3078 5119 3253 5184 egent
3275 5111 3455 5183 gloria

1820 5206 1921 5261 Dei
1949 5208 2116 5275 (Rom.
2152 5223 2233 5274 iu,
2280 5206 2388 5274 23).
2422 5206 2744 5261 Secundum
2792 5206 2897 5260 hoc
2947 5205 3101 5277 quod
3142 5223 3339 5261 sumus
3381 5206 3452 5259 ad

1820 5300 2211 5355 mutabilitatis
2261 5316 2551 5354 excessum
2614 5299 2909 5371 proniores
2960 5299 3144 5354 eﬁ‘ecti
3204 5297 3451 5370 peccatis

1821 5394 2113 5464 mgrotavit
2138 5394 2387 5449 humana
2421 5400 2641 5449 natura.
2678 5395 2797 5465 Ipse
2823 5410 2956 5449 vero
2995 5410 3109 5448 non
3140 5392 3238 5447 ita.
3286 5392 3446 5446 ldeo-

1819 5504 1931 5559 que
1960 5504 2063 5542 nos
2090 5487 2276 5559 gloria
2302 5488 2425 5558 ejus
2448 5503 2705 5559 egemus.
2738 5487 2851 5542 Cur
2876 5486 2987 5540 erit
3028 5486 3176 5539 ultra
3194 5484 3318 5555 jam
3350 5483 3449 5538 du-

1817 5580 1998 5649 bium,
2027 5581 2177 5652 quod
2204 5583 2401 5651 Agnus
2434 5597 2602 5635 verus
2640 5597 2744 5651 pro
2784 5577 2947 5634 nobis
2986 5577 3058 5632 sit
3097 5575 3446 5632 immolatus.

1820 5673 1929 5738 Qui
1953 5676 2148 5729 autem
2174 5673 2331 5744 dicit,
2360 5673 2497 5746 quia
2522 5672 2767 5745 seipsum
2790 5676 2907 5726 tam
2939 5686 3042 5743 pro
3067 5686 3126 5725 se
3151 5685 3323 5742 quam
3345 5686 3448 5743 pro

1815 5766 1984 5825 nobis
2014 5767 2304 5837 obtulerit,
2330 5767 2658 5824 nullatenus
2706 5764 3017 5836 impietatis
3060 5763 3277 5820 crimen
3304 5763 3444 5823 effu-
