4026 6166
592 206 694 259 20‘)

1495 199 1774 253 Al’l’l‘IC‘ill.
1820 196 1904 251 Μ)
1939 196 2099 250 SJ'IC.
2259 222 2326 232 ——
2365 194 2599 250 ISlDOHl
2638 193 3060 260 MEliCA'l‘UltIS
3781 202 3855 248 Tum

599 314 732 384 giet,
762 323 891 364 cum
932 307 1072 362 nihil
1117 321 1344 376 prorsus
1388 304 1490 359 iste
1537 306 1861 376 deliquerit,
1895 322 1999 359 nec
2034 304 2219 358 ullum
2242 314 2299 387 Α
2325 303 2429 357 tire
2459 302 2745 356 convenit.
2775 302 2909 365 Qua:
2934 315 3067 355 vero
3110 298 3241 353 huic
3282 298 3531 370 religioni
3553 305 3653 356 tute
3673 306 3855 383 anathe-

591 402 785 459 fecerit
813 401 1046 455 omnino
1088 401 1404 469 peccatum.
1453 397 1575 462 Qua
1619 396 1795 469 igitur
1834 402 2031 469 egeret
2068 398 2219 454 obla-

593 498 749 551 tione
795 492 951 549 nullo
1001 507 1101 546 suo
1146 490 1422 547 existente
1474 491 1767 547 facinore?
1823 493 1926 546 Pro
1982 508 2117 563 quo,
2175 492 2219 546 si

544 660 547 661 ν
593 594 739 644 esset
764 587 896 642 satis
919 586 991 641 ad
1016 586 1253 640 modum
1290 584 1696 641 convenienter
1726 584 1994 640 offerret?

664 683 743 737 De
784 679 994 752 Spiritu
1040 695 1289 752 quoque,
1332 695 1463 733 cum
1508 678 1681 733 dicit:
1715 678 1863 733 «Ille
1894 694 1985 733 me
2017 679 2217 733 clariti-

593 775 743 830 cabit
791 774 964 844 (Joan.
1010 790 1121 842 xv1,
1154 775 1261 845 14),
1303 795 1331 823 ι)
1374 774 1483 829 hoc
1531 772 1839 828 rectissime
1888 772 2216 841 sentientes,

594 885 774 924 unum
809 867 1101 923 Christum
1135 866 1442 922 Dominum
1471 870 1529 921 et
1552 865 1773 933 Filium,
1801 881 1917 920 non
1955 865 2107 920 velut
2134 864 2218 920 al-

592 962 789 1018 terius.
814 966 1083 1032 egentem
1113 960 1299 1032 gloria
1333 959 1690 1029 confitemur,
1723 976 1755 1014 a
1788 959 2003 1033 Spiritu
2028 964 2220 1015 sancto

595 1050 838 1126 gloriam
864 1055 1249 1122 consecutum,
1271 1055 1407 1126 quia
1434 1054 1556 1125 ejus
1579 1054 1836 1124 Spiritus,
1861 1069 1967 1108 nec
1993 1054 2218 1121 melior,

592 1164 695 1204 nec
715 1148 975 1220 superior
987 1148 1110 1220 ipso
1124 1151 1228 1203 est.
1242 1147 1349 1204 Sed
1364 1148 1498 1219 quia
1519 1148 1770 1202 humana
1791 1163 1967 1219 opera
1984 1146 2218 1215 faciens,

589 1243 661 1297 ad
688 1241 1233 1298 demonstrationem
1253 1256 1371 1295 suae
1392 1240 1611 1296 deitatis
1624 1240 1835 1295 virtute
1862 1238 2076 1311 preprii
2101 1240 2221 1311 Spi-

588 1338 729 1392 ritus
760 1336 1047 1406 utebatur,
1074 1333 1144 1389 ab
1170 1333 1294 1405 ipso
1332 1332 1638 1405 gloriﬁcari
1668 1333 1890 1400 dicitur,
1921 1334 2070 1405 quod
2103 1332 2216 1387 vir-

590 1437 605 1483 t
617 1447 681 1485 us
701 1447 800 1484 sua
811 1429 900 1484 vel
916 1427 1215 1499 disciplina
1235 1427 1505 1499 quaelibet
1526 1443 1995 1498 unumquemque
2010 1425 2215 1481 clariﬁ-

592 1529 697 1579 eet.
715 1522 985 1588 Quamvis
997 1520 1147 1577 enim
1160 1521 1221 1576 in
1233 1537 1333 1576 sua
1348 1521 1419 1575 sit
1430 1521 1743 1575 substantia
1757 1520 1995 1592 Spiritus
2007 1520 2150 1591 ejus,
2167 1523 2224 1575 et

590 1615 942 1686 intelligatur
958 1615 1019 1669 in
1038 1628 1279 1686 persona
1296 1613 1612 1686 preprietas
1622 1613 1782 1684 juxta
1797 1613 1854 1668 id
1874 1613 2025 1685 quod
2039 1611 2216 1684 Spiri-

2324 395 2597 451 matizare
2627 410 2853 450 necesse
2885 398 2968 449 est
3001 393 3133 449 huic
3173 392 3409 464 epistolae
3448 398 3630 449 nostra;
3670 397 3859 467 subjecta

2325 495 2477 545 sunt.
3624 508 3633 511 ·

2398 584 2535 654 Cap.
2570 584 2608 637 l.
2634 582 2689 638 Si
2719 583 2846 654 quis
2872 597 2985 637 non
3013 580 3311 635 conﬁtetur
3336 581 3501 635 Deum
3528 596 3634 635 esse
3656 584 3862 639 veraciter

2324 678 2678 746 Emmanuel,
2710 680 2765 732 et
2790 678 3089 747 propterea
3142 690 3256 729 non
3296 674 3390 729 Dei
3433 673 3727 743 genitricem
3762 692 3860 730 san-

2321 775 2471 826 etam
2495 771 2809 842 Virginem;
2831 768 3053 841 peperit
3069 767 3223 823 enim
3243 766 3542 823 secundum
3556 784 3864 837 carnem,car-

2321 880 2454 920 nem
2484 864 2578 920 Dei
2610 869 2822 919 factum
2848 862 3115 933 Verbum,
3144 861 3455 917 secundum
3483 860 3620 932 quod
3651 860 3864 932 scriptum

2324 962 2408 1013 est
2433 976 2444 1013 :
2479 982 2503 1008 ‹‹
2540 959 2771 1014 Verbum
2799 973 2924 1013 curo
2951 960 3160 1025 factum
3183 960 3280 1017 est,
3310 977 3335 1005 »
3368 954 3648 1009 anathema
3666 954 3744 1009 sit.

2393 1054 2454 1107 II.
2490 1053 2545 1107 Si
2589 1052 2715 1123 quis
2759 1068 2872 1105 non
2920 1050 3223 1105 confitetur
3265 1047 3418 1102 carni
3465 1046 3739 1102 secundum
3776 1048 3868 1102 sub

2321 1146 2593 1202 stantiam
2623 1146 2849 1201 unitum
2878 1144 2974 1199 Dei
3000 1143 3177 1198 Patris
3204 1142 3467 1208 Verbum,
3494 1157 3749 1212 unumque
3780 1158 3865 1195 esse

2324 1240 2612 1295 Christum
2668 1255 2800 1295 cum
2854 1238 3092 1310 propria
3144 1252 3316 1291 carne
3378 1234 3644 1299 eumdem,
3691 1233 3865 1299 scilicet,

2324 1335 2504 1388 Deum
2534 1334 2702 1388 simul
2732 1338 2788 1388 et
2820 1331 3135 1399 hominem,
3167 1330 3472 1385 anathema
3501 1328 3583 1381 sit.

2394 1428 2479 1481 III.
2515 1427 2573 1482 Si
2602 1426 2730 1498 quis
2757 1424 2816 1480 in
2842 1441 2959 1505 un’o
2985 1424 3205 1480 Christo
3233 1422 3427 1478 dividit
3459 1419 3758 1476 substantias
3780 1424 3871 1490 post

2322 1521 2617 1589 unitatem,
2648 1520 2766 1573 sola
2794 1536 2891 1574 eas
2934 1516 3291 1574 connexione
3335 1515 3663 1586 conjungens
3698 1529 3757 1566 ea
3779 1528 3872 1584 qua:

2324 1614 2635 1669 secundum
2678 1613 2864 1667 carnis
2909 1596 3249 1683 dignitatem
3278 1610 3361 1677 ﬁt,
3390 1610 3473 1663 vel
3497 1607 3656 1663 etiam
3685 1606 3871 1661 auctori-

591 1714 682 1763 tus
707 1680 866 1764 estet
885 1724 1002 1763 non
1024 1680 1217 1775 Pilius,
1239 1680 1491 1762 attamen
1517 1680 1741 1762 alienus
1766 1680 1954 1762 abillo
1978 1680 2098 1762 non
2111 1710 2214 1762 est.
2239 1680 2295 1753 B
2318 1712 2493 1764 tatem
2544 1711 2603 1761 et
2642 1680 2999 1779 potestatem
3034 1720 3097 1759 ac
3144 1720 3260 1758 non
3302 1701 3488 1774 potius
3532 1702 3774 1755 conventu
3802 1699 3871 1769 qui

592 1803 734 1857 Nam
757 1800 998 1873 Spiritus
1017 1800 1334 1872 appellatus
1359 1799 1726 1869 estveritatis,
1740 1798 2011 1855 etveritas
2034 1799 2217 1855 Chris-

588 1900 678 1950 tus
695 1898 798 1964 est;
813 1894 965 1950 unde
981 1894 1118 1949 etab
1134 1892 1244 1948 isto
1265 1893 1527 1949 similiter
1540 1893 1683 1948 sicut
1698 1908 1763 1949 ex
1783 1894 1895 1948 Deo
1912 1895 2077 1949 Patre
2093 1909 2218 1965 pro-

589 1988 754 2044 cedit.
768 1987 1019 2059 Denique
1033 1987 1123 2042 hic
1136 1992 1192 2042 et
1203 1986 1321 2058 ipse
1335 1986 1578 2059 Spiritus
1588 1987 1756 2042 etiam
1775 2003 1877 2058 per
1893 1991 2216 2043 sanctorum

590 2098 791 2135 manus
819 2080 1204 2151 apostolorum
1232 2079 1502 2134 miracula
1531 2080 1779 2150 gloriosa
1799 2080 2094 2151 perficiens
2119 2082 2220 2134 Do-

587 2174 810 2228 minum
828 2171 1159 2244 gloriﬁcavit
1170 2174 1196 2226 J
1201 2188 1361 2226 esum
1381 2171 1690 2241 Christum,
1705 2176 2007 2245 postquam
2029 2190 2219 2228 ascen-

591 2267 673 2320 dit
717 2265 775 2320 in
826 2265 1053 2321 ccelum.
1096 2266 1237 2319 Nam
1293 2265 1544 2319 creditus
1588 2271 1674 2320 est
1714 2266 1968 2322 Christus
2013 2270 2219 2322 natura

584 2359 737 2413 Deus
767 2358 1009 2414 existens
1038 2374 1141 2430 per
1166 2374 1333 2415 suum
1372 2358 1647 2429 Spiritum
1676 2359 1909 2415 virtutes
1941 2360 2213 2429 efficiens,

588 2452 833 2523 ideoque
872 2451 1140 2507 dicebat:
1173 2452 1252 2506 De
1299 2466 1429 2506 meo
1471 2450 1725 2523 accipiet,
1757 2455 1815 2506 et
1858 2454 2219 2509 annuntiabit

583 2545 745 2600 vobis
789 2545 995 2616 (Ibid.).
1024 2547 1391 2617 Nequaquam
1435 2560 1569 2600 vero
1609 2545 2039 2617 participatione
2078 2547 2216 2602 alte-

584 2638 701 2693 rius
729 2639 880 2694 idem
907 2638 1150 2710 Spiritus
1177 2638 1407 2709 sapiens
1449 2641 1548 2692 aut
1584 2641 1786 2709 potens
1828 2639 2054 2709 dicitur,
2084 2641 2219 2711 quia

585 2748 687 2801 per
709 2731 902 2785 omnia
926 2732 1213 2803 perfectus
1240 2735 1343 2798 est,
1375 2735 1432 2787 et
1467 2731 1624 2787 nullo
1671 2748 1903 2802 prorsus
1955 2732 2218 2804 indigens

585 2825 759 2878 bono.
780 2825 921 2879 Nam
942 2828 1197 2895 paternae
1222 2824 1448 2879 virtutis
1476 2827 1533 2878 et
1551 2825 1858 2896 sapientiae,
1887 2825 1945 2879 id
1965 2830 2068 2895 est,
2096 2826 2219 2880 Filii

584 2916 827 2988 Spiritus
845 2917 1112 2987 creditur,
1128 2921 1184 2972 et
1207 2916 1337 2973 ideo
1354 2917 1475 2989 ipse
1492 2933 1553 2973 re
1572 2922 1628 2973 et
1648 2918 1988 2974 subsistente
2008 2919 2216 2974 virtute

580 3010 758 3065 virtus
786 3015 843 3065 et
876 3009 1157 3082 sapientia
1201 3010 1626 3082 comprobatur.
1668 3011 1847 3083 Igitur
1874 3012 2011 3084 quia
2038 3015 2217 3068 Deum

582 3120 747 3159 carne
777 3103 1004 3158 unitum
1024 3104 1191 3175 juxta
1213 3104 1635 3161 subsistentiam
1665 3109 1861 3160 sancta
1888 3106 2059 3178 Virgo
2088 3123 2213 3161 cor-

581 3197 858 3269 poraliter
881 3197 1122 3269 peperit,
1155 3197 1364 3253 idcirco
1411 3214 1540 3254 eam
1584 3199 1683 3253 Dei
1725 3199 2065 3255 Genitricem
2095 3216 2216 3255 esse

580 3289 939 3360 proﬁtemur,
962 3306 1080 3345 non
1110 3290 1269 3362 quod
1286 3289 1456 3346 Verbi
1476 3295 1683 3347 natura
1708 3290 1984 3347 existendi
2010 3291 2216 3363 princi-

2317 1819 2420 1874 per
2494 1801 2775 1856 unitatem
2852 1800 3032 1855 factus
3108 1803 3193 1853 est
3252 1796 3574 1862 naturalem,
3633 1793 3873 1849 anathema

2319 1897 2413 1952 sit.

2391 1992 2475 2045 IV.
2510 1990 2567 2045 Si
2620 1990 2745 2060 quis
2775 1989 3036 2060 personis
3067 1987 3287 2043 duabus
3317 1987 3425 2041 vel~
3444 1983 3777 2040 subsistentiis
3806 1999 3873 2036 eas

2319 2101 2501 2152 voces,
2521 2100 2648 2155 qua!
2670 2085 2728 2137 in
2752 2083 3073 2154 apostolicis
3094 2081 3319 2152 scriptis
3338 2080 3681 2136 continentur
3697 2082 3744 2131 et
3756 2092 3875 2129 evan-

2322 2178 2515 2247 gelicis
2542 2177 2759 2243 dividit,
2790 2177 2875 2231 vel
2905 2192 3034 2246 quae
3063 2175 3134 2229 de
3162 2175 3383 2229 Christo
3409 2174 3656 2228 dicuntur
3676 2169 3875 2225 asanctis

2318 2272 2404 2325 vel
2447 2270 2517 2324 ab
2562 2270 2702 2342 ipso,
2734 2273 2787 2325 et
2833 2269 3053 2340 aliquas
3103 2268 3342 2340 quidem
3387 2284 3453 2323 ex
3504 2267 3587 2321 his
3629 2265 3758 2319 velut
3794 2264 3871 2315 ho-

2319 2364 2459 2417 mini
2499 2365 2593 2435 qui
2639 2368 2851 2435 praeter
2882 2362 2975 2416 Dei
3005 2362 3257 2416 Verbum
3316 2359 3623 2432 specialiter
3656 2355 3873 2421 intelliga-

2317 2462 2412 2511 tur
2441 2457 2736 2528 aptaverit,
2766 2457 2890 2511 illas
2918 2460 3110 2510 autem
3150 2460 3425 2527 tanquam
3449 2453 3638 2524 dignas
3662 2452 3759 2506 Deo
3783 2447 3871 2509 soli,

2314 2550 2413 2605 Dei
2449 2551 2623 2604 Patris
2652 2550 2856 2619 Verbo,
2889 2548 3269 2619 deputaverit,
3302 2548 3597 2603 anathema
3621 2545 3700 2600 sit.

2392 2642 2506 2715 ’71
2546 2645 2609 2698 V.
2639 2644 2694 2699 Si
2721 2643 2847 2715 quis
2877 2642 3083 2697 audeat
3113 2641 3303 2697 dicere
3337 2641 3621 2696 hominem
3652 2636 3872 2693 Christum

2318 2736 2701 2808 theophoron,
2728 2736 2783 2790 id
2814 2741 2899 2790 est
2941 2735 3246 2803 deiferum,
3275 2752 3341 2789 ac
3383 2751 3497 2789 non
3538 2732 3708 2806 potius
3743 2731 3875 2785 Deum

2317 2846 2440 2885 esse
2466 2830 2741 2885 veraciter
2769 2829 2992 2895 dixerit,
3024 2831 3305 2899 tanquam
3340 2828 3535 2883 Filium
3560 2843 3653 2898 per
3674 2829 3875 2879 naturam

2317 2923 2632 2978 secundum
2670 2923 2826 2995 quod
2866 2922 3101 2977 Verbum
3146 2924 3363 2989 factum
3408 2926 3485 2977 est
3519 2935 3653 2982 caro,
3683 2921 3731 2972 et
3764 2930 3875 2970 com-

2318 3016 2630 3071 municavit
2677 3015 2939 3071 similiter
2972 3019 3033 3070 ut
3063 3030 3170 3070 nos
3216 3016 3377 3071 carni
3420 3020 3477 3070 et
3502 3011 3755 3083 sanguini,
3779 3023 3876 3063 ana-

2315 3109 2509 3165 thema
2539 3109 2628 3164 sit.

2386 3205 2471 3258 VI.
2501 3203 2556 3259 Si
2580 3202 2705 3274 quis
2734 3202 2867 3257 dicit
2894 3203 3073 3257 Deum
3117 3218 3237 3257 esse
3268 3203 3354 3258 vel
3402 3201 3690 3258 Dominum
3720 3192 3876 3253 Christi

2316 3295 2419 3351 Dei
2456 3295 2635 3350 Patris
2664 3296 2931 3361 Verbum,
2962 3301 3019 3351 et
3059 3313 3176 3351 non
3222 3297 3412 3368 magis
3453 3294 3702 3351 eumdem
3741 3289 3878 3361 ipsum

580 3382 743 3453 pium
774 3397 833 3438 se
861 3399 1028 3439 carne
1067 3383 1261 3440 sortita
1304 3384 1374 3439 sit
1392 3400 1409 3469 ς
1447 3405 1476 3434 ‹‹
1507 3385 1641 3440 Erat
1666 3384 1822 3440 enim
1849 3385 1909 3439 in
1934 3384 2216 3457 principio
2316 3390 2618 3445 confitetur
2646 3390 2824 3445 Deum
2849 3390 3017 3444 simul
3051 3395 3107 3445 et
3131 3391 3429 3446 hominem
3481 3393 3751 3462 propterea
3770 3379 3878 3453 quod

578 3477 846 3547 Verbum,
872 3480 929 3532 et
952 3477 1100 3532 Deus
1128 3479 1249 3533 erat
1266 3479 1537 3547 Verbum,
1562 3483 1617 3534 et
1640 3478 1888 3534 Verbum
1921 3483 2043 3535 erat
2063 3481 2215 3552 apud
2321 3485 2554 3541 Verbum
2587 3499 2711 3539 caro
2742 3485 2953 3551 factum
2987 3488 3064 3539 est
3094 3485 3410 3540 secundum
3449 3483 3756 3555 Scripturas,
3786 3491 3879 3531 ana-

584 3571 761 3625 Deum
804 3570 980 3643 (Joan.
1025 3588 1064 3642 1,
1112 3574 1182 3643 1),
1222 3594 1250 3621 ››
1298 3576 1355 3628 et
1398 3572 1521 3645 ipse
1575 3573 1836 3628 conditor
1881 3574 2215 3630 saeculorum
2314 3578 2509 3633 thema
2546 3578 2640 3632 sit.

583 3663 736 3719 Patri
759 3668 1076 3720 coaeternus
1105 3667 1163 3721 et
1187 3665 1573 3722 universitatis
1603 3667 1884 3736 conditor,
1912 3668 2029 3735 sed,
2061 3669 2216 3740 quod
2386 3673 2493 3726 VII.
2523 3672 2577 3727 Si
2603 3672 2728 3743 quis
2766 3672 2919 3725 velut
2951 3672 3249 3727 hominem
3286 3674 3498 3737 Iesum,
3528 3670 3771 3743 operante
3797 3665 3878 3718 lico

581 3758 842 3830 superius
867 3758 1127 3827 diximus,
1140 3759 1306 3832 juxta
1325 3760 1743 3816 subsistentiam
1763 3762 1992 3817 sibimet
2011 3761 2215 3817 uniens
2316 3764 2516 3832 Verbo,
2546 3764 2682 3819 dicit
2707 3764 2970 3834 adjutum
3009 3769 3066 3819 et
3088 3759 3376 3836 unigeniti
3416 3764 3643 3835 gloriam
3668 3766 3876 3829 tauquam

582 3853 893 3909 humanam
928 3857 1196 3911 naturam
1243 3853 1600 3911 nativitatem
1644 3855 1947 3911 sustineret
1992 3871 2057 3910 ex
2095 3856 2215 3926 ipsa
2312 3863 2549 3930 propter
2578 3859 2763 3930 ipsum
2793 3858 3060 3913 existenti
3088 3859 3307 3927 tribuit,
3337 3859 3627 3914 anathema
3656 3854 3734 3909 sit.

579 3946 744 4001 vulva
772 3963 1066 4018 corporea.
1104 3949 1229 4003 Non
1265 3949 1421 4020 quod
1460 3948 1683 4019 eguerit
1728 3948 2044 4002 necessario
2082 3965 2212 4019 pro-
2387 3952 2515 4006 VIII.
2549 3951 2603 4006 Si
2649 3953 2778 4023 quis
2823 3952 2993 4007 audet
3039 3952 3227 4007 dicere
3256 3957 3605 4024 assumptum
3649 3945 3877 4003 hominem

580 4043 707 4109 pter
732 4057 896 4095 suam
928 4043 1197 4095 naturam
1226 4041 1517 4096 nativitate
1550 4057 1677 4111 quae
1718 4045 1802 4096 est
1837 4042 1899 4095 in
1945 4042 2215 4096 extremis
2316 4044 2737 4099 coadorandum
2784 4047 2896 4101 Deo
2941 4046 3124 4100 Verbo
3178 4050 3237 4099 et
3290 4041 3802 4118 congloriﬁcandum
3841 4037 3880 4087 et

582 4132 773 4187 seaculi
808 4132 959 4187 facta
1001 4134 1374 4205 temporibus,
1408 4133 1507 4188 sed
1554 4139 1621 4188 ut
1664 4134 1811 4205 ipsas
1850 4134 2216 4191 benediceret
2315 4139 2874 4209 connuncupandum
2935 4140 3114 4194 Deum
3177 4143 3449 4212 tanquam
3512 4141 3731 4193 alterum
3783 4143 3877 4185 Cum

583 4224 911 4280 substantia:
941 4230 1146 4281 nostra:
1182 4225 1485 4298 primitias.
1534 4228 1603 4282 Et
1645 4228 1783 4281 dum
1821 4228 1999 4282 Deum
2043 4245 2214 4284 carne
2315 4233 2509 4302 altero,
2540 4248 2675 4287 nam
2705 4249 2800 4288 con
2826 4233 3040 4304 syllaba
3066 4234 3463 4305 superadjecta
3493 4234 3612 4288 haec
3646 4227 3775 4298 cogit
3815 4223 3877 4276 in-

581 4318 811 4373 unitum
826 4319 1068 4373 muliere
1086 4319 1375 4388 edidisset,
1394 4320 1489 4376 illa
1505 4337 1629 4393 quae
1644 4321 1910 4376 adversus
1931 4339 2098 4377 omne
2121 4339 2216 4394 ge-
2314 4325 2516 4395 telligi,
2545 4343 2607 4379 ac
2650 4343 2765 4381 non
2798 4327 2990 4397 potius
3036 4344 3145 4381 una
3190 4326 3600 4398 supplicatione
3640 4320 3881 4376 veneratur

580 4428 688 4468 nus
716 4413 1034 4468 humanum
1065 4413 1385 4470 maledictio
1421 4416 1608 4470 fuerat
1649 4416 1873 4487 prolata
1907 4400 2210 4487 desineret,
2232 4418 2292 4491 Ι)
2316 4421 2649 4474 Emmanuel
2705 4435 2991 4491 unamque
3046 4420 3095 4474 ei
3153 4421 3623 4490 gloriﬁcationem
3666 4408 3882 4485 dependit

580 4524 685 4563 nec
709 4508 833 4580 jam
862 4508 1032 4564 morti
1060 4511 1252 4563 nostra
1279 4524 1517 4581 corpora
1545 4509 1873 4565 destinaret.
1904 4510 2043 4565 lllud
2070 4527 2209 4582 quo-
2307 4514 2473 4583 juxta
2496 4513 2649 4583 quod
2686 4514 2917 4570 Verbum
2944 4530 3068 4569 caro
3090 4516 3302 4581 factum
3329 4519 3429 4577 est,
3457 4513 3735 4568 anathema
3759 4506 3828 4559 sit.

581 4617 695 4672 que
724 4602 877 4674 quod
899 4602 1113 4657 dictum
1134 4605 1219 4657 est
1243 4619 1256 4658 :
1286 4624 1313 4651 «
1336 4604 1398 4659 In
1429 4603 1658 4660 tristitia
1683 4604 1869 4676 paries
1888 4603 2036 4659 ﬁlios
2058 4604 2208 4676 (Gen.

580 4711 659 4764 IlI,
705 4695 789 4767 t6)
832 4718 857 4744 n
910 4696 1027 4768 ipse
1074 4696 1399 4765 dissolvens,
1451 4714 1647 4753 verum
1703 4715 1823 4754 esse
1875 4701 2215 4754 monstraret

579 4789 732 4860 quod
753 4790 1050 4860 prophetae
1064 4806 1199 4846 voce
1220 4792 1588 4863 prmdixerat:
1614 4813 1638 4844 «
1662 4794 1937 4864 Absorpta
1960 4797 2042 4851 est
2062 4808 2214 4847 mors

576 4882 637 4937 in
658 4881 896 4938 victoria
913 4882 963 4953 (Ι
981 4884 1100 4942 Cor.
1121 4902 1213 4954 xv,
1230 4886 1341 4956 34).
1361 4909 1386 4935 ››
1408 4888 1477 4941 Et
1498 4887 1705 4942 iterum
1726 4905 1738 4942 :
1759 4886 2048 4941 «Abstulit
2067 4887 2214 4941 Deus

577 4992 807 5031 omnem
853 4972 1268 5049 laerymamvab
1314 4980 1472 5035 omni
1519 4981 1657 5036 facie
1698 4981 1886 5050 (Apoc.
1914 4997 2008 5046 v11,
2043 4982 2143 5047 t7).
2181 5003 2208 5029 ι»

576 5072 815 5143 Propter
836 5071 982 5127 hanc
1008 5072 1160 5127 enim
1185 5089 1411 5128 causam
1439 5074 1683 5128 dicimus
1710 5089 1839 5128 eum
1867 5073 2213 5145 dispensato-

578 5163 680 5233 rie,
713 5169 770 5220 et
799 5164 932 5237 ipsis
958 5171 1093 5221 tunc
1126 5167 1483 5222 benedixisse
1530 5167 1743 5238 nuptiis
1790 5184 1919 5222 cum
1950 5167 2008 5221 in
2059 5168 2211 5222 Cana

574 5258 819 5314 Galilzeae
862 5277 992 5315 cum
1021 5260 1225 5315 sanctis
1251 5266 1478 5316 vocatus
1512 5261 1618 5316 fuit
1651 5260 1914 5332 apostolis
1942 5260 2117 5329 (Joan.
2149 5278 2207 5327 ιι,

582 5355 647 5421 l).
678 5354 808 5408 Haec
834 5369 1029 5424 sapere
1056 5354 1239 5410 edocti
1278 5372 1476 5409 sumus
1502 5361 1617 5410 tam
1647 5373 1681 5409 a
1710 5355 1916 5410 sanctis
1944 5355 2211 5427 apostolis

573 5466 745 5520 quam
770 5449 1149 5520 evangelistis,
1171 5454 1227 5507 et
1246 5449 1317 5505 ab
1339 5451 1493 5505 omni
1523 5452 1813 5523 Scriptura
1839 5451 2108 5505 divinitus
2129 5451 2211 5505 in-

574 5541 803 5612 spirata,
830 5560 939 5599 nec
968 5561 1083 5600 non
1112 5550 1168 5600 et
1194 5562 1227 5600 a
1270 5545 1452 5600 beatis
1496 5547 1723 5600 Patrum
1763 5544 2223 5601 confessionibus

571 5632 805 5689 veritate
854 5635 1129 5694 subnixis.
1179 5640 1271 5693 His
1318 5638 1584 5693 omnibus
1633 5640 1806 5693 etiam
1862 5638 2202 5710 religionem

572 5725 729 5777 tuam
761 5731 1121 5799 concordare,
1152 5737 1207 5787 et
1237 5736 1445 5803 praeter
1469 5731 1715 5802 aliquem
1743 5732 1932 5787 dolum
1966 5748 2202 5787 consen-

2388 4608 2471 4662 IX.
2495 4605 2549 4662 Si
2578 4606 2705 4678 quis
2733 4620 2909 4661 unum
2957 4607 3257 4662 Dominum
3287 4610 3479 4664 Iesum
3512 4606 3769 4662 Christum
3792 4596 3878 4667 glo-

2316 4700 2596 4755 riﬁcatum
2624 4699 2759 4755 dicit
2782 4718 2814 4755 a
2846 4700 3058 4773 Spiritu
3090 4704 3282 4757 sancto
3305 4708 3580 4775 tanquam
3613 4698 3701 4771 qui
3739 4694 3880 4748 aliena

2314 4793 2519 4849 virtute
2545 4810 2649 4865 per
2673 4810 2805 4849 eum
2831 4810 2967 4850 usus
2996 4795 3189 4865 fuerit,
3220 4800 3279 4851 et
3304 4796 3378 4850 al)
3409 4812 3477 4851 eo
3520 4789 3769 4865 acceperit
3788 4782 3880 4839 efﬁ-

2312 4888 2529 4943 caciam
2564 4892 2765 4943 contra
2814 4888 3145 4944 immundos
3196 4889 3450 4960 spiritus,
3479 4904 3635 4960 posse
3660 4888 3707 4939 et
3734 4890 3880 4936 coram
3948 4958 3949 4965 γ

2313 4982 2636 5038 hominibus
2664 4982 2854 5037 divina
2880 4981 3042 5053 signa
3068 4984 3368 5054 perficere,
3390 5000 3453 5039 ac
3473 5000 3583 5038 non
3608 4978 3774 5052 potius
3789 4986 3884 5043 pI‘O'

2312 5077 2504 5147 prium
2533 5076 2745 5131 fatetur
2772 5076 2892 5147 ejus
2920 5076 3180 5148 spiritum
3228 5094 3331 5149 per
3361 5093 3535 5149 quem
3567 5073 3736 5131 divina
3761 5067 3884 5135 sig!)a

2314 5170 2581 5242 explevit,
2613 5169 2921 5225 anathema
2962 5171 3049 5224 sit.

2383 5266 2444 5319 Χ.
2473 5262 2803 5320 Pontiﬁcem
2835 5267 2891 5319 et
2931 5265 3265 5336 Apostolum
3318 5262 3680 5320 confessionis
3718 5258 3882 5313 nostriP

2311 5359 2521 5413 factum
2541 5373 2658 5413 esse
2681 5357 2965 5413 Christum
2982 5359 3171 5414 divina
3190 5360 3485 5431 Scriptura
3512 5350 3883 5414 commemorat-

2308 5451 2520 5507 Obtulit
2545 5450 2697 5506 enim
2727 5452 3093 5523 semetipsum
3118 5469 3219 5523 pro
3235 5452 3403 5507 nobis
3425 5473 3453 5503 α
3477 5453 3534 5506 in
3562 5450 3775 5506 odorem
3794 5455 3884 5493 sua-

2308 5544 2490 5600 vitatis
2543 5567 2570 5595 »
2630 5546 2745 5599 Deo
2798 5550 2855 5600 et
2905 5522 3076 5601 Patri.
3122 5522 3187 5602 Si
3242 5546 3370 5619 quis
3424 5561 3562 5617 ergo
3607 5522 3882 5598 Pontiticcm

2308 5643 2363 5693 et
2424 5641 2753 5710 Apostolum
2810 5643 3075 5695 nostrum
3127 5640 3264 5695 dicit
3314 5640 3530 5695 factum
3578 5651 3688 5693 non
3736 5632 3883 5703 ipsum

2307 5732 2401 5787 Dei
2454 5734 2996 5805 Verbum,'quando
3048 5751 3171 5790 caro
3230 5737 3440 5803 factum
3498 5738 3575 5787 pst
3626 5733 3677 5786 et
3728 5727 3883 5781 homo.
