4026 6166
204 254 289 302 :ml
1450 254 1802 310 DECltETXI.

1912 256 1921 309 l
1962 255 2342 309 ClllJJ‘lCTlO.

3460 255 3560 309 1102

193 358 346 425 juxta
375 374 481 410 nos
510 355 791 423 homines,
829 358 923 412 sed
951 360 1103 413 velut
1128 361 1373 415 alterum
1405 367 1612 432 prieter
1634 364 1821 433 ipsum
1843 376 1902 447 Α
1924 363 2184 430 ﬁxioties,
2220 368 2321 415 aut
2354 362 2462 417 alia
2494 362 2729 416 vulnera
2765 358 3096 431 susceperit,
3139 361 3283 415 Deus
3313 378 3557 433 namque

199 447 508 520 specialiter
533 450 827 504 hominem
855 468 919 504 ex
943 453 1182 508 muliere
1204 471 1221 523 ;
1250 459 1345 509 aut
1373 456 1470 526 qui
1503 456 1646 509 dixit
1670 456 1820 527 quod

200 558 290 612 pro
326 558 384 596 se
422 542 719 598 obtulisset
760 545 1129 615 semetipsum
1184 547 1530 602 oblationem
1591 555 1648 603 et
1704 565 1819 603 non

199 634 374 706 potius
410 650 521 706 pro
570 636 731 690 nobis
775 636 925 707 solis,
977 655 1093 692 non
1134 641 1289 694 enim
1326 641 1484 711 eguit
1534 641 1819 697 oblatione

198 728 283 798 qui
302 731 664 798 peccatorum
697 729 932 785 omnino
957 733 1212 801 nescivit,
1243 734 1552 789 anathema
1583 735 1671 789 sit.

259 821 332 874 XI.
374 821 431 875 Si
480 822 609 892 quis
649 839 763 877 non
791 824 1098 879 confitetur
1137 842 1367 882 carnem
1412 828 1635 882 Domini
1679 828 1816 882 vivi-

196 913 488 968 ﬁcatricem
519 931 662 982 esse,
693 921 750 970 et
778 918 1068 989 propriam
1093 919 1269 990 ipsius
1290 920 1457 975 Verbi
1491 921 1587 975 Dei
1616 921 1817 991 Patris,

196 1007 285 1060 sed
306 1007 460 1062 velut
483 1008 718 1064 alterius
744 1014 953 1080 praeter
967 1011 1157 1082 ipsum
1190 1012 1477 1083 conjuncti
1501 1013 1693 1068 eidem
1718 1031 1822 1085 per

194 1100 524 1170 dignitatem
552 1106 652 1157 aut
675 1104 840 1174 quasi
858 1103 1108 1160 divinam
1128 1106 1392 1161 habentis
1413 1107 1820 1163 habitationem

194 1208 247 1245 ac
270 1210 381 1247 non
406 1195 603 1266 potius
626 1194 1050 1253 viviﬁcatricem
1081 1215 1201 1254 esse
1226 1200 1362 1271 quia
1387 1201 1540 1255 facta
1585 1205 1669 1255 est
1686 1217 1815 1272 pro-

194 1286 300 1355 pria
322 1288 490 1341 Verbi
514 1288 799 1344 viviﬁcare
819 1289 1081 1360 valentis,
1124 1293 1432 1347 anathema
1463 1293 1552 1347 sit.

252 1380 350 1434 ΧΠ.
392 1380 452 1435 Si
480 1382 613 1452 quis
645 1399 764 1437 non
807 1383 1106 1439 conﬁtetur
1154 1385 1255 1439 Dei
1289 1386 1539 1441 Verbum
1590 1403 1817 1457 passum

193 1489 361 1539 came,
398 1480 456 1528 et
496 1476 835 1530 crucifixum
877 1493 1077 1547 carne,
1114 1482 1173 1533 et
1212 1481 1459 1534 mortem
1498 1496 1670 1534 carne
1710 1497 1817 1551 gu-

191 1571 365 1631 stasse,
406 1568 632 1622 factum
660 1570 1111 1641 primogenitum
1133 1588 1204 1626 ex
1233 1572 1474 1627 mortuis
1503 1574 1818 1628 secundum

190 1660 323 1729 quod
346 1660 459 1714 vita
486 1666 598 1731 est,
645 1666 703 1716 et
736 1662 1044 1719 viviﬁcator
1074 1669 1135 1719 ut
1167 1666 1335 1735 Deus,
1385 1667 1694 1722 anathema
1723 1667 1814 1722 sit.

1919 455 2298 526 incorporalis
2324 459 2380 508 et
2406 458 2566 508 extra
2586 453 2909 524 passionem
2941 457 3044 522 est,
3070 453 3167 508 sed
3198 454 3330 524 quia
3356 471 3559 524 corpus

1918 548 2060 603 illud
2101 547 2253 619 quod
2310 547 2487 617 ipsius
2530 546 2828 617 proprium
2880 547 3089 601 factum
3128 551 3212 600 est
3250 546 3355 599 hoc
3389 548 3557 601 susti-

1922 641 2064 695 nuit.
2112 640 2239 696 ldeo
2279 640 2399 695 haec
2438 640 2631 695 omnia
2668 655 2772 710 pro
2807 639 2971 694 nobis
3000 639 3134 709 ipsis
3171 638 3377 694 dicitur
3424 656 3554 710 pas-

1920 752 2033 800 sus,
2087 734 2274 790 inerat
2322 733 2475 789 enim
2516 732 2575 786 in
2644 748 2711 787 eo
2767 748 3006 803 corpore
3048 731 3184 803 quid
3235 732 3558 803 patiebatur

1919 831 2086 894 Deus,
2117 829 2215 899 qui
2254 828 2370 898 pati
2409 843 2527 882 non
2552 829 2791 897 poterat.
2820 824 2999 880 Simili
3024 824 3203 894 ζωοᾶο
3229 830 3284 879 et
3302 830 3557 882 mortem
3619 879 3623 883 .
3680 846 3683 855 '

1919 921 2097 993 ipsius
2114 919 2508 990 intelligimus,
2538 918 2860 973 immortale
2878 917 3031 972 enim
3054 922 3110 971 et
3128 917 3557 988 incerruptibile

1920 1029 2039 1069 esse
2073 1013 2410 1067 naturaliter
2435 1015 2492 1067 et
2524 1012 2636 1066 vita
2676 1015 2732 1066 et
2766 1009 3057 1064 vivificans
3088 1011 3231 1064 Deus
3275 1010 3553 1079 Verbum;

1920 1108 2019 1162 sed
2052 1106 2188 1179 quia
2227 1122 2433 1177 corpus
2474 1105 2651 1175 ipsius
2689 1103 2988 1174 proprium
3029 1102 3213 1173 gratia
3253 1102 3347 1157 Dei
3392 1102 3558 1173 juxta

1920 1200 2080 1257 Pauli
2132 1215 2333 1255 vocem
2413 1219 2441 1248 ‹‹
2508 1213 2611 1269 pro
2678 1196 2945 1252 omnibus
3007 1200 3254 1250 mortem
3317 1195 3559 1267 gustavit

1920 1294 2072 1362 (Heb.
2108 1310 2166 1360 n,
2200 1295 2272 1363 9),
2302 1312 2330 1343 ν
2360 1291 2571 1346 idcirco
2598 1291 2718 1362 ipse
2738 1290 2947 1345 dicitur
2967 1292 3219 1346 mortem
3241 1305 3437 1359 passus
3455 1304 3559 1360 pro

1919 1386 2103 1441 nobis.
2137 1388 2257 1441 Non
2288 1384 2439 1456 quod
2458 1385 2577 1455 ipse
2609 1388 2851 1439 mortem
2885 1386 3034 1437 esset
3069 1386 3353 1454 expertus,
3387 1397 3561 1452 quan-

1918 1484 2043 1534 tum
2088 1479 2159 1534 ad
2190 1478 2365 1550 ipsius
2408 1482 2681 1533 naturam
2718 1476 2969 1549 pertinet
3007 1475 3245 1546 (insania
3285 1474 3437 1529 enim
3476 1479 3563 1529 est

1920 1573 2028 1627 hoc
2050 1572 2137 1627 vel
2168 1572 2400 1641 sentire,
2452 1573 2536 1626 vel
2581 1570 2813 1640 dicere),
2838 1570 2944 1647 sed
2966 1569 3143 1642 quod,
3186 1572 3252 1624 ut
3294 1567 3557 1634 diximus,

1919 1682 2056 1721 vera
2084 1682 2215 1721 caro
2267 1665 2446 1737 ipsius
2499 1667 2745 1719 mortem
2792 1662 3076 1735 gustavit,
3127 1662 3209 1717 ita
3257 1665 3315 1715 et
3364 1675 3555 1715 resur-

250 1754 366 1808 XIll.
407 1755 504 1809 Ait
542 1755 722 1825 igitur
756 1772 970 1827 magna
1007 1760 1064 1811 et
1098 1764 1291 1813 sancta
1335 1759 1583 1831 synodus
1629 1742 1894 1832 ipsumB
1918 1763 2089 1831 gente
2120 1776 2289 1814 carne
2332 1758 2510 1830 ipsius
2547 1774 2741 1813 rursus
2789 1755 3266 1812 resurrectionem
3291 1753 3554 1821 dicimus,

191 1846 276 1916 qui
304 1850 384 1900 est
408 1863 477 1901 ex
512 1848 635 1902 Deo
680 1850 843 1903 Patre
868 1851 1203 1906 naturaliter
1234 1856 1401 1906 natus
1438 1852 1644 1907 Filium
1688 1854 1816 1908 uni-

192 1939 428 2009 genitum
497 1942 685 1997 Deum
721 1943 790 1998 de
848 1944 959 1998 Deo
1008 1961 1167 2014 vero,
1215 1945 1411 2000 lumen
1457 1946 1527 2002 de
1578 1946 1813 2017 lumine,

192 2049 279 2102 per
318 2050 488 2105 quem
538 2040 755 2091 etcum
799 2053 913 2108 quo
957 2038 1148 2093 omnia
1198 2040 1398 2095 fecerit
1434 2043 1619 2108 Pater,
1666 2041 1815 2096 hunc

191 2126 555 2195 descendisse,
593 2129 956 2185 incarnatum
999 2147 1136 2199 esse,
1167 2136 1226 2187 et
1255 2133 1549 2188 hominem
1578 2134 1812 2201 factum,

189 2237 393 2288 passum
421 2239 581 2289 esse,
629 2228 685 2278 et
727 2224 1099 2280 resurrexisse
1139 2226 1308 2281 tertia
1358 2226 1470 2294 die,
1497 2227 1814 2282 ascendisse

191 2330 359 2369 rursus
388 2316 447 2368 in
479 2316 675 2371 caelos.
708 2318 837 2371 Hmc
856 2333 962 2372 nos
1000 2319 1162 2390 sequi
1193 2321 1366 2375 verba
1403 2321 1698 2390 debemus,
1730 2321 1816 2375 his

188 2424 278 2462 nos
294 2410 560 2464 convenit
576 2410 973 2482 obtemperare
994 2413 1375 2491 dogmatibus,
1394 2415 1815 2470 considerantes

186 2501 302 2571 quid
346 2503 417 2557 sit
453 2503 827 2559 incarnatum
855 2521 975 2560 esse
1015 2510 1073 2560 et
1109 2506 1403 2562 hominem
1452 2508 1660 2563 factum
1714 2509 1815 2562 Dei

186 2595 431 2651 Verbum.

245 2690 356 2743 Non
411 2691 575 2745 enim
630 2691 869 2747 dicimus
928 2693 1083 2764 quod
1129 2693 1229 2747 Dei
1269 2698 1485 2748 natura
1545 2711 1817 2750 conversa

186 2783 257 2835 vel
278 2783 579 2839 immutata
622 2786 712 2853 sit,
759 2787 859 2840 sed
902 2787 1083 2857 magis
1128 2788 1281 2858 quod
1321 2804 1550 2843 carnem
1592 2789 1810 2843 anima-

186 2878 284 2930 tam
323 2878 519 2933 anima
569 2879 828 2934 rationali
864 2880 971 2934 sibi
1015 2882 1387 2952 copulaverit,
1450 2882 1814 2954 Verbumque

185 2970 634 3042 substantialiter,
678 2972 1041 3029 ineﬂ‘abiliter
1077 2979 1134 3030 et
1160 2974 1816 3047 incomprehensibiliter

184 3063 345 3119 factus
371 3066 452 3120 sit
480 3067 672 3134 homo,
705 3072 761 3122 et
804 3071 1159 3139 nuncupatus
1186 3069 1258 3122 sit
1298 3068 1471 3124 etiam
1509 3069 1659 3123 ﬁlius
1705 3070 1812 3124 ho-

184 3157 333 3212 minis
361 3175 487 3213 non
521 3160 673 3214 nuda
692 3162 1092 3216 tantummodo
1127 3163 1436 3229 voluntate,
1468 3163 1563 3218 sed
1595 3179 1697 3219 nec
1727 3181 1812 3219 as-

185 3252 499 3321 sumptione
534 3252 652 3308 sola
686 3271 967 3326 personae,
992 3256 1089 3310 sed
1124 3256 1281 3327 quod
1314 3256 1551 3311 diversae
1580 3257 1810 3329 quidem

182 3348 375 3401 natura:
410 3346 475 3399 in
504 3363 684 3403 unum
715 3353 1127 3417 convenerunt,
1172 3366 1316 3404 unus
1355 3353 1545 3405 tamen
1588 3368 1657 3406 ex
1682 3367 1806 3406 am-

184 3437 347 3494 bobus
390 3440 655 3496 Christus
688 3444 747 3496 et
786 3442 957 3497 Filius
1001 3432 1119 3498 non
1160 3449 1431 3499 evacuata
1465 3444 1551 3499 vel
1588 3445 1810 3500 sublata

186 3530 497 3589 diversitate
545 3539 875 3590 naturarum
925 3552 1027 3609 per
1057 3538 1502 3609 conjunctiones,
1543 3539 1643 3593 sed
1678 3539 1810 3611 quia

185 3625 332 3681 simul
389 3628 560 3683 nobis
608 3628 940 3699 eﬂ‘ecerunt,
980 3634 1046 3685 ut
1081 3647 1263 3686 unum
1315 3633 1497 3686 Deum
1544 3636 1602 3687 et
1647 3632 1805 3690 Chri-

185 3722 317 3775 stum
353 3725 418 3776 et
456 3720 680 3789 Filium,
710 3722 770 3777 id
816 3726 901 3779 est
936 3712 1201 3780 divin'itas
1244 3730 1299 3781 et
1337 3726 1660 3781 humanitas
1707 3743 1809 3798 per

184 3832 430 3875 arcanam
487 3819 649 3875 illam
722 3822 1187 3894 ineﬂ'abilemque
1244 3823 1666 3895 copulationem
1735 3825 1807 3880 ad

187 3909 611 3969 humanitatem.
651 3915 842 3987 Itaque
884 3916 934 3970 is
953 3915 1049 3987 qui
1093 3920 1225 3971 ante
1269 3918 1475 3972 saecula
1499 3918 1695 3974 omnia
1723 3924 1808 3973 est

184 4010 334 4059 natus
361 4022 431 4061 ex
461 4007 642 4076 Patre,
666 4008 838 4064 etiam
857 4026 927 4064 ex
954 4009 1193 4085 muliere
1228 4010 1529 4067 carnaliter
1557 4017 1642 4067 est
1676 4029 1807 4083 pro-

186 4103 410 4153 creatus.
460 4100 585 4155 Non
629 4101 759 4172 quia
804 4103 995 4157 divina
1047 4102 1223 4175 ipsius
1270 4107 1477 4159 natura
1518 4106 1587 4160 de
1642 4122 1805 4160 sacra

185 4189 399 4261 Virgine
418 4193 663 4264 sumpsit
681 4195 998 4265 exordium,
1020 4212 1126 4251 nec
1142 4200 1379 4268 propter
1403 4197 1652 4269 seipsum
1664 4215 1806 4269 opus

186 4281 368 4340 habuit
394 4286 648 4342 secundo
695 4289 847 4343 nasci
883 4293 1013 4360 post
1057 4289 1213 4344 illam
1252 4290 1607 4345 nativitatem
1635 4307 1805 4362 quam

186 4375 410 4433 habebat
434 4396 500 4434 ex
524 4381 707 4436 Patre.
738 4383 829 4436 Est
859 4382 1011 4438 enim
1041 4382 1297 4455 ineptum
1336 4388 1392 4438 et
1433 4384 1671 4439 stultum
1698 4385 1805 4439 hoc

1834 3112 1889 3187 Ο

1920 1871 2036 1908 non
2077 1853 2210 1925 quia
2250 1854 2309 1907 in
2354 1851 2791 1922 corruptionem
2835 1850 3134 1918 ceciderat,
3180 1847 3337 1918 quod
3388 1847 3557 1912 absit,

1919 1948 2017 2002 sed
2082 1946 2215 2018 quia
2276 1946 2399 2017 ejus
2466 1943 2778 1999 resurrexit
2822 1959 3063 2014 corpus;
3127 1942 3209 1996 ita
3266 1940 3559 1997 Christum

1918 2057 2098 2096 unum
2124 2044 2181 2094 et
2218 2039 2525 2094 Dominum
2556 2038 2911 2104 confitemur,
2944 2041 3223 2107 tanquam
3264 2018 3559 2089 hominem

1917 2152 2047 2190 cum
2108 2132 2285 2189 Verbo
2364 2132 2733 2187 coadorantes
2796 2135 2858 2185 ut
2941 2126 3231 2183 divisionis
3294 2127 3557 2199 quaedam

1916 2228 2129 2300 species
2172 2227 2494 2293 inducatur,
2539 2225 2640 2279 sed
2677 2240 2859 2278 unum
2888 2223 3009 2294 jam
3050 2227 3106 2277 et
3148 2221 3416 2276 eumdem
3462 2221 3557 2276 ad-

1916 2326 2159 2389 orantes,
2186 2321 2319 2393 quia
2346 2336 2462 2374 non
2491 2324 2576 2374 est
2606 2317 2857 2372 alienum
2886 2333 2920 2372 a
2944 2316 3127 2372 Verbo
3158 2331 3363 2386 corpus
3389 2330 3557 2369 suum

1916 2432 2048 2471 cum
2102 2431 2215 2486 quo
2263 2414 2385 2486 ipse
2429 2412 2604 2468 etiam
2660 2411 2874 2466 assidet
2929 2408 3100 2476 Patri,
3168 2424 3273 2463 nec
3322 2408 3429 2463 hoc
3476 2408 3557 2463 ita

1916 2509 2155 2564 dicimus
2192 2508 2351 2578 quasi
2403 2505 2628 2561 duobus
2677 2503 2807 2558 filiis
2849 2502 3249 2569 assidentibus,
3295 2501 3394 2556 sed
3444 2517 3557 2555 una

1915 2619 2045 2658 cum
2073 2618 2241 2656 carne
2268 2617 2373 2672 per
2393 2599 2689 2665 unitatem,
2708 2595 2840 2672 quia
2864 2597 2911 2651 si
2940 2596 3114 2650 talem
3135 2592 3557 2666 copulationem

1916 2698 2126 2752 factam
2163 2712 2264 2767 per
2296 2692 2694 2759 substantiam,
2744 2694 2844 2745 aut
2869 2689 3030 2761 quasi
3069 2704 3172 2761 per
3207 2686 3551 2760 passibilem,

1914 2795 2013 2846 aut
2039 2790 2204 2862 quasi
2247 2803 2449 2860 parum
2488 2787 2751 2841 decoram
2789 2783 3139 2839 voluerimus
3183 2781 3457 2853 accipere,
3488 2781 3555 2836 in

1914 2884 1973 2938 id
2010 2884 2344 2950 incidemus,
2376 2886 2442 2936 ut
2473 2882 2617 2937 duos
2654 2880 2798 2935 ﬁlios
2831 2893 2950 2936 esse
2988 2877 3264 2932 dicamus.
3317 2877 3554 2931 Necesse

1916 2982 2003 3033 est
2047 2977 2204 3032 enim
2241 2977 2582 3043 discernere,
2620 2977 2677 3029 et
2705 2974 2893 3030 dicere
2919 2971 3215 3039 hominem
3251 2969 3585 3043 separatim,

1914 3071 2106 3141 fuisse,
2135 3072 2251 3126 sola
2302 3069 2427 3124 Filii
2457 3068 2839 3140 appellatione
2886 3066 3250 3134 honoratum,
3271 3067 3329 3119 et
3356 3078 3552 3118 rursus

1914 3165 2159 3220 Verbum
2211 3164 2366 3235 quod
2405 3168 2491 3218 est
2538 3178 2606 3216 ex
2647 3162 2762 3216 Deo
2798 3160 2858 3214 in
2909 3159 3164 3227 homine,
3220 3158 3279 3213 in
3314 3156 3550 3213 veritate

1912 3258 2114 3313 Filium
2154 3257 2270 3312 Dei.
2317 3257 2423 3313 Sed
2462 3256 2784 3311 discernere
2827 3254 2889 3308 in
2933 3253 3073 3309 duos
3113 3252 3258 3308 ﬁlios
3286 3268 3404 3307 non
3428 3276 3429 3279 η
3456 3250 3551 3305 de-

1908 3353 2111 3407 bemus
2127 3368 2306 3406 unum
2325 3350 2633 3407 Dominum
2648 3350 2843 3405 Jesum
2857 3346 3164 3403 Christum.
3184 3348 3380 3417 Neque
3395 3344 3549 3401 enim

1911 3447 2145 3518 adjuvat
2162 3449 2372 3501 rectam
2403 3443 2537 3499 ﬁdei
2552 3442 2857 3511 rationem,
2880 3440 3015 3497 licet
3035 3439 3296 3495 nonnulli
3322 3439 3549 3510 copula-

1909 3540 2144 3608 tionem,
2177 3537 2366 3593 nescio
2389 3552 2581 3608 quam,
2620 3535 2960 3607 perhibeant
2993 3548 3394 3605 personarum.
3425 3533 3548 3587 Non

1908 3633 2065 3688 enim
2084 3632 2220 3688 dicit
2251 3631 2544 3702 Scriptura
2570 3629 2816 3684 Verbum
2840 3627 2943 3682 Dei
2972 3643 3281 3699 personam
3304 3626 3410 3682 sibi
3440 3626 3542 3680 ho-

1908 3726 2077 3781 minis
2114 3724 2505 3796 assumpsisse,
2538 3722 2639 3778 sed
2662 3738 2894 3777 carnem
2917 3721 3137 3776 factum
3169 3736 3312 3790 esse,
3352 3719 3412 3774 id
3440 3735 3541 3773 au-

1905 3825 2022 3875 tem
2050 3823 2135 3874 est
2151 3817 2447 3874 ostendere
2479 3816 2581 3871 Dei
2604 3815 2853 3871 Verbum
2877 3812 3142 3869 similiter
3161 3829 3226 3868 ac
3254 3828 3355 3867 nos
3386 3811 3541 3882 prin-

1907 3913 2124 3985 cipium
2150 3911 2416 3967 habuisse
2458 3908 2643 3965 carnis
2675 3914 2732 3964 et
2765 3907 3080 3980 sanguinis,
3108 3909 3166 3962 et
3205 3922 3412 3977 corpus
3436 3922 3540 3960 no-

1904 4012 2084 4062 strum
2111 4004 2343 4078 proprie
2370 4020 2539 4059 suum
2560 4003 2776 4071 fecisse,
2808 4006 2866 4058 et
2891 4000 3188 4056 hominem
3212 4015 3279 4055 ex
3304 3999 3544 4055 muliere

1906 4101 2245 4173 processisse
2281 4116 2397 4155 non
2428 4098 2646 4170 abjecta
2669 4096 2759 4153 vel
2801 4096 3060 4168 deposita
3097 4094 3324 4162 deitate,
3349 4096 3417 4148 ut
3443 4109 3541 4163 ge-

1906 4195 2268 4250 nerationem
2314 4194 2472 4247 illam
2498 4192 2805 4260 amitteret,
2839 4205 3012 4262 quam
3050 4186 3301 4243 habebat
3339 4202 3408 4241 ex
3440 4188 3543 4240 Pa-

1906 4294 2014 4357 tre,
2042 4290 2139 4346 sed
2167 4288 2437 4343 mansisse
2454 4286 2628 4343 etiam
2653 4286 2715 4340 in
2743 4284 3129 4356 assumptione
3155 4280 3340 4337 carnis
3366 4283 3544 4337 Deum

1908 4382 2062 4453 quod
2130 4386 2268 4436 erat.
2316 4382 2430 4436 Hoc
2479 4379 2671 4450 itaque
2729 4381 2900 4433 rectae
2947 4376 3079 4431 ﬁdei
3141 4376 3287 4431 ratio
3351 4379 3543 4446 prote-

187 4469 373 4539 dicere,
395 4474 548 4545 quod
574 4475 619 4528 is
640 4476 736 4546 qui
765 4480 897 4531 ante
922 4477 1112 4531 omnia
1138 4478 1346 4532 saecula
1373 4482 1457 4533 est
1482 4479 1801 4551 consempi-
1823 4484 1882 4555 D
1906 4479 2105 4530 statur.
2159 4477 2219 4529 In
2246 4474 2346 4528 tali
2398 4490 2567 4529 sensu
2610 4476 2837 4527 sanctos
2868 4472 3060 4526 Patres
3100 4469 3274 4524 fuisse
3316 4484 3544 4539 compe-

188 4567 366 4620 ternus
394 4569 565 4637 Patri,
604 4569 867 4624 secundas
914 4571 1295 4642 generationis
1337 4573 1561 4644 eguerit
1594 4578 1655 4628 ut
1684 4589 1803 4628 esse

188 4655 460 4731 inciperet,
490 4662 589 4717 sed
621 4663 754 4734 quia
797 4667 1033 4736 propter
1077 4668 1331 4720 nostram
1370 4667 1609 4721 salutem
1640 4671 1803 4722 natu-

190 4766 300 4806 ram
319 4754 419 4809 sibi
433 4756 719 4827 copulavit
741 4757 1077 4827 humanam,
1095 4763 1151 4813 et
1166 4760 1520 4831 processitex
1539 4760 1800 4827 muliere,

191 4843 381 4902 idcirco
428 4849 636 4904 dicitur
687 4867 806 4906 esse
849 4856 1016 4906 natus
1063 4853 1383 4908 carnaliter.
1426 4855 1617 4925 Neque
1649 4854 1803 4909 enim

189 4938 419 5007 primum
454 4946 627 4998 natus
662 4948 746 5000 est
785 4947 958 5001 homo
996 4947 1313 5002 communis
1343 4947 1413 5000 de
1454 4951 1648 5002 sancta
1679 4948 1803 5003 Vir-

192 5030 313 5097 gine
338 5039 389 5089 et
411 5040 548 5092 tunc
574 5038 807 5093 demum
850 5039 1182 5095 inhabitavit
1216 5040 1273 5094 in
1302 5055 1367 5094 eo
1408 5040 1676 5110 Verbum,
1706 5042 1804 5095 sed

192 5123 243 5177 in
297 5127 403 5197 ipsa
454 5131 621 5185 vulva
682 5135 963 5204 uteroque
1011 5133 1271 5204 virginali
1322 5150 1515 5188 secum
1571 5150 1803 5188 carnem

194 5221 468 5290 conjunxit
492 5230 548 5279 et
563 5226 831 5281 sustinuit
856 5228 1290 5297 generationem
1307 5229 1594 5282 carnalem
1621 5229 1807 5282 carnis

195 5326 299 5363 sum
331 5317 675 5374 nativitatem
715 5319 944 5375 faciens.
980 5320 1067 5376 Sic
1094 5320 1257 5375 illum
1299 5321 1540 5376 diximus
1578 5337 1807 5392 passum

198 5421 307 5460 esse
349 5415 401 5464 et
457 5415 853 5482 resurrexisse,
906 5432 1019 5469 non
1075 5415 1206 5485 quia
1255 5416 1400 5470 Deus
1446 5415 1693 5469 Verbum
1749 5415 1805 5469 in

198 5514 291 5552 sua
304 5507 493 5561 natura
520 5524 718 5578 passus
737 5508 809 5563 sit
832 5514 930 5564 aut
955 5509 1171 5581 plagas,
1196 5514 1293 5564 aut
1316 5509 1525 5577 clavos,
1549 5511 1605 5563 et
1622 5510 1807 5563 trans-

1902 4570 2104 4638 rimus,
2144 4568 2389 4639 ideoque
2432 4568 2515 4621 illi
2550 4583 2666 4621 non
2695 4565 3103 4619 dubitaverunt
3132 4564 3389 4617 sanctam
3428 4562 3552 4617 Vir~

1904 4664 2098 4735 ginem
2126 4662 2313 4717 dicere
2352 4662 2680 4723 theotochon,
2705 4676 2824 4713 non
2852 4658 2988 4729 quia
3015 4656 3180 4713 Verbi
3205 4660 3412 4712 natura
3432 4655 3547 4711 dei-

1902 4763 2099 4829 tasque
2126 4756 2185 4810 in
2211 4758 2461 4810 sanctam
2485 4753 2779 4825 Virginem
2809 4751 3050 4824 sumpsit
3084 4751 3403 4818 exordium,
3445 4750 3543 4806 sed

1904 4852 2055 4921 quod
2086 4866 2156 4905 ex
2181 4866 2248 4903 ea
2277 4851 2473 4902 natum
2496 4849 2569 4902 sit
2593 4862 2818 4903 sacrum
2839 4845 2977 4900 illud
2997 4862 3203 4918 corpus
3227 4845 3545 4900 animatum

1904 4944 2095 4999 anima
2133 4942 2400 4999 rationali
2445 4942 2534 4996 cui
2588 4940 3035 4996 substantialiter
3083 4941 3396 4996 adunatum
3448 4939 3545 4995 Dei

1904 5038 2151 5093 Verbum
2192 5036 2496 5092 carnaliter
2537 5039 2737 5091 natum
2780 5051 2901 5090 esse
2929 5035 3155 5091 dicitur.
3195 5036 3324 5090 Hac
3371 5034 3548 5106 igitur

1905 5149 2009 5204 pro
2041 5132 2316 5187 charitate
2354 5132 2410 5185 in
2450 5130 2672 5187 Christo
2717 5130 2901 5185 scribo
2938 5129 3062 5195 tibi,
3114 5145 3380 5201 quaerens
3416 5134 3543 5204 tan-

1905 5242 2079 5298 quam
2108 5225 2343 5280 fratrem
2371 5229 2428 5280 et
2454 5227 2774 5280 contestans
2794 5240 2982 5279 coram
3008 5224 3123 5279 Deo
3136 5225 3194 5279 et
3213 5222 3408 5278 electis
3424 5222 3474 5292 ej
3485 5238 3547 5275 us

1908 5320 2148 5392 angelis,
2192 5324 2254 5374 ut
2290 5320 2411 5373 haec
2447 5318 2744 5373 nobiscum
2777 5317 2988 5372 sentias
3027 5315 3196 5371 simul
3236 5320 3294 5370 et
3319 5315 3541 5380 doceas,

1905 5419 1971 5469 ut
2001 5413 2377 5468 Ecclesiarum
2405 5430 2511 5485 pax
2548 5412 2813 5479 salvetur,
2860 5415 2917 5467 et
2956 5409 3275 5465 concordiae
3300 5407 3544 5461 charita-

1908 5509 2094 5579 tisque
2126 5507 2416 5564 vinculum
2452 5506 2846 5563 indissolubile
2876 5505 3107 5559 maneat
3141 5499 3540 5557 sacerdotibus.
3625 5543 3629 5546 .

1208 5694 2525 5738 »ρο-ψη*
