4026 6166
559 256 659 306 303

1437 247 1723 301 ΑΡΡΕΝΙ).
1767 247 1854 300 AD
1895 245 2058 301 S.‘EC.
2102 246 2187 299 IX.
2217 273 2284 286 --
2315 245 2551 299 ISIDORI
2594 244 3021 301 MERCATORIS

1732 391 3810 422 ___.__.________._.______._____________

1517 528 2044 599 CONCILIUM
2126 528 2954 599 CHALCEDONENSE

558 683 1028 746 Sexcentorum
1057 679 1330 760 triginta
1362 679 1832 758 episcoporum,
1879 677 2330 748 Valentiniano
2376 678 2458 743 ν]
2495 685 2556 741 et
2591 679 2808 742 Altino
2852 678 3240 755 consulibus,
3275 696 3404 742 era
3433 681 3825 761 cou1x(Anno

1345 777 1612 844 Domini
1635 775 1798 856 452),
1833 776 2144 840 adversus
2183 776 2607 862 Eutychetem
2640 785 2704 840 et
2727 777 3136 844 Dioscorum.

625 1102 923 1159 Consulata
947 1101 1156 1173 piisimi
1183 1104 1239 1156 et
1275 1101 1542 1155 amatoris
1585 1100 1812 1168 Christi,
1853 1100 2020 1154 Flavii
2045 1101 2188 1155 Mar-
2211 1110 2269 1183 Α
2289 1102 2517 1168 veritas,
2547 1104 2644 1155 aut
2673 1099 2928 1156 doctrina
2961 1101 3190 1154 Patrum
3219 1097 3472 1168 exquirit,
3511 1098 3654 1152 multi
3681 1097 3737 1152 ad
3762 1113 3829 1151 er-

549 1197 691 1252 tiani
727 1195 989 1268 perpetui
1028 1194 1286 1266 Augusti,
1342 1194 1430 1249 die
1476 1193 1606 1249 ldus
1639 1193 1911 1259 Octobris,
1941 1195 2188 1264 synodus

551 1291 696 1345 facta
714 1291 774 1345 in
794 1287 1237 1346 Chalcedonensi
1263 1288 1508 1354 civitate,
1542 1288 1842 1358 metropoli
1886 1288 2187 1357 provinciae

551 1385 851 1455 Bithyniae,
896 1400 966 1436 ex
994 1382 1218 1436 decreto
1256 1382 1600 1451 synodorum
1633 1387 1687 1434 et
1729 1379 2188 1435 ﬁdelissimorum

549 1478 856 1532 verborum
910 1477 1318 1546 imperatorum
1373 1473 1747 1528 Valentiniani
1803 1477 1858 1526 et
1907 1475 2184 1542 Martiani,

553 1569 1017 1626 convenientibus
1044 1568 1102 1622 in
1130 1568 1364 1623 ecclesia
1405 1571 1615 1620 sancte
1655 1583 1717 1619 ac
1737 1566 2188 1638 triumphatricis

551 1663 820 1734 martyris
865 1660 1215 1733 Euphemiaa,
1262 1660 1680 1731 gloriosissimis
1719 1659 2089 1731 principibus,
2129 1660 2187 1714 id

551 1762 654 1824 est,
676 1755 1239 1826 magniﬁcentissimo
1261 1757 1318 1808 et
1345 1753 1750 1825 gloriosissimo
1780 1753 2056 1823 magistro
2086 1752 2189 1807 mi-

549 1851 716 1905 litum
762 1849 1104 1920 expraefecto
1148 1853 1204 1902 et
1240 1848 1556 1915 exconsule,
1609 1847 1842 1917 patricio
1889 1847 2186 1900 Anatholio

551 1949 606 2000 et
625 1941 1187 2014 magniﬁcentissimo
1217 1944 1274 1995 et
1306 1940 1710 2011 gloriosissimo
1748 1940 2010 2011 praefecto
2043 1940 2187 1994 sacri

550 2036 802 2110 praztorii
840 2036 1195 2107 praefecturae
1225 2034 1495 2100 Palladio,
1530 2039 1586 2088 et
1625 2033 2187 2104 magniﬁcentissimo

547 2131 816 2201 prtefecto
845 2129 999 2182 urbis
1023 2129 1278 2193 Tatiano,
1309 2131 1368 2180 et
1391 2126 1957 2196 magniﬁcentissimo
1990 2130 2046 2180 et
2073 2127 2189 2196 glo-

546 2222 862 2278 riosissimo
881 2221 1155 2290 magistro
1183 2219 1359 2273 divini
1383 2219 1554 2272 ofﬁcii
1587 2219 1931 2284 Vincemalo,
1982 2223 2040 2272 et
2064 2237 2185 2273 ma-

551 2313 1018 2386 gniﬁcentissimo
1059 2317 1115 2366 et
1169 2310 1568 2382 gloriosissimo
1611 2313 1884 2381 magistro
1929 2313 2182 2378 Martiali,

549 2413 605 2463 et
633 2406 1036 2478 gloriosissimo
1063 2410 1121 2459 et
1163 2403 1724 2475 magniﬁcentissimo
1752 2405 1954 2459 comite
1989 2405 2184 2460 dome-

547 2503 816 2557 sticorum
845 2498 1104 2571 Sporatio
1139 2502 1195 2552 et
1238 2514 1449 2568 magno
1479 2499 1683 2552 comite
1730 2515 1922 2552 rerum
1950 2499 2187 2569 privata-
2206 2475 2262 2546 B

546 2611 677 2650 rum
704 2592 1062 2656 Genetholio,
1095 2591 1369 2663 appositis
1396 2591 1565 2644 etiam
1599 2607 1664 2644 ex
1694 2591 1940 2661 glorioso
1961 2597 2182 2658 senatu,

546 2689 602 2743 id
631 2691 734 2757 est,
751 2685 1310 2757 magniﬁcentissimo
1331 2687 1390 2738 et
1417 2683 1819 2754 gloriosissimo
1846 2686 2182 2754 exprzefecto

546 2781 795 2852 prmtorii
823 2779 1005 2834 sexies
1036 2779 1332 2833 exconsule
1365 2777 1669 2844 ordinario,
1713 2780 1768 2830 et
1797 2777 2032 2847 patricio
2058 2778 2183 2830 Flo-

547 2873 733 2928 rentio
761 2877 816 2926 et
855 2870 1419 2940 magniﬁcentissimo
1459 2873 1515 2922 et
1545 2869 1949 2938 gloriosissimo
1983 2887 2186 2924 excon-

549 2968 668 3021 sule
697 2963 984 3019 ordinario
1011 2967 1069 3017 et
1097 2961 1338 3034 patricio
1364 2973 1646 3028 senatore,
1671 2965 1728 3015 et
1750 2962 2188 3032 magniﬁcentis-

547 3060 690 3114 simo
730 3061 787 3112 et
815 3054 1222 3128 gloriosissimo
1251 3054 1526 3125 magistro
1563 3056 1862 3109 exconsule
1895 3055 2185 3111 ordinario

544 3153 784 3225 patricio
809 3153 853 3206 N
859 3167 1012 3216 omo,
1036 3154 1094 3204 et
1113 3147 1680 3219 magniﬁcentissimo
1694 3151 1750 3202 et
1770 3148 2184 3218 gloriosissimo

545 3245 880 3317 exprmfecto
913 3247 970 3297 et
1013 3241 1312 3296 exconsule
1349 3241 1638 3294 ordinario
1670 3244 1727 3294 et
1769 3241 2003 3311 patricio
2046 3244 2180 3297 Pro-

542 3338 792 3410 togenio,
823 3341 880 3391 et
909 3334 1482 3408 magniﬁcentissimo
1523 3337 1581 3388 et
1617 3333 2018 3404 gloriosissimo
2057 3353 2179 3390 ma-

545 3433 722 3504 gistro
761 3431 1097 3502 expraet‘ecto
1135 3428 1312 3494 Zoilo,
1361 3431 1419 3482 et
1448 3444 1660 3498 magno
1697 3431 1754 3482 et
1797 3428 2048 3497 glorioso
2082 3446 2179 3485 ex-

540 3525 809 3598 praafecto
843 3523 1002 3577 urbis
1043 3520 1362 3593 Apollonio,
1395 3523 1450 3575 et
1494 3520 2057 3592 magniﬁcentissimo
2095 3539 2182 3577 ex-

544 3617 851 3690 przeposito
879 3615 1036 3670 urbis
1063 3618 1383 3682 Artaxerse,
1417 3614 1652 3669 concilio
1679 3619 1872 3669 autem
1899 3616 2067 3670 totius
2096 3633 2182 3671 or-

544 3713 629 3766 bis
651 3711 962 3766 secundum
981 3709 1236 3764 divinum
1268 3711 1620 3780 praeceptum
1648 3707 1707 3761 in
1736 3709 2088 3764 Chalcedona
2109 3711 2182 3764 ci-

543 3806 711 3860 vitate
749 3806 1122 3876 congregato,
1165 3802 1226 3856 id
1267 3805 1371 3869 est,
1422 3801 1760 3857 Paschasino
1807 3807 1863 3856 et
1909 3804 2178 3859 Lucentio
2202 3842 2257 3915 Ο

544 3899 839 3970 episcopis,
880 3901 938 3952 et
977 3897 1261 3951 Bonifacio
1311 3896 1663 3967 presbytero,
1719 3897 2182 3952 convenientibus

544 3992 744 4064 legatis
789 3989 1130 4045 venerabilis
1157 3993 1215 4042 et
1260 3990 1441 4042 sancti
1485 3989 1891 4060 archiepiscopi
1933 3991 2182 4060 antiqua).

543 4087 740 4140 Romae
770 4082 995 4149 Leonis,
1026 4081 1398 4136 conveniente
1445 4086 1501 4135 et
1541 4085 1729 4136 sancto
1770 4082 2070 4135 Anatholie
2099 4099 2184 4135 ar-

543 4176 902 4246 chiepiscopo
941 4173 1502 4242 magniﬁcentissimo
1563 4178 1614 4228 et
1665 4173 2181 4245 Constantinopoli-

542 4274 682 4323 tano
708 4284 866 4321 novae
893 4267 1106 4332 Romae,
1153 4272 1210 4320 et
1248 4265 1475 4336 reliquis
1511 4266 1892 4334 sanctissimis,
1940 4273 1996 4322 et
2022 4284 2180 4323 reve-

544 4359 890 4416 rendissimis
922 4358 1203 4413 sexcentis
1227 4357 1464 4428 triginta
1491 4359 1785 4430 episcopis.

614 4457 751 4510 Ecce
781 4452 1215 4508 advenientibus
1253 4453 1521 4506 omnibus
1549 4457 1680 4508 ante
1709 4455 1988 4509 cancellos
2003 4457 2183 4511 sancti

542 4549 733 4604 altaris
785 4565 916 4603 cum
970 4546 1532 4616 magniﬁcentissimo
1587 4551 1642 4602 et
1699 4548 1902 4604 eximio
1957 4553 2177 4616 senatu,

539 4643 876 4697 adveniente
917 4641 1090 4695 etiam
1130 4640 1382 4710 piissimo
1421 4641 1765 4711 imperatore
1809 4643 2073 4697 Martiano
2121 4643 2180 4698 in

542 4735 864 4807 supradicta
889 4733 1244 4788 sanctissima
1264 4734 1513 4789 basilica.
1543 4737 1830 4790 Prwsente
1855 4737 2027 4790 etiam
2059 4738 2178 4791 zelo

539 4829 730 4884 divino
762 4829 944 4883 calore
974 4826 1110 4881 ﬁdei
1137 4844 1375 4882 accensa
1401 4828 1648 4900 piissime
1679 4832 1736 4883 et
1754 4830 2078 4884 ﬁdelissima
2095 4848 2179 4885 re-

539 4922 692 4993 gina,
724 4925 975 4992 Augusta
1002 4920 1406 4991 pulcherrima,
1446 4927 1698 4977 sanctam
1727 4923 2010 4994 synodum
2036 4926 2174 4979 allo-

538 5022 668 5070 cuta
707 5019 792 5070 est
819 5015 940 5068 haec
977 5030 990 5068 :
1025 5014 1165 5068 Cum
1197 5014 1444 5084 primum
1477 5033 1584 5086 per
1611 5017 1946 5071 electionem
1979 5018 2036 5071 in
2086 5035 2173 5071 re-

539 5126 721 5180 gnum
747 5109 816 5163 de
854 5111 1066 5163 secreto
1114 5107 1212 5162 Dei
1261 5109 1512 5178 provecti
1547 5126 1742 5163 sumus
1795 5111 1942 5166 inter
1988 5116 2175 5166 tantas

533 5203 790 5274 publicas
822 5200 1108 5267 utilitates,
1145 5201 1366 5256 nullum
1394 5203 1579 5273 magis
1608 5221 1709 5258 nos
1739 5205 2175 5259 constrinximus
2194 5212 2253 5283 D

531 5296 605 5351 ad
633 5295 927 5368 negotium
949 5310 1123 5365 quam
1154 5298 1366 5350 rectam
1393 5300 1450 5351 et
1475 5313 1666 5351 veram
1709 5298 1878 5352 ﬁdem
1909 5298 2174 5354 Christia-

531 5406 758 5458 norum,
793 5406 923 5461 quae
961 5393 1156 5443 sancta
1186 5394 1242 5443 et
1280 5391 1604 5445 veneranda
1637 5391 1912 5459 consistit,
1952 5392 2173 5447 indubi-

531 5487 707 5538 tatam
735 5482 1004 5538 omnibus
1023 5481 1329 5536 declarare.
1354 5483 1709 5538 Manifestum
1731 5489 1816 5538 est
1841 5485 1995 5539 enim
2018 5487 2169 5556 quod

2288 1213 2477 1250 rorem
2509 1194 2719 1250 seducti
2749 1199 2899 1257 sunt,
2930 1193 3080 1247 unde
3097 1196 3346 1247 sanctam
3376 1191 3643 1261 synodum,
3669 1191 3834 1244 scilicet

2290 1291 2359 1343 ad
2383 1289 2542 1343 istam
2573 1289 2694 1342 ﬁeri
2726 1287 3129 1358 perfectionem
3159 1301 3535 1356 properamus,
3562 1290 3610 1337 et
3637 1283 3832 1337 laborem

2287 1383 2445 1437 vobis
2477 1381 2730 1436 arbitrati
2760 1398 2954 1434 sumus
2987 1380 3296 1450 imponere,
3331 1382 3390 1432 ut
3417 1377 3560 1431 omni
3589 1392 3749 1430 errore
3772 1392 3834 1427 ca-

2286 1475 2476 1546 liginis
2507 1475 2728 1528 deterso
2758 1473 3071 1528 secundum
3101 1473 3256 1543 quod
3285 1473 3402 1542 ipsa
3441 1469 3672 1524 divinitas
3698 1467 3834 1520 homi-

2289 1569 2455 1622 nibus
2479 1585 2535 1622 se
2568 1568 2690 1622 ﬁeri
2717 1567 3080 1622 manifestam
3107 1583 3227 1621 esse
3247 1565 3436 1628 voluit,
3465 1569 3518 1618 et
3543 1565 3736 1616 Patrum
3757 1560 3832 1612 de-

2289 1661 2622 1716 monstravit
2665 1661 2939 1727 doctrina,
2978 1661 3054 1714 sic
3088 1659 3246 1713 ﬁdes.
3269 1663 3471 1724 nostra,
3509 1671 3625 1726 qum
3661 1669 3775 1724 pura
3796 1657 3836 1704 et

2288 1759 2477 1810 sancta
2497 1755 2768 1820 consistit,
2799 1755 2856 1808 in
2887 1755 3148 1808 omnium
3176 1751 3494 1822 ingrediens
3531 1748 3720 1802 animas
3739 1760 3836 1815 pro-

2288 1849 2425 1920 prias
2445 1848 2699 1902 veritatis
2729 1847 3000 1917 effulgeat
3028 1848 3173 1901 luce.
3206 1847 3283 1899 De
3299 1848 3497 1899 caetero
3519 1841 3838 1895 audeatnemo

2289 1943 2358 1997 de
2386 1941 2673 1996 nativitate
2702 1940 2926 1996 Domini
2955 1946 3010 1995 et
3030 1939 3327 1996 Salvatoris
3353 1935 3522 1991 nostri
3544 1936 3658 1989 Jesu
3679 1930 3839 1987 Christi

2286 2036 2439 2089 aliud
2489 2034 2795 2105 disputare,
2850 2038 3061 2103 praeter
3126 2033 3277 2102 quod
3337 2028 3675 2100 apostolicum
3729 2038 3840 2094 prte-

2288 2128 2470 2182 mium
2515 2131 2616 2182 3l8
2657 2132 2981 2181 sanctorum
3025 2128 3257 2180 Patrum
3297 2137 3597 2178 consonans
3631 2117 3740 2172 huic
3762 2115 3839 2168 do-

2287 2223 2479 2276 ctrina:
2526 2221 2818 2276 tradidisse
2848 2220 3115 2287 noscitur,
3162 2219 3306 2273 sicut
3366 2211 3673 2270 sanctissimi
3719 2223 3842 2280 papae

2287 2314 2508 2383 Leonis,
2538 2315 2670 2384 quia
2698 2313 3070 2384 apostolicum
3099 2312 3384 2383 gubernat
3405 2309 3652 2362 thronum
3674 2303 3731 2356 ad
3744 2317 3840 2354 san-

2286 2413 2388 2462 ctae
2415 2407 2704 2462 memorim
2750 2407 3074 2460 Flavianum
3116 2405 3292 2475 regite
3335 2402 3484 2456 urbis
3517 2393 3842 2456 Constantino-

2287 2502 2553 2572 politanae
2583 2499 2871 2571 quondam
2899 2499 3228 2570 episcopum
3257 2501 3530 2553 testantur
3545 2493 3747 2555 litteris;
3767 2500 3844 2538 nos

2287 2596 2440 2648 enim
2456 2595 2523 2648 ad
2541 2593 3001 2648 conﬁrmandam
3015 2592 3210 2657 ﬁdem,
3226 2608 3338 2646 non
3358 2589 3429 2643 ad
3441 2583 3757 2642 condendam
3770 2578 3846 2630 Vir-

2287 2692 2463 2742 tutem
2509 2689 2773 2759 exemplo
2803 2687 3166 2757 imperatoris
3203 2681 3548 2740 Constantini
3589 2679 3755 2732 adesse
3785 2686 3845 2739 sy-

2285 2782 2432 2835 nodo
2457 2780 2912 2852 excogitavimus,
2955 2795 3027 2832 ne
3057 2779 3117 2832 in
3146 2783 3440 2849 posterum
3469 2768 3740 2828 multitudo
3770 2779 3844 2834 p0-

2285 2875 2402 2945 puli
2432 2873 2883 2928 institutionibus
2899 2872 3084 2943 pravis
3106 2875 3350 2925 attracta
3372 2866 3671 2924 inveniatur
3685 2860 3850 2915 dissen-

2285 2967 2450 3035 tiens,
2479 2966 2643 3022 facile
2660 2967 2813 3046 enim
2833 2965 3164 3036 simplicitas
3182 2961 3558 3035 quorumdam
3580 2950 3852 3012 commentis

2285 3077 2382 3116 seu
2412 3061 2581 3114 locuti
2615 3044 2809 3114 sumus
2838 3075 3015 3130 usque
3063 3075 3214 3112 nunc
3268 3059 3460 3113 delusa
3497 3056 3592 3117 est,
3632 3044 3850 3120 quoniam

2283 3154 2586 3209 manifeste
2629 3154 2982 3208 diversorum
3013 3152 3198 3222 pravis
3234 3149 3507 3206 doctrinis
3537 3140 3789 3201 discordiae
3812 3140 3851 3188 et

2282 3247 2526 3302 haereses
2554 3250 2791 3302 ostensae
2822 3252 2971 3301 sunt.

2355 3340 2481 3412 '72
2520 3340 2690 3395 Nobis
2717 3343 2908 3394 autem
2926 3356 3093 3394 omne
3119 3339 3373 3394 studium
3394 3329 3752 3390 adhibendum
3775 3324 3850 3382 est.

2280 3439 2344 3488 nt
2385 3434 2662 3505 POPUIUHI
2695 3436 2928 3504 propter
2965 3431 3154 3487 veram
3183 3436 3547 3499 sanctamque
3573 3418 3851 3478 doctrinam

2283 3527 2528 3599 idipsum
2561 3527 2898 3582 sentientem
2918 3527 3015 3581 uni
3046 3529 3214 3581 rectas
3244 3525 3528 3596 applicare
3552 3513 3791 3576 Ecclesiae,
3815 3508 3855 3559 et

2281 3621 2410 3676 ideo
2434 3638 2627 3676 veram
2648 3621 2820 3674 ﬁdem
2842 3620 3295 3690 catholicamque
3322 3617 3492 3672 etiam
3519 3620 3772 3683 exponere
3790 3616 3852 3653 se~

2281 3715 2530 3768 cundum
2563 3716 2792 3768 Patrum
2821 3713 3138 3767 doctrinam
3165 3754 3178 3776 ,
3215 3706 3672 3766 concordantibus
3697 3693 3855 3753 animis

2282 3807 2500 3874 vestris,
2540 3811 2726 3861 vestra
2765 3811 3031 3877 properet
3072 3805 3410 3869 reverentia,
3467 3805 3530 3855 ut
3569 3793 3775 3868 qualiter
3813 3786 3854 3838 in

2282 3901 2510 3954 Nicazna
2540 3901 2752 3970 synodo
2779 3916 2958 3970 usque
2998 3899 3054 3953 in
3082 3900 3186 3953 hoc
3223 3903 3504 3969 tempore,
3547 3889 3760 3946 abscisso
3787 3895 3855 3933 er-

2282 4009 2433 4060 rore,
2460 4009 2590 4046 vera
2620 3993 2758 4047 ﬁdes
2784 3997 2870 4047 est
2912 3992 3238 4046 hominibus
3277 3990 3521 4062 cognita,
3554 3985 3626 4038 sic
3661 3984 3710 4034 et
3741 3986 3854 4029 nunc

2281 4102 2384 4156 per
2406 4086 2549 4139 hanc
2575 4091 2821 4140 sanctam
2849 4086 3126 4156 synodum
3165 4085 3422 4156 deposita
3461 4077 3654 4136 nebula
3690 4085 3793 4142 quae
3815 4064 3857 4118 in

2281 4179 2362 4232 eis
2392 4177 2585 4250 paucis
2613 4179 2795 4244 annis,
2842 4185 2907 4232 ut
2949 4178 3208 4250 superius
3250 4179 3514 4240 diximus,
3543 4189 3608 4225 ex
3635 4163 3855 4239 pravitate

2283 4276 2339 4326 et
2367 4272 2601 4326 avaritia
2623 4273 3005 4342 quorumdam
3048 4273 3165 4326 visa
3189 4278 3274 4326 est
3297 4269 3524 4333 exoriri,
3553 4275 3754 4332 semper
3775 4267 3860 4308 ser-

2281 4369 2484 4420 ventur
2509 4382 2636 4437 quas
2663 4369 2871 4420 statuta
2899 4371 3047 4419 sunt.
3076 4366 3195 4419 Erit
3219 4365 3459 4436 quidem
3497 4359 3690 4415 divina:
3715 4344 3857 4422 ρῐόνί·

2282 4459 2490 4514 dentice
2517 4459 2667 4530 quod
2693 4459 2782 4529 pie
2808 4459 2931 4512 ﬁeri
2954 4460 3214 4513 volumus
3243 4459 3300 4512 in
3334 4456 3539 4512 saecula
3564 4455 3662 4507 hoc
3687 4454 3862 4501 conser-

2282 4570 2408 4607 vare
2439 4553 2779 4606 ﬁrmissimc.
2827 4555 2892 4606 Et
2934 4557 3060 4623 post
3109 4552 3263 4622 regis
3319 4552 3440 4606 hate
3488 4547 3664 4609 verba,
3703 4546 3860 4594 omnes

2281 4646 2529 4716 episcopi
2560 4647 2964 4700 clamaverunt.
3005 4647 3270 4699 Martiano
3307 4661 3459 4700 novo
3504 4631 3859 4697 Constantino:

2278 4739 2434 4793 Multi
2459 4739 2594 4792 anni
2625 4739 2768 4809 regi,
2797 4739 2948 4793 Multi
2971 4740 3105 4793 anni
3134 4740 3373 4809 reginae.
3399 4730 3718 4792 Orthodoxis
3737 4717 3861 4778 mulli

2279 4833 2434 4888 anni.
2481 4833 2734 4888 Martiaui
2769 4833 3035 4887 amatoris
3079 4833 3282 4887 Christi
3327 4846 3572 4901 regnum
3606 4827 3658 4879 iu
3705 4813 3862 4875 Siren]a

2277 4933 2631 4998 permaneat,
2663 4926 2823 4997 digui
2855 4927 3182 4980 orthodoxa).
3212 4926 3346 4980 ﬁdei
3383 4920 3652 4978 amatoris
3674 4906 3859 4968 Christi.

2279 5020 2362 5074 Sit
2387 5037 2419 5073 a
2444 5020 2607 5075 nobis
2637 5021 2830 5090 procul
2866 5020 3092 5074 invidia.
3122 5021 3188 5073 Et
3211 5025 3337 5089 post
3373 5019 3495 5072 hinc
3523 5015 3687 5075 Etius,
3713 5001 3860 5062 archi-

2227 5143 2229 5146 ‹
2277 5113 2546 5168 diaconus
2572 5113 3209 5184 Constantinopolitanae
3237 5129 3399 5167 novre
3419 5113 3607 5165 Romae
3632 5109 3682 5160 et
3707 5093 3865 5173 primi-

2277 5209 2458 5262 cerius
2485 5208 2840 5262 notariorum
2862 5207 3003 5262 dixit
3029 5224 3042 5261 :
3073 5209 3219 5262 Nutu
3252 5222 3518 5278 supernae
3549 5189 3863 5274 gratiae,zelo

2272 5302 2460 5356 divino
2475 5301 2795 5356 serenitatis
2816 5308 3029 5371 vestrm,
3052 5301 3312 5373 piissimi,
3337 5299 3546 5370 quibus
3561 5314 3592 5349 a
3608 5296 3712 5347 Deo
3727 5295 3863 5340 οῐηηθ

2270 5411 2518 5466 regnum
2557 5411 2884 5450 concessum
2919 5401 3020 5463 est,
3057 5396 3454 5467 imperatores,
3487 5392 3629 5445 circa
3667 5377 3866 5438 sanctio-

2270 5505 2404 5544 nem
2448 5494 2728 5554 vestram,
2781 5495 3131 5561 congregata
3170 5490 3289 5543 haec
3343 5490 3542 5541 sancta
3597 5487 3650 5535 et
3689 5483 3864 5541 πιδεοε

532 5590 602 5629 ex
641 5577 878 5630 avaritia
923 5576 1012 5628 vel
1063 5591 1207 5630 vano
1248 5577 1432 5631 studio
1476 5577 1534 5631 hi
1580 5577 1676 5648 qui
1719 5579 2169 5649 praecedentibus
2267 5583 2440 5637 totius
2466 5583 2665 5637 mundi
2695 5583 2962 5655 synodus,
2990 5583 3133 5638 sicut
3157 5600 3285 5638 cum
3314 5581 3568 5654 plurima
3593 5573 3865 5630 multorum

525 5668 880 5736 temporibus
904 5669 1127 5725 diversa
1156 5673 1486 5742 sapuerunt,
1521 5673 1579 5723 et
1609 5670 1929 5726 docuerunt
1957 5675 2165 5744 populo

2266 5677 2490 5731 dierum
2519 5676 2826 5745 vocatione,
2863 5681 2921 5731 et
2953 5677 3145 5731 divina
3191 5675 3495 5749 diligentia
3523 5681 3740 5727 omnem
3765 5655 3867 5732 qui-

523 5761 692 5823 prout
730 5758 809 5812 eis
838 5762 1068 5829 placuit,
1117 5778 1230 5817 non
1272 5765 1440 5832 prout
1474 5763 1751 5826 convenit,
1801 5781 1984 5837 neque
2013 5767 2163 5838 quod
2265 5769 2396 5824 dem
2426 5769 2484 5823 in
2512 5769 2800 5840 praeterito
2825 5770 3114 5842 quomodo
3143 5776 3343 5827 exorta
3363 5772 3448 5821 est
3480 5767 3668 5820 contra
3692 5757 3870 5814 rectam
