4026 6166
197 301 284 352 305

1383 289 1856 346 DECRETALIUM
1893 291 2280 350 COLLECTIO.

3407 303 3507 355 306

195 409 243 457 et
266 361 623 456 inviolabilem
648 395 980 453 catholicam
1006 397 1262 451 nostram
1289 395 1464 451 ﬁdem
1482 397 1657 452 verbo
1683 415 1778 452 ve-
1804 403 2235 485 Asubstantiae,
2287 419 2392 474 per
2440 419 2614 475 quem
2662 401 2852 458 omnia
2899 404 3043 460 facta
3090 407 3222 460 sunt
3269 422 3395 478 quae
3447 410 3508 463 in

194 495 353 551 ritatis
377 492 699 548 discordiam
727 491 1019 562 eﬂ'ugavit,
1045 505 1278 544 omnem
1303 489 1588 562 abigendo
1615 491 1778 546 inno-

191 588 468 652 vationem,
498 585 638 640 sicut
676 585 736 639 in
777 584 996 654 scriptis
1036 599 1139 655 per
1183 584 1389 638 szecula
1428 600 1556 654 qua:
1588 585 1780 639 subse-

192 686 416 753 quuntur
438 683 559 734 acta
589 679 999 733 demonstrant.
1034 678 1364 733 Terminum
1401 694 1532 732 vero
1575 677 1787 749 simpli-

192 790 295 828 cem
321 771 506 826 statuit
545 771 861 825 divinarum
906 770 1330 842 Scripturarum
1354 771 1560 826 virtute
1592 771 1780 824 muni-

193 871 314 930 tum,
335 871 388 920 et
411 869 732 919 sanctorum
761 880 825 919 ac
850 864 1310 920 beatissimorum
1332 865 1392 918 in
1415 865 1536 935 ipso
1555 879 1782 918 conser-

192 963 264 1012 vat
312 958 666 1026 sententiam,
689 957 761 1011 ad
782 973 972 1011 veram
993 957 1229 1028 quidem
1251 957 1548 1012 scientiam
1570 956 1785 1011 sincere

190 1051 492 1122 legentium,
516 1055 571 1106 et
593 1051 666 1105 ad
692 1052 1012 1120 longaevam
1038 1067 1304 1105 coronam
1335 1050 1505 1105 vestri
1538 1049 1782 1120 imperii.

191 1147 244 1198 Et
272 1145 443 1198 habeo
489 1145 678 1214 ipsum
708 1160 825 1214 prce
854 1143 1138 1212 manibus,
1181 1149 1239 1197 et
1286 1144 1337 1197 si
1370 1143 1595 1197 videtur
1621 1142 1788 1196 nutui

189 1242 359 1290 vestrae
387 1236 704 1290 serenitatis
747 1236 1059 1306 perlegam.
1096 1235 1382 1289 Piissimus
1425 1239 1482 1288 et
1528 1234 1786 1292 fidelissi-

189 1346 295 1383 mus
328 1329 640 1399 imperator
671 1329 851 1383 dixit:
884 1330 1136 1398 Perlege.
1169 1328 1324 1382 Etius
1359 1327 1789 1381 archidiaconus

189 1422 438 1492 perlegit:
475 1423 680 1476 Sancta
720 1428 776 1476 et
811 1439 1018 1492 magna
1056 1425 1113 1475 et
1145 1420 1482 1474 venerabilis
1521 1419 1786 1491 synodus,

191 1538 294 1590 quae
317 1520 626 1574 secundum
655 1521 901 1590 gratiam
923 1519 1021 1573 Dei
1049 1537 1113 1574 ex
1146 1519 1374 1573 decreto
1405 1519 1789 1589 piissimorum

190 1614 566 1684 imperatorum
603 1613 981 1667 Valentiniani
1029 1618 1086 1666 et
1129 1612 1383 1666 Martiani
1419 1615 1790 1682 augustorum

187 1713 502 1777 congregata
535 1710 624 1760 est
653 1707 710 1759 in
740 1706 1187 1760 Chalcedonensi
1226 1705 1445 1759 civitate
1484 1704 1791 1774 metropoli

1882 497 2019 551 ctelo
2058 500 2115 550 et
2146 512 2272 568 quae
2313 495 2369 550 in
2416 500 2588 564 terra,
2625 498 2724 568 qui
2774 501 3008 570 propter
3044 515 3144 553 nos
3184 503 3239 554 et
3273 505 3510 572 propter

1882 594 2140 644 nostram
2170 591 2414 644 salutem
2444 590 2752 657 descendit,
2776 593 2831 645 et
2854 592 3178 647 incarnatus
3202 598 3304 649 est.
3327 596 3509 650 Homo

1886 680 2064 734 factus
2091 695 2286 750 passus
2313 681 2416 746 est,
2442 683 2500 733 et
2527 680 2832 734 resurrexit
2861 681 3024 734 tertia
3043 682 3152 749 die,
3179 685 3237 736 et
3260 683 3513 739 ascendit

1884 773 1939 827 in
1974 773 2160 836 caelos,
2189 772 2322 826 inde
2361 775 2631 825 venturus
2672 776 2757 826 est
2792 772 3050 842 judicare
3087 774 3241 829 vivos
3282 780 3338 830 et
3365 792 3513 831 mor-

1887 870 2032 921 tuos.
2057 868 2123 921 Et
2141 865 2200 920 in
2217 865 2492 936 Spiritum
2515 870 2800 920 sanctum.
2819 866 2927 919 Eos
2945 870 3135 920 autem
3159 869 3258 938 qui
3274 870 3471 925 dicunt
3493 887 3506 923 :

1885 961 2021 1014 Erat
2048 959 2276 1031 quando
2307 975 2423 1013 non
2449 963 2586 1025 erat,
2621 963 2678 1012 et
2701 961 3012 1029 antequam
3037 965 3368 1017 nasceretur
3393 980 3512 1018 non

1887 1056 2028 1119 erat,
2069 1056 2126 1106 et
2164 1053 2296 1123 quia
2337 1069 2400 1106 ex
2445 1052 2614 1106 nullis
2652 1051 3019 1106 existentibus
3067 1054 3246 1108 factus
3286 1061 3386 1121 est,
3414 1062 3510 1112 aut

1888 1162 1956 1199 ex
2002 1146 2112 1199 alia
2157 1146 2517 1203 subsistentia
2557 1145 2647 1199 vel
2697 1145 3009 1200 substantia
3034 1146 3228 1201 dicunt
3251 1163 3387 1215 esse,
3416 1152 3515 1204 aut

1888 1239 2314 1292 convertibilem
2335 1239 2538 1292 Filium
2565 1237 2682 1304 Dei,
2702 1239 3138 1294 anathematizat
3161 1241 3436 1296 catholica
3459 1247 3515 1296 et

1888 1331 2195 1402 apostolica
2222 1331 2480 1396 Ecclesia,
2504 1334 2560 1385 et
2579 1331 2827 1400 idipsum
2843 1334 3073 1386 centum
3102 1333 3518 1404 quinquaginta

1890 1426 2121 1478 Patrum
2162 1425 2501 1495 symbolum.
2548 1425 2845 1480 Credimus
2888 1425 2947 1479 in
2996 1443 3175 1481 unum
3202 1427 3381 1481 Deum
3409 1429 3512 1481 Pa-

1889 1524 2059 1582 trem,
2088 1518 2558 1588 omnipotentem,
2595 1519 2864 1573 factorem
2897 1519 3019 1574 coeli
3061 1523 3118 1574 et
3164 1525 3349 1587 terrae,
3380 1519 3514 1574 visi-

1889 1612 2088 1666 bilium
2117 1616 2174 1664 et
2199 1611 2565 1665 invisibilium
2611 1613 2986 1667 conditorem.
3015 1615 3082 1668 Et
3112 1613 3170 1666 in
3202 1630 3381 1667 unum
3409 1615 3512 1668 Do-

1891 1704 2113 1758 minum
2135 1707 2327 1759 Jesum
2357 1705 2645 1760 Christum
2678 1706 2880 1758 Filium
2907 1706 3428 1777 Dei,unigenitum,
3446 1723 3517 1763 ex

189 1801 459 1871 provinciae
488 1799 768 1870 Bithyniae
797 1799 854 1853 in
887 1799 1116 1853 basilica
1150 1803 1342 1852 sancta
1373 1815 1437 1851 ac
1462 1797 1789 1867 triumpha-
1811 1780 1866 1849 Β
1891 1801 2051 1852 Patre
2102 1802 2303 1852 natum
2347 1804 2478 1852 ante
2526 1799 2720 1852 omnia
2767 1800 2989 1867 saecula,
3038 1801 3220 1854 Deum
3264 1801 3332 1855 de
3377 1802 3514 1869 Deo,

185 1893 313 1947 tricis
349 1893 615 1962 martyris
645 1892 976 1962 Euphemite
1015 1891 1209 1946 statuit
1248 1907 1374 1961 quae
1404 1890 1597 1944 subter
1626 1905 1788 1944 com-

187 1986 430 2055 prehensa
456 1989 614 2040 sunt.

243 2080 493 2133 Dominus
546 2083 603 2132 et
646 2078 894 2132 salvator
932 2081 1126 2131 noster
1161 2080 1322 2132 Jesus
1352 2077 1625 2141 Christus,
1660 2076 1792 2130 fidei

187 2172 442 2241 agnitione
472 2172 741 2243 proprios
770 2170 1112 2225 conﬁrmans
1137 2171 1460 2240 discipulos,
1481 2171 1560 2222 ait
1590 2185 1602 2222 :
1639 2190 1665 2216 ‹‹
1687 2171 1791 2223 Pa-

183 2282 286 2319 cem
325 2282 510 2320 meam
551 2265 622 2320 do
650 2265 828 2329 vobis,
865 2281 1061 2334 pacem
1109 2280 1294 2318 meam
1339 2264 1597 2333 relinquo
1636 2261 1794 2316 vobis

187 2361 329 2422 (Joan.
357 2375 462 2424 xxv,
493 2358 612 2427 27),
645 2377 672 2407 n
717 2363 782 2410 ut
819 2357 978 2410 nulla
1016 2357 1150 2410 fidei
1190 2355 1458 2409 dissensio
1499 2356 1558 2408 in
1602 2354 1791 2424 proxi-

182 2468 286 2505 mos
309 2452 548 2516 oriatur,
579 2450 678 2504 sed
707 2467 774 2504 ex
795 2465 960 2520 aequo
981 2449 1234 2503 veritatis
1257 2448 1590 2518 praedicatio
1611 2451 1794 2501 osten-

183 2544 337 2598 datur.
362 2545 471 2598 Sed
493 2544 634 2614 quia
649 2560 762 2598 non
786 2543 994 2596 desinit
1016 2543 1302 2612 malignus
1328 2542 1386 2594 in
1413 2541 1548 2611 ipsis
1569 2541 1794 2610 pietatis

181 2637 461 2692 seminibus
489 2637 711 2691 zizania
752 2652 853 2690 sua
897 2637 1168 2702 inserere,
1199 2640 1255 2689 et
1283 2635 1415 2689 novi
1450 2633 1664 2704 aliquid
1691 2633 1790 2686 ad-

181 2747 348 2784 versus
363 2733 663 2787 veritatem
687 2746 919 2800 semper
931 2729 1273 2800 excogitare,
1293 2728 1501 2783 idcirco
1520 2727 1794 2781 Dominus

182 2829 348 2878 noster
373 2826 638 2880 humano
665 2823 866 2894 generi
885 2823 1046 2877 solito
1070 2823 1307 2893 cupiens
1327 2821 1644 2893 providere,
1663 2821 1797 2891 piis-

181 2919 362 2972 simum
393 2920 555 2973 hunc
583 2923 640 2972 et
669 2917 1059 2971 fidelissimum
1085 2916 1490 2986 imperatorem
1519 2915 1699 2969 erexit
1725 2914 1795 2968 ad

181 3012 358 3074 zelum,
401 3013 505 3084 qui
553 3011 805 3082 undique
856 3011 1215 3064 sacerdotum
1270 3009 1571 3080 pontiﬁces
1615 3008 1686 3062 ad
1740 3023 1796 3061 se

1888 1893 2083 1946 lumen
2115 1893 2184 1946 de
2215 1893 2450 1959 lumine,
2499 1893 2677 1946 Deum
2717 1909 2914 1946 verum
2957 1893 3027 1947 de
3079 1895 3189 1947 Deo
3233 1910 3378 1960 vero,
3421 1911 3518 1949 na-

1890 1985 2012 2035 tum
2049 1997 2167 2035 non
2210 1981 2446 2049 factum,
2477 1982 2779 2035 omousion
2808 1982 2982 2050 Patri,
3025 1982 3084 2035 id
3122 1987 3225 2049 est,
3256 1983 3515 2051 ejusdem

1893 2091 2024 2128 cum
2050 2076 2213 2129 Patre
2239 2074 2583 2142 substantia,
2616 2091 2720 2144 per
2752 2091 2927 2145 quem
2957 2075 3151 2129 omnia
3185 2075 3333 2128 facta
3361 2078 3513 2144 sunt,

1894 2168 1988 2238 qui
2031 2172 2266 2239 propter
2311 2185 2413 2222 nos
2458 2171 2515 2221 et
2559 2172 2793 2238 propter
2838 2173 3086 2222 nostram
3136 2169 3373 2222 salutem
3417 2169 3518 2222 de-

1894 2262 2144 2326 scendit;
2205 2267 2262 2316 et
2315 2261 2646 2316 incarnatus
2700 2267 2784 2316 est
2836 2262 2906 2314 de
2949 2262 3163 2331 Spiritu
3212 2266 3405 2316 sancto
3451 2277 3521 2317 ex

1892 2356 2059 2409 Maria
2088 2355 2331 2425 Virgine,
2362 2360 2418 2408 et
2446 2357 2617 2410 homo
2645 2345 2824 2409 factus
2852 2372 3050 2426 passus
3077 2358 3161 2409 est
3191 2355 3294 2408 sub
3321 2355 3520 2410 Pontio

1893 2449 2100 2512 Pilato;
2131 2449 2386 2518 sepultus
2415 2453 2520 2516 est,
2556 2449 2725 2502 tertia
2750 2449 2838 2504 die
2869 2448 3177 2503 resurrexit
3202 2466 3235 2502 a
3261 2448 3518 2514 mortuis,

1895 2541 2152 2596 ascendit
2195 2541 2254 2595 in
2299 2542 2482 2608 caalos,
2532 2542 2691 2596 sedet
2731 2541 2803 2594 ad
2850 2542 3141 2596 dexteram
3184 2541 3286 2595 Dei
3321 2542 3519 2608 Patris,

1894 2635 2105 2688 iterum
2149 2640 2418 2689 venturus
2455 2635 2715 2704 judicare
2765 2635 2917 2688 vivos
2960 2638 3016 2689 et
3049 2639 3324 2702 mortuos,
3357 2634 3520 2704 cujus

1893 2728 2054 2798 regni
2083 2745 2199 2782 non
2231 2728 2339 2781 erit
2358 2728 2506 2783 finis.
2540 2731 2604 2782 Et
2632 2729 2690 2783 in
2719 2729 2994 2799 Spiritum
3021 2733 3300 2796 sanctum,
3332 2727 3521 2782 Domi-

1894 2835 2035 2875 num
2078 2826 2134 2876 et
2175 2821 2575 2888 vivificantem,
2609 2838 2676 2876 ex
2717 2823 2882 2877 Patre
2932 2821 3359 2892 procedentem,
3391 2837 3524 2875 cum

1893 2917 2058 2970 Patre
2089 2918 2145 2968 et
2170 2915 2310 2969 Filio
2337 2915 2691 2969 adorandum
2719 2919 2776 2969 et
2803 2914 3266 2986 glorificandum,
3311 2914 3410 2984 qui
3439 2915 3521 2968 lo-

1895 3012 2059 3062 cutus
2081 3014 2164 3063 est
2187 3025 2291 3079 per
2314 3010 2642 3080 prophetas.
2663 3011 2845 3063 Unam
2875 3010 3209 3063 catholicam
3229 3013 3288 3062 et
3307 3013 3526 3080 aposto-

180 3108 480 3160 convocavit
538 3111 621 3169 ut,
676 3105 855 3174 gratia
898 3104 1126 3158 Domini
1172 3103 1355 3157 nostri
1406 3103 1536 3156 Jesu
1589 3099 1795 3156 Christi
1816 3143 1870 3217 Ο
1897 3102 2064 3156 licam
2092 3103 2413 3157 Ecclesium.
2445 3104 2793 3157 Confitemur
2826 3120 3003 3157 unum
3038 3102 3413 3173 baptisma,in
3441 3118 3526 3157 re-

187 3215 250 3217 __,
375 3216 378 3217 ,
445 3203 490 3217 1,
563 3214 774 3217 -_-_____
803 3215 852 3217 __
873 3196 1079 3217 -“JA_22
1109 3195 1478 3217 _._-A:l-_-.2_...
1513 3195 1574 3217 -L
1605 3195 1794 3217 ---ει---
1900 3195 2221 3217 __S_-Z-._x__
2276 3195 2520 3217 A.___!_-__
2570 3200 2922 3217 ____-_l.-..___._
2997 3197 3393 3217 D____.__L__._-_
3434 3212 3490 3217 ..Α

179 3203 530 3270 c00perante,
553 3214 782 3252 omnem
803 3196 1083 3252 mendacii
1108 3195 1484 3267 pestilentiam
1510 3195 1580 3249 ab
1599 3195 1797 3249 ovibus

179 3291 357 3345 Christi
388 3295 707 3359 removeat,
751 3307 960 3362 easque
991 3290 1243 3344 veritatis
1279 3288 1634 3359 germinibus
1663 3287 1793 3341 refi-

179 3384 287 3438 ciat.
313 3385 474 3448 Quod
526 3401 595 3438 ex
632 3384 925 3438 communi
963 3384 1191 3437 decreto
1236 3383 1566 3453 peregrinas
1593 3381 1798 3435 erroris

179 3478 387 3547 quidem
425 3483 614 3533 sectas
645 3477 996 3547 abjicientes,
1026 3482 1082 3530 et
1110 3478 1342 3531 Patrum
1373 3481 1584 3529 rectam
1624 3475 1797 3528 fidem

178 3578 496 3626 renovantes
542 3574 929 3624 trecentorum
961 3570 1158 3624 decem
1204 3573 1261 3621 et
1309 3575 1434 3622 octo
1477 3568 1797 3638 symbolum

181 3666 421 3719 omnibus
469 3665 870 3736 praedicantes.
904 3663 970 3717 Et
1013 3663 1166 3716 velut
1209 3662 1416 3715 horum
1460 3661 1797 3714 domesticos

178 3762 385 3813 centum
405 3757 834 3830 quinquaginta
846 3756 1117 3826 praesules
1135 3756 1234 3825 qui
1247 3753 1799 3823 Constantin0polim

180 3857 558 3906 convenerunt
589 3851 719 3904 huic
763 3849 1013 3919 piissimo
1055 3848 1222 3903 titulo
1271 3848 1623 3915 ascribimus,
1657 3864 1794 3917 quo-

181 3944 314 3998 niam
341 3950 398 3999 et
422 3945 541 4016 ipsi
561 3943 822 3997 eamdem
859 3943 1032 3997 fidem
1060 3942 1560 4012 subsignaverunt.
1590 3940 1794 3995 Statui-

183 4053 290 4091 mus
313 4039 494 4108 igitur
531 4038 810 4106 ordinem,
842 4042 898 4090 et
924 4052 1124 4090 omnes
1155 4035 1288 4088 fidei
1313 4035 1584 4088 formulas
1610 4039 1791 4088 custo-r

181 4129 376 4186 dientes
403 4133 586 4187 etiam
614 4134 871 4185 sanctam
895 4129 1179 4199 synodum
1208 4128 1411 4198 Ephesi
1440 4128 1666 4195 factam,
1701 4143 1795 4180 cu-

175 4223 254 4290 jus
265 4228 533 4279 auctores
548 4225 782 4278 fuerunt
796 4222 1133 4276 venerabilis
1154 4221 1447 4274 memoria:
1468 4220 1798 4276 Coelestinus

181 4315 434 4373 Romanae
493 4316 655 4370 urbis
699 4321 756 4370 et
799 4315 1040 4385 Cyrillus
1091 4314 1484 4368 Alexandrinae
1539 4313 1799 4367 Ecclesia:

180 4413 505 4477 sacerdotes,
524 4415 584 4463 ut
605 4409 943 4480 praefulgeat
961 4408 1194 4480 quidem
1216 4412 1382 4461 rectae
1410 4411 1468 4462 et
1488 4406 1800 4476 inculpabi-

1900 3195 2228 3251 missionem
2269 3195 2526 3250 omnium
2570 3200 2950 3267 peccatorum.
2997 3197 3396 3266 Exspectamus
3432 3212 3523 3249 re-

1898 3289 2305 3343 surrectionem
2350 3293 2730 3356 mortuorum,
2776 3294 2833 3343 et
2874 3289 3045 3343 vitam
3087 3289 3265 3344 futuri
3313 3288 3522 3344 saeculi.

1898 3384 2096 3436 Amen.

1968 3475 2263 3530 Sufﬁceret
2305 3476 2534 3546 quidem
2565 3476 2637 3530 ad
2665 3476 3050 3546 plenissimam
3091 3476 3318 3546 pietatis
3358 3475 3523 3546 agni-

1897 3569 2136 3634 tionem,
2161 3572 2217 3621 et
2245 3569 2755 3636 confirmationem,
2786 3569 3176 3623 cautissimum
3197 3572 3254 3623 et
3277 3569 3522 3622 salutare

1900 3666 2102 3720 divinae.
2133 3666 2331 3736 gratia:
2363 3665 2716 3736 symbolum;
2738 3667 2806 3721 de
2837 3669 2998 3721 Patre
3022 3668 3174 3722 enim
3207 3673 3264 3722 et
3288 3668 3448 3735 Filio,
3469 3671 3526 3722 et

1899 3759 2114 3830 Spiritu
2145 3764 2340 3812 sancto
2382 3759 2694 3813 doctrinam
2740 3761 3054 3829 perfectam
3093 3761 3311 3826 edocet,
3341 3765 3399 3814 et
3434 3761 3522 3814 in-

1898 3853 2286 3907 carnationem
2306 3851 2657 3905 Dominicam
2676 3852 2918 3906 fideliter
2943 3853 3380 3924 suscipientibus
3405 3869 3526 3914 ma-

1897 3946 2149 3999 nifestat.
2185 3945 2296 3999 Sed
2322 3945 2592 4015 quoniam
2620 3945 2698 4013 hi,
2722 3945 2819 4015 qui
2846 3945 3308 4016 praedicationem
3328 3945 3528 4000 verita-

1900 4039 1968 4092 tis
2004 4039 2296 4092 destruere
2343 4041 2637 4103 conantur,
2668 4039 2944 4109 quasdam
2972 4039 3220 4110 propriae
3248 4039 3527 4093 haereseos

1898 4132 2176 4186 novitates
2204 4131 2552 4202 parturiunt,
2586 4131 2816 4202 quidam
2862 4132 3015 4185 enim
3060 4131 3394 4202 mysterium
3424 4148 3527 4202 pro

1899 4225 2063 4279 nobis
2093 4229 2284 4279 actum
2319 4224 2522 4278 divinae
2555 4223 2992 4296 dispensationis
3024 4225 3241 4280 audent
3267 4242 3524 4280 corrum-

1901 4336 2054 4390 pere,
2081 4322 2138 4372 et
2165 4335 2359 4372 vocem
2387 4319 2546 4372 illam
2575 4318 2748 4372 divini
2779 4319 2956 4372 Patris
2984 4316 3192 4373 factam
3234 4320 3307 4373 ad
3342 4319 3526 4390 Virgi-

1899 4428 2032 4466 nem
2050 4412 2358 4483 denegant.
2375 4412 2479 4466 Alii
2492 4417 3008 4482 temperamentum
3025 4412 3529 4484 confusionemque

178 4500 234 4555 lis
263 4503 392 4558 fidei
439 4503 724 4575 expositio
765 4506 1152 4556 trecentorum
1184 4501 1385 4555 decem
1424 4505 1480 4554 et
1506 4505 1630 4554 octo
1667 4517 1796 4553 san-
1818 4510 1878 4581 D
1901 4505 2251 4568 inducentes,
2281 4508 2336 4558 et
2361 4521 2538 4558 unam
2568 4521 2688 4559 esse
2721 4511 2980 4559 naturam
3007 4505 3190 4559 carnis
3217 4509 3275 4558 et
3305 4505 3531 4559 deitatis

179 4599 380 4651 ciorum
410 4600 649 4651 Patrum
695 4596 791 4667 qui
832 4596 894 4649 in
938 4595 1140 4661 Nicaea,
1173 4595 1275 4648 sub
1300 4593 1666 4648 Constantino
1692 4595 1799 4664 piae

180 4691 463 4745 memoriae
499 4690 867 4760 imperatore,
900 4693 1309 4753 convenerunt,
1342 4687 1702 4741 contineatur
1745 4689 1802 4739 et

182 4787 393 4837 centum
441 4783 863 4855 quinquaginta
911 4787 1241 4835 sanctorum
1286 4783 1517 4835 Patrum
1556 4781 1615 4834 in
1659 4780 1801 4835 urbe

180 4874 797 4947 Constantinopolitana
809 4875 1102 4929 decretum
1120 4875 1189 4928 ad
1206 4874 1664 4945 peremptionem
1681 4873 1802 4944 qui-

181 4967 298 5022 dem
343 4978 630 5024 sectarum
669 4975 804 5024 tunc
844 4968 1268 5038 pullulantium,
1303 4967 1800 5021 confirmationem

179 5075 299 5116 vero
323 5063 504 5134 ipsius
531 5063 820 5117 catholica:
846 5065 1016 5131 atque
1053 5060 1376 5131 apostolicae
1406 5063 1616 5114 nostra;
1646 5060 1798 5114 fidei.

578 5212 886 5280 Symbolum
917 5212 1126 5268 Νέϐιετηὶ
1151 5210 1383 5264 concilii.

238 5344 528 5400 Credimus
555 5346 614 5400 in
640 5361 821 5399 unum
841 5345 1042 5413 Deum,
1061 5345 1286 5397 Patrem
1316 5342 1798 5413 omnipotentem,

177 5438 429 5493 omnium
453 5439 755 5494 visibilium
782 5442 840 5492 et
863 5437 1232 5492 invisibilium
1257 5436 1633 5490 conditorem.
1659 5437 1726 5489 Et
1743 5435 1800 5489 in

178 5545 346 5585 unum
393 5533 703 5587 Dominum
749 5534 940 5587 Jesum
977 5527 1263 5586 Christum
1311 5529 1514 5583 Filium
1557 5529 1678 5595 Dei,
1733 5529 1802 5584 de

173 5622 328 5679 Patre
374 5631 596 5695 natum,
639 5625 1022 5696 unigenitum,
1066 5624 1175 5678 hoc
1225 5627 1310 5678 est
1362 5623 1430 5677 de
1487 5622 1803 5677 substantia

174 5715 367 5786 Patris,
405 5719 584 5776 Deum
623 5736 824 5775 verum
866 5720 935 5774 de
975 5719 1088 5772 Deo
1126 5733 1279 5782 vero,
1324 5719 1520 5771 natum
1560 5732 1674 5771 non
1717 5715 1800 5770 fa-

176 5812 342 5880 ctum,
375 5814 678 5871 omousion
723 5813 894 5880 Patri,
923 5813 1031 5868 hoc
1074 5816 1157 5868 est
1199 5811 1452 5881 ejusdem
1482 5827 1611 5866 cum
1641 5811 1800 5866 Patre

1901 4599 2186 4652 insensate
2229 4601 2660 4669 componentes,
2700 4598 3020 4668 passibilem
3065 4597 3355 4669 Unigeniti
3385 4598 3530 4651 divi-

1901 4708 2034 4746 nam
2063 4696 2327 4744 naturam
2367 4692 2464 4744 tali
2507 4691 2834 4745 confusione
2861 4691 3184 4760 prodigiose
3214 4691 3526 4762 divulgant.

1904 4785 2112 4839 Idcirco
2144 4801 2379 4838 omnem
2407 4785 2674 4838 adversus
2699 4783 2995 4838 veritatem
3028 4786 3428 4855 opponendam
3459 4786 3529 4840 ab

1901 4878 2037 4948 ipsis
2083 4878 2562 4932 machinationem
2610 4878 2806 4931 volens
2855 4877 3188 4945 excludere,
3234 4883 3425 4933 sancta
3475 4883 3534 4934 et

1904 4987 2116 5040 magna
2140 4970 2470 5024 universalis
2496 4970 2742 5040 synodus
2769 4970 2914 5024 hanc
2942 4971 3402 5041 praedicationem
3431 4972 3534 5026 im-

1901 5063 2168 5119 mobilem
2203 5064 2412 5118 docens
2450 5062 2666 5131 statuit,
2705 5063 2994 5134 praecipue
3026 5068 3412 5119 trecentorum
3439 5065 3534 5120 de-

1904 5173 2025 5211 cem
2056 5162 2111 5211 et
2149 5162 2273 5211 octo
2311 5162 2636 5211 sanctorum
2663 5159 2896 5211 Patrum
2927 5157 3098 5212 ﬁdem
3124 5157 3532 5213 incontamina-

1904 5254 2021 5304 tam
2049 5268 2303 5305 manere.
2351 5253 2416 5306 Et
2457 5255 2693 5321 propter
2717 5267 2814 5305 eos
2840 5249 2937 5321 qui
2964 5251 3197 5322 Spiritui
3224 5255 3413 5305 sancto
3439 5251 3532 5304 ad-

1902 5350 2218 5412 versantur,
2251 5349 2480 5399 centum
2509 5344 2924 5416 quinquaginta
2949 5346 3180 5398 Patrum
3220 5345 3386 5414 paulo
3428 5358 3526 5412 po-

1903 5438 2133 5491 steriore
2160 5441 2423 5508 tempore
2467 5438 2526 5490 in
2573 5439 2710 5492 urbe
2743 5437 3370 5506 Constantinopolitana
3400 5450 3533 5488 con-

1903 5531 2258 5586 venientium
2305 5531 2375 5585 de
2423 5531 2733 5586 substantia
2773 5531 3016 5601 Spiritus
3046 5529 3222 5582 sancti
3263 5526 3531 5581 traditam

1905 5624 2221 5678 doctrinam
2273 5625 2638 5686 corroborat,
2690 5639 2860 5695 quam
2911 5621 3087 5676 etiam
3142 5621 3222 5674 illi
3266 5619 3533 5674 omnibus

1905 5717 2362 5786 insinuaverunt,
2393 5735 2508 5773 non
2533 5717 2687 5789 quod
2733 5716 2790 5770 in
2835 5713 3292 5786 prazcedentibus
3317 5712 3531 5786 aliquid

1905 5810 2126 5866 deesset
2166 5811 2518 5884 adjicientes,
2565 5811 2664 5864 sed
2708 5810 2777 5862 de
2826 5807 3036 5878 Spiritu
3083 5807 3416 5864 eorumdem
3449 5807 3530 5862 in-
