  <div class='ocr_page' id='page_1' title='image "/cluster/home/n/w/nwhite01/storage/ocr_20150623/130/hvd.32044054759915/183.png"; bbox 0 0 3964 6178; ppageno 0'>
   <div class='ocr_carea' id='block_1_1' title="bbox 466 242 637 316">
    <p class='ocr_par' dir='ltr' id='par_1_1' title="bbox 466 242 637 316">
     <span class='ocr_line' id='line_1_1' title="bbox 466 242 637 316; baseline -0.006 -1"><span class='ocrx_word' id='word_1_1' title='bbox 466 262 566 316; x_wconf 79' lang='lat'><strong>307</strong></span> <span class='ocrx_word' id='word_1_2' title='bbox 620 242 637 251; x_wconf 86' lang='grc'><strong>’</strong></span> 
     </span>
    </p>
   </div>
   <div class='ocr_carea' id='block_1_2' title="bbox 1364 256 2108 316">
    <p class='ocr_par' dir='ltr' id='par_1_2' title="bbox 1364 260 2098 313">
     <span class='ocr_line' id='line_1_2' title="bbox 1364 260 2098 313; baseline -0.001 -2"><span class='ocrx_word' id='word_1_3' title='bbox 1364 260 1642 313; x_wconf 63' lang='grc' dir='ltr'><strong>ᾹΙΨΙὶΝΙ).</strong></span> <span class='ocrx_word' id='word_1_4' title='bbox 1686 261 1770 312; x_wconf 66' lang='lat' dir='ltr'><strong>Al)</strong></span> <span class='ocrx_word' id='word_1_5' title='bbox 1810 261 1969 311; x_wconf 55' lang='lat' dir='ltr'><strong>Sili}.</strong></span> <span class='ocrx_word' id='word_1_6' title='bbox 2017 260 2098 311; x_wconf 74' lang='lat' dir='ltr'><strong>IX.</strong></span> 
     </span>
    </p>
   </div>
   <div class='ocr_carea' id='block_1_3' title="bbox 2225 256 3797 316">
    <p class='ocr_par' dir='ltr' id='par_1_3' title="bbox 2230 256 3797 316">
     <span class='ocr_line' id='line_1_3' title="bbox 2230 256 3797 316; baseline 0.001 -3"><span class='ocrx_word' id='word_1_7' title='bbox 2230 258 2473 313; x_wconf 75' lang='lat' dir='ltr'><strong>ISIDUIU</strong></span> <span class='ocrx_word' id='word_1_8' title='bbox 2515 256 2934 316; x_wconf 61' lang='lat' dir='ltr'><strong>MlitttlATmtlS</strong></span> <span class='ocrx_word' id='word_1_9' title='bbox 3162 266 3167 277; x_wconf 49' lang='grc' dir='ltr'>ί</span> <span class='ocrx_word' id='word_1_10' title='bbox 3715 269 3797 315; x_wconf 72' lang='lat' dir='ltr'><strong>zms</strong></span> 
     </span>
    </p>
   </div>
   <div class='ocr_carea' id='block_1_4' title="bbox 467 367 3799 451">
    <p class='ocr_par' dir='ltr' id='par_1_4' title="bbox 467 367 3799 451">
     <span class='ocr_line' id='line_1_4' title="bbox 467 367 3799 451; baseline 0.001 -28"><span class='ocrx_word' id='word_1_11' title='bbox 467 370 778 435; x_wconf 87' lang='lat' dir='ltr'><strong>telleclum,</strong></span> <span class='ocrx_word' id='word_1_12' title='bbox 813 367 1080 422; x_wconf 79' lang='lat' dir='ltr'><strong>adversus</strong></span> <span class='ocrx_word' id='word_1_13' title='bbox 1106 384 1197 420; x_wconf 87' lang='lat' dir='ltr'><strong>eos</strong></span> <span class='ocrx_word' id='word_1_14' title='bbox 1229 368 1326 437; x_wconf 90' lang='lat' dir='ltr'><strong>qui</strong></span> <span class='ocrx_word' id='word_1_15' title='bbox 1353 367 1583 421; x_wconf 86' lang='lat' dir='ltr'><strong>deitatis</strong></span> <span class='ocrx_word' id='word_1_16' title='bbox 1603 368 1724 438; x_wconf 79' lang='lat' dir='ltr'><strong>ejus</strong></span> <span class='ocrx_word' id='word_1_17' title='bbox 1753 368 2096 451; x_wconf 77' lang='lat' dir='ltr'><strong>dominatio-</strong></span> <span class='ocrx_word' id='word_1_18' title='bbox 2119 379 2180 450; x_wconf 76' lang='grc' dir='ltr'>Α</span> <span class='ocrx_word' id='word_1_19' title='bbox 2200 369 2445 438; x_wconf 85' lang='lat' dir='ltr'><strong>demque</strong></span> <span class='ocrx_word' id='word_1_20' title='bbox 2485 368 2665 422; x_wconf 87' lang='lat' dir='ltr'><strong>lilium</strong></span> <span class='ocrx_word' id='word_1_21' title='bbox 2696 369 2950 423; x_wconf 72' lang='lat' dir='ltr'><strong>Confiteri</strong></span> <span class='ocrx_word' id='word_1_22' title='bbox 2994 368 3293 423; x_wconf 87' lang='lat' dir='ltr'><strong>Dominum</strong></span> <span class='ocrx_word' id='word_1_23' title='bbox 3338 373 3597 424; x_wconf 88' lang='lat' dir='ltr'><strong>nostrum</strong></span> <span class='ocrx_word' id='word_1_24' title='bbox 3631 373 3799 427; x_wconf 83' lang='lat' dir='ltr'><strong>Jesum</strong></span> 
     </span>
    </p>
   </div>
   <div class='ocr_carea' id='block_1_5' title="bbox 466 460 2094 532">
    <p class='ocr_par' dir='ltr' id='par_1_5' title="bbox 466 460 2094 532">
     <span class='ocr_line' id='line_1_5' title="bbox 466 460 2094 532; baseline -0.001 -16"><span class='ocrx_word' id='word_1_25' title='bbox 466 478 600 516; x_wconf 90' lang='lat' dir='ltr'><strong>nem</strong></span> <span class='ocrx_word' id='word_1_26' title='bbox 631 461 894 516; x_wconf 87' lang='lat' dir='ltr'><strong>nituntur</strong></span> <span class='ocrx_word' id='word_1_27' title='bbox 925 460 1264 531; x_wconf 80' lang='lat' dir='ltr'><strong>demergere</strong></span> <span class='ocrx_word' id='word_1_28' title='bbox 1298 460 1723 532; x_wconf 88' lang='lat' dir='ltr'><strong>Scripturarum</strong></span> <span class='ocrx_word' id='word_1_29' title='bbox 1761 461 2094 517; x_wconf 83' lang='lat' dir='ltr'><strong>testimoniis</strong></span> 
     </span>
    </p>
   </div>
   <div class='ocr_carea' id='block_1_6' title="bbox 462 553 1154 626">
    <p class='ocr_par' dir='ltr' id='par_1_6' title="bbox 462 553 1154 626">
     <span class='ocr_line' id='line_1_6' title="bbox 462 553 1154 626; baseline 0.004 -21"><span class='ocrx_word' id='word_1_30' title='bbox 462 555 686 626; x_wconf 77' lang='lat' dir='ltr'><strong>plenius</strong></span> <span class='ocrx_word' id='word_1_31' title='bbox 711 553 1154 608; x_wconf 88' lang='lat' dir='ltr'><strong>manifestantes.</strong></span> 
     </span>
    </p>
   </div>
   <div class='ocr_carea' id='block_1_7' title="bbox 534 648 2094 719">
    <p class='ocr_par' dir='ltr' id='par_1_7' title="bbox 534 648 2094 719">
     <span class='ocr_line' id='line_1_7' title="bbox 534 648 2094 719; baseline 0.001 -17"><span class='ocrx_word' id='word_1_32' title='bbox 534 650 771 719; x_wconf 84' lang='lat' dir='ltr'><strong>PrOpter</strong></span> <span class='ocrx_word' id='word_1_33' title='bbox 812 663 910 701; x_wconf 90' lang='lat' dir='ltr'><strong>eos</strong></span> <span class='ocrx_word' id='word_1_34' title='bbox 953 663 1088 702; x_wconf 84' lang='lat' dir='ltr'><strong>sane</strong></span> <span class='ocrx_word' id='word_1_35' title='bbox 1139 648 1239 719; x_wconf 88' lang='lat' dir='ltr'><strong>qui</strong></span> <span class='ocrx_word' id='word_1_36' title='bbox 1284 648 1723 719; x_wconf 80' lang='lat' dir='ltr'><strong>dispensationis</strong></span> <span class='ocrx_word' id='word_1_37' title='bbox 1758 650 2094 719; x_wconf 80' lang='lat' dir='ltr'><strong>mysterium</strong></span> 
     </span>
    </p>
   </div>
   <div class='ocr_carea' id='block_1_8' title="bbox 464 741 2096 814">
    <p class='ocr_par' dir='ltr' id='par_1_8' title="bbox 464 741 2096 814">
     <span class='ocr_line' id='line_1_8' title="bbox 464 741 2096 814; baseline 0.002 -20"><span class='ocrx_word' id='word_1_38' title='bbox 464 745 684 795; x_wconf 81' lang='lat' dir='ltr'><strong>tentant</strong></span> <span class='ocrx_word' id='word_1_39' title='bbox 716 757 1110 812; x_wconf 85' lang='lat' dir='ltr'><strong>corrumpere,</strong></span> <span class='ocrx_word' id='word_1_40' title='bbox 1144 745 1201 795; x_wconf 92' lang='lat' dir='ltr'><strong>et</strong></span> <span class='ocrx_word' id='word_1_41' title='bbox 1243 758 1456 813; x_wconf 89' lang='lat' dir='ltr'><strong>purum</strong></span> <span class='ocrx_word' id='word_1_42' title='bbox 1498 741 1795 797; x_wconf 88' lang='lat' dir='ltr'><strong>hominem</strong></span> <span class='ocrx_word' id='word_1_43' title='bbox 1824 759 1964 813; x_wconf 90' lang='lat' dir='ltr'><strong>esse,</strong></span> <span class='ocrx_word' id='word_1_44' title='bbox 1998 745 2096 814; x_wconf 89' lang='lat' dir='ltr'><strong>qui</strong></span> 
     </span>
    </p>
   </div>
   <div class='ocr_carea' id='block_1_9' title="bbox 460 834 2098 907">
    <p class='ocr_par' dir='ltr' id='par_1_9' title="bbox 460 834 2098 907">
     <span class='ocr_line' id='line_1_9' title="bbox 460 834 2098 907; baseline 0.001 -18"><span class='ocrx_word' id='word_1_45' title='bbox 460 853 525 889; x_wconf 81' lang='lat' dir='ltr'><strong>ex</strong></span> <span class='ocrx_word' id='word_1_46' title='bbox 571 838 764 889; x_wconf 89' lang='lat' dir='ltr'><strong>sancta</strong></span> <span class='ocrx_word' id='word_1_47' title='bbox 817 834 988 889; x_wconf 88' lang='lat' dir='ltr'><strong>Maria</strong></span> <span class='ocrx_word' id='word_1_48' title='bbox 1036 834 1267 905; x_wconf 84' lang='lat' dir='ltr'><strong>Virgine</strong></span> <span class='ocrx_word' id='word_1_49' title='bbox 1323 838 1488 889; x_wconf 90' lang='lat' dir='ltr'><strong>natus</strong></span> <span class='ocrx_word' id='word_1_50' title='bbox 1546 840 1651 905; x_wconf 91' lang='lat' dir='ltr'><strong>est,</strong></span> <span class='ocrx_word' id='word_1_51' title='bbox 1706 836 2098 907; x_wconf 83' lang='lat' dir='ltr'><strong>imprudenter</strong></span> 
     </span>
    </p>
   </div>
   <div class='ocr_carea' id='block_1_10' title="bbox 463 928 2095 1001">
    <p class='ocr_par' dir='ltr' id='par_1_10' title="bbox 463 928 2095 1001">
     <span class='ocr_line' id='line_1_10' title="bbox 463 928 2095 1001; baseline 0.001 -18"><span class='ocrx_word' id='word_1_52' title='bbox 463 930 775 1001; x_wconf 86' lang='lat' dir='ltr'><strong>divulgaut,</strong></span> <span class='ocrx_word' id='word_1_53' title='bbox 802 928 1115 984; x_wconf 77' lang='lat' dir='ltr'><strong>beatissimi</strong></span> <span class='ocrx_word' id='word_1_54' title='bbox 1153 929 1440 999; x_wconf 88' lang='lat' dir='ltr'><strong>quondam</strong></span> <span class='ocrx_word' id='word_1_55' title='bbox 1480 930 1671 1001; x_wconf 87' lang='lat' dir='ltr'><strong>Cyrilli</strong></span> <span class='ocrx_word' id='word_1_56' title='bbox 1702 930 2095 985; x_wconf 82' lang='lat' dir='ltr'><strong>Alexandrinae</strong></span> 
     </span>
    </p>
   </div>
   <div class='ocr_carea' id='block_1_11' title="bbox 464 1022 2093 1095">
    <p class='ocr_par' dir='ltr' id='par_1_11' title="bbox 464 1022 2093 1095">
     <span class='ocr_line' id='line_1_11' title="bbox 464 1022 2093 1095; baseline 0.001 -17"><span class='ocrx_word' id='word_1_57' title='bbox 464 1024 722 1079; x_wconf 66' lang='lat' dir='ltr'><strong>Ecclesia:</strong></span> <span class='ocrx_word' id='word_1_58' title='bbox 761 1022 1069 1078; x_wconf 71' lang='lat' dir='ltr'><strong>Sacerdotis</strong></span> <span class='ocrx_word' id='word_1_59' title='bbox 1112 1023 1411 1093; x_wconf 83' lang='lat' dir='ltr'><strong>synodicas</strong></span> <span class='ocrx_word' id='word_1_60' title='bbox 1456 1024 1719 1095; x_wconf 86' lang='lat' dir='ltr'><strong>epistolas</strong></span> <span class='ocrx_word' id='word_1_61' title='bbox 1744 1028 1860 1078; x_wconf 86' lang='lat' dir='ltr'><strong>tam</strong></span> <span class='ocrx_word' id='word_1_62' title='bbox 1888 1026 1960 1079; x_wconf 90' lang='lat' dir='ltr'><strong>ad</strong></span> <span class='ocrx_word' id='word_1_63' title='bbox 1989 1026 2093 1079; x_wconf 88' lang='lat' dir='ltr'><strong>Ne-</strong></span> 
     </span>
    </p>
   </div>
   <div class='ocr_carea' id='block_1_12' title="bbox 462 1118 2100 1189">
    <p class='ocr_par' dir='ltr' id='par_1_12' title="bbox 462 1118 2100 1189">
     <span class='ocr_line' id='line_1_12' title="bbox 462 1118 2100 1189; baseline 0.001 -18"><span class='ocrx_word' id='word_1_64' title='bbox 462 1118 702 1172; x_wconf 88' lang='lat' dir='ltr'><strong>storium</strong></span> <span class='ocrx_word' id='word_1_65' title='bbox 731 1133 904 1188; x_wconf 90' lang='lat' dir='ltr'><strong>quam</strong></span> <span class='ocrx_word' id='word_1_66' title='bbox 932 1118 1003 1172; x_wconf 91' lang='lat' dir='ltr'><strong>ad</strong></span> <span class='ocrx_word' id='word_1_67' title='bbox 1032 1122 1269 1171; x_wconf 66' lang='lat' dir='ltr'><strong>casteros</strong></span> <span class='ocrx_word' id='word_1_68' title='bbox 1293 1134 1394 1187; x_wconf 86' lang='lat' dir='ltr'><strong>per</strong></span> <span class='ocrx_word' id='word_1_69' title='bbox 1420 1118 1711 1173; x_wconf 85' lang='lat' dir='ltr'><strong>Orientem</strong></span> <span class='ocrx_word' id='word_1_70' title='bbox 1737 1135 2021 1189; x_wconf 88' lang='lat' dir='ltr'><strong>congruas</strong></span> <span class='ocrx_word' id='word_1_71' title='bbox 2042 1124 2100 1173; x_wconf 92' lang='lat' dir='ltr'><strong>et</strong></span> 
     </span>
    </p>
   </div>
   <div class='ocr_carea' id='block_1_13' title="bbox 410 1210 2093 1283">
    <p class='ocr_par' dir='ltr' id='par_1_13' title="bbox 410 1210 2093 1283">
     <span class='ocr_line' id='line_1_13' title="bbox 410 1210 2093 1283; baseline -0.001 -15"><span class='ocrx_word' id='word_1_72' title='bbox 410 1258 417 1269; x_wconf 88' lang='lat'><strong>.</strong></span> <span class='ocrx_word' id='word_1_73' title='bbox 462 1211 1000 1265; x_wconf 86' lang='lat' dir='ltr'><strong>sibiconsentientes</strong></span> <span class='ocrx_word' id='word_1_74' title='bbox 1016 1211 1261 1281; x_wconf 85' lang='lat' dir='ltr'><strong>suscepit</strong></span> <span class='ocrx_word' id='word_1_75' title='bbox 1288 1210 1361 1264; x_wconf 86' lang='lat' dir='ltr'><strong>ad</strong></span> <span class='ocrx_word' id='word_1_76' title='bbox 1388 1211 1840 1266; x_wconf 85' lang='lat' dir='ltr'><strong>confutationem</strong></span> <span class='ocrx_word' id='word_1_77' title='bbox 1860 1212 2093 1283; x_wconf 88' lang='lat' dir='ltr'><strong>quidem</strong></span> 
     </span>
    </p>
   </div>
   <div class='ocr_carea' id='block_1_14' title="bbox 464 1304 2099 1376">
    <p class='ocr_par' dir='ltr' id='par_1_14' title="bbox 464 1304 2099 1376">
     <span class='ocr_line' id='line_1_14' title="bbox 464 1304 2099 1376; baseline 0.001 -18"><span class='ocrx_word' id='word_1_78' title='bbox 464 1304 811 1359; x_wconf 71' lang='lat' dir='ltr'><strong>Nestorianas</strong></span> <span class='ocrx_word' id='word_1_79' title='bbox 839 1305 1127 1369; x_wconf 67' lang='lat' dir='ltr'><strong>amentiae,</strong></span> <span class='ocrx_word' id='word_1_80' title='bbox 1159 1308 1215 1357; x_wconf 90' lang='lat' dir='ltr'><strong>et</strong></span> <span class='ocrx_word' id='word_1_81' title='bbox 1236 1305 1305 1358; x_wconf 91' lang='lat' dir='ltr'><strong>ad</strong></span> <span class='ocrx_word' id='word_1_82' title='bbox 1335 1304 1871 1376; x_wconf 76' lang='lat' dir='ltr'><strong>interpretationem</strong></span> <span class='ocrx_word' id='word_1_83' title='bbox 1902 1322 2099 1360; x_wconf 90' lang='lat' dir='ltr'><strong>eorum</strong></span> 
     </span>
    </p>
   </div>
   <div class='ocr_carea' id='block_1_15' title="bbox 464 1396 2102 1470">
    <p class='ocr_par' dir='ltr' id='par_1_15' title="bbox 464 1396 2102 1470">
     <span class='ocr_line' id='line_1_15' title="bbox 464 1396 2102 1470; baseline 0.001 -18"><span class='ocrx_word' id='word_1_84' title='bbox 464 1398 563 1467; x_wconf 84' lang='lat' dir='ltr'><strong>qui</strong></span> <span class='ocrx_word' id='word_1_85' title='bbox 600 1396 867 1468; x_wconf 91' lang='lat' dir='ltr'><strong>religioso</strong></span> <span class='ocrx_word' id='word_1_86' title='bbox 912 1396 1029 1452; x_wconf 90' lang='lat' dir='ltr'><strong>zelo</strong></span> <span class='ocrx_word' id='word_1_87' title='bbox 1076 1397 1337 1452; x_wconf 88' lang='lat' dir='ltr'><strong>salutaris</strong></span> <span class='ocrx_word' id='word_1_88' title='bbox 1383 1398 1623 1468; x_wconf 84' lang='lat' dir='ltr'><strong>symboli</strong></span> <span class='ocrx_word' id='word_1_89' title='bbox 1664 1399 1904 1470; x_wconf 90' lang='lat' dir='ltr'><strong>cupiunt</strong></span> <span class='ocrx_word' id='word_1_90' title='bbox 1942 1399 2102 1454; x_wconf 89' lang='lat' dir='ltr'><strong>intel-</strong></span> 
     </span>
    </p>
   </div>
   <div class='ocr_carea' id='block_1_16' title="bbox 461 1489 2102 1562">
    <p class='ocr_par' dir='ltr' id='par_1_16' title="bbox 461 1489 2102 1562">
     <span class='ocr_line' id='line_1_16' title="bbox 461 1489 2102 1562; baseline 0.001 -17"><span class='ocrx_word' id='word_1_91' title='bbox 461 1491 691 1545; x_wconf 88' lang='lat' dir='ltr'><strong>lectum.</strong></span> <span class='ocrx_word' id='word_1_92' title='bbox 736 1489 949 1555; x_wconf 88' lang='lat' dir='ltr'><strong>Quibus</strong></span> <span class='ocrx_word' id='word_1_93' title='bbox 993 1494 1050 1546; x_wconf 91' lang='lat' dir='ltr'><strong>et</strong></span> <span class='ocrx_word' id='word_1_94' title='bbox 1101 1490 1399 1562; x_wconf 86' lang='lat' dir='ltr'><strong>epistolam</strong></span> <span class='ocrx_word' id='word_1_95' title='bbox 1442 1492 1618 1546; x_wconf 86' lang='lat' dir='ltr'><strong>sancti</strong></span> <span class='ocrx_word' id='word_1_96' title='bbox 1673 1509 1737 1546; x_wconf 91' lang='lat' dir='ltr'><strong>ac</strong></span> <span class='ocrx_word' id='word_1_97' title='bbox 1789 1492 2102 1547; x_wconf 84' lang='lat' dir='ltr'><strong>beatissimi</strong></span> 
     </span>
    </p>
   </div>
   <div class='ocr_carea' id='block_1_17' title="bbox 464 1583 2098 1656">
    <p class='ocr_par' dir='ltr' id='par_1_17' title="bbox 464 1583 2098 1656">
     <span class='ocr_line' id='line_1_17' title="bbox 464 1583 2098 1656; baseline 0.001 -18"><span class='ocrx_word' id='word_1_98' title='bbox 464 1585 664 1654; x_wconf 77' lang='lat' dir='ltr'><strong>primae</strong></span> <span class='ocrx_word' id='word_1_99' title='bbox 690 1584 838 1640; x_wconf 87' lang='lat' dir='ltr'><strong>sedis</strong></span> <span class='ocrx_word' id='word_1_100' title='bbox 875 1583 1283 1655; x_wconf 88' lang='lat' dir='ltr'><strong>archiepiscopi</strong></span> <span class='ocrx_word' id='word_1_101' title='bbox 1325 1585 1523 1639; x_wconf 89' lang='lat' dir='ltr'><strong>Leonis</strong></span> <span class='ocrx_word' id='word_1_102' title='bbox 1570 1585 1837 1656; x_wconf 87' lang='lat' dir='ltr'><strong>scriptam</strong></span> <span class='ocrx_word' id='word_1_103' title='bbox 1874 1585 1949 1640; x_wconf 92' lang='lat' dir='ltr'><strong>ad</strong></span> <span class='ocrx_word' id='word_1_104' title='bbox 1978 1586 2098 1640; x_wconf 83' lang='lat' dir='ltr'><strong>Fla-</strong></span> 
     </span>
    </p>
   </div>
   <div class='ocr_carea' id='block_1_18' title="bbox 466 1677 2102 1750">
    <p class='ocr_par' dir='ltr' id='par_1_18' title="bbox 466 1677 2102 1750">
     <span class='ocr_line' id='line_1_18' title="bbox 466 1677 2102 1750; baseline 0.002 -19"><span class='ocrx_word' id='word_1_105' title='bbox 466 1679 695 1732; x_wconf 88' lang='lat' dir='ltr'><strong>vianum</strong></span> <span class='ocrx_word' id='word_1_106' title='bbox 724 1681 933 1732; x_wconf 66' lang='lat' dir='ltr'><strong>sanctas</strong></span> <span class='ocrx_word' id='word_1_107' title='bbox 959 1677 1364 1733; x_wconf 86' lang='lat' dir='ltr'><strong>recordationis</strong></span> <span class='ocrx_word' id='word_1_108' title='bbox 1386 1678 1902 1750; x_wconf 87' lang='lat' dir='ltr'><strong>archiepiscopum,</strong></span> <span class='ocrx_word' id='word_1_109' title='bbox 1920 1680 1989 1734; x_wconf 90' lang='lat' dir='ltr'><strong>ad</strong></span> <span class='ocrx_word' id='word_1_110' title='bbox 2008 1696 2102 1750; x_wconf 85' lang='lat' dir='ltr'><strong>pc-</strong></span> 
     </span>
    </p>
   </div>
   <div class='ocr_carea' id='block_1_19' title="bbox 2198 462 3800 534">
    <p class='ocr_par' dir='ltr' id='par_1_19' title="bbox 2198 462 3800 534">
     <span class='ocr_line' id='line_1_19' title="bbox 2198 462 3800 534; baseline 0.001 -17"><span class='ocrx_word' id='word_1_111' title='bbox 2198 462 2484 518; x_wconf 89' lang='lat' dir='ltr'><strong>Christum</strong></span> <span class='ocrx_word' id='word_1_112' title='bbox 2510 477 2761 516; x_wconf 90' lang='lat' dir='ltr'><strong>consona</strong></span> <span class='ocrx_word' id='word_1_113' title='bbox 2787 477 2921 516; x_wconf 91' lang='lat' dir='ltr'><strong>voce</strong></span> <span class='ocrx_word' id='word_1_114' title='bbox 2947 463 3252 517; x_wconf 87' lang='lat' dir='ltr'><strong>edocemus</strong></span> <span class='ocrx_word' id='word_1_115' title='bbox 3272 463 3489 533; x_wconf 88' lang='lat' dir='ltr'><strong>pariter</strong></span> <span class='ocrx_word' id='word_1_116' title='bbox 3507 464 3800 534; x_wconf 88' lang='lat' dir='ltr'><strong>perfectum</strong></span> 
     </span>
    </p>
   </div>
   <div class='ocr_carea' id='block_1_20' title="bbox 2195 555 3805 621">
    <p class='ocr_par' dir='ltr' id='par_1_20' title="bbox 2195 555 3805 621">
     <span class='ocr_line' id='line_1_20' title="bbox 2195 555 3805 621; baseline 0.001 -10"><span class='ocrx_word' id='word_1_117' title='bbox 2195 556 2465 612; x_wconf 91' lang='lat' dir='ltr'><strong>eumdem</strong></span> <span class='ocrx_word' id='word_1_118' title='bbox 2491 555 2551 609; x_wconf 91' lang='lat' dir='ltr'><strong>in</strong></span> <span class='ocrx_word' id='word_1_119' title='bbox 2579 556 2791 609; x_wconf 88' lang='lat' dir='ltr'><strong>deitate</strong></span> <span class='ocrx_word' id='word_1_120' title='bbox 2817 557 3013 621; x_wconf 90' lang='lat' dir='ltr'><strong>Deum,</strong></span> <span class='ocrx_word' id='word_1_121' title='bbox 3044 556 3417 613; x_wconf 85' lang='lat' dir='ltr'><strong>ethominem</strong></span> <span class='ocrx_word' id='word_1_122' title='bbox 3442 573 3641 612; x_wconf 90' lang='lat' dir='ltr'><strong>verum</strong></span> <span class='ocrx_word' id='word_1_123' title='bbox 3671 574 3805 614; x_wconf 87' lang='lat' dir='ltr'><strong>eum-</strong></span> 
     </span>
    </p>
   </div>
   <div class='ocr_carea' id='block_1_21' title="bbox 2196 649 3806 721">
    <p class='ocr_par' dir='ltr' id='par_1_21' title="bbox 2196 649 3806 721">
     <span class='ocr_line' id='line_1_21' title="bbox 2196 649 3806 721; baseline 0.001 -17"><span class='ocrx_word' id='word_1_124' title='bbox 2196 652 2327 704; x_wconf 91' lang='lat' dir='ltr'><strong>dem</strong></span> <span class='ocrx_word' id='word_1_125' title='bbox 2351 666 2423 703; x_wconf 77' lang='lat' dir='ltr'><strong>ex</strong></span> <span class='ocrx_word' id='word_1_126' title='bbox 2439 649 2631 704; x_wconf 89' lang='lat' dir='ltr'><strong>anima</strong></span> <span class='ocrx_word' id='word_1_127' title='bbox 2650 649 2912 705; x_wconf 86' lang='lat' dir='ltr'><strong>rationali</strong></span> <span class='ocrx_word' id='word_1_128' title='bbox 2932 653 2988 703; x_wconf 88' lang='lat' dir='ltr'><strong>et</strong></span> <span class='ocrx_word' id='word_1_129' title='bbox 3008 667 3270 721; x_wconf 89' lang='lat' dir='ltr'><strong>corpore,</strong></span> <span class='ocrx_word' id='word_1_130' title='bbox 3293 651 3606 706; x_wconf 90' lang='lat' dir='ltr'><strong>secundum</strong></span> <span class='ocrx_word' id='word_1_131' title='bbox 3631 652 3806 707; x_wconf 88' lang='lat' dir='ltr'><strong>divini-</strong></span> 
     </span>
    </p>
   </div>
   <div class='ocr_carea' id='block_1_22' title="bbox 2195 743 3809 812">
    <p class='ocr_par' dir='ltr' id='par_1_22' title="bbox 2195 743 3809 812">
     <span class='ocr_line' id='line_1_22' title="bbox 2195 743 3809 812; baseline 0.001 -14"><span class='ocrx_word' id='word_1_132' title='bbox 2195 748 2371 799; x_wconf 87' lang='lat' dir='ltr'><strong>tatem</strong></span> <span class='ocrx_word' id='word_1_133' title='bbox 2404 743 2572 798; x_wconf 89' lang='lat' dir='ltr'><strong>unius</strong></span> <span class='ocrx_word' id='word_1_134' title='bbox 2597 759 2728 799; x_wconf 90' lang='lat' dir='ltr'><strong>cum</strong></span> <span class='ocrx_word' id='word_1_135' title='bbox 2757 745 2921 798; x_wconf 86' lang='lat' dir='ltr'><strong>Patre</strong></span> <span class='ocrx_word' id='word_1_136' title='bbox 2948 746 3189 812; x_wconf 66' lang='lat' dir='ltr'><strong>naturae,</strong></span> <span class='ocrx_word' id='word_1_137' title='bbox 3221 743 3534 798; x_wconf 91' lang='lat' dir='ltr'><strong>secundum</strong></span> <span class='ocrx_word' id='word_1_138' title='bbox 3556 745 3809 800; x_wconf 87' lang='lat' dir='ltr'><strong>humani-</strong></span> 
     </span>
    </p>
   </div>
   <div class='ocr_carea' id='block_1_23' title="bbox 2194 836 3808 909">
    <p class='ocr_par' dir='ltr' id='par_1_23' title="bbox 2194 836 3808 909">
     <span class='ocr_line' id='line_1_23' title="bbox 2194 836 3808 909; baseline 0.001 -18"><span class='ocrx_word' id='word_1_139' title='bbox 2194 840 2372 892; x_wconf 86' lang='lat' dir='ltr'><strong>tatem</strong></span> <span class='ocrx_word' id='word_1_140' title='bbox 2396 838 2662 892; x_wconf 88' lang='lat' dir='ltr'><strong>eumdem</strong></span> <span class='ocrx_word' id='word_1_141' title='bbox 2690 836 2858 891; x_wconf 91' lang='lat' dir='ltr'><strong>unius</strong></span> <span class='ocrx_word' id='word_1_142' title='bbox 2886 841 3109 891; x_wconf 57' lang='lat' dir='ltr'><strong>natura:</strong></span> <span class='ocrx_word' id='word_1_143' title='bbox 3151 837 3469 905; x_wconf 89' lang='lat' dir='ltr'><strong>nobiscum,</strong></span> <span class='ocrx_word' id='word_1_144' title='bbox 3496 854 3602 909; x_wconf 89' lang='lat' dir='ltr'><strong>per</strong></span> <span class='ocrx_word' id='word_1_145' title='bbox 3635 839 3808 892; x_wconf 86' lang='lat' dir='ltr'><strong>omnia</strong></span> 
     </span>
    </p>
   </div>
   <div class='ocr_carea' id='block_1_24' title="bbox 2196 930 3809 1002">
    <p class='ocr_par' dir='ltr' id='par_1_24' title="bbox 2196 930 3809 1002">
     <span class='ocr_line' id='line_1_24' title="bbox 2196 930 3809 1002; baseline 0 -17"><span class='ocrx_word' id='word_1_146' title='bbox 2196 931 2444 985; x_wconf 88' lang='lat' dir='ltr'><strong>similem</strong></span> <span class='ocrx_word' id='word_1_147' title='bbox 2474 930 2637 985; x_wconf 90' lang='lat' dir='ltr'><strong>nobis</strong></span> <span class='ocrx_word' id='word_1_148' title='bbox 2666 931 2877 1002; x_wconf 87' lang='lat' dir='ltr'><strong>absque</strong></span> <span class='ocrx_word' id='word_1_149' title='bbox 2908 934 3171 1002; x_wconf 88' lang='lat' dir='ltr'><strong>peccato;</strong></span> <span class='ocrx_word' id='word_1_150' title='bbox 3202 936 3334 985; x_wconf 87' lang='lat' dir='ltr'><strong>ante</strong></span> <span class='ocrx_word' id='word_1_151' title='bbox 3355 932 3562 986; x_wconf 67' lang='lat' dir='ltr'><strong>saecula</strong></span> <span class='ocrx_word' id='word_1_152' title='bbox 3588 932 3809 1002; x_wconf 87' lang='lat' dir='ltr'><strong>quidem</strong></span> 
     </span>
    </p>
   </div>
   <div class='ocr_carea' id='block_1_25' title="bbox 2199 1024 3809 1093">
    <p class='ocr_par' dir='ltr' id='par_1_25' title="bbox 2199 1024 3809 1093">
     <span class='ocr_line' id='line_1_25' title="bbox 2199 1024 3809 1093; baseline -0.001 -14"><span class='ocrx_word' id='word_1_153' title='bbox 2199 1041 2264 1079; x_wconf 89' lang='lat' dir='ltr'><strong>ex</strong></span> <span class='ocrx_word' id='word_1_154' title='bbox 2296 1027 2461 1080; x_wconf 84' lang='lat' dir='ltr'><strong>Patre</strong></span> <span class='ocrx_word' id='word_1_155' title='bbox 2504 1029 2706 1079; x_wconf 91' lang='lat' dir='ltr'><strong>natum</strong></span> <span class='ocrx_word' id='word_1_156' title='bbox 2753 1024 3070 1079; x_wconf 90' lang='lat' dir='ltr'><strong>secundum</strong></span> <span class='ocrx_word' id='word_1_157' title='bbox 3095 1024 3471 1093; x_wconf 86' lang='lat' dir='ltr'><strong>divinitatem,</strong></span> <span class='ocrx_word' id='word_1_158' title='bbox 3496 1025 3554 1078; x_wconf 90' lang='lat' dir='ltr'><strong>in</strong></span> <span class='ocrx_word' id='word_1_159' title='bbox 3586 1025 3809 1079; x_wconf 87' lang='lat' dir='ltr'><strong>novissi-</strong></span> 
     </span>
    </p>
   </div>
   <div class='ocr_carea' id='block_1_26' title="bbox 2197 1118 3812 1189">
    <p class='ocr_par' dir='ltr' id='par_1_26' title="bbox 2197 1118 3812 1189">
     <span class='ocr_line' id='line_1_26' title="bbox 2197 1118 3812 1189; baseline -0.001 -16"><span class='ocrx_word' id='word_1_160' title='bbox 2197 1119 2308 1173; x_wconf 89' lang='lat' dir='ltr'><strong>mis</strong></span> <span class='ocrx_word' id='word_1_161' title='bbox 2351 1134 2484 1174; x_wconf 91' lang='lat' dir='ltr'><strong>vero</strong></span> <span class='ocrx_word' id='word_1_162' title='bbox 2526 1118 2723 1173; x_wconf 90' lang='lat' dir='ltr'><strong>diebus</strong></span> <span class='ocrx_word' id='word_1_163' title='bbox 2765 1118 3033 1173; x_wconf 90' lang='lat' dir='ltr'><strong>eumdem</strong></span> <span class='ocrx_word' id='word_1_164' title='bbox 3079 1122 3316 1188; x_wconf 81' lang='lat' dir='ltr'><strong>propter</strong></span> <span class='ocrx_word' id='word_1_165' title='bbox 3359 1134 3465 1172; x_wconf 90' lang='lat' dir='ltr'><strong>nos</strong></span> <span class='ocrx_word' id='word_1_166' title='bbox 3492 1122 3551 1173; x_wconf 91' lang='lat' dir='ltr'><strong>et</strong></span> <span class='ocrx_word' id='word_1_167' title='bbox 3590 1123 3812 1189; x_wconf 87' lang='lat' dir='ltr'><strong>propter</strong></span> 
     </span>
    </p>
   </div>
   <div class='ocr_carea' id='block_1_27' title="bbox 2201 1210 3809 1279">
    <p class='ocr_par' dir='ltr' id='par_1_27' title="bbox 2201 1210 3809 1279">
     <span class='ocr_line' id='line_1_27' title="bbox 2201 1210 3809 1279; baseline 0 -14"><span class='ocrx_word' id='word_1_168' title='bbox 2201 1215 2451 1266; x_wconf 87' lang='lat' dir='ltr'><strong>nostram</strong></span> <span class='ocrx_word' id='word_1_169' title='bbox 2466 1211 2705 1266; x_wconf 89' lang='lat' dir='ltr'><strong>salutem</strong></span> <span class='ocrx_word' id='word_1_170' title='bbox 2720 1210 3012 1265; x_wconf 88' lang='lat' dir='ltr'><strong>hominem</strong></span> <span class='ocrx_word' id='word_1_171' title='bbox 3028 1210 3243 1264; x_wconf 88' lang='lat' dir='ltr'><strong>factum</strong></span> <span class='ocrx_word' id='word_1_172' title='bbox 3258 1228 3275 1279; x_wconf 85' lang='lat'><strong>;</strong></span> <span class='ocrx_word' id='word_1_173' title='bbox 3294 1211 3447 1265; x_wconf 90' lang='lat' dir='ltr'><strong>hunc</strong></span> <span class='ocrx_word' id='word_1_174' title='bbox 3462 1227 3646 1265; x_wconf 89' lang='lat' dir='ltr'><strong>unum</strong></span> <span class='ocrx_word' id='word_1_175' title='bbox 3667 1227 3809 1265; x_wconf 89' lang='lat' dir='ltr'><strong>eum-</strong></span> 
     </span>
    </p>
   </div>
   <div class='ocr_carea' id='block_1_28' title="bbox 2202 1303 3813 1376">
    <p class='ocr_par' dir='ltr' id='par_1_28' title="bbox 2202 1303 3813 1376">
     <span class='ocr_line' id='line_1_28' title="bbox 2202 1303 3813 1376; baseline -0.001 -17"><span class='ocrx_word' id='word_1_176' title='bbox 2202 1305 2446 1376; x_wconf 90' lang='lat' dir='ltr'><strong>demque</strong></span> <span class='ocrx_word' id='word_1_177' title='bbox 2473 1304 2757 1359; x_wconf 90' lang='lat' dir='ltr'><strong>Christum</strong></span> <span class='ocrx_word' id='word_1_178' title='bbox 2784 1303 2989 1359; x_wconf 88' lang='lat' dir='ltr'><strong>Filium</strong></span> <span class='ocrx_word' id='word_1_179' title='bbox 3018 1304 3329 1358; x_wconf 86' lang='lat' dir='ltr'><strong>Dominum</strong></span> <span class='ocrx_word' id='word_1_180' title='bbox 3354 1304 3743 1376; x_wconf 81' lang='lat' dir='ltr'><strong>unigenitum,</strong></span> <span class='ocrx_word' id='word_1_181' title='bbox 3766 1306 3813 1358; x_wconf 90' lang='lat' dir='ltr'><strong>in</strong></span> 
     </span>
    </p>
   </div>
   <div class='ocr_carea' id='block_1_29' title="bbox 2201 1397 3816 1467">
    <p class='ocr_par' dir='ltr' id='par_1_29' title="bbox 2201 1397 3816 1467">
     <span class='ocr_line' id='line_1_29' title="bbox 2201 1397 3816 1467; baseline -0.001 -14"><span class='ocrx_word' id='word_1_182' title='bbox 2201 1399 2342 1453; x_wconf 88' lang='lat' dir='ltr'><strong>duas</strong></span> <span class='ocrx_word' id='word_1_183' title='bbox 2367 1402 2618 1466; x_wconf 87' lang='lat' dir='ltr'><strong>naturas,</strong></span> <span class='ocrx_word' id='word_1_184' title='bbox 2647 1397 2965 1465; x_wconf 86' lang='lat' dir='ltr'><strong>inconfuse,</strong></span> <span class='ocrx_word' id='word_1_185' title='bbox 2989 1397 3446 1467; x_wconf 87' lang='lat' dir='ltr'><strong>immutabiliter,</strong></span> <span class='ocrx_word' id='word_1_186' title='bbox 3473 1398 3735 1463; x_wconf 90' lang='lat' dir='ltr'><strong>indivise,</strong></span> <span class='ocrx_word' id='word_1_187' title='bbox 3750 1399 3816 1452; x_wconf 87' lang='lat' dir='ltr'><strong>in-</strong></span> 
     </span>
    </p>
   </div>
   <div class='ocr_carea' id='block_1_30' title="bbox 2201 1490 3814 1563">
    <p class='ocr_par' dir='ltr' id='par_1_30' title="bbox 2201 1490 3814 1563">
     <span class='ocr_line' id='line_1_30' title="bbox 2201 1490 3814 1563; baseline 0 -17"><span class='ocrx_word' id='word_1_188' title='bbox 2201 1492 2608 1563; x_wconf 88' lang='lat' dir='ltr'><strong>separabiliter,</strong></span> <span class='ocrx_word' id='word_1_189' title='bbox 2655 1490 3141 1562; x_wconf 83' lang='lat' dir='ltr'><strong>cognoscendum,</strong></span> <span class='ocrx_word' id='word_1_190' title='bbox 3184 1490 3244 1545; x_wconf 90' lang='lat' dir='ltr'><strong>in</strong></span> <span class='ocrx_word' id='word_1_191' title='bbox 3284 1491 3439 1546; x_wconf 91' lang='lat' dir='ltr'><strong>nullo</strong></span> <span class='ocrx_word' id='word_1_192' title='bbox 3490 1495 3814 1546; x_wconf 82' lang='lat' dir='ltr'><strong>naturarum</strong></span> 
     </span>
    </p>
   </div>
   <div class='ocr_carea' id='block_1_31' title="bbox 2203 1584 3817 1656">
    <p class='ocr_par' dir='ltr' id='par_1_31' title="bbox 2203 1584 3817 1656">
     <span class='ocr_line' id='line_1_31' title="bbox 2203 1584 3817 1656; baseline -0.001 -17"><span class='ocrx_word' id='word_1_193' title='bbox 2203 1585 2554 1641; x_wconf 79' lang='lat' dir='ltr'><strong>differentias</strong></span> <span class='ocrx_word' id='word_1_194' title='bbox 2572 1589 2809 1656; x_wconf 90' lang='lat' dir='ltr'><strong>propter</strong></span> <span class='ocrx_word' id='word_1_195' title='bbox 2825 1585 3106 1641; x_wconf 89' lang='lat' dir='ltr'><strong>unitatem</strong></span> <span class='ocrx_word' id='word_1_196' title='bbox 3124 1584 3509 1656; x_wconf 88' lang='lat' dir='ltr'><strong>perimendas,</strong></span> <span class='ocrx_word' id='word_1_197' title='bbox 3530 1584 3727 1655; x_wconf 88' lang='lat' dir='ltr'><strong>magis</strong></span> <span class='ocrx_word' id='word_1_198' title='bbox 3741 1602 3817 1638; x_wconf 87' lang='lat' dir='ltr'><strong>au-</strong></span> 
     </span>
    </p>
   </div>
   <div class='ocr_carea' id='block_1_32' title="bbox 2203 1678 3819 1751">
    <p class='ocr_par' dir='ltr' id='par_1_32' title="bbox 2203 1678 3819 1751">
     <span class='ocr_line' id='line_1_32' title="bbox 2203 1678 3819 1751; baseline -0.002 -17"><span class='ocrx_word' id='word_1_199' title='bbox 2203 1684 2319 1734; x_wconf 90' lang='lat' dir='ltr'><strong>tem</strong></span> <span class='ocrx_word' id='word_1_200' title='bbox 2345 1680 2496 1733; x_wconf 90' lang='lat' dir='ltr'><strong>salva</strong></span> <span class='ocrx_word' id='word_1_201' title='bbox 2526 1679 2817 1751; x_wconf 91' lang='lat' dir='ltr'><strong>utriusque</strong></span> <span class='ocrx_word' id='word_1_202' title='bbox 2864 1682 3084 1734; x_wconf 63' lang='lat' dir='ltr'><strong>natura:</strong></span> <span class='ocrx_word' id='word_1_203' title='bbox 3132 1678 3480 1750; x_wconf 87' lang='lat' dir='ltr'><strong>proprietate</strong></span> <span class='ocrx_word' id='word_1_204' title='bbox 3518 1682 3581 1732; x_wconf 91' lang='lat' dir='ltr'><strong>et</strong></span> <span class='ocrx_word' id='word_1_205' title='bbox 3625 1679 3688 1732; x_wconf 90' lang='lat' dir='ltr'><strong>in</strong></span> <span class='ocrx_word' id='word_1_206' title='bbox 3727 1694 3819 1732; x_wconf 85' lang='lat' dir='ltr'><strong>una</strong></span> 
     </span>
    </p>
   </div>
   <div class='ocr_carea' id='block_1_33' title="bbox 466 1743 3820 1848">
    <p class='ocr_par' dir='ltr' id='par_1_33' title="bbox 466 1743 3820 1848">
     <span class='ocr_line' id='line_1_33' title="bbox 466 1743 3820 1848; baseline -0.001 -18"><span class='ocrx_word' id='word_1_207' title='bbox 466 1775 786 1830; x_wconf 87' lang='lat' dir='ltr'><strong>rimendam</strong></span> <span class='ocrx_word' id='word_1_208' title='bbox 816 1775 1136 1845; x_wconf 80' lang='lat' dir='ltr'><strong>Eutychetis</strong></span> <span class='ocrx_word' id='word_1_209' title='bbox 1160 1775 1601 1846; x_wconf 87' lang='lat' dir='ltr'><strong>malignitatem,</strong></span> <span class='ocrx_word' id='word_1_210' title='bbox 1632 1792 1878 1848; x_wconf 62' lang='lat' dir='ltr'><strong>quaeque</strong></span> <span class='ocrx_word' id='word_1_211' title='bbox 1906 1777 2102 1847; x_wconf 83' lang='lat' dir='ltr'><strong>magni</strong></span> <span class='ocrx_word' id='word_1_212' title='bbox 2122 1743 2180 1816; x_wconf 79' lang='grc' dir='ltr'>Β</span> <span class='ocrx_word' id='word_1_213' title='bbox 2204 1778 2444 1828; x_wconf 88' lang='lat' dir='ltr'><strong>coeunte</strong></span> <span class='ocrx_word' id='word_1_214' title='bbox 2473 1788 2737 1843; x_wconf 89' lang='lat' dir='ltr'><strong>persona,</strong></span> <span class='ocrx_word' id='word_1_215' title='bbox 2767 1788 3004 1843; x_wconf 85' lang='lat' dir='ltr'><strong>unoque</strong></span> <span class='ocrx_word' id='word_1_216' title='bbox 3033 1775 3184 1827; x_wconf 91' lang='lat' dir='ltr'><strong>statu</strong></span> <span class='ocrx_word' id='word_1_217' title='bbox 3209 1775 3614 1837; x_wconf 88' lang='lat' dir='ltr'><strong>concurrente;</strong></span> <span class='ocrx_word' id='word_1_218' title='bbox 3638 1772 3820 1826; x_wconf 91' lang='lat' dir='ltr'><strong>nonin</strong></span> 
     </span>
    </p>
   </div>
   <div class='ocr_carea' id='block_1_34' title="bbox 467 1868 2099 1942">
    <p class='ocr_par' dir='ltr' id='par_1_34' title="bbox 467 1868 2099 1942">
     <span class='ocr_line' id='line_1_34' title="bbox 467 1868 2099 1942; baseline 0.001 -18"><span class='ocrx_word' id='word_1_219' title='bbox 467 1868 615 1924; x_wconf 91' lang='lat' dir='ltr'><strong>Petri</strong></span> <span class='ocrx_word' id='word_1_220' title='bbox 645 1868 993 1924; x_wconf 86' lang='lat' dir='ltr'><strong>confessioni</strong></span> <span class='ocrx_word' id='word_1_221' title='bbox 1022 1870 1466 1925; x_wconf 89' lang='lat' dir='ltr'><strong>concordantem</strong></span> <span class='ocrx_word' id='word_1_222' title='bbox 1498 1886 1863 1926; x_wconf 89' lang='lat' dir='ltr'><strong>communem</strong></span> <span class='ocrx_word' id='word_1_223' title='bbox 1898 1887 2099 1942; x_wconf 85' lang='lat' dir='ltr'><strong>quam-</strong></span> 
     </span>
    </p>
   </div>
   <div class='ocr_carea' id='block_1_35' title="bbox 2205 1864 3818 1937">
    <p class='ocr_par' dir='ltr' id='par_1_35' title="bbox 2205 1864 3818 1937">
     <span class='ocr_line' id='line_1_35' title="bbox 2205 1864 3818 1937; baseline -0.001 -17"><span class='ocrx_word' id='word_1_224' title='bbox 2205 1866 2423 1920; x_wconf 88' lang='lat' dir='ltr'><strong>duabus</strong></span> <span class='ocrx_word' id='word_1_225' title='bbox 2455 1865 2714 1937; x_wconf 86' lang='lat' dir='ltr'><strong>personis</strong></span> <span class='ocrx_word' id='word_1_226' title='bbox 2755 1865 3144 1935; x_wconf 89' lang='lat' dir='ltr'><strong>partiendum,</strong></span> <span class='ocrx_word' id='word_1_227' title='bbox 3175 1865 3262 1919; x_wconf 86' lang='lat' dir='ltr'><strong>vel</strong></span> <span class='ocrx_word' id='word_1_228' title='bbox 3308 1864 3706 1931; x_wconf 87' lang='lat' dir='ltr'><strong>dividendum,</strong></span> <span class='ocrx_word' id='word_1_229' title='bbox 3740 1866 3818 1919; x_wconf 89' lang='lat' dir='ltr'><strong>sed</strong></span> 
     </span>
    </p>
   </div>
   <div class='ocr_carea' id='block_1_36' title="bbox 468 1954 3820 2036">
    <p class='ocr_par' dir='ltr' id='par_1_36' title="bbox 468 1954 3820 2036">
     <span class='ocr_line' id='line_1_36' title="bbox 468 1954 3820 2036; baseline -0.001 -18"><span class='ocrx_word' id='word_1_230' title='bbox 468 1964 597 2018; x_wconf 90' lang='lat' dir='ltr'><strong>dam</strong></span> <span class='ocrx_word' id='word_1_231' title='bbox 622 1976 876 2034; x_wconf 78' lang='lat' dir='ltr'><strong>pugnam</strong></span> <span class='ocrx_word' id='word_1_232' title='bbox 901 1962 1299 2018; x_wconf 82' lang='lat' dir='ltr'><strong>consistentem</strong></span> <span class='ocrx_word' id='word_1_233' title='bbox 1335 1967 1531 2018; x_wconf 87' lang='lat' dir='ltr'><strong>contra</strong></span> <span class='ocrx_word' id='word_1_234' title='bbox 1546 1954 1652 2019; x_wconf 86' lang='lat' dir='ltr'><strong>eos</strong></span> <span class='ocrx_word' id='word_1_235' title='bbox 1681 1965 1776 2036; x_wconf 89' lang='lat' dir='ltr'><strong>qui</strong></span> <span class='ocrx_word' id='word_1_236' title='bbox 1812 1981 1927 2019; x_wconf 90' lang='lat' dir='ltr'><strong>non</strong></span> <span class='ocrx_word' id='word_1_237' title='bbox 1954 1970 2123 2021; x_wconf 77' lang='lat' dir='ltr'><strong>recte-</strong></span> <span class='ocrx_word' id='word_1_238' title='bbox 2206 1976 2385 2014; x_wconf 87' lang='lat' dir='ltr'><strong>unum</strong></span> <span class='ocrx_word' id='word_1_239' title='bbox 2408 1960 2788 2029; x_wconf 83' lang='lat' dir='ltr'><strong>eumdemque</strong></span> <span class='ocrx_word' id='word_1_240' title='bbox 2806 1958 2987 2012; x_wconf 80' lang='lat' dir='ltr'><strong>ﬁlium</strong></span> <span class='ocrx_word' id='word_1_241' title='bbox 3005 1958 3368 2028; x_wconf 79' lang='lat' dir='ltr'><strong>unigenitum</strong></span> <span class='ocrx_word' id='word_1_242' title='bbox 3389 1958 3572 2011; x_wconf 85' lang='lat' dir='ltr'><strong>Deum</strong></span> <span class='ocrx_word' id='word_1_243' title='bbox 3588 1958 3820 2012; x_wconf 80' lang='lat' dir='ltr'><strong>Verbum</strong></span> 
     </span>
    </p>
   </div>
   <div class='ocr_carea' id='block_1_37' title="bbox 471 2056 2101 2129">
    <p class='ocr_par' dir='ltr' id='par_1_37' title="bbox 471 2056 2101 2129">
     <span class='ocr_line' id='line_1_37' title="bbox 471 2056 2101 2129; baseline 0.001 -18"><span class='ocrx_word' id='word_1_244' title='bbox 471 2056 789 2129; x_wconf 77' lang='lat' dir='ltr'><strong>gloriﬁcent</strong></span> <span class='ocrx_word' id='word_1_245' title='bbox 812 2056 883 2111; x_wconf 89' lang='lat' dir='ltr'><strong>ad</strong></span> <span class='ocrx_word' id='word_1_246' title='bbox 916 2056 1411 2111; x_wconf 85' lang='lat' dir='ltr'><strong>conﬁrmationem</strong></span> <span class='ocrx_word' id='word_1_247' title='bbox 1457 2057 1749 2112; x_wconf 56' lang='lat' dir='ltr'><strong>catholicas</strong></span> <span class='ocrx_word' id='word_1_248' title='bbox 1790 2058 2101 2129; x_wconf 78' lang='lat' dir='ltr'><strong>religionis,</strong></span> 
     </span>
    </p>
   </div>
   <div class='ocr_carea' id='block_1_38' title="bbox 472 2149 2102 2219">
    <p class='ocr_par' dir='ltr' id='par_1_38' title="bbox 472 2149 2102 2219">
     <span class='ocr_line' id='line_1_38' title="bbox 472 2149 2102 2219; baseline 0.002 -17"><span class='ocrx_word' id='word_1_249' title='bbox 472 2150 764 2205; x_wconf 88' lang='lat' dir='ltr'><strong>evidenter</strong></span> <span class='ocrx_word' id='word_1_250' title='bbox 789 2149 1095 2219; x_wconf 86' lang='lat' dir='ltr'><strong>subjunxit.</strong></span> <span class='ocrx_word' id='word_1_251' title='bbox 1134 2151 1273 2203; x_wconf 89' lang='lat' dir='ltr'><strong>Nam</strong></span> <span class='ocrx_word' id='word_1_252' title='bbox 1302 2166 1395 2204; x_wconf 86' lang='lat' dir='ltr'><strong>eos</strong></span> <span class='ocrx_word' id='word_1_253' title='bbox 1425 2151 1524 2219; x_wconf 89' lang='lat' dir='ltr'><strong>qui</strong></span> <span class='ocrx_word' id='word_1_254' title='bbox 1553 2151 1612 2204; x_wconf 91' lang='lat' dir='ltr'><strong>in</strong></span> <span class='ocrx_word' id='word_1_255' title='bbox 1640 2151 1783 2205; x_wconf 90' lang='lat' dir='ltr'><strong>duos</strong></span> <span class='ocrx_word' id='word_1_256' title='bbox 1812 2152 1956 2206; x_wconf 82' lang='lat' dir='ltr'><strong>ﬁlios</strong></span> <span class='ocrx_word' id='word_1_257' title='bbox 1987 2152 2102 2205; x_wconf 89' lang='lat' dir='ltr'><strong>dis-</strong></span> 
     </span>
    </p>
   </div>
   <div class='ocr_carea' id='block_1_39' title="bbox 474 2241 2102 2313">
    <p class='ocr_par' dir='ltr' id='par_1_39' title="bbox 474 2241 2102 2313">
     <span class='ocr_line' id='line_1_39' title="bbox 474 2241 2102 2313; baseline 0.004 -20"><span class='ocrx_word' id='word_1_258' title='bbox 474 2241 824 2313; x_wconf 87' lang='lat' dir='ltr'><strong>pensationis</strong></span> <span class='ocrx_word' id='word_1_259' title='bbox 850 2242 1156 2297; x_wconf 67' lang='lat' dir='ltr'><strong>Dominiea:</strong></span> <span class='ocrx_word' id='word_1_260' title='bbox 1197 2242 1534 2313; x_wconf 80' lang='lat' dir='ltr'><strong>mysterium</strong></span> <span class='ocrx_word' id='word_1_261' title='bbox 1569 2244 1824 2298; x_wconf 88' lang='lat' dir='ltr'><strong>scindere</strong></span> <span class='ocrx_word' id='word_1_262' title='bbox 1853 2245 2102 2299; x_wconf 87' lang='lat' dir='ltr'><strong>moliun-</strong></span> 
     </span>
    </p>
   </div>
   <div class='ocr_carea' id='block_1_40' title="bbox 472 2334 2103 2405">
    <p class='ocr_par' dir='ltr' id='par_1_40' title="bbox 472 2334 2103 2405">
     <span class='ocr_line' id='line_1_40' title="bbox 472 2334 2103 2405; baseline 0.001 -16"><span class='ocrx_word' id='word_1_263' title='bbox 472 2340 569 2389; x_wconf 90' lang='lat' dir='ltr'><strong>tur</strong></span> <span class='ocrx_word' id='word_1_264' title='bbox 600 2334 887 2403; x_wconf 90' lang='lat' dir='ltr'><strong>exsecrati,</strong></span> <span class='ocrx_word' id='word_1_265' title='bbox 921 2339 979 2388; x_wconf 92' lang='lat' dir='ltr'><strong>et</strong></span> <span class='ocrx_word' id='word_1_266' title='bbox 1005 2351 1101 2388; x_wconf 91' lang='lat' dir='ltr'><strong>eos</strong></span> <span class='ocrx_word' id='word_1_267' title='bbox 1126 2335 1221 2405; x_wconf 90' lang='lat' dir='ltr'><strong>qui</strong></span> <span class='ocrx_word' id='word_1_268' title='bbox 1252 2335 1572 2404; x_wconf 89' lang='lat' dir='ltr'><strong>passibilem</strong></span> <span class='ocrx_word' id='word_1_269' title='bbox 1598 2335 1946 2391; x_wconf 88' lang='lat' dir='ltr'><strong>divinitatem</strong></span> <span class='ocrx_word' id='word_1_270' title='bbox 1973 2338 2103 2391; x_wconf 90' lang='lat' dir='ltr'><strong>uni-</strong></span> 
     </span>
    </p>
   </div>
   <div class='ocr_carea' id='block_1_41' title="bbox 477 2427 2107 2497">
    <p class='ocr_par' dir='ltr' id='par_1_41' title="bbox 477 2427 2107 2497">
     <span class='ocr_line' id='line_1_41' title="bbox 477 2427 2107 2497; baseline 0.002 -15"><span class='ocrx_word' id='word_1_271' title='bbox 477 2427 657 2497; x_wconf 90' lang='lat' dir='ltr'><strong>geniti</strong></span> <span class='ocrx_word' id='word_1_272' title='bbox 688 2427 806 2482; x_wconf 87' lang='lat' dir='ltr'><strong>Filii</strong></span> <span class='ocrx_word' id='word_1_273' title='bbox 838 2427 1054 2482; x_wconf 89' lang='lat' dir='ltr'><strong>audent</strong></span> <span class='ocrx_word' id='word_1_274' title='bbox 1091 2443 1344 2483; x_wconf 91' lang='lat' dir='ltr'><strong>asserere</strong></span> <span class='ocrx_word' id='word_1_275' title='bbox 1374 2429 1443 2483; x_wconf 89' lang='lat' dir='ltr'><strong>de</strong></span> <span class='ocrx_word' id='word_1_276' title='bbox 1480 2428 1720 2483; x_wconf 91' lang='lat' dir='ltr'><strong>concilio</strong></span> <span class='ocrx_word' id='word_1_277' title='bbox 1746 2430 2107 2485; x_wconf 90' lang='lat' dir='ltr'><strong>sacerdotum</strong></span> 
     </span>
    </p>
   </div>
   <div class='ocr_carea' id='block_1_42' title="bbox 473 2521 2107 2595">
    <p class='ocr_par' dir='ltr' id='par_1_42' title="bbox 473 2521 2107 2595">
     <span class='ocr_line' id='line_1_42' title="bbox 473 2521 2107 2595; baseline 0.002 -20"><span class='ocrx_word' id='word_1_278' title='bbox 473 2521 716 2593; x_wconf 87' lang='lat' dir='ltr'><strong>repellit,</strong></span> <span class='ocrx_word' id='word_1_279' title='bbox 770 2526 826 2575; x_wconf 91' lang='lat' dir='ltr'><strong>et</strong></span> <span class='ocrx_word' id='word_1_280' title='bbox 874 2521 954 2576; x_wconf 91' lang='lat' dir='ltr'><strong>eis</strong></span> <span class='ocrx_word' id='word_1_281' title='bbox 1003 2522 1099 2592; x_wconf 87' lang='lat' dir='ltr'><strong>qui</strong></span> <span class='ocrx_word' id='word_1_282' title='bbox 1144 2523 1201 2576; x_wconf 92' lang='lat' dir='ltr'><strong>in</strong></span> <span class='ocrx_word' id='word_1_283' title='bbox 1249 2521 1465 2577; x_wconf 90' lang='lat' dir='ltr'><strong>duabus</strong></span> <span class='ocrx_word' id='word_1_284' title='bbox 1507 2523 1723 2577; x_wconf 85' lang='lat' dir='ltr'><strong>naturis</strong></span> <span class='ocrx_word' id='word_1_285' title='bbox 1748 2524 1953 2579; x_wconf 84' lang='lat' dir='ltr'><strong>Christi</strong></span> <span class='ocrx_word' id='word_1_286' title='bbox 1985 2541 2107 2595; x_wconf 88' lang='lat' dir='ltr'><strong>per-</strong></span> 
     </span>
    </p>
   </div>
   <div class='ocr_carea' id='block_1_43' title="bbox 472 2615 2102 2687">
    <p class='ocr_par' dir='ltr' id='par_1_43' title="bbox 472 2615 2102 2687">
     <span class='ocr_line' id='line_1_43' title="bbox 472 2615 2102 2687; baseline 0.001 -17"><span class='ocrx_word' id='word_1_287' title='bbox 472 2615 817 2683; x_wconf 90' lang='lat' dir='ltr'><strong>mistionem,</strong></span> <span class='ocrx_word' id='word_1_288' title='bbox 844 2616 929 2672; x_wconf 87' lang='lat' dir='ltr'><strong>vel</strong></span> <span class='ocrx_word' id='word_1_289' title='bbox 958 2616 1349 2671; x_wconf 88' lang='lat' dir='ltr'><strong>confusionem</strong></span> <span class='ocrx_word' id='word_1_290' title='bbox 1376 2621 1877 2687; x_wconf 80' lang='lat' dir='ltr'><strong>argumentantur,</strong></span> <span class='ocrx_word' id='word_1_291' title='bbox 1909 2618 2102 2673; x_wconf 89' lang='lat' dir='ltr'><strong>adver-</strong></span> 
     </span>
    </p>
   </div>
   <div class='ocr_carea' id='block_1_44' title="bbox 471 2710 2108 2783">
    <p class='ocr_par' dir='ltr' id='par_1_44' title="bbox 471 2710 2108 2783">
     <span class='ocr_line' id='line_1_44' title="bbox 471 2710 2108 2783; baseline 0.001 -19"><span class='ocrx_word' id='word_1_292' title='bbox 471 2713 646 2764; x_wconf 89' lang='lat' dir='ltr'><strong>satur.</strong></span> <span class='ocrx_word' id='word_1_293' title='bbox 696 2712 763 2765; x_wconf 88' lang='lat' dir='ltr'><strong>Et</strong></span> <span class='ocrx_word' id='word_1_294' title='bbox 805 2710 903 2780; x_wconf 89' lang='lat' dir='ltr'><strong>qui</strong></span> <span class='ocrx_word' id='word_1_295' title='bbox 949 2710 1235 2765; x_wconf 80' lang='lat' dir='ltr'><strong>ccelestem</strong></span> <span class='ocrx_word' id='word_1_296' title='bbox 1275 2714 1373 2765; x_wconf 90' lang='lat' dir='ltr'><strong>aut</strong></span> <span class='ocrx_word' id='word_1_297' title='bbox 1417 2710 1647 2765; x_wconf 90' lang='lat' dir='ltr'><strong>alterius</strong></span> <span class='ocrx_word' id='word_1_298' title='bbox 1675 2712 1952 2783; x_wconf 86' lang='lat' dir='ltr'><strong>cujusque</strong></span> <span class='ocrx_word' id='word_1_299' title='bbox 1982 2713 2108 2766; x_wconf 88' lang='lat' dir='ltr'><strong>sub-</strong></span> 
     </span>
    </p>
   </div>
   <div class='ocr_carea' id='block_1_45' title="bbox 472 2803 2105 2874">
    <p class='ocr_par' dir='ltr' id='par_1_45' title="bbox 472 2803 2105 2874">
     <span class='ocr_line' id='line_1_45' title="bbox 472 2803 2105 2874; baseline 0.001 -17"><span class='ocrx_word' id='word_1_300' title='bbox 472 2803 740 2858; x_wconf 85' lang='lat' dir='ltr'><strong>stantiam</strong></span> <span class='ocrx_word' id='word_1_301' title='bbox 770 2803 1007 2858; x_wconf 84' lang='lat' dir='ltr'><strong>existere</strong></span> <span class='ocrx_word' id='word_1_302' title='bbox 1036 2805 1281 2857; x_wconf 87' lang='lat' dir='ltr'><strong>formam</strong></span> <span class='ocrx_word' id='word_1_303' title='bbox 1325 2804 1467 2858; x_wconf 87' lang='lat' dir='ltr'><strong>servi</strong></span> <span class='ocrx_word' id='word_1_304' title='bbox 1498 2820 1673 2874; x_wconf 89' lang='lat' dir='ltr'><strong>quam</strong></span> <span class='ocrx_word' id='word_1_305' title='bbox 1718 2821 1789 2859; x_wconf 84' lang='lat' dir='ltr'><strong>ex</strong></span> <span class='ocrx_word' id='word_1_306' title='bbox 1832 2804 1992 2859; x_wconf 91' lang='lat' dir='ltr'><strong>nobis</strong></span> <span class='ocrx_word' id='word_1_307' title='bbox 2019 2822 2105 2859; x_wconf 87' lang='lat' dir='ltr'><strong>as-</strong></span> 
     </span>
    </p>
   </div>
   <div class='ocr_carea' id='block_1_46' title="bbox 472 2895 2108 2968">
    <p class='ocr_par' dir='ltr' id='par_1_46' title="bbox 472 2895 2108 2968">
     <span class='ocr_line' id='line_1_46' title="bbox 472 2895 2108 2968; baseline 0.002 -19"><span class='ocrx_word' id='word_1_308' title='bbox 472 2895 735 2966; x_wconf 90' lang='lat' dir='ltr'><strong>sumpsit,</strong></span> <span class='ocrx_word' id='word_1_309' title='bbox 763 2896 1098 2950; x_wconf 90' lang='lat' dir='ltr'><strong>insaniendo</strong></span> <span class='ocrx_word' id='word_1_310' title='bbox 1132 2901 1413 2962; x_wconf 85' lang='lat' dir='ltr'><strong>asserunt,</strong></span> <span class='ocrx_word' id='word_1_311' title='bbox 1450 2898 1647 2967; x_wconf 89' lang='lat' dir='ltr'><strong>procul</strong></span> <span class='ocrx_word' id='word_1_312' title='bbox 1674 2897 1888 2968; x_wconf 89' lang='lat' dir='ltr'><strong>abjicit.</strong></span> <span class='ocrx_word' id='word_1_313' title='bbox 1918 2901 1985 2954; x_wconf 87' lang='lat' dir='ltr'><strong>Et</strong></span> <span class='ocrx_word' id='word_1_314' title='bbox 2013 2915 2108 2953; x_wconf 89' lang='lat' dir='ltr'><strong>eos</strong></span> 
     </span>
    </p>
   </div>
   <div class='ocr_carea' id='block_1_47' title="bbox 477 2982 2104 3062">
    <p class='ocr_par' dir='ltr' id='par_1_47' title="bbox 477 2982 2104 3062">
     <span class='ocr_line' id='line_1_47' title="bbox 477 2982 2104 3062; baseline 0.002 -19"><span class='ocrx_word' id='word_1_315' title='bbox 477 2989 576 3059; x_wconf 91' lang='lat' dir='ltr'><strong>qui</strong></span> <span class='ocrx_word' id='word_1_316' title='bbox 595 2989 736 3044; x_wconf 89' lang='lat' dir='ltr'><strong>duas</strong></span> <span class='ocrx_word' id='word_1_317' title='bbox 754 2992 887 3043; x_wconf 89' lang='lat' dir='ltr'><strong>ante</strong></span> <span class='ocrx_word' id='word_1_318' title='bbox 910 2982 1316 3044; x_wconf 81' lang='lat' dir='ltr'><strong>adunationem</strong></span> <span class='ocrx_word' id='word_1_319' title='bbox 1332 2993 1568 3045; x_wconf 88' lang='lat' dir='ltr'><strong>naturas</strong></span> <span class='ocrx_word' id='word_1_320' title='bbox 1591 2991 1817 3045; x_wconf 89' lang='lat' dir='ltr'><strong>Domini</strong></span> <span class='ocrx_word' id='word_1_321' title='bbox 1837 2991 2104 3062; x_wconf 89' lang='lat' dir='ltr'><strong>delirant,</strong></span> 
     </span>
    </p>
   </div>
   <div class='ocr_carea' id='block_1_48' title="bbox 474 3083 2110 3155">
    <p class='ocr_par' dir='ltr' id='par_1_48' title="bbox 474 3083 2110 3155">
     <span class='ocr_line' id='line_1_48' title="bbox 474 3083 2110 3155; baseline 0.002 -18"><span class='ocrx_word' id='word_1_322' title='bbox 474 3098 655 3138; x_wconf 89' lang='lat' dir='ltr'><strong>unam</strong></span> <span class='ocrx_word' id='word_1_323' title='bbox 678 3099 813 3138; x_wconf 89' lang='lat' dir='ltr'><strong>vero</strong></span> <span class='ocrx_word' id='word_1_324' title='bbox 837 3087 964 3154; x_wconf 90' lang='lat' dir='ltr'><strong>post</strong></span> <span class='ocrx_word' id='word_1_325' title='bbox 984 3083 1393 3138; x_wconf 88' lang='lat' dir='ltr'><strong>adunationem</strong></span> <span class='ocrx_word' id='word_1_326' title='bbox 1417 3084 1769 3155; x_wconf 83' lang='lat' dir='ltr'><strong>confingunt,</strong></span> <span class='ocrx_word' id='word_1_327' title='bbox 1789 3086 2110 3140; x_wconf 90' lang='lat' dir='ltr'><strong>anathema-</strong></span> 
     </span>
    </p>
   </div>
   <div class='ocr_carea' id='block_1_49' title="bbox 475 3175 2107 3233">
    <p class='ocr_par' dir='ltr' id='par_1_49' title="bbox 475 3175 2107 3233">
     <span class='ocr_line' id='line_1_49' title="bbox 475 3175 2107 3233; baseline 0.002 -5"><span class='ocrx_word' id='word_1_328' title='bbox 475 3175 623 3231; x_wconf 85' lang='lat' dir='ltr'><strong>tizat.</strong></span> <span class='ocrx_word' id='word_1_329' title='bbox 680 3177 1107 3232; x_wconf 88' lang='lat' dir='ltr'><strong>Consentientes</strong></span> <span class='ocrx_word' id='word_1_330' title='bbox 1153 3177 1360 3231; x_wconf 86' lang='lat' dir='ltr'><strong>sanctis</strong></span> <span class='ocrx_word' id='word_1_331' title='bbox 1409 3177 1666 3233; x_wconf 87' lang='lat' dir='ltr'><strong>Patribus</strong></span> <span class='ocrx_word' id='word_1_332' title='bbox 1716 3194 1897 3233; x_wconf 90' lang='lat' dir='ltr'><strong>unum</strong></span> <span class='ocrx_word' id='word_1_333' title='bbox 1951 3195 2107 3232; x_wconf 90' lang='lat' dir='ltr'><strong>eum-</strong></span> 
     </span>
    </p>
   </div>
   <div class='ocr_carea' id='block_1_50' title="bbox 2206 2050 3820 2121">
    <p class='ocr_par' dir='ltr' id='par_1_50' title="bbox 2206 2050 3820 2121">
     <span class='ocr_line' id='line_1_50' title="bbox 2206 2050 3820 2121; baseline -0.002 -13"><span class='ocrx_word' id='word_1_334' title='bbox 2206 2053 2514 2108; x_wconf 90' lang='lat' dir='ltr'><strong>Dominum</strong></span> <span class='ocrx_word' id='word_1_335' title='bbox 2540 2055 2732 2108; x_wconf 89' lang='lat' dir='ltr'><strong>Jesum</strong></span> <span class='ocrx_word' id='word_1_336' title='bbox 2762 2053 3074 2121; x_wconf 89' lang='lat' dir='ltr'><strong>Christum,</strong></span> <span class='ocrx_word' id='word_1_337' title='bbox 3111 2052 3257 2106; x_wconf 90' lang='lat' dir='ltr'><strong>sicut</strong></span> <span class='ocrx_word' id='word_1_338' title='bbox 3300 2051 3369 2105; x_wconf 87' lang='lat' dir='ltr'><strong>ab</strong></span> <span class='ocrx_word' id='word_1_339' title='bbox 3412 2050 3652 2105; x_wconf 88' lang='lat' dir='ltr'><strong>exordio</strong></span> <span class='ocrx_word' id='word_1_340' title='bbox 3706 2068 3820 2121; x_wconf 86' lang='lat' dir='ltr'><strong>pro-</strong></span> 
     </span>
    </p>
   </div>
   <div class='ocr_carea' id='block_1_51' title="bbox 2200 2141 3825 2215">
    <p class='ocr_par' dir='ltr' id='par_1_51' title="bbox 2200 2141 3825 2215">
     <span class='ocr_line' id='line_1_51' title="bbox 2200 2141 3825 2215; baseline -0.001 -17"><span class='ocrx_word' id='word_1_341' title='bbox 2200 2142 2393 2215; x_wconf 66' lang='lat' dir='ltr'><strong>phetae</strong></span> <span class='ocrx_word' id='word_1_342' title='bbox 2426 2144 2494 2198; x_wconf 92' lang='lat' dir='ltr'><strong>de</strong></span> <span class='ocrx_word' id='word_1_343' title='bbox 2527 2160 2615 2210; x_wconf 90' lang='lat' dir='ltr'><strong>eo,</strong></span> <span class='ocrx_word' id='word_1_344' title='bbox 2643 2146 2701 2197; x_wconf 92' lang='lat' dir='ltr'><strong>et</strong></span> <span class='ocrx_word' id='word_1_345' title='bbox 2729 2142 2849 2213; x_wconf 90' lang='lat' dir='ltr'><strong>ipse</strong></span> <span class='ocrx_word' id='word_1_346' title='bbox 2877 2158 2980 2196; x_wconf 90' lang='lat' dir='ltr'><strong>nos</strong></span> <span class='ocrx_word' id='word_1_347' title='bbox 3007 2141 3272 2211; x_wconf 84' lang='lat' dir='ltr'><strong>erudivit,</strong></span> <span class='ocrx_word' id='word_1_348' title='bbox 3316 2146 3373 2196; x_wconf 90' lang='lat' dir='ltr'><strong>et</strong></span> <span class='ocrx_word' id='word_1_349' title='bbox 3415 2141 3580 2196; x_wconf 88' lang='lat' dir='ltr'><strong>nobis</strong></span> <span class='ocrx_word' id='word_1_350' title='bbox 3604 2142 3825 2196; x_wconf 83' lang='lat' dir='ltr'><strong>tradidit</strong></span> 
     </span>
    </p>
   </div>
   <div class='ocr_carea' id='block_1_52' title="bbox 2207 2234 3826 2307">
    <p class='ocr_par' dir='ltr' id='par_1_52' title="bbox 2207 2234 3826 2307">
     <span class='ocr_line' id='line_1_52' title="bbox 2207 2234 3826 2307; baseline -0.001 -15"><span class='ocrx_word' id='word_1_351' title='bbox 2207 2238 2549 2307; x_wconf 86' lang='lat' dir='ltr'><strong>symbolum.</strong></span> <span class='ocrx_word' id='word_1_352' title='bbox 2588 2236 2681 2290; x_wconf 84' lang='lat' dir='ltr'><strong>His</strong></span> <span class='ocrx_word' id='word_1_353' title='bbox 2702 2235 2893 2306; x_wconf 88' lang='lat' dir='ltr'><strong>itaque</strong></span> <span class='ocrx_word' id='word_1_354' title='bbox 2910 2250 3039 2289; x_wconf 93' lang='lat' dir='ltr'><strong>cum</strong></span> <span class='ocrx_word' id='word_1_355' title='bbox 3061 2234 3218 2289; x_wconf 91' lang='lat' dir='ltr'><strong>omni</strong></span> <span class='ocrx_word' id='word_1_356' title='bbox 3249 2235 3498 2306; x_wconf 89' lang='lat' dir='ltr'><strong>undique</strong></span> <span class='ocrx_word' id='word_1_357' title='bbox 3522 2234 3826 2290; x_wconf 81' lang='lat' dir='ltr'><strong>subtilitate</strong></span> 
     </span>
    </p>
   </div>
   <div class='ocr_carea' id='block_1_53' title="bbox 2207 2328 3824 2401">
    <p class='ocr_par' dir='ltr' id='par_1_53' title="bbox 2207 2328 3824 2401">
     <span class='ocr_line' id='line_1_53' title="bbox 2207 2328 3824 2401; baseline -0.002 -15"><span class='ocrx_word' id='word_1_358' title='bbox 2207 2338 2263 2386; x_wconf 90' lang='lat' dir='ltr'><strong>et</strong></span> <span class='ocrx_word' id='word_1_359' title='bbox 2310 2330 2603 2401; x_wconf 87' lang='lat' dir='ltr'><strong>diligentia</strong></span> <span class='ocrx_word' id='word_1_360' title='bbox 2662 2346 2696 2383; x_wconf 94' lang='lat' dir='ltr'><strong>a</strong></span> <span class='ocrx_word' id='word_1_361' title='bbox 2749 2329 2910 2382; x_wconf 90' lang='lat' dir='ltr'><strong>nobis</strong></span> <span class='ocrx_word' id='word_1_362' title='bbox 2961 2328 3258 2394; x_wconf 88' lang='lat' dir='ltr'><strong>ordinatis,</strong></span> <span class='ocrx_word' id='word_1_363' title='bbox 3307 2328 3503 2383; x_wconf 83' lang='lat' dir='ltr'><strong>statuit</strong></span> <span class='ocrx_word' id='word_1_364' title='bbox 3544 2332 3745 2383; x_wconf 87' lang='lat' dir='ltr'><strong>sancta</strong></span> <span class='ocrx_word' id='word_1_365' title='bbox 3779 2334 3824 2382; x_wconf 86' lang='lat' dir='ltr'><strong>et</strong></span> 
     </span>
    </p>
   </div>
   <div class='ocr_carea' id='block_1_54' title="bbox 2208 2414 3823 2494">
    <p class='ocr_par' dir='ltr' id='par_1_54' title="bbox 2208 2414 3823 2494">
     <span class='ocr_line' id='line_1_54' title="bbox 2208 2414 3823 2494; baseline -0.002 -16"><span class='ocrx_word' id='word_1_366' title='bbox 2208 2414 2536 2479; x_wconf 83' lang='lat' dir='ltr'><strong>universalis</strong></span> <span class='ocrx_word' id='word_1_367' title='bbox 2580 2423 2827 2494; x_wconf 85' lang='lat' dir='ltr'><strong>synodus</strong></span> <span class='ocrx_word' id='word_1_368' title='bbox 2865 2423 3036 2476; x_wconf 89' lang='lat' dir='ltr'><strong>aliam</strong></span> <span class='ocrx_word' id='word_1_369' title='bbox 3080 2421 3252 2475; x_wconf 85' lang='lat' dir='ltr'><strong>ﬁdem</strong></span> <span class='ocrx_word' id='word_1_370' title='bbox 3299 2422 3437 2475; x_wconf 90' lang='lat' dir='ltr'><strong>nulli</strong></span> <span class='ocrx_word' id='word_1_371' title='bbox 3487 2422 3660 2476; x_wconf 84' lang='lat' dir='ltr'><strong>licere</strong></span> <span class='ocrx_word' id='word_1_372' title='bbox 3714 2438 3823 2494; x_wconf 87' lang='lat' dir='ltr'><strong>pro-</strong></span> 
     </span>
    </p>
   </div>
   <div class='ocr_carea' id='block_1_55' title="bbox 2208 2515 3827 2585">
    <p class='ocr_par' dir='ltr' id='par_1_55' title="bbox 2208 2515 3827 2585">
     <span class='ocr_line' id='line_1_55' title="bbox 2208 2515 3827 2585; baseline -0.002 -13"><span class='ocrx_word' id='word_1_373' title='bbox 2208 2518 2376 2585; x_wconf 84' lang='lat' dir='ltr'><strong>ﬁteri,</strong></span> <span class='ocrx_word' id='word_1_374' title='bbox 2414 2521 2513 2571; x_wconf 91' lang='lat' dir='ltr'><strong>aut</strong></span> <span class='ocrx_word' id='word_1_375' title='bbox 2554 2517 2821 2583; x_wconf 91' lang='lat' dir='ltr'><strong>scribere,</strong></span> <span class='ocrx_word' id='word_1_376' title='bbox 2872 2522 2971 2570; x_wconf 88' lang='lat' dir='ltr'><strong>aut</strong></span> <span class='ocrx_word' id='word_1_377' title='bbox 3018 2516 3243 2581; x_wconf 80' lang='lat' dir='ltr'><strong>docere,</strong></span> <span class='ocrx_word' id='word_1_378' title='bbox 3288 2519 3389 2568; x_wconf 88' lang='lat' dir='ltr'><strong>aut</strong></span> <span class='ocrx_word' id='word_1_379' title='bbox 3431 2515 3620 2570; x_wconf 90' lang='lat' dir='ltr'><strong>dicere</strong></span> <span class='ocrx_word' id='word_1_380' title='bbox 3652 2516 3827 2570; x_wconf 86' lang='lat' dir='ltr'><strong>aliter.</strong></span> 
     </span>
    </p>
   </div>
   <div class='ocr_carea' id='block_1_56' title="bbox 2208 2608 3826 2681">
    <p class='ocr_par' dir='ltr' id='par_1_56' title="bbox 2208 2608 3826 2681">
     <span class='ocr_line' id='line_1_56' title="bbox 2208 2608 3826 2681; baseline -0.002 -15"><span class='ocrx_word' id='word_1_381' title='bbox 2208 2612 2316 2676; x_wconf 89' lang='lat' dir='ltr'><strong>Qui</strong></span> <span class='ocrx_word' id='word_1_382' title='bbox 2353 2616 2544 2667; x_wconf 90' lang='lat' dir='ltr'><strong>autem</strong></span> <span class='ocrx_word' id='word_1_383' title='bbox 2569 2610 2782 2664; x_wconf 87' lang='lat' dir='ltr'><strong>audent</strong></span> <span class='ocrx_word' id='word_1_384' title='bbox 2806 2625 3091 2681; x_wconf 83' lang='lat' dir='ltr'><strong>exponere</strong></span> <span class='ocrx_word' id='word_1_385' title='bbox 3133 2609 3308 2663; x_wconf 90' lang='lat' dir='ltr'><strong>aliam</strong></span> <span class='ocrx_word' id='word_1_386' title='bbox 3343 2608 3536 2676; x_wconf 86' lang='lat' dir='ltr'><strong>fidem,</strong></span> <span class='ocrx_word' id='word_1_387' title='bbox 3565 2613 3668 2664; x_wconf 86' lang='lat' dir='ltr'><strong>aut</strong></span> <span class='ocrx_word' id='word_1_388' title='bbox 3708 2625 3826 2680; x_wconf 84' lang='lat' dir='ltr'><strong>pro-</strong></span> 
     </span>
    </p>
   </div>
   <div class='ocr_carea' id='block_1_57' title="bbox 2208 2701 3833 2774">
    <p class='ocr_par' dir='ltr' id='par_1_57' title="bbox 2208 2701 3833 2774">
     <span class='ocr_line' id='line_1_57' title="bbox 2208 2701 3833 2774; baseline -0.002 -15"><span class='ocrx_word' id='word_1_389' title='bbox 2208 2708 2374 2771; x_wconf 84' lang='lat' dir='ltr'><strong>ferre,</strong></span> <span class='ocrx_word' id='word_1_390' title='bbox 2408 2710 2507 2759; x_wconf 88' lang='lat' dir='ltr'><strong>aut</strong></span> <span class='ocrx_word' id='word_1_391' title='bbox 2543 2705 2745 2759; x_wconf 89' lang='lat' dir='ltr'><strong>docere</strong></span> <span class='ocrx_word' id='word_1_392' title='bbox 2777 2704 2931 2759; x_wconf 86' lang='lat' dir='ltr'><strong>aliud</strong></span> <span class='ocrx_word' id='word_1_393' title='bbox 2972 2703 3314 2774; x_wconf 84' lang='lat' dir='ltr'><strong>symbolum,</strong></span> <span class='ocrx_word' id='word_1_394' title='bbox 3358 2701 3677 2757; x_wconf 85' lang='lat' dir='ltr'><strong>volentibus</strong></span> <span class='ocrx_word' id='word_1_395' title='bbox 3715 2719 3833 2756; x_wconf 88' lang='lat' dir='ltr'><strong>con-</strong></span> 
     </span>
    </p>
   </div>
   <div class='ocr_carea' id='block_1_58' title="bbox 2206 2795 3828 2867">
    <p class='ocr_par' dir='ltr' id='par_1_58' title="bbox 2206 2795 3828 2867">
     <span class='ocr_line' id='line_1_58' title="bbox 2206 2795 3828 2867; baseline -0.003 -14"><span class='ocrx_word' id='word_1_396' title='bbox 2206 2799 2349 2855; x_wconf 82' lang='lat' dir='ltr'><strong>verti</strong></span> <span class='ocrx_word' id='word_1_397' title='bbox 2372 2799 2445 2853; x_wconf 91' lang='lat' dir='ltr'><strong>ad</strong></span> <span class='ocrx_word' id='word_1_398' title='bbox 2476 2797 2772 2853; x_wconf 90' lang='lat' dir='ltr'><strong>scientiam</strong></span> <span class='ocrx_word' id='word_1_399' title='bbox 2791 2797 3068 2864; x_wconf 88' lang='lat' dir='ltr'><strong>veritatis,</strong></span> <span class='ocrx_word' id='word_1_400' title='bbox 3087 2813 3153 2851; x_wconf 86' lang='lat' dir='ltr'><strong>ex</strong></span> <span class='ocrx_word' id='word_1_401' title='bbox 3176 2795 3503 2867; x_wconf 86' lang='lat' dir='ltr'><strong>gentilibus,</strong></span> <span class='ocrx_word' id='word_1_402' title='bbox 3520 2812 3590 2850; x_wconf 87' lang='lat' dir='ltr'><strong>ex</strong></span> <span class='ocrx_word' id='word_1_403' title='bbox 3608 2796 3828 2855; x_wconf 68' lang='lat' dir='ltr'><strong>Judazis.</strong></span> 
     </span>
    </p>
   </div>
   <div class='ocr_carea' id='block_1_59' title="bbox 2208 2890 3831 2963">
    <p class='ocr_par' dir='ltr' id='par_1_59' title="bbox 2208 2890 3831 2963">
     <span class='ocr_line' id='line_1_59' title="bbox 2208 2890 3831 2963; baseline -0.004 -16"><span class='ocrx_word' id='word_1_404' title='bbox 2208 2894 2295 2947; x_wconf 90' lang='lat' dir='ltr'><strong>vel</strong></span> <span class='ocrx_word' id='word_1_405' title='bbox 2324 2892 2608 2947; x_wconf 72' lang='lat' dir='ltr'><strong>hmreticis</strong></span> <span class='ocrx_word' id='word_1_406' title='bbox 2627 2891 3079 2963; x_wconf 76' lang='lat' dir='ltr'><strong>quibuscumque,</strong></span> <span class='ocrx_word' id='word_1_407' title='bbox 3117 2890 3164 2944; x_wconf 91' lang='lat' dir='ltr'><strong>si</strong></span> <span class='ocrx_word' id='word_1_408' title='bbox 3201 2890 3433 2961; x_wconf 90' lang='lat' dir='ltr'><strong>quidem</strong></span> <span class='ocrx_word' id='word_1_409' title='bbox 3465 2890 3722 2961; x_wconf 87' lang='lat' dir='ltr'><strong>episcopi</strong></span> <span class='ocrx_word' id='word_1_410' title='bbox 3744 2894 3831 2943; x_wconf 90' lang='lat' dir='ltr'><strong>aut</strong></span> 
     </span>
    </p>
   </div>
   <div class='ocr_carea' id='block_1_60' title="bbox 2208 2983 3828 3056">
    <p class='ocr_par' dir='ltr' id='par_1_60' title="bbox 2208 2983 3828 3056">
     <span class='ocr_line' id='line_1_60' title="bbox 2208 2983 3828 3056; baseline -0.004 -14"><span class='ocrx_word' id='word_1_411' title='bbox 2208 2986 2395 3042; x_wconf 91' lang='lat' dir='ltr'><strong>clerici</strong></span> <span class='ocrx_word' id='word_1_412' title='bbox 2425 2985 2657 3053; x_wconf 86' lang='lat' dir='ltr'><strong>fuerint,</strong></span> <span class='ocrx_word' id='word_1_413' title='bbox 2679 2985 2896 3040; x_wconf 89' lang='lat' dir='ltr'><strong>alienos</strong></span> <span class='ocrx_word' id='word_1_414' title='bbox 2923 3001 3045 3039; x_wconf 91' lang='lat' dir='ltr'><strong>esse</strong></span> <span class='ocrx_word' id='word_1_415' title='bbox 3073 2983 3367 3056; x_wconf 87' lang='lat' dir='ltr'><strong>episcopos</strong></span> <span class='ocrx_word' id='word_1_416' title='bbox 3387 2984 3456 3039; x_wconf 88' lang='lat' dir='ltr'><strong>ab</strong></span> <span class='ocrx_word' id='word_1_417' title='bbox 3484 2983 3828 3055; x_wconf 84' lang='lat' dir='ltr'><strong>episcopatu,</strong></span> 
     </span>
    </p>
   </div>
   <div class='ocr_carea' id='block_1_61' title="bbox 2209 3077 3829 3143">
    <p class='ocr_par' dir='ltr' id='par_1_61' title="bbox 2209 3077 3829 3143">
     <span class='ocr_line' id='line_1_61' title="bbox 2209 3077 3829 3143; baseline -0.005 -7"><span class='ocrx_word' id='word_1_418' title='bbox 2209 3086 2266 3136; x_wconf 93' lang='lat' dir='ltr'><strong>et</strong></span> <span class='ocrx_word' id='word_1_419' title='bbox 2290 3081 2471 3136; x_wconf 91' lang='lat' dir='ltr'><strong>cleros</strong></span> <span class='ocrx_word' id='word_1_420' title='bbox 2496 3097 2529 3133; x_wconf 87' lang='lat' dir='ltr'><strong>a</strong></span> <span class='ocrx_word' id='word_1_421' title='bbox 2555 3079 2726 3133; x_wconf 88' lang='lat' dir='ltr'><strong>clero.</strong></span> <span class='ocrx_word' id='word_1_422' title='bbox 2771 3078 2827 3134; x_wconf 91' lang='lat' dir='ltr'><strong>Si</strong></span> <span class='ocrx_word' id='word_1_423' title='bbox 2863 3094 2998 3133; x_wconf 87' lang='lat' dir='ltr'><strong>vero</strong></span> <span class='ocrx_word' id='word_1_424' title='bbox 3029 3077 3295 3133; x_wconf 87' lang='lat' dir='ltr'><strong>monachi</strong></span> <span class='ocrx_word' id='word_1_425' title='bbox 3324 3077 3412 3133; x_wconf 87' lang='lat' dir='ltr'><strong>vel</strong></span> <span class='ocrx_word' id='word_1_426' title='bbox 3440 3077 3569 3132; x_wconf 89' lang='lat' dir='ltr'><strong>laici</strong></span> <span class='ocrx_word' id='word_1_427' title='bbox 3601 3077 3829 3143; x_wconf 78' lang='lat' dir='ltr'><strong>fuerint,</strong></span> 
     </span>
    </p>
   </div>
   <div class='ocr_carea' id='block_1_62' title="bbox 2210 3172 2683 3230">
    <p class='ocr_par' dir='ltr' id='par_1_62' title="bbox 2210 3172 2683 3230">
     <span class='ocr_line' id='line_1_62' title="bbox 2210 3172 2683 3230; baseline -0.004 -1"><span class='ocrx_word' id='word_1_428' title='bbox 2210 3176 2521 3230; x_wconf 87' lang='lat' dir='ltr'><strong>anathema</strong></span> <span class='ocrx_word' id='word_1_429' title='bbox 2539 3172 2683 3227; x_wconf 85' lang='lat' dir='ltr'><strong>ﬁeri.</strong></span> 
     </span>
    </p>
   </div>
   <div class='ocr_carea' id='block_1_63' title="bbox 1198 3477 3121 3551">
    <p class='ocr_par' dir='ltr' id='par_1_63' title="bbox 1198 3477 3121 3551">
     <span class='ocr_line' id='line_1_63' title="bbox 1198 3477 3121 3551; baseline -0.005 -2"><span class='ocrx_word' id='word_1_430' title='bbox 1198 3485 1590 3551; x_wconf 74' lang='lat' dir='ltr'><strong>CAPITULA</strong></span> <span class='ocrx_word' id='word_1_431' title='bbox 1635 3485 1984 3551; x_wconf 89' lang='lat' dir='ltr'><strong>EJUSDEM</strong></span> <span class='ocrx_word' id='word_1_432' title='bbox 2028 3480 2721 3549; x_wconf 81' lang='lat' dir='ltr'><strong>CHALCEDONENSIS</strong></span> <span class='ocrx_word' id='word_1_433' title='bbox 2767 3477 3121 3545; x_wconf 87' lang='lat' dir='ltr'><strong>CONClLlI.</strong></span> 
     </span>
    </p>
   </div>
   <div class='ocr_carea' id='block_1_64' title="bbox 550 3664 2181 3750">
    <p class='ocr_par' dir='ltr' id='par_1_64' title="bbox 550 3664 2181 3750">
     <span class='ocr_line' id='line_1_64' title="bbox 550 3664 2181 3750; baseline 0.002 -31"><span class='ocrx_word' id='word_1_434' title='bbox 550 3669 597 3719; x_wconf 92' lang='lat'><strong>1.</strong></span> <span class='ocrx_word' id='word_1_435' title='bbox 640 3666 713 3720; x_wconf 92' lang='lat' dir='ltr'><strong>De</strong></span> <span class='ocrx_word' id='word_1_436' title='bbox 764 3665 1072 3720; x_wconf 87' lang='lat' dir='ltr'><strong>canonibus</strong></span> <span class='ocrx_word' id='word_1_437' title='bbox 1121 3664 1569 3737; x_wconf 89' lang='lat' dir='ltr'><strong>uniuscujusque</strong></span> <span class='ocrx_word' id='word_1_438' title='bbox 1610 3664 1829 3721; x_wconf 90' lang='lat' dir='ltr'><strong>concilii</strong></span> <span class='ocrx_word' id='word_1_439' title='bbox 1872 3676 2181 3750; x_wconf 76' lang='lat' dir='ltr'><strong>conser-C</strong></span> 
     </span>
    </p>
   </div>
   <div class='ocr_carea' id='block_1_65' title="bbox 476 3758 693 3813">
    <p class='ocr_par' dir='ltr' id='par_1_65' title="bbox 476 3758 693 3813">
     <span class='ocr_line' id='line_1_65' title="bbox 476 3758 693 3813; baseline 0.009 -2"><span class='ocrx_word' id='word_1_440' title='bbox 476 3758 693 3813; x_wconf 90' lang='lat' dir='ltr'><strong>vandis.</strong></span> 
     </span>
    </p>
   </div>
   <div class='ocr_carea' id='block_1_66' title="bbox 545 3852 2108 3926">
    <p class='ocr_par' dir='ltr' id='par_1_66' title="bbox 545 3852 2108 3926">
     <span class='ocr_line' id='line_1_66' title="bbox 545 3852 2108 3926; baseline 0.001 -21"><span class='ocrx_word' id='word_1_441' title='bbox 545 3855 597 3905; x_wconf 81' lang='lat'><strong>2.</strong></span> <span class='ocrx_word' id='word_1_442' title='bbox 637 3852 799 3917; x_wconf 86' lang='lat' dir='ltr'><strong>Quod</strong></span> <span class='ocrx_word' id='word_1_443' title='bbox 821 3869 934 3908; x_wconf 90' lang='lat' dir='ltr'><strong>non</strong></span> <span class='ocrx_word' id='word_1_444' title='bbox 958 3856 1183 3925; x_wconf 87' lang='lat' dir='ltr'><strong>oportet</strong></span> <span class='ocrx_word' id='word_1_445' title='bbox 1197 3853 1429 3909; x_wconf 91' lang='lat' dir='ltr'><strong>clericos</strong></span> <span class='ocrx_word' id='word_1_446' title='bbox 1450 3857 1549 3908; x_wconf 91' lang='lat' dir='ltr'><strong>aut</strong></span> <span class='ocrx_word' id='word_1_447' title='bbox 1567 3855 1882 3910; x_wconf 91' lang='lat' dir='ltr'><strong>monachos</strong></span> <span class='ocrx_word' id='word_1_448' title='bbox 1895 3853 2108 3926; x_wconf 82' lang='lat' dir='ltr'><strong>praedia</strong></span> 
     </span>
    </p>
   </div>
   <div class='ocr_carea' id='block_1_67' title="bbox 404 3946 1443 4019">
    <p class='ocr_par' dir='ltr' id='par_1_67' title="bbox 404 3946 1443 4019">
     <span class='ocr_line' id='line_1_67' title="bbox 404 3946 1443 4019; baseline 0.006 -22"><span class='ocrx_word' id='word_1_449' title='bbox 404 4008 409 4013; x_wconf 90' lang='grc' dir='ltr'><strong> </strong></span> <span class='ocrx_word' id='word_1_450' title='bbox 475 3946 765 4001; x_wconf 61' lang='lat' dir='ltr'><strong>saecularia</strong></span> <span class='ocrx_word' id='word_1_451' title='bbox 794 3948 882 4000; x_wconf 91' lang='lat' dir='ltr'><strong>vel</strong></span> <span class='ocrx_word' id='word_1_452' title='bbox 915 3963 1112 4002; x_wconf 89' lang='lat' dir='ltr'><strong>causas</strong></span> <span class='ocrx_word' id='word_1_453' title='bbox 1139 3948 1443 4019; x_wconf 89' lang='lat' dir='ltr'><strong>suscipere.</strong></span> 
     </span>
    </p>
   </div>
   <div class='ocr_carea' id='block_1_68' title="bbox 548 4040 2109 4112">
    <p class='ocr_par' dir='ltr' id='par_1_68' title="bbox 548 4040 2109 4112">
     <span class='ocr_line' id='line_1_68' title="bbox 548 4040 2109 4112; baseline -0.001 -18"><span class='ocrx_word' id='word_1_454' title='bbox 548 4043 601 4094; x_wconf 92' lang='lat'><strong>3.</strong></span> <span class='ocrx_word' id='word_1_455' title='bbox 641 4040 802 4104; x_wconf 90' lang='lat' dir='ltr'><strong>Quod</strong></span> <span class='ocrx_word' id='word_1_456' title='bbox 829 4056 943 4093; x_wconf 89' lang='lat' dir='ltr'><strong>non</strong></span> <span class='ocrx_word' id='word_1_457' title='bbox 976 4044 1233 4111; x_wconf 87' lang='lat' dir='ltr'><strong>oporteat</strong></span> <span class='ocrx_word' id='word_1_458' title='bbox 1272 4041 1563 4112; x_wconf 89' lang='lat' dir='ltr'><strong>episcopos</strong></span> <span class='ocrx_word' id='word_1_459' title='bbox 1604 4045 1703 4095; x_wconf 87' lang='lat' dir='ltr'><strong>aut</strong></span> <span class='ocrx_word' id='word_1_460' title='bbox 1733 4040 2017 4111; x_wconf 89' lang='lat' dir='ltr'><strong>quoslibet</strong></span> <span class='ocrx_word' id='word_1_461' title='bbox 2041 4056 2109 4094; x_wconf 87' lang='lat' dir='ltr'><strong>ex</strong></span> 
     </span>
    </p>
   </div>
   <div class='ocr_carea' id='block_1_69' title="bbox 477 4133 1358 4203">
    <p class='ocr_par' dir='ltr' id='par_1_69' title="bbox 477 4133 1358 4203">
     <span class='ocr_line' id='line_1_69' title="bbox 477 4133 1358 4203; baseline 0.002 -18"><span class='ocrx_word' id='word_1_462' title='bbox 477 4134 628 4187; x_wconf 90' lang='lat' dir='ltr'><strong>clero</strong></span> <span class='ocrx_word' id='word_1_463' title='bbox 650 4148 753 4203; x_wconf 87' lang='lat' dir='ltr'><strong>per</strong></span> <span class='ocrx_word' id='word_1_464' title='bbox 780 4133 1048 4202; x_wconf 87' lang='lat' dir='ltr'><strong>pecunias</strong></span> <span class='ocrx_word' id='word_1_465' title='bbox 1069 4134 1358 4187; x_wconf 87' lang='lat' dir='ltr'><strong>ordinare.</strong></span> 
     </span>
    </p>
   </div>
   <div class='ocr_carea' id='block_1_70' title="bbox 548 4220 2111 4293">
    <p class='ocr_par' dir='ltr' id='par_1_70' title="bbox 548 4220 2111 4293">
     <span class='ocr_line' id='line_1_70' title="bbox 548 4220 2111 4293; baseline 0.001 -20"><span class='ocrx_word' id='word_1_466' title='bbox 548 4220 600 4273; x_wconf 78' lang='grc'><strong>4.</strong></span> <span class='ocrx_word' id='word_1_467' title='bbox 642 4220 721 4273; x_wconf 92' lang='lat' dir='ltr'><strong>De</strong></span> <span class='ocrx_word' id='word_1_468' title='bbox 748 4220 968 4274; x_wconf 88' lang='lat' dir='ltr'><strong>honore</strong></span> <span class='ocrx_word' id='word_1_469' title='bbox 1006 4221 1302 4276; x_wconf 90' lang='lat' dir='ltr'><strong>monachis</strong></span> <span class='ocrx_word' id='word_1_470' title='bbox 1331 4227 1714 4293; x_wconf 89' lang='lat' dir='ltr'><strong>competente,</strong></span> <span class='ocrx_word' id='word_1_471' title='bbox 1746 4226 1801 4278; x_wconf 90' lang='lat' dir='ltr'><strong>et</strong></span> <span class='ocrx_word' id='word_1_472' title='bbox 1831 4227 1895 4277; x_wconf 91' lang='lat' dir='ltr'><strong>ut</strong></span> <span class='ocrx_word' id='word_1_473' title='bbox 1922 4223 2111 4277; x_wconf 90' lang='lat' dir='ltr'><strong>nullus</strong></span> 
     </span>
    </p>
   </div>
   <div class='ocr_carea' id='block_1_71' title="bbox 477 4313 2110 4387">
    <p class='ocr_par' dir='ltr' id='par_1_71' title="bbox 477 4313 2110 4387">
     <span class='ocr_line' id='line_1_71' title="bbox 477 4313 2110 4387; baseline 0.001 -20"><span class='ocrx_word' id='word_1_474' title='bbox 477 4327 677 4367; x_wconf 89' lang='lat' dir='ltr'><strong>eorum</strong></span> <span class='ocrx_word' id='word_1_475' title='bbox 706 4315 884 4367; x_wconf 89' lang='lat' dir='ltr'><strong>tentet</strong></span> <span class='ocrx_word' id='word_1_476' title='bbox 916 4313 1294 4369; x_wconf 90' lang='lat' dir='ltr'><strong>ecclesiastica</strong></span> <span class='ocrx_word' id='word_1_477' title='bbox 1335 4318 1435 4368; x_wconf 89' lang='lat' dir='ltr'><strong>aut</strong></span> <span class='ocrx_word' id='word_1_478' title='bbox 1471 4316 1759 4370; x_wconf 70' lang='lat' dir='ltr'><strong>srecnlaria</strong></span> <span class='ocrx_word' id='word_1_479' title='bbox 1789 4315 2110 4387; x_wconf 88' lang='lat' dir='ltr'><strong>inquietare</strong></span> 
     </span>
    </p>
   </div>
   <div class='ocr_carea' id='block_1_72' title="bbox 480 4405 2107 4480">
    <p class='ocr_par' dir='ltr' id='par_1_72' title="bbox 480 4405 2107 4480">
     <span class='ocr_line' id='line_1_72' title="bbox 480 4405 2107 4480; baseline 0.002 -21"><span class='ocrx_word' id='word_1_480' title='bbox 480 4405 725 4477; x_wconf 89' lang='lat' dir='ltr'><strong>negotia,</strong></span> <span class='ocrx_word' id='word_1_481' title='bbox 762 4421 866 4461; x_wconf 90' lang='lat' dir='ltr'><strong>nec</strong></span> <span class='ocrx_word' id='word_1_482' title='bbox 904 4407 1154 4461; x_wconf 90' lang='lat' dir='ltr'><strong>alienum</strong></span> <span class='ocrx_word' id='word_1_483' title='bbox 1186 4423 1409 4463; x_wconf 89' lang='lat' dir='ltr'><strong>servum</strong></span> <span class='ocrx_word' id='word_1_484' title='bbox 1462 4413 1671 4480; x_wconf 69' lang='lat' dir='ltr'><strong>praeter</strong></span> <span class='ocrx_word' id='word_1_485' title='bbox 1699 4408 2107 4464; x_wconf 89' lang='lat' dir='ltr'><strong>conscientiam</strong></span> 
     </span>
    </p>
   </div>
   <div class='ocr_carea' id='block_1_73' title="bbox 480 4499 1177 4579">
    <p class='ocr_par' dir='ltr' id='par_1_73' title="bbox 480 4499 1177 4579">
     <span class='ocr_line' id='line_1_73' title="bbox 480 4499 1177 4579; baseline 0.003 -24"><span class='ocrx_word' id='word_1_486' title='bbox 480 4499 705 4579; x_wconf 86' lang='lat' dir='ltr'><strong>Domini</strong></span> <span class='ocrx_word' id='word_1_487' title='bbox 728 4500 850 4572; x_wconf 84' lang='lat' dir='ltr'><strong>ejus</strong></span> <span class='ocrx_word' id='word_1_488' title='bbox 871 4500 1177 4573; x_wconf 85' lang='lat' dir='ltr'><strong>suscipere.</strong></span> 
     </span>
    </p>
   </div>
   <div class='ocr_carea' id='block_1_74' title="bbox 549 4595 2109 4669">
    <p class='ocr_par' dir='ltr' id='par_1_74' title="bbox 549 4595 2109 4669">
     <span class='ocr_line' id='line_1_74' title="bbox 549 4595 2109 4669; baseline 0 -19"><span class='ocrx_word' id='word_1_489' title='bbox 549 4600 601 4650; x_wconf 80' lang='lat'><strong>5.</strong></span> <span class='ocrx_word' id='word_1_490' title='bbox 642 4595 806 4661; x_wconf 91' lang='lat' dir='ltr'><strong>Quod</strong></span> <span class='ocrx_word' id='word_1_491' title='bbox 831 4612 948 4651; x_wconf 87' lang='lat' dir='ltr'><strong>non</strong></span> <span class='ocrx_word' id='word_1_492' title='bbox 990 4596 1159 4651; x_wconf 90' lang='lat' dir='ltr'><strong>liceat</strong></span> <span class='ocrx_word' id='word_1_493' title='bbox 1185 4596 1452 4669; x_wconf 86' lang='lat' dir='ltr'><strong>episcopo</strong></span> <span class='ocrx_word' id='word_1_494' title='bbox 1484 4601 1581 4652; x_wconf 92' lang='lat' dir='ltr'><strong>aut</strong></span> <span class='ocrx_word' id='word_1_495' title='bbox 1606 4596 1835 4652; x_wconf 85' lang='lat' dir='ltr'><strong>cuilibet</strong></span> <span class='ocrx_word' id='word_1_496' title='bbox 1863 4613 1927 4651; x_wconf 88' lang='lat' dir='ltr'><strong>ex</strong></span> <span class='ocrx_word' id='word_1_497' title='bbox 1958 4598 2109 4651; x_wconf 89' lang='lat' dir='ltr'><strong>clero</strong></span> 
     </span>
    </p>
   </div>
   <div class='ocr_carea' id='block_1_75' title="bbox 478 4688 1587 4746">
    <p class='ocr_par' dir='ltr' id='par_1_75' title="bbox 478 4688 1587 4746">
     <span class='ocr_line' id='line_1_75' title="bbox 478 4688 1587 4746; baseline 0.004 -6"><span class='ocrx_word' id='word_1_498' title='bbox 478 4688 547 4740; x_wconf 87' lang='lat' dir='ltr'><strong>de</strong></span> <span class='ocrx_word' id='word_1_499' title='bbox 581 4688 688 4742; x_wconf 90' lang='lat' dir='ltr'><strong>alia</strong></span> <span class='ocrx_word' id='word_1_500' title='bbox 716 4689 783 4744; x_wconf 88' lang='lat' dir='ltr'><strong>ad</strong></span> <span class='ocrx_word' id='word_1_501' title='bbox 813 4690 981 4745; x_wconf 89' lang='lat' dir='ltr'><strong>aliam</strong></span> <span class='ocrx_word' id='word_1_502' title='bbox 1010 4690 1251 4745; x_wconf 88' lang='lat' dir='ltr'><strong>transire</strong></span> <span class='ocrx_word' id='word_1_503' title='bbox 1280 4690 1587 4746; x_wconf 89' lang='lat' dir='ltr'><strong>civitatem.</strong></span> 
     </span>
    </p>
   </div>
   <div class='ocr_carea' id='block_1_76' title="bbox 550 4783 2107 4857">
    <p class='ocr_par' dir='ltr' id='par_1_76' title="bbox 550 4783 2107 4857">
     <span class='ocr_line' id='line_1_76' title="bbox 550 4783 2107 4857; baseline 0.004 -24"><span class='ocrx_word' id='word_1_504' title='bbox 550 4784 602 4835; x_wconf 87' lang='lat'><strong>6.</strong></span> <span class='ocrx_word' id='word_1_505' title='bbox 642 4783 799 4846; x_wconf 90' lang='lat' dir='ltr'><strong>Quod</strong></span> <span class='ocrx_word' id='word_1_506' title='bbox 836 4800 949 4838; x_wconf 90' lang='lat' dir='ltr'><strong>non</strong></span> <span class='ocrx_word' id='word_1_507' title='bbox 981 4787 1205 4855; x_wconf 88' lang='lat' dir='ltr'><strong>oportet</strong></span> <span class='ocrx_word' id='word_1_508' title='bbox 1244 4785 1496 4841; x_wconf 87' lang='lat' dir='ltr'><strong>absolute</strong></span> <span class='ocrx_word' id='word_1_509' title='bbox 1525 4785 1806 4857; x_wconf 84' lang='lat' dir='ltr'><strong>quoslibet</strong></span> <span class='ocrx_word' id='word_1_510' title='bbox 1834 4784 2107 4840; x_wconf 86' lang='lat' dir='ltr'><strong>ordinari.</strong></span> 
     </span>
    </p>
   </div>
   <div class='ocr_carea' id='block_1_77' title="bbox 551 4875 2109 4952">
    <p class='ocr_par' dir='ltr' id='par_1_77' title="bbox 551 4875 2109 4952">
     <span class='ocr_line' id='line_1_77' title="bbox 551 4875 2109 4952; baseline 0.003 -24"><span class='ocrx_word' id='word_1_511' title='bbox 551 4879 601 4928; x_wconf 85' lang='lat'><strong>7.</strong></span> <span class='ocrx_word' id='word_1_512' title='bbox 647 4876 720 4929; x_wconf 89' lang='lat' dir='ltr'><strong>De</strong></span> <span class='ocrx_word' id='word_1_513' title='bbox 764 4875 981 4931; x_wconf 89' lang='lat' dir='ltr'><strong>clericis</strong></span> <span class='ocrx_word' id='word_1_514' title='bbox 1019 4881 1075 4932; x_wconf 88' lang='lat' dir='ltr'><strong>et</strong></span> <span class='ocrx_word' id='word_1_515' title='bbox 1118 4878 1414 4935; x_wconf 89' lang='lat' dir='ltr'><strong>monachis</strong></span> <span class='ocrx_word' id='word_1_516' title='bbox 1443 4879 1502 4934; x_wconf 89' lang='lat' dir='ltr'><strong>in</strong></span> <span class='ocrx_word' id='word_1_517' title='bbox 1534 4896 1637 4934; x_wconf 89' lang='lat' dir='ltr'><strong>suo</strong></span> <span class='ocrx_word' id='word_1_518' title='bbox 1670 4879 1962 4952; x_wconf 90' lang='lat' dir='ltr'><strong>proposito</strong></span> <span class='ocrx_word' id='word_1_519' title='bbox 1991 4894 2109 4933; x_wconf 88' lang='lat' dir='ltr'><strong>non</strong></span> 
     </span>
    </p>
   </div>
   <div class='ocr_carea' id='block_1_78' title="bbox 480 4969 861 5025">
    <p class='ocr_par' dir='ltr' id='par_1_78' title="bbox 480 4969 861 5025">
     <span class='ocr_line' id='line_1_78' title="bbox 480 4969 861 5025; baseline 0.01 -4"><span class='ocrx_word' id='word_1_520' title='bbox 480 4969 861 5025; x_wconf 86' lang='lat' dir='ltr'><strong>manentibus.</strong></span> 
     </span>
    </p>
   </div>
   <div class='ocr_carea' id='block_1_79' title="bbox 551 5048 2189 5137">
    <p class='ocr_par' dir='ltr' id='par_1_79' title="bbox 551 5048 2189 5137">
     <span class='ocr_line' id='line_1_79' title="bbox 551 5048 2189 5137; baseline 0.002 -21"><span class='ocrx_word' id='word_1_521' title='bbox 551 5066 602 5117; x_wconf 91' lang='lat'><strong>8.</strong></span> <span class='ocrx_word' id='word_1_522' title='bbox 648 5063 724 5116; x_wconf 84' lang='lat' dir='ltr'><strong>De</strong></span> <span class='ocrx_word' id='word_1_523' title='bbox 756 5063 969 5117; x_wconf 90' lang='lat' dir='ltr'><strong>clericis</strong></span> <span class='ocrx_word' id='word_1_524' title='bbox 1009 5064 1105 5136; x_wconf 84' lang='lat' dir='ltr'><strong>qui</strong></span> <span class='ocrx_word' id='word_1_525' title='bbox 1143 5072 1276 5120; x_wconf 88' lang='lat' dir='ltr'><strong>sunt</strong></span> <span class='ocrx_word' id='word_1_526' title='bbox 1304 5067 1360 5121; x_wconf 91' lang='lat' dir='ltr'><strong>in</strong></span> <span class='ocrx_word' id='word_1_527' title='bbox 1392 5065 1696 5137; x_wconf 87' lang='lat' dir='ltr'><strong>parochiis,</strong></span> <span class='ocrx_word' id='word_1_528' title='bbox 1731 5063 2106 5134; x_wconf 89' lang='lat' dir='ltr'><strong>monasteriis,</strong></span> <span class='ocrx_word' id='word_1_529' title='bbox 2129 5048 2189 5120; x_wconf 84' lang='lat' dir='ltr'><strong>D</strong></span> 
     </span>
    </p>
   </div>
   <div class='ocr_carea' id='block_1_80' title="bbox 478 5157 2108 5230">
    <p class='ocr_par' dir='ltr' id='par_1_80' title="bbox 478 5157 2108 5230">
     <span class='ocr_line' id='line_1_80' title="bbox 478 5157 2108 5230; baseline 0.001 -21"><span class='ocrx_word' id='word_1_530' title='bbox 478 5160 648 5228; x_wconf 82' lang='lat' dir='ltr'><strong>atque</strong></span> <span class='ocrx_word' id='word_1_531' title='bbox 713 5158 996 5227; x_wconf 75' lang='lat' dir='ltr'><strong>martyr-iis</strong></span> <span class='ocrx_word' id='word_1_532' title='bbox 1050 5174 1176 5229; x_wconf 66' lang='lat' dir='ltr'><strong>quae</strong></span> <span class='ocrx_word' id='word_1_533' title='bbox 1228 5159 1332 5214; x_wconf 89' lang='lat' dir='ltr'><strong>sub</strong></span> <span class='ocrx_word' id='word_1_534' title='bbox 1382 5160 1667 5230; x_wconf 88' lang='lat' dir='ltr'><strong>potestate</strong></span> <span class='ocrx_word' id='word_1_535' title='bbox 1719 5157 2108 5229; x_wconf 86' lang='lat' dir='ltr'><strong>episcoporum</strong></span> 
     </span>
    </p>
   </div>
   <div class='ocr_carea' id='block_1_81' title="bbox 480 5249 1485 5321">
    <p class='ocr_par' dir='ltr' id='par_1_81' title="bbox 480 5249 1485 5321">
     <span class='ocr_line' id='line_1_81' title="bbox 480 5249 1485 5321; baseline 0.004 -17"><span class='ocrx_word' id='word_1_536' title='bbox 480 5249 918 5321; x_wconf 83' lang='lat' dir='ltr'><strong>uniuscujusque</strong></span> <span class='ocrx_word' id='word_1_537' title='bbox 944 5251 1186 5307; x_wconf 89' lang='lat' dir='ltr'><strong>civitatis</strong></span> <span class='ocrx_word' id='word_1_538' title='bbox 1216 5253 1485 5308; x_wconf 88' lang='lat' dir='ltr'><strong>existunt.</strong></span> 
     </span>
    </p>
   </div>
   <div class='ocr_carea' id='block_1_82' title="bbox 549 5343 2112 5417">
    <p class='ocr_par' dir='ltr' id='par_1_82' title="bbox 549 5343 2112 5417">
     <span class='ocr_line' id='line_1_82' title="bbox 549 5343 2112 5417; baseline -0.001 -19"><span class='ocrx_word' id='word_1_539' title='bbox 549 5348 602 5399; x_wconf 86' lang='lat'><strong>9.</strong></span> <span class='ocrx_word' id='word_1_540' title='bbox 643 5343 804 5408; x_wconf 87' lang='lat' dir='ltr'><strong>Quod</strong></span> <span class='ocrx_word' id='word_1_541' title='bbox 851 5360 965 5399; x_wconf 91' lang='lat' dir='ltr'><strong>non</strong></span> <span class='ocrx_word' id='word_1_542' title='bbox 1012 5349 1269 5416; x_wconf 87' lang='lat' dir='ltr'><strong>oporteat</strong></span> <span class='ocrx_word' id='word_1_543' title='bbox 1312 5346 1528 5401; x_wconf 88' lang='lat' dir='ltr'><strong>clericis</strong></span> <span class='ocrx_word' id='word_1_544' title='bbox 1574 5344 1959 5417; x_wconf 71' lang='lat' dir='ltr'><strong>prmtermisso</strong></span> <span class='ocrx_word' id='word_1_545' title='bbox 2000 5344 2112 5415; x_wconf 87' lang='lat' dir='ltr'><strong>cpi-</strong></span> 
     </span>
    </p>
   </div>
   <div class='ocr_carea' id='block_1_83' title="bbox 478 5437 1665 5510">
    <p class='ocr_par' dir='ltr' id='par_1_83' title="bbox 478 5437 1665 5510">
     <span class='ocr_line' id='line_1_83' title="bbox 478 5437 1665 5510; baseline 0.001 -18"><span class='ocrx_word' id='word_1_546' title='bbox 478 5454 647 5510; x_wconf 88' lang='lat' dir='ltr'><strong>scopo</strong></span> <span class='ocrx_word' id='word_1_547' title='bbox 674 5438 745 5493; x_wconf 92' lang='lat' dir='ltr'><strong>ad</strong></span> <span class='ocrx_word' id='word_1_548' title='bbox 765 5437 1057 5493; x_wconf 74' lang='lat' dir='ltr'><strong>saecularia</strong></span> <span class='ocrx_word' id='word_1_549' title='bbox 1077 5438 1294 5509; x_wconf 88' lang='lat' dir='ltr'><strong>judicia</strong></span> <span class='ocrx_word' id='word_1_550' title='bbox 1322 5455 1665 5495; x_wconf 82' lang='lat' dir='ltr'><strong>commeare.</strong></span> 
     </span>
    </p>
   </div>
   <div class='ocr_carea' id='block_1_84' title="bbox 554 5531 2113 5598">
    <p class='ocr_par' dir='ltr' id='par_1_84' title="bbox 554 5531 2113 5598">
     <span class='ocr_line' id='line_1_84' title="bbox 554 5531 2113 5598; baseline 0.001 -11"><span class='ocrx_word' id='word_1_551' title='bbox 554 5536 637 5587; x_wconf 89' lang='lat'><strong>10.</strong></span> <span class='ocrx_word' id='word_1_552' title='bbox 682 5531 843 5598; x_wconf 92' lang='lat' dir='ltr'><strong>Quod</strong></span> <span class='ocrx_word' id='word_1_553' title='bbox 872 5549 989 5588; x_wconf 92' lang='lat' dir='ltr'><strong>non</strong></span> <span class='ocrx_word' id='word_1_554' title='bbox 1022 5533 1186 5589; x_wconf 91' lang='lat' dir='ltr'><strong>liceat</strong></span> <span class='ocrx_word' id='word_1_555' title='bbox 1210 5534 1445 5589; x_wconf 90' lang='lat' dir='ltr'><strong>clericos</strong></span> <span class='ocrx_word' id='word_1_556' title='bbox 1491 5534 1549 5589; x_wconf 90' lang='lat' dir='ltr'><strong>in</strong></span> <span class='ocrx_word' id='word_1_557' title='bbox 1596 5533 1816 5589; x_wconf 89' lang='lat' dir='ltr'><strong>duabus</strong></span> <span class='ocrx_word' id='word_1_558' title='bbox 1871 5533 2113 5589; x_wconf 90' lang='lat' dir='ltr'><strong>ecclesiis</strong></span> 
     </span>
    </p>
   </div>
   <div class='ocr_carea' id='block_1_85' title="bbox 479 5622 825 5683">
    <p class='ocr_par' dir='ltr' id='par_1_85' title="bbox 479 5622 825 5683">
     <span class='ocr_line' id='line_1_85' title="bbox 479 5622 825 5683; baseline 0.012 -6"><span class='ocrx_word' id='word_1_559' title='bbox 479 5622 825 5683; x_wconf 90' lang='lat' dir='ltr'><strong>ministrare.</strong></span> 
     </span>
    </p>
   </div>
   <div class='ocr_carea' id='block_1_86' title="bbox 556 5720 2113 5795">
    <p class='ocr_par' dir='ltr' id='par_1_86' title="bbox 556 5720 2113 5795">
     <span class='ocr_line' id='line_1_86' title="bbox 556 5720 2113 5795; baseline 0.004 -25"><span class='ocrx_word' id='word_1_560' title='bbox 556 5722 639 5771; x_wconf 91' lang='lat'><strong>11.</strong></span> <span class='ocrx_word' id='word_1_561' title='bbox 679 5721 841 5784; x_wconf 92' lang='lat' dir='ltr'><strong>Quod</strong></span> <span class='ocrx_word' id='word_1_562' title='bbox 861 5738 973 5778; x_wconf 90' lang='lat' dir='ltr'><strong>non</strong></span> <span class='ocrx_word' id='word_1_563' title='bbox 995 5726 1249 5795; x_wconf 81' lang='lat' dir='ltr'><strong>oporteat</strong></span> <span class='ocrx_word' id='word_1_564' title='bbox 1271 5722 1466 5794; x_wconf 84' lang='lat' dir='ltr'><strong>egenis</strong></span> <span class='ocrx_word' id='word_1_565' title='bbox 1484 5722 1786 5793; x_wconf 88' lang='lat' dir='ltr'><strong>epistolam</strong></span> <span class='ocrx_word' id='word_1_566' title='bbox 1805 5720 1996 5790; x_wconf 89' lang='lat' dir='ltr'><strong>tribui,</strong></span> <span class='ocrx_word' id='word_1_567' title='bbox 2012 5722 2113 5777; x_wconf 88' lang='lat' dir='ltr'><strong>ho-</strong></span> 
     </span>
    </p>
   </div>
   <div class='ocr_carea' id='block_1_87' title="bbox 484 5809 2109 5888">
    <p class='ocr_par' dir='ltr' id='par_1_87' title="bbox 484 5809 2109 5888">
     <span class='ocr_line' id='line_1_87' title="bbox 484 5809 2109 5888; baseline 0.007 -29"><span class='ocrx_word' id='word_1_568' title='bbox 484 5809 761 5866; x_wconf 88' lang='lat' dir='ltr'><strong>nestiores</strong></span> <span class='ocrx_word' id='word_1_569' title='bbox 806 5821 996 5873; x_wconf 88' lang='lat' dir='ltr'><strong>autem</strong></span> <span class='ocrx_word' id='word_1_570' title='bbox 1034 5816 1518 5873; x_wconf 88' lang='lat' dir='ltr'><strong>commendatitiis</strong></span> <span class='ocrx_word' id='word_1_571' title='bbox 1548 5816 1750 5873; x_wconf 88' lang='lat' dir='ltr'><strong>litteris</strong></span> <span class='ocrx_word' id='word_1_572' title='bbox 1776 5815 2109 5888; x_wconf 87' lang='lat' dir='ltr'><strong>approbare.</strong></span> 
     </span>
    </p>
   </div>
   <div class='ocr_carea' id='block_1_88' title="bbox 2284 3653 3830 3732">
    <p class='ocr_par' dir='ltr' id='par_1_88' title="bbox 2284 3653 3830 3732">
     <span class='ocr_line' id='line_1_88' title="bbox 2284 3653 3830 3732; baseline -0.008 -13"><span class='ocrx_word' id='word_1_573' title='bbox 2284 3668 2365 3718; x_wconf 82' lang='lat'><strong>12.</strong></span> <span class='ocrx_word' id='word_1_574' title='bbox 2395 3663 2558 3727; x_wconf 90' lang='lat' dir='ltr'><strong>Quod</strong></span> <span class='ocrx_word' id='word_1_575' title='bbox 2592 3674 2954 3732; x_wconf 85' lang='lat' dir='ltr'><strong>nequaquam</strong></span> <span class='ocrx_word' id='word_1_576' title='bbox 2981 3656 3201 3712; x_wconf 87' lang='lat' dir='ltr'><strong>duobus</strong></span> <span class='ocrx_word' id='word_1_577' title='bbox 3230 3653 3679 3727; x_wconf 88' lang='lat' dir='ltr'><strong>metropolitanis</strong></span> <span class='ocrx_word' id='word_1_578' title='bbox 3707 3671 3830 3726; x_wconf 86' lang='lat' dir='ltr'><strong>pro-</strong></span> 
     </span>
    </p>
   </div>
   <div class='ocr_carea' id='block_1_89' title="bbox 2208 3756 3139 3825">
    <p class='ocr_par' dir='ltr' id='par_1_89' title="bbox 2208 3756 3139 3825">
     <span class='ocr_line' id='line_1_89' title="bbox 2208 3756 3139 3825; baseline -0.008 -15"><span class='ocrx_word' id='word_1_579' title='bbox 2208 3757 2392 3812; x_wconf 90' lang='lat' dir='ltr'><strong>vincia</strong></span> <span class='ocrx_word' id='word_1_580' title='bbox 2420 3756 2720 3811; x_wconf 87' lang='lat' dir='ltr'><strong>dividatur.</strong></span> <span class='ocrx_word' id='word_1_581' title='bbox 3126 3819 3139 3825; x_wconf 83' lang='lat'><strong><em>_</em></strong></span> 
     </span>
    </p>
   </div>
   <div class='ocr_carea' id='block_1_90' title="bbox 2280 3841 3831 3923">
    <p class='ocr_par' dir='ltr' id='par_1_90' title="bbox 2280 3841 3831 3923">
     <span class='ocr_line' id='line_1_90' title="bbox 2280 3841 3831 3923; baseline -0.008 -18"><span class='ocrx_word' id='word_1_582' title='bbox 2280 3850 2408 3923; x_wconf 85' lang='lat'><strong>&#39;73</strong></span> <span class='ocrx_word' id='word_1_583' title='bbox 2437 3852 2521 3904; x_wconf 90' lang='lat'><strong>13.</strong></span> <span class='ocrx_word' id='word_1_584' title='bbox 2553 3846 2719 3913; x_wconf 90' lang='lat' dir='ltr'><strong>Quod</strong></span> <span class='ocrx_word' id='word_1_585' title='bbox 2742 3860 2855 3900; x_wconf 90' lang='lat' dir='ltr'><strong>non</strong></span> <span class='ocrx_word' id='word_1_586' title='bbox 2875 3846 3137 3915; x_wconf 87' lang='lat' dir='ltr'><strong>oporteat</strong></span> <span class='ocrx_word' id='word_1_587' title='bbox 3152 3847 3451 3898; x_wconf 85' lang='lat' dir='ltr'><strong>extraneos</strong></span> <span class='ocrx_word' id='word_1_588' title='bbox 3466 3842 3700 3897; x_wconf 88' lang='lat' dir='ltr'><strong>clericos</strong></span> <span class='ocrx_word' id='word_1_589' title='bbox 3714 3841 3831 3894; x_wconf 86' lang='lat' dir='ltr'><strong>sine</strong></span> 
     </span>
    </p>
   </div>
   <div class='ocr_carea' id='block_1_91' title="bbox 2210 3935 3283 3999">
    <p class='ocr_par' dir='ltr' id='par_1_91' title="bbox 2210 3935 3283 3999">
     <span class='ocr_line' id='line_1_91' title="bbox 2210 3935 3283 3999; baseline -0.009 -1"><span class='ocrx_word' id='word_1_590' title='bbox 2210 3941 2686 3999; x_wconf 88' lang='lat' dir='ltr'><strong>commendatitiis</strong></span> <span class='ocrx_word' id='word_1_591' title='bbox 2710 3938 2913 3994; x_wconf 90' lang='lat' dir='ltr'><strong>litteris</strong></span> <span class='ocrx_word' id='word_1_592' title='bbox 2939 3935 3283 3991; x_wconf 89' lang='lat' dir='ltr'><strong>ministrare.</strong></span> 
     </span>
    </p>
   </div>
   <div class='ocr_carea' id='block_1_92' title="bbox 2287 4026 3835 4101">
    <p class='ocr_par' dir='ltr' id='par_1_92' title="bbox 2287 4026 3835 4101">
     <span class='ocr_line' id='line_1_92' title="bbox 2287 4026 3835 4101; baseline -0.008 -9"><span class='ocrx_word' id='word_1_593' title='bbox 2287 4038 2369 4092; x_wconf 76' lang='grc'><strong>14.</strong></span> <span class='ocrx_word' id='word_1_594' title='bbox 2397 4034 2560 4101; x_wconf 89' lang='lat' dir='ltr'><strong>Quod</strong></span> <span class='ocrx_word' id='word_1_595' title='bbox 2591 4049 2706 4089; x_wconf 90' lang='lat' dir='ltr'><strong>non</strong></span> <span class='ocrx_word' id='word_1_596' title='bbox 2732 4032 2899 4087; x_wconf 89' lang='lat' dir='ltr'><strong>liceat</strong></span> <span class='ocrx_word' id='word_1_597' title='bbox 2928 4029 3134 4085; x_wconf 87' lang='lat' dir='ltr'><strong>clerico</strong></span> <span class='ocrx_word' id='word_1_598' title='bbox 3151 4043 3391 4083; x_wconf 89' lang='lat' dir='ltr'><strong>uxorem</strong></span> <span class='ocrx_word' id='word_1_599' title='bbox 3413 4030 3582 4082; x_wconf 68' lang='lat' dir='ltr'><strong>sectae</strong></span> <span class='ocrx_word' id='word_1_600' title='bbox 3608 4026 3835 4081; x_wconf 86' lang='lat' dir='ltr'><strong>alterius</strong></span> 
     </span>
    </p>
   </div>
   <div class='ocr_carea' id='block_1_93' title="bbox 2211 4119 3832 4204">
    <p class='ocr_par' dir='ltr' id='par_1_93' title="bbox 2211 4119 3832 4204">
     <span class='ocr_line' id='line_1_93' title="bbox 2211 4119 3832 4204; baseline -0.007 -20"><span class='ocrx_word' id='word_1_601' title='bbox 2211 4129 2489 4201; x_wconf 89' lang='lat' dir='ltr'><strong>accipere,</strong></span> <span class='ocrx_word' id='word_1_602' title='bbox 2531 4125 2639 4180; x_wconf 86' lang='lat' dir='ltr'><strong>nisi</strong></span> <span class='ocrx_word' id='word_1_603' title='bbox 2685 4125 2830 4180; x_wconf 89' lang='lat' dir='ltr'><strong>forte</strong></span> <span class='ocrx_word' id='word_1_604' title='bbox 2870 4123 3152 4204; x_wconf 71' lang='lat' dir='ltr'><strong>spondeat</strong></span> <span class='ocrx_word' id='word_1_605' title='bbox 3174 4138 3246 4201; x_wconf 21' lang='lat' dir='ltr'><strong>[se</strong></span> <span class='ocrx_word' id='word_1_606' title='bbox 3299 4120 3370 4175; x_wconf 87' lang='lat' dir='ltr'><strong>ad</strong></span> <span class='ocrx_word' id='word_1_607' title='bbox 3424 4136 3617 4175; x_wconf 89' lang='lat' dir='ltr'><strong>veram</strong></span> <span class='ocrx_word' id='word_1_608' title='bbox 3664 4119 3832 4173; x_wconf 82' lang='lat' dir='ltr'><strong>fidem</strong></span> 
     </span>
    </p>
   </div>
   <div class='ocr_carea' id='block_1_94' title="bbox 2209 4208 3343 4283">
    <p class='ocr_par' dir='ltr' id='par_1_94' title="bbox 2209 4208 3343 4283">
     <span class='ocr_line' id='line_1_94' title="bbox 2209 4208 3343 4283; baseline -0.001 -6"><span class='ocrx_word' id='word_1_609' title='bbox 2209 4222 2421 4279; x_wconf 89' lang='lat' dir='ltr'><strong>venire.</strong></span> <span class='ocrx_word' id='word_1_610' title='bbox 3340 4228 3343 4231; x_wconf 75' lang='grc'>’</span> 
     </span>
    </p>
   </div>
   <div class='ocr_carea' id='block_1_95' title="bbox 2283 4307 3830 4383">
    <p class='ocr_par' dir='ltr' id='par_1_95' title="bbox 2283 4307 3830 4383">
     <span class='ocr_line' id='line_1_95' title="bbox 2283 4307 3830 4383; baseline -0.009 -10"><span class='ocrx_word' id='word_1_611' title='bbox 2283 4323 2367 4373; x_wconf 79' lang='lat'><strong>15.</strong></span> <span class='ocrx_word' id='word_1_612' title='bbox 2403 4317 2478 4371; x_wconf 91' lang='lat' dir='ltr'><strong>De</strong></span> <span class='ocrx_word' id='word_1_613' title='bbox 2504 4313 2833 4371; x_wconf 90' lang='lat' dir='ltr'><strong>diaconissis</strong></span> <span class='ocrx_word' id='word_1_614' title='bbox 2857 4311 3215 4378; x_wconf 88' lang='lat' dir='ltr'><strong>mulieribus,</strong></span> <span class='ocrx_word' id='word_1_615' title='bbox 3237 4310 3388 4383; x_wconf 91' lang='lat' dir='ltr'><strong>quod</strong></span> <span class='ocrx_word' id='word_1_616' title='bbox 3410 4325 3525 4364; x_wconf 91' lang='lat' dir='ltr'><strong>non</strong></span> <span class='ocrx_word' id='word_1_617' title='bbox 3542 4308 3704 4364; x_wconf 88' lang='lat' dir='ltr'><strong>liceat</strong></span> <span class='ocrx_word' id='word_1_618' title='bbox 3721 4307 3830 4362; x_wconf 86' lang='lat' dir='ltr'><strong>nisi</strong></span> 
     </span>
    </p>
   </div>
   <div class='ocr_carea' id='block_1_96' title="bbox 2210 4406 2997 4485">
    <p class='ocr_par' dir='ltr' id='par_1_96' title="bbox 2210 4406 2997 4485">
     <span class='ocr_line' id='line_1_96' title="bbox 2210 4406 2997 4485; baseline -0.009 -17"><span class='ocrx_word' id='word_1_619' title='bbox 2210 4409 2696 4485; x_wconf 89' lang='lat' dir='ltr'><strong>quadragenarias</strong></span> <span class='ocrx_word' id='word_1_620' title='bbox 2725 4406 2997 4463; x_wconf 90' lang='lat' dir='ltr'><strong>ordinari.</strong></span> 
     </span>
    </p>
   </div>
   <div class='ocr_carea' id='block_1_97' title="bbox 2287 4495 3832 4572">
    <p class='ocr_par' dir='ltr' id='par_1_97' title="bbox 2287 4495 3832 4572">
     <span class='ocr_line' id='line_1_97' title="bbox 2287 4495 3832 4572; baseline -0.008 -11"><span class='ocrx_word' id='word_1_621' title='bbox 2287 4510 2368 4561; x_wconf 84' lang='lat'><strong>16.</strong></span> <span class='ocrx_word' id='word_1_622' title='bbox 2401 4508 2478 4561; x_wconf 89' lang='lat' dir='ltr'><strong>De</strong></span> <span class='ocrx_word' id='word_1_623' title='bbox 2509 4501 2805 4559; x_wconf 88' lang='lat' dir='ltr'><strong>monachis</strong></span> <span class='ocrx_word' id='word_1_624' title='bbox 2830 4501 2915 4556; x_wconf 90' lang='lat' dir='ltr'><strong>vel</strong></span> <span class='ocrx_word' id='word_1_625' title='bbox 2944 4498 3146 4572; x_wconf 90' lang='lat' dir='ltr'><strong>puellis</strong></span> <span class='ocrx_word' id='word_1_626' title='bbox 3169 4499 3282 4553; x_wconf 91' lang='lat' dir='ltr'><strong>Deo</strong></span> <span class='ocrx_word' id='word_1_627' title='bbox 3304 4495 3531 4567; x_wconf 88' lang='lat' dir='ltr'><strong>dicatis,</strong></span> <span class='ocrx_word' id='word_1_628' title='bbox 3561 4495 3704 4569; x_wconf 89' lang='lat' dir='ltr'><strong>quod</strong></span> <span class='ocrx_word' id='word_1_629' title='bbox 3722 4511 3832 4549; x_wconf 90' lang='lat' dir='ltr'><strong>non</strong></span> 
     </span>
    </p>
   </div>
   <div class='ocr_carea' id='block_1_98' title="bbox 2210 4594 2935 4668">
    <p class='ocr_par' dir='ltr' id='par_1_98' title="bbox 2210 4594 2935 4668">
     <span class='ocr_line' id='line_1_98' title="bbox 2210 4594 2935 4668; baseline -0.01 -13"><span class='ocrx_word' id='word_1_630' title='bbox 2210 4601 2380 4655; x_wconf 86' lang='lat' dir='ltr'><strong>liceat</strong></span> <span class='ocrx_word' id='word_1_631' title='bbox 2408 4599 2486 4655; x_wconf 92' lang='lat' dir='ltr'><strong>eis</strong></span> <span class='ocrx_word' id='word_1_632' title='bbox 2513 4597 2728 4668; x_wconf 88' lang='lat' dir='ltr'><strong>nuptiis</strong></span> <span class='ocrx_word' id='word_1_633' title='bbox 2745 4594 2935 4667; x_wconf 87' lang='lat' dir='ltr'><strong>jungi.</strong></span> 
     </span>
    </p>
   </div>
   <div class='ocr_carea' id='block_1_99' title="bbox 2287 4682 3832 4760">
    <p class='ocr_par' dir='ltr' id='par_1_99' title="bbox 2287 4682 3832 4760">
     <span class='ocr_line' id='line_1_99' title="bbox 2287 4682 3832 4760; baseline -0.008 -12"><span class='ocrx_word' id='word_1_634' title='bbox 2287 4698 2371 4749; x_wconf 87' lang='lat'><strong>1&#39;7.</strong></span> <span class='ocrx_word' id='word_1_635' title='bbox 2405 4694 2480 4747; x_wconf 89' lang='lat' dir='ltr'><strong>De</strong></span> <span class='ocrx_word' id='word_1_636' title='bbox 2507 4689 2757 4746; x_wconf 91' lang='lat' dir='ltr'><strong>ecclesiis</strong></span> <span class='ocrx_word' id='word_1_637' title='bbox 2787 4689 2845 4744; x_wconf 91' lang='lat' dir='ltr'><strong>in</strong></span> <span class='ocrx_word' id='word_1_638' title='bbox 2873 4686 3155 4760; x_wconf 89' lang='lat' dir='ltr'><strong>parochiis</strong></span> <span class='ocrx_word' id='word_1_639' title='bbox 3181 4701 3287 4758; x_wconf 89' lang='lat' dir='ltr'><strong>per</strong></span> <span class='ocrx_word' id='word_1_640' title='bbox 3310 4685 3550 4756; x_wconf 86' lang='lat' dir='ltr'><strong>triginta</strong></span> <span class='ocrx_word' id='word_1_641' title='bbox 3570 4699 3739 4739; x_wconf 85' lang='lat' dir='ltr'><strong>annos</strong></span> <span class='ocrx_word' id='word_1_642' title='bbox 3760 4682 3832 4736; x_wconf 85' lang='lat' dir='ltr'><strong>ab</strong></span> 
     </span>
    </p>
   </div>
   <div class='ocr_carea' id='block_1_100' title="bbox 2211 4779 3413 4863">
    <p class='ocr_par' dir='ltr' id='par_1_100' title="bbox 2211 4779 3413 4863">
     <span class='ocr_line' id='line_1_100' title="bbox 2211 4779 3413 4863; baseline -0.007 -21"><span class='ocrx_word' id='word_1_643' title='bbox 2211 4786 2473 4860; x_wconf 87' lang='lat' dir='ltr'><strong>episcopo</strong></span> <span class='ocrx_word' id='word_1_644' title='bbox 2501 4784 2710 4840; x_wconf 87' lang='lat' dir='ltr'><strong>habitis</strong></span> <span class='ocrx_word' id='word_1_645' title='bbox 2738 4782 2825 4837; x_wconf 89' lang='lat' dir='ltr'><strong>vel</strong></span> <span class='ocrx_word' id='word_1_646' title='bbox 2852 4781 3140 4863; x_wconf 79' lang='lat' dir='ltr'><strong>renovatis</strong></span> <span class='ocrx_word' id='word_1_647' title='bbox 3158 4779 3413 4835; x_wconf 87' lang='lat' dir='ltr'><strong>urbibus.</strong></span> 
     </span>
    </p>
   </div>
   <div class='ocr_carea' id='block_1_101' title="bbox 2288 4866 3829 4950">
    <p class='ocr_par' dir='ltr' id='par_1_101' title="bbox 2288 4866 3829 4950">
     <span class='ocr_line' id='line_1_101' title="bbox 2288 4866 3829 4950; baseline -0.008 -15"><span class='ocrx_word' id='word_1_648' title='bbox 2288 4884 2369 4936; x_wconf 88' lang='lat'><strong>18.</strong></span> <span class='ocrx_word' id='word_1_649' title='bbox 2404 4881 2483 4934; x_wconf 87' lang='lat' dir='ltr'><strong>De</strong></span> <span class='ocrx_word' id='word_1_650' title='bbox 2513 4875 2924 4950; x_wconf 86' lang='lat' dir='ltr'><strong>conspiratione</strong></span> <span class='ocrx_word' id='word_1_651' title='bbox 2952 4866 3313 4943; x_wconf 83' lang='lat' dir='ltr'><strong>clericorum,</strong></span> <span class='ocrx_word' id='word_1_652' title='bbox 3349 4872 3505 4944; x_wconf 90' lang='lat' dir='ltr'><strong>quod</strong></span> <span class='ocrx_word' id='word_1_653' title='bbox 3526 4870 3829 4937; x_wconf 73' lang='lat' dir='ltr'><strong>Graecifra~</strong></span> 
     </span>
    </p>
   </div>
   <div class='ocr_carea' id='block_1_102' title="bbox 2213 4974 2592 5032">
    <p class='ocr_par' dir='ltr' id='par_1_102' title="bbox 2213 4974 2592 5032">
     <span class='ocr_line' id='line_1_102' title="bbox 2213 4974 2592 5032; baseline -0.013 -1"><span class='ocrx_word' id='word_1_654' title='bbox 2213 4978 2349 5032; x_wconf 66' lang='lat' dir='ltr'><strong>frias</strong></span> <span class='ocrx_word' id='word_1_655' title='bbox 2378 4974 2592 5029; x_wconf 87' lang='lat' dir='ltr'><strong>dicunt.</strong></span> 
     </span>
    </p>
   </div>
   <div class='ocr_carea' id='block_1_103' title="bbox 2288 5060 3835 5137">
    <p class='ocr_par' dir='ltr' id='par_1_103' title="bbox 2288 5060 3835 5137">
     <span class='ocr_line' id='line_1_103' title="bbox 2288 5060 3835 5137; baseline -0.008 -13"><span class='ocrx_word' id='word_1_656' title='bbox 2288 5073 2370 5125; x_wconf 81' lang='lat'><strong>19.</strong></span> <span class='ocrx_word' id='word_1_657' title='bbox 2401 5068 2561 5133; x_wconf 88' lang='lat' dir='ltr'><strong>Quod</strong></span> <span class='ocrx_word' id='word_1_658' title='bbox 2590 5067 2854 5137; x_wconf 81' lang='lat' dir='ltr'><strong>oporteat</strong></span> <span class='ocrx_word' id='word_1_659' title='bbox 2874 5080 2979 5136; x_wconf 90' lang='lat' dir='ltr'><strong>per</strong></span> <span class='ocrx_word' id='word_1_660' title='bbox 3003 5060 3321 5136; x_wconf 84' lang='lat' dir='ltr'><strong>provincias</strong></span> <span class='ocrx_word' id='word_1_661' title='bbox 3341 5061 3431 5116; x_wconf 86' lang='lat' dir='ltr'><strong>bis</strong></span> <span class='ocrx_word' id='word_1_662' title='bbox 3452 5061 3514 5116; x_wconf 89' lang='lat' dir='ltr'><strong>in</strong></span> <span class='ocrx_word' id='word_1_663' title='bbox 3536 5076 3679 5116; x_wconf 90' lang='lat' dir='ltr'><strong>anno</strong></span> <span class='ocrx_word' id='word_1_664' title='bbox 3701 5073 3835 5111; x_wconf 84' lang='lat' dir='ltr'><strong>con-</strong></span> 
     </span>
    </p>
   </div>
   <div class='ocr_carea' id='block_1_104' title="bbox 2212 5161 2514 5218">
    <p class='ocr_par' dir='ltr' id='par_1_104' title="bbox 2212 5161 2514 5218">
     <span class='ocr_line' id='line_1_104' title="bbox 2212 5161 2514 5218; baseline -0.007 -1"><span class='ocrx_word' id='word_1_665' title='bbox 2212 5163 2342 5218; x_wconf 88' lang='lat' dir='ltr'><strong>cilia</strong></span> <span class='ocrx_word' id='word_1_666' title='bbox 2369 5161 2514 5216; x_wconf 86' lang='lat' dir='ltr'><strong>fieri.</strong></span> 
     </span>
    </p>
   </div>
   <div class='ocr_carea' id='block_1_105' title="bbox 2284 5251 3833 5320">
    <p class='ocr_par' dir='ltr' id='par_1_105' title="bbox 2284 5251 3833 5320">
     <span class='ocr_line' id='line_1_105' title="bbox 2284 5251 3833 5320; baseline -0.01 -9"><span class='ocrx_word' id='word_1_667' title='bbox 2284 5259 2371 5311; x_wconf 69' lang='lat'><strong>20.</strong></span> <span class='ocrx_word' id='word_1_668' title='bbox 2395 5255 2553 5320; x_wconf 90' lang='lat' dir='ltr'><strong>Quod</strong></span> <span class='ocrx_word' id='word_1_669' title='bbox 2582 5253 2821 5308; x_wconf 90' lang='lat' dir='ltr'><strong>minime</strong></span> <span class='ocrx_word' id='word_1_670' title='bbox 2853 5252 3068 5308; x_wconf 87' lang='lat' dir='ltr'><strong>clericis</strong></span> <span class='ocrx_word' id='word_1_671' title='bbox 3086 5252 3142 5307; x_wconf 90' lang='lat' dir='ltr'><strong>in</strong></span> <span class='ocrx_word' id='word_1_672' title='bbox 3161 5251 3329 5305; x_wconf 85' lang='lat' dir='ltr'><strong>aliam</strong></span> <span class='ocrx_word' id='word_1_673' title='bbox 3348 5251 3631 5305; x_wconf 87' lang='lat' dir='ltr'><strong>civitatem</strong></span> <span class='ocrx_word' id='word_1_674' title='bbox 3651 5251 3833 5299; x_wconf 85' lang='lat' dir='ltr'><strong>trans-</strong></span> 
     </span>
    </p>
   </div>
   <div class='ocr_carea' id='block_1_106' title="bbox 2214 5343 3831 5422">
    <p class='ocr_par' dir='ltr' id='par_1_106' title="bbox 2214 5343 3831 5422">
     <span class='ocr_line' id='line_1_106' title="bbox 2214 5343 3831 5422; baseline -0.009 -17"><span class='ocrx_word' id='word_1_675' title='bbox 2214 5351 2459 5422; x_wconf 84' lang='lat' dir='ltr'><strong>migrarc</strong></span> <span class='ocrx_word' id='word_1_676' title='bbox 2492 5348 2680 5415; x_wconf 82' lang='lat' dir='ltr'><strong>liceat,</strong></span> <span class='ocrx_word' id='word_1_677' title='bbox 2714 5347 2819 5401; x_wconf 91' lang='lat' dir='ltr'><strong>nisi</strong></span> <span class='ocrx_word' id='word_1_678' title='bbox 2868 5347 2948 5400; x_wconf 87' lang='lat' dir='ltr'><strong>eis</strong></span> <span class='ocrx_word' id='word_1_679' title='bbox 2988 5345 3081 5417; x_wconf 82' lang='lat' dir='ltr'><strong>qui</strong></span> <span class='ocrx_word' id='word_1_680' title='bbox 3129 5362 3230 5417; x_wconf 89' lang='lat' dir='ltr'><strong>pro</strong></span> <span class='ocrx_word' id='word_1_681' title='bbox 3273 5343 3664 5416; x_wconf 73' lang='lat' dir='ltr'><strong>persecutione</strong></span> <span class='ocrx_word' id='word_1_682' title='bbox 3696 5354 3831 5410; x_wconf 84' lang='lat' dir='ltr'><strong>pro-</strong></span> 
     </span>
    </p>
   </div>
   <div class='ocr_carea' id='block_1_107' title="bbox 2206 5426 2994 5516">
    <p class='ocr_par' dir='ltr' id='par_1_107' title="bbox 2206 5426 2994 5516">
     <span class='ocr_line' id='line_1_107' title="bbox 2206 5426 2994 5516; baseline -0.005 -17"><span class='ocrx_word' id='word_1_683' title='bbox 2206 5426 2363 5516; x_wconf 76' lang='lat' dir='ltr'><strong>prias</strong></span> <span class='ocrx_word' id='word_1_684' title='bbox 2393 5441 2693 5497; x_wconf 88' lang='lat' dir='ltr'><strong>amiserint</strong></span> <span class='ocrx_word' id='word_1_685' title='bbox 2724 5441 2994 5495; x_wconf 85' lang='lat' dir='ltr'><strong>civitates.</strong></span> 
     </span>
    </p>
   </div>
   <div class='ocr_carea' id='block_1_108' title="bbox 2283 5522 3836 5604">
    <p class='ocr_par' dir='ltr' id='par_1_108' title="bbox 2283 5522 3836 5604">
     <span class='ocr_line' id='line_1_108' title="bbox 2283 5522 3836 5604; baseline -0.009 -16"><span class='ocrx_word' id='word_1_686' title='bbox 2283 5538 2370 5588; x_wconf 76' lang='lat'><strong>21.</strong></span> <span class='ocrx_word' id='word_1_687' title='bbox 2402 5535 2475 5588; x_wconf 80' lang='lat' dir='ltr'><strong>De</strong></span> <span class='ocrx_word' id='word_1_688' title='bbox 2498 5532 2896 5604; x_wconf 87' lang='lat' dir='ltr'><strong>episcoporum</strong></span> <span class='ocrx_word' id='word_1_689' title='bbox 2926 5532 3023 5584; x_wconf 87' lang='lat' dir='ltr'><strong>aut</strong></span> <span class='ocrx_word' id='word_1_690' title='bbox 3051 5530 3387 5585; x_wconf 90' lang='lat' dir='ltr'><strong>clericorum</strong></span> <span class='ocrx_word' id='word_1_691' title='bbox 3409 5522 3836 5589; x_wconf 85' lang='lat' dir='ltr'><strong>accusatoribus,</strong></span> 
     </span>
    </p>
   </div>
   <div class='ocr_carea' id='block_1_109' title="bbox 2214 5623 3467 5700">
    <p class='ocr_par' dir='ltr' id='par_1_109' title="bbox 2214 5623 3467 5700">
     <span class='ocr_line' id='line_1_109' title="bbox 2214 5623 3467 5700; baseline -0.004 -18"><span class='ocrx_word' id='word_1_692' title='bbox 2214 5627 2407 5700; x_wconf 87' lang='lat' dir='ltr'><strong>quales</strong></span> <span class='ocrx_word' id='word_1_693' title='bbox 2430 5627 2679 5689; x_wconf 77' lang='lat' dir='ltr'><strong>debeant</strong></span> <span class='ocrx_word' id='word_1_694' title='bbox 2706 5623 2910 5695; x_wconf 89' lang='lat' dir='ltr'><strong>suscipi</strong></span> <span class='ocrx_word' id='word_1_695' title='bbox 2944 5623 3002 5678; x_wconf 89' lang='lat' dir='ltr'><strong>in</strong></span> <span class='ocrx_word' id='word_1_696' title='bbox 3031 5623 3467 5679; x_wconf 89' lang='lat' dir='ltr'><strong>accusationem.</strong></span> 
     </span>
    </p>
   </div>
   <div class='ocr_carea' id='block_1_110' title="bbox 2284 5710 3838 5790">
    <p class='ocr_par' dir='ltr' id='par_1_110' title="bbox 2284 5710 3838 5790">
     <span class='ocr_line' id='line_1_110' title="bbox 2284 5710 3838 5790; baseline -0.008 -15"><span class='ocrx_word' id='word_1_697' title='bbox 2284 5723 2374 5776; x_wconf 75' lang='lat'><strong>22.</strong></span> <span class='ocrx_word' id='word_1_698' title='bbox 2405 5714 2563 5785; x_wconf 84' lang='lat' dir='ltr'><strong>Quod</strong></span> <span class='ocrx_word' id='word_1_699' title='bbox 2592 5736 2705 5775; x_wconf 92' lang='lat' dir='ltr'><strong>non</strong></span> <span class='ocrx_word' id='word_1_700' title='bbox 2734 5718 2902 5773; x_wconf 89' lang='lat' dir='ltr'><strong>liceat</strong></span> <span class='ocrx_word' id='word_1_701' title='bbox 2929 5717 3144 5772; x_wconf 87' lang='lat' dir='ltr'><strong>clericis</strong></span> <span class='ocrx_word' id='word_1_702' title='bbox 3172 5722 3300 5790; x_wconf 90' lang='lat' dir='ltr'><strong>post</strong></span> <span class='ocrx_word' id='word_1_703' title='bbox 3336 5721 3579 5773; x_wconf 80' lang='lat' dir='ltr'><strong>mortem</strong></span> <span class='ocrx_word' id='word_1_704' title='bbox 3605 5712 3680 5770; x_wconf 88' lang='lat' dir='ltr'><strong>sui</strong></span> <span class='ocrx_word' id='word_1_705' title='bbox 3703 5710 3838 5782; x_wconf 83' lang='lat' dir='ltr'><strong>epi-</strong></span> 
     </span>
    </p>
   </div>
   <div class='ocr_carea' id='block_1_111' title="bbox 2216 5811 3414 5887">
    <p class='ocr_par' dir='ltr' id='par_1_111' title="bbox 2216 5811 3414 5887">
     <span class='ocr_line' id='line_1_111' title="bbox 2216 5811 3414 5887; baseline -0.001 -19"><span class='ocrx_word' id='word_1_706' title='bbox 2216 5815 2370 5887; x_wconf 86' lang='lat' dir='ltr'><strong>scopi</strong></span> <span class='ocrx_word' id='word_1_707' title='bbox 2405 5830 2497 5869; x_wconf 86' lang='lat' dir='ltr'><strong>res</strong></span> <span class='ocrx_word' id='word_1_708' title='bbox 2520 5813 2589 5870; x_wconf 91' lang='lat' dir='ltr'><strong>ad</strong></span> <span class='ocrx_word' id='word_1_709' title='bbox 2618 5828 2748 5868; x_wconf 88' lang='lat' dir='ltr'><strong>eum</strong></span> <span class='ocrx_word' id='word_1_710' title='bbox 2774 5811 3125 5884; x_wconf 83' lang='lat' dir='ltr'><strong>pertinentes</strong></span> <span class='ocrx_word' id='word_1_711' title='bbox 3146 5811 3414 5885; x_wconf 86' lang='lat' dir='ltr'><strong>diripere.</strong></span> 
     </span>
    </p>
   </div>
  </div>
