3964 6178
176 272 185 277 ”
203 269 290 316 300

1419 258 1887 314 ΠιοῖίὶΙῖΕΤΧΙᾸὶῩΜ
1928 261 2310 313 (ῖωιιιλῡατιυ.

3419 276 3520 324 IHO

260 378 334 428 23.
363 373 434 425 De
481 366 693 424 clericis
750 371 808 421 et
859 367 1153 423 monachis
1212 338 1786 437 excommunicandis,
1811 382 1871 455 Α
1960 374 2050 425 25.
2084 370 2244 434 Quod
2273 386 2389 425 non
2418 376 2682 443 oporteat
2702 375 2835 445 post
2858 376 3077 432 obitum
3103 376 3353 449 episcopi
3374 381 3521 435 ordi-

202 469 282 537 qui
302 467 496 536 praeter
510 462 855 517 voluntatem
876 461 959 515 sui
988 460 1235 532 episcopi
1251 460 1320 515 ad
1340 460 1545 516 urbem
1570 462 1791 534 regiam

200 578 218 611 ι
230 558 310 614 cui
317 560 426 612 unt.

257 654 332 706 24.
360 650 509 716 Quod
550 666 666 704 non
711 648 875 704 liceat
918 648 1263 704 monasteria
1310 665 1438 720 quae
1466 653 1790 706 consecrata

195 750 308 800 sunt
329 744 631 800 diversoria
659 741 951 799 saecularia
980 742 1127 798 fieri.

1468 908 1703 916 ω-

1889 464 2191 523 nationem
2215 464 2444 519 alterius
2470 465 2698 522 differre
2730 468 2993 541 episcopi.

1958 561 2049 613 26.
2080 558 2160 612 De
2208 560 2531 627 oeconomia,
2566 560 2624 616 id
2652 565 2734 616 est
2763 561 3255 635 dispensatoribus
3284 565 3521 638 singulis

1890 651 2151 707 Ecclesiis
2176 650 2472 707 habendis.
3500 665 3507 671 '

1960 748 2049 800 27.
2078 745 2157 802 De
2188 744 2276 800 his
2304 744 2401 819 qui
2431 745 2535 800 sibi
2562 747 2791 819 rapiunt
2817 766 3038 807 uxores.

621 1082 1115 1163 INCIPIUNT
1189 1083 1629 1165 DECRETA
1704 1085 2114 1166 CONCILII
2188 1087 3052 1171 CHALCEDONENSIS.

1324 1268 1539 1349 (Anno
1568 1271 1842 1334 Domini
1866 1276 2006 1346 454,
2048 1273 2115 1334 in
2149 1273 2355 1349 Asia.)

247 1593 474 1664 Regulas
500 1593 711 1648 sanctis
737 1592 991 1648 Patribus
1015 1592 1075 1647 in
1100 1608 1444 1665 unaquaque
1467 1595 1681 1666 synodo
1706 1612 1794 1651 us-
1812 1609 1870 1682 B
1894 1602 2049 1665 sunt,
2065 1599 2352 1671 subjectos
2370 1616 2487 1656 esse
2511 1601 2718 1657 debere
2739 1600 3007 1673 episcopo
3023 1605 3082 1657 et
3097 1601 3273 1674 quieti
3289 1617 3520 1673 operam

187 1703 276 1759 que
298 1703 439 1744 nunc
468 1687 738 1759 prolatas,
771 1686 1070 1760 proprium
1102 1687 1275 1744 robur
1300 1688 1556 1746 obtinere
1585 1689 1787 1745 statui-

189 1799 307 1837 mus.

246 1878 300 1932 ll.
328 1877 378 1931 Si
408 1876 539 1949 quis
579 1876 981 1949 episcoporum
1011 1883 1239 1951 accepta
1279 1880 1525 1950 pecunia
1556 1880 1787 1935 ordina-

189 1971 366 2025 tionem
392 1971 615 2038 fecerit,
642 1974 699 2026 et
728 1971 833 2026 sub
853 1972 1099 2042 pretium
1130 1972 1431 2027 deduxerit
1448 1973 1793 2045 impretiabi-

186 2064 276 2118 lem
300 2065 547 2137 gratiam
578 2068 749 2136 atque
782 2065 1129 2121 ordinaverit
1156 2083 1262 2137 per
1278 2066 1555 2138 pecunias
1581 2067 1791 2137 episco-

183 2175 318 2228 pum,
332 2158 442 2213 sive
461 2158 885 2230 coepiscopum,
901 2160 1015 2215 sive
1033 2160 1425 2232 presbyterum
1438 2202 1451 2227 ,
1467 2160 1581 2216 sive
1601 2160 1786 2216 diaco-

180 2267 315 2317 num,
359 2257 459 2307 aut
512 2268 915 2324 quemcunque
974 2254 1148 2308 alium
1195 2254 1291 2325 qui
1348 2258 1792 2309 connumeratur

182 2344 305 2398 inter
331 2347 589 2414 clericos,
620 2349 720 2400 aut
744 2350 969 2417 accepta
1000 2348 1243 2418 pecunia
1268 2347 1615 2403 ordinaverit
1637 2365 1787 2402 meo-

183 2455 405 2505 nomum,
465 2440 525 2493 id
570 2444 659 2495 est
714 2440 1074 2495 defensorem
1133 2441 1249 2495 sive
1294 2442 1786 2513 paramonarium,

180 2534 483 2605 quicunque
505 2550 644 2604 ergo
672 2533 793 2589 haec
814 2533 1119 2589 meditatus
1146 2534 1338 2603 fuerit,
1361 2535 1473 2589 sive
1502 2536 1790 2590 convictus

180 2626 342 2693 fuerit,
370 2628 497 2699 ipse
542 2626 775 2698 quidem
820 2627 1025 2682 subeat
1056 2628 1267 2698 gradus
1309 2629 1395 2682 sui
1442 2629 1701 2699 periculi,
1734 2634 1792 2683 et

181 2720 258 2789 qui
284 2722 356 2774 sic
380 2720 681 2776 ordinatus
709 2720 899 2787 fuerit,
931 2721 1152 2775 nullum
1193 2722 1402 2777 habeat
1442 2722 1689 2776 fructum
1722 2739 1787 2776 ex

179 2813 483 2884 hujusmodi
509 2813 888 2869 mercimonio
909 2817 968 2868 et
984 2814 1271 2870 creatione
1293 2814 1587 2886 probrosa,
1607 2816 1699 2870 sed
1720 2816 1791 2871 sit

178 2906 369 2961 alienus
394 2913 454 2962 et
481 2906 775 2976 dignitatis
816 2912 875 2961 et
916 2907 1312 2962 sollicitudinis
1342 2909 1464 2978 ejus
1488 2925 1659 2981 quam
1688 2926 1792 2980 per

1892 1692 2048 1760 dare,
2079 1695 2250 1766 atque
2276 1694 2570 1750 observare
2606 1694 2827 1766 jejunia
2869 1698 2926 1750 et
2964 1694 3244 1751 orationes
3288 1695 3348 1750 in
3390 1695 3525 1750 locis

1893 1786 1948 1841 in
1975 1786 2177 1858 quibus
2206 1788 2380 1843 semel
2409 1790 2523 1844 Deo
2554 1804 2613 1844 se
2640 1788 2987 1844 devoverunt
3011 1791 3434 1861 pemanenms,
3466 1791 3524 1842 et

1891 1897 2077 1953 neque
2106 1883 2535 1937 communicare
2564 1881 2973 1938 ecclesiasticas
3008 1898 3192 1953 neque
3221 1881 3522 1937 saeculares

1892 1975 2111 2046 aliquas
2138 1978 2443 2031 attrectare
2465 1976 2712 2031 actiones
2741 1975 3128 2046 relinquentes
3153 1974 3386 2046 propria
3405 1991 3524 2029 mo-

1889 2068 2155 2139 nasteria,
2187 2068 2298 2124 nisi
2330 2069 2479 2125 forte
2503 2070 2825 2141 jubeantur
2850 2072 3087 2139 propter
3112 2070 3387 2139 urgentes
3418 2082 3515 2121 ne~

1890 2162 2176 2217 cessitates
2206 2163 2277 2217 ab
2307 2162 2483 2234 ipsius
2528 2162 2764 2217 civitatis
2814 2162 3113 2234 episcOpo;
3142 2165 3199 2216 et
3227 2160 3519 2216 neminem

1891 2273 2185 2311 servorum
2216 2257 2423 2329 suscipi
2455 2257 2513 2311 in
2534 2256 2952 2312 monasterium
2972 2258 3035 2309 ut
3053 2255 3125 2309 sit
3150 2271 3278 2309 cum
3300 2255 3383 2309 eis
3402 2271 3521 2308 mo-

1890 2352 2124 2419 nachus,
2156 2351 2265 2405 nisi
2299 2368 2428 2405 cum
2462 2351 2687 2405 Domini
2720 2349 2936 2422 proprii
2971 2348 3337 2418 conscientia,
3367 2365 3515 2420 pras-

1890 2447 2207 2499 tereuntem
2220 2461 2353 2499 vero
2370 2446 2492 2499 hazc
2507 2445 2863 2499 decrevimus
2879 2446 3042 2499 extra
3056 2442 3523 2497 communionem

1890 2554 2034 2604 esse,
2083 2554 2152 2592 ne
2205 2555 2418 2593 nomen
2474 2538 2701 2593 Domini
2756 2538 3196 2609 blasphemetur.
3247 2536 3525 2592 Convenit

1892 2647 2030 2701 ergo
2049 2631 2289 2685 civitatis
2313 2631 2578 2702 episcopo
2609 2647 2806 2685 curam
2836 2628 3388 2701 sollicitudinemque
3416 2644 3519 2683 ne-

1891 2725 2189 2779 cessariam
2221 2724 2585 2779 monasteriis
2619 2724 2912 2779 exhibere.

1961 2820 2021 2871 V.
2052 2819 2289 2889 Propter
2316 2834 2409 2872 eos
2440 2818 2733 2889 episcopos
2785 2818 2899 2873 sive
2942 2816 3175 2875 clericos
3217 2816 3317 2888 qui
3344 2817 3413 2871 de
3443 2817 3518 2871 ci-

1890 2913 2059 2967 vitate
2099 2912 2169 2967 ad
2210 2910 2495 2967 civitatem
2538 2916 2855 2979 transeunt,
2902 2911 3114 2983 placuit
3160 2910 3523 2965 deﬁnitiones

177 3002 425 3069 pecunias
459 3000 710 3067 intravit,
737 3001 834 3055 sed
864 3005 921 3055 et
945 3000 1041 3056 ille
1068 3000 1165 3073 qui
1188 3006 1308 3056 tam
1348 3003 1609 3074 turpibus
1637 3007 1695 3057 et
1722 3002 1789 3057 il-
1812 2981 1868 3055 C
1896 3007 2054 3061 datas
2077 3023 2108 3060 a
2150 3006 2355 3061 sanctis
2382 3005 2641 3061 Patribus
2684 2981 2917 3060 habere
2941 3005 3237 3078 propriam
3284 3004 3520 3059 firmita-
3596 3039 3603 3047 -

179 3094 321 3148 licitis
345 3095 695 3149 intercessor
720 3094 1003 3166 apparuit,
1033 3094 1313 3166 siquidem
1342 3095 1579 3151 clericus
1600 3096 1791 3167 fuerit,

176 3187 233 3243 de
260 3189 490 3261 proprio
521 3188 778 3243 discedat
822 3186 1025 3259 gradu.
1055 3189 1111 3245 Si
1139 3206 1273 3244 vero
1300 3190 1474 3245 laicus
1518 3190 1632 3245 sive
1662 3206 1789 3245 mo-

178 3283 364 3337 nachus
390 3283 589 3349 fuerit,
624 3283 927 3337 anathema
955 3284 1043 3338 sit.

233 3376 310 3431 Ill.
339 3376 608 3433 Pervenit
638 3377 698 3431 in
726 3381 981 3433 sanctam
1014 3378 1297 3449 synodum
1331 3378 1463 3449 quia
1484 3378 1554 3432 de
1582 3378 1671 3433 his
1694 3377 1792 3449 qui

177 3468 223 3522 in
250 3472 390 3527 clero
420 3475 939 3538 connumerantur,
968 3471 1200 3544 quidam
1230 3476 1464 3544 propter
1492 3472 1677 3543 turpis
1702 3472 1789 3525 lu-

174 3563 241 3617 eri
270 3566 519 3636 gratiam
550 3565 831 3636 majorum
860 3565 1280 3637 possessionum
1306 3566 1707 3621 conductiones
1738 3570 1793 3621 et

176 3673 350 3713 causas
394 3660 696 3715 saeculares
743 3659 1076 3731 suscipiunt,
1121 3664 1178 3715 et
1224 3660 1434 3730 seipsos
1479 3659 1715 3730 quidem
1760 3677 1794 3713 a

176 3750 491 3808 ministeriis
516 3753 723 3808 sanctis
752 3769 857 3824 per
877 3752 1155 3809 desidiam
1187 3758 1472 3825 separant,
1497 3754 1567 3807 ad
1598 3753 1794 3808 domos

178 3849 353 3901 autem
376 3846 741 3902 saecularium
772 3851 1121 3902 concurrunt
1148 3851 1207 3902 et
1229 3846 1678 3902 substantiarum
1707 3863 1794 3902 eo-

176 3954 286 3994 rum
313 3940 758 4012 gubernationes
785 3940 1035 3995 avaritia:
1081 3957 1253 3996 causa
1302 3940 1637 4011 suscipiunt.
1680 3942 1790 3996 De-

175 4034 332 4089 crevit
344 4051 491 4107 ergo
508 4039 699 4090 sancta
716 4038 773 4089 et
793 4050 1011 4105 magna
1036 4034 1309 4106 synodus,
1325 4034 1615 4090 neminem
1637 4035 1793 4090 dein-

174 4147 289 4203 ceps
316 4150 541 4201 eorum,
572 4134 677 4187 hoc
703 4136 808 4201 est,
838 4150 953 4188 non
974 4132 1323 4205 episcopum,
1352 4133 1470 4187 sive
1498 4132 1790 4199 clericum,

174 4230 259 4279 aut
284 4227 630 4282 monachum
659 4227 971 4283 conducere
1003 4227 1407 4299 possessiones,
1444 4231 1544 4281 aut
1570 4227 1795 4282 misceri

177 4320 522 4375 saecularibus
542 4320 1053 4392 procurationibus,
1070 4320 1176 4375 nisi
1198 4322 1347 4375 forte
1365 4320 1461 4391 qui
1484 4320 1703 4392 legibus
1722 4320 1793 4374 ad

177 4414 446 4469 minorum
477 4415 679 4469 tutelas
720 4418 975 4482 aetatum,
1006 4414 1121 4469 sive
1148 4414 1470 4469 curationes
1496 4414 1792 4469 inexcusa-

175 4504 299 4561 biles
323 4509 711 4576 attrahuntur,
745 4513 843 4564 aut
873 4508 965 4563 cui
999 4508 1177 4580 ipsius
1213 4507 1449 4563 civitatis
1495 4508 1795 4580 episcopus

178 4602 669 4657 ecclesiasticarum
688 4618 878 4657 rerum
902 4602 1253 4658 commiserit
1274 4602 1686 4673 gubernacula,
1709 4602 1796 4656 vel

178 4694 570 4764 orphanorum,
592 4698 690 4750 aut
705 4695 1009 4751 viduarum
1034 4713 1163 4767 qum
1189 4695 1504 4751 indefensae
1530 4698 1681 4763 sunt,
1700 4698 1799 4749 aut

181 4802 359 4843 earum
388 4806 765 4862 personarum
795 4806 922 4862 qua!
963 4790 1214 4845 maxime
1241 4789 1618 4845 ecclesiastico
1642 4788 1795 4843 indi-

183 4888 306 4949 gent
331 4883 699 4951 adminiculo,
728 4887 966 4956 propter
991 4884 1255 4939 timorem
1276 4883 1395 4938 Dei.
1424 4883 1478 4939 Si
1510 4883 1636 4954 quis
1664 4899 1797 4938 vero

180 4979 553 5048 transgressus
579 4977 754 5033 fuerit
780 4980 1009 5045 statuta,
1038 4976 1377 5050 correptioni
1411 4976 1798 5032 ecclesiasticae

179 5067 469 5140 subjaceat.

244 5163 326 5217 Ν.
354 5165 460 5229 Qui
487 5182 620 5220 vere
654 5170 710 5220 et
740 5182 881 5237 pure
911 5164 1222 5221 solitariam
1250 5164 1473 5236 eligunt
1500 5163 1697 5231 vitam,
1722 5163 1800 5218 di-

184 5254 271 5321 gni
298 5264 423 5313 sunt
459 5258 820 5315 convenienti
863 5260 1100 5314 honore.
1151 5257 1294 5323 Quia
1334 5262 1525 5313 tamen
1568 5257 1800 5329 quidam

183 5353 431 5407 monachi
474 5353 677 5408 habitu
708 5356 936 5409 utentes
966 5352 1358 5408 indifferenter
1394 5368 1497 5424 per
1525 5351 1798 5417 civitates,

186 5457 392 5500 necnon
418 5450 474 5502 et
493 5446 843 5506 monasteria
872 5447 1083 5518 seipsos
1108 5446 1338 5518 propria
1356 5444 1801 5517 prmsumptione

184 5541 589 5606 commendant,
620 5541 832 5613 placuit
879 5540 1197 5607 neminem,
1233 5544 1332 5594 aut
1375 5538 1674 5609 aediﬁcare,
1704 5540 1804 5593 aut

180 5632 510 5690 constituere
557 5635 927 5705 monasteria,
970 5639 1071 5690 aut
1109 5634 1339 5690 oratorii
1392 5634 1631 5688 domum
1675 5632 1800 5687 sine

181 5726 505 5783 conscientia
525 5729 701 5801 ipsius
724 5728 964 5784 civitatis
987 5728 1257 5801 episcopi.
1289 5729 1397 5783 Eos
1423 5744 1558 5782 vero
1580 5725 1676 5799 qui
1699 5741 1805 5797 per

184 5814 417 5887 ‘ingulas
463 5823 714 5878 civitates
758 5840 853 5877 seu
904 5823 1284 5895 possessiones
1338 5822 1396 5875 in
1443 5820 1802 5876 monasteriis

1894 3100 2035 3150 tem.

1965 3190 2049 3244 Vl.
2085 3190 2384 3244 Neminem
2419 3178 2675 3243 absolute
2720 3189 2968 3244 ordinari
3003 3188 3399 3260 presbyterum
3439 3188 3524 3242 vel

1895 3283 2218 3351 diaconum,
2258 3299 2364 3337 nec
2411 3282 2724 3354 quemlibet
2763 3283 2822 3336 in
2868 3281 3245 3337 ecclesiastica
3293 3280 3524 3336 ordina-

1892 3377 2049 3432 tione
2077 3376 2469 3443 constitutum,
2500 3376 2610 3431 nisi
2652 3376 2950 3432 manifeste
2993 3376 3053 3430 in
3100 3374 3343 3430 Ecclesia
3387 3374 3522 3453 civi-

1895 3470 2041 3538 tatis,
2069 3470 2186 3525 sive
2213 3470 2604 3542 possessionis,
2631 3475 2731 3526 aut
2766 3470 2825 3524 in
2869 3469 3162 3541 martyrio,
3190 3470 3288 3523 aut
3308 3468 3369 3521 in
3402 3483 3524 3521 mo-

1894 3565 2139 3619 nasterio
2163 3564 2255 3618 hic
2282 3565 2381 3635 qui
2405 3565 2702 3619 ordinatur
2721 3567 3007 3619 mereatur
3035 3560 3403 3617 ordinationis
3422 3576 3526 3634 pu-

1892 3657 2100 3712 blicare
2123 3658 2477 3713 vocabulum.
2506 3660 2717 3714 Eorum
2751 3658 2850 3729 qui
2875 3656 3133 3711 absolute
3165 3655 3522 3723 ordinantur,

1895 3751 2146 3806 decrevit
2169 3756 2363 3806 sancta
2398 3752 2644 3822 synodus
2669 3766 2911 3806 vacuam
2942 3750 3153 3805 habere
3180 3765 3388 3803 manus
3413 3747 3523 3802 im-

1893 3845 2251 3916 positionem,
2280 3849 2338 3900 et
2384 3845 2604 3899 nullum
2650 3844 2763 3899 "tale
2807 3844 3022 3898 factum
3059 3843 3243 3896 valere
3270 3842 3341 3896 ad
3373 3841 3522 3911 inju-

1894 3939 2035 3993 riam
2060 3938 2180 4009 ejus
2199 3939 2297 4010 qui
2326 3955 2460 3994 eum
2485 3937 2785 3993 ordinavit.

1966 4032 2073 4087 VII.
2105 4033 2214 4086 Eos
2239 4033 2338 4104 qui
2366 4032 2541 4087 semel
2571 4031 2629 4085 in
2669 4031 2820 4085 clero
2848 4029 3025 4084 taxati
3054 4029 3304 4095 fuerunt,
3327 4028 3443 4082 sive
3465 4028 3524 4081 iu

1895 4124 2252 4180 monasteriis
2295 4126 2573 4198 deputati,
2623 4123 2996 4191 decrevimus,
3026 4138 3214 4194 neque
3257 4121 3330 4175 ad
3371 4119 3523 4174 mili-

1896 4219 2058 4289 tiam,
2080 4235 2264 4291 neque
2292 4220 2364 4275 ad
2384 4220 2629 4274 honores
2649 4218 2948 4274 steculares
2972 4214 3184 4271 venire.
3208 4215 3314 4269 Eos
3334 4216 3527 4268 autem

1895 4314 1993 4386 qui
2020 4315 2128 4370 hoc
2154 4314 2276 4368 ausi
2303 4314 2538 4369 fuerunt
2562 4313 2745 4368 facere
2778 4316 2835 4367 et
2862 4327 2977 4366 non
3001 4313 3191 4365 actum
3224 4307 3309 4363 rei
3343 4306 3525 4379 pinni-

1894 4412 2016 4463 tere
2045 4408 2366 4475 maluerint,
2393 4411 2458 4463 ut
2493 4407 2565 4461 ad
2613 4406 2720 4461 hoc
2766 4405 2919 4461 idem
2964 4405 3342 4469 revertantur,
3376 4401 3529 4472 quod

1895 4507 2028 4557 ante
2053 4502 2353 4558 obtentum
2392 4500 2489 4556 Dei
2524 4501 2949 4572 proposuerunt
2990 4496 3097 4552 sibi
3143 4494 3527 4550 anathemati-

1898 4595 2032 4650 zari.

1969 4690 2099 4744 VIll.
2117 4688 2316 4745 Clerici
2340 4688 2397 4743 in
2417 4687 2718 4760 parochiis,
2740 4683 3100 4740 monasteriis
3124 4687 3225 4738 aut
3243 4680 3533 4754 martyriis

1897 4782 2211 4849 constituti,
2229 4782 2334 4836 sub
2358 4784 2637 4857 potestate
2660 4780 2773 4834 sint
2789 4780 2913 4851 ejus
2929 4778 3028 4850 qui
3045 4777 3107 4833 in
3125 4793 3191 4832 ea
3205 4780 3291 4832 est
3309 4776 3533 4831 civitate
3624 4836 3631 4841 Ι
3716 4850 3725 4860 ⁸

1900 4876 2192 4948 episcopus
2213 4875 2529 4930 secundum
2551 4873 2913 4929 traditionem
2933 4877 3254 4927 sanctorum
3273 4872 3528 4935 Patrum,

1902 4987 2005 5025 nec
2022 4986 2128 5042 per
2142 4968 2652 5041 praesumptionem
2669 4967 2937 5024 recedant
2952 4984 2986 5021 a
3001 4983 3104 5021 suo
3116 4965 3402 5037 episcopo.
3424 4964 3532 5017 Eos

1899 5081 2034 5119 vero
2066 5064 2163 5134 qui
2195 5063 2319 5118 ausi
2347 5063 2577 5118 fuerunt
2603 5061 2925 5117 rescindere
2952 5058 3279 5132 hujusmodi
3304 5057 3531 5113 institu-

1904 5159 2120 5213 tionem
2153 5173 2492 5230 quocunque
2519 5157 2712 5225 modo,
2734 5157 2823 5213 vel
2849 5155 2895 5210 si
2920 5154 3214 5210 noluerint
3240 5152 3531 5223 subjacere

1902 5252 2134 5324 proprio
2166 5252 2455 5324 episcopo,
2483 5252 2529 5306 si
2550 5250 2785 5324 quidem
2810 5248 3022 5305 fuerint
3046 5247 3254 5316 clerici,
3272 5262 3378 5317 pro
3408 5259 3530 5314 pcr-

1904 5363 2170 5402 sonarum
2204 5346 2566 5401 ordinatione
2609 5346 2933 5416 subjaceant
2961 5336 3531 5398 condemnatiouibus

1902 5457 2211 5496 canonum.
2234 5440 2289 5495 Si
2304 5456 2433 5494 vero
2457 5438 2721 5495 monachi
2751 5456 2850 5494 seu
2876 5436 2999 5493 laici
3026 5433 3256 5499 fuerint,
3276 5443 3531 5485 commu-

1901 5534 2070 5589 nione
2096 5534 2408 5606 priventur.

1977 5630 2058 5684 IX.
2094 5629 2150 5685 Si
2185 5627 2425 5683 clericus
2469 5628 2734 5682 adversus
2777 5624 3047 5680 clericum
3097 5619 3302 5675 habeat
3349 5631 3530 5687 nego‘

1904 5723 2066 5791 tium,
2081 5739 2196 5777 non
2222 5722 2512 5793 relinquat
2536 5737 2701 5776 suum
2728 5718 3055 5790 episcopum
3078 5716 3135 5768 et
3152 5711 3225 5768 ad
3244 5710 3530 5766 smcularia

1896 5817 2109 5888 judicia
2138 5818 2453 5881 concurrat,
2480 5814 2577 5869 sed
2599 5813 2753 5883 prius
2782 5808 3073 5878 negotium
3105 5806 3355 5879 agitetur
3378 5804 3529 5878 apud
