3964 6178
399 259 490 311 3H

1292 253 1574 307 APPEND.
1614 256 1701 309 AD
1738 255 1897 311 S.£C.
1943 255 2027 309 IX.
2059 283 2125 293 -—
2165 255 2405 310 ISIDORI
2442 254 2865 311 MERCATORIS

3648 264 3742 316 312

395 362 691 434 proprium
739 360 1089 432 episcopum,
1118 362 1206 415 vel
1242 366 1394 416 certe
1442 363 1486 416 si
1530 363 1705 417 fuerit
1742 364 2022 434 judicium
2045 363 2270 447 Ahanc
2286 362 2685 418 difﬁnitionem
2707 366 2914 419 sanctae
2936 363 3138 434 synodi
3153 362 3516 435 prasterierit,
3535 367 3747 438 regula-

398 456 573 526 ipsius
601 456 870 527 episcopi,
900 455 1051 527 apud
1081 455 1328 510 arbitros
1354 472 1424 511 ex
1455 460 1696 529 utraque
1722 462 1882 528 parte
1908 460 2022 514 ele-

395 554 514 604 ctos
541 548 806 604 audiatur
835 549 1154 619 negotium.
1184 549 1241 604 Si
1265 549 1391 621 quis
1414 566 1548 605 vero
1580 555 1779 605 contra
1805 552 1930 606 haec
1950 554 2026 607 fe-

396 641 553 708 cerit,
581 658 868 696 canonum
898 642 1187 713 suhjaceat
1212 643 1681 714 correptionibus.
1701 646 1769 699 Et
1794 645 1840 699 si
1866 646 2026 699 cleri-

397 753 495 791 cus
544 736 812 791 adversus
853 752 1021 790 suum
1072 737 1158 789 vel
1212 736 1385 791 alium
1442 737 1768 809 episcopum
1821 739 2027 795 habeat

397 845 645 898 causam,
668 830 819 900 apud
848 829 1203 885 audientiam
1222 830 1419 901 synodi
1448 831 1751 901 provincia:
1780 849 2027 904 conque-

396 925 577 977 ratur.
608 922 666 977 Si
693 938 824 977 vero
854 928 1055 977 contra
1082 923 1257 994 ipsius
1284 923 1585 995 provinciae
1629 926 2023 997 metrOpolita-

397 1032 537 1071 num
562 1016 888 1087 episcopum
918 1016 1215 1088 episcopus
1249 1016 1361 1071 sive
1390 1016 1626 1072 clericus
1652 1019 1861 1075 habeat
1885 1036 2024 1075 con-

395 1110 748 1178 troversiam,
772 1113 979 1181 pergat
1001 1111 1076 1164 ad
1100 1109 1278 1181 ipsius
1306 1110 1562 1165 dioecesis
1580 1112 1910 1182 primatem,
1928 1119 2027 1168 aut

396 1207 546 1259 certe
573 1204 645 1258 ad
677 1203 1315 1274 Constantinopolitanae
1346 1205 1519 1275 regiae
1545 1205 1784 1261 civitatis
1811 1208 2021 1278 sedem,

394 1300 459 1353 ut
488 1313 687 1352 eorum
716 1297 793 1351 ibi
820 1297 1116 1368 proprium
1147 1298 1444 1369 negotium
1471 1299 1820 1371 exquiratur.

466 1392 526 1446 X.
557 1391 677 1445 Non
707 1390 878 1446 licere
908 1391 1175 1446 clericum
1219 1391 1277 1445 in
1323 1392 1572 1448 ecclesiis
1619 1393 1859 1469 duarum
1888 1394 2024 1448 civi-

394 1488 579 1541 tatum
605 1484 881 1554 ordinari,
913 1484 1013 1540 sed
1041 1485 1102 1539 in
1128 1501 1191 1539 ea
1217 1486 1275 1540 in
1306 1502 1416 1556 qua
1447 1486 1518 1540 ab
1544 1486 1705 1541 initio
1737 1487 2027 1542 ordinatus

397 1581 501 1647 est,
530 1581 589 1633 et
616 1578 776 1649 cujus
817 1577 1085 1648 expetitio
1130 1582 1253 1633 erat
1296 1584 1427 1634 ante
1468 1580 1822 1651 profugiam.
1868 1583 1935 1636 Et
1980 1581 2027 1636 si

396 1674 631 1743 propter
656 1687 817 1726 vanae
844 1671 1040 1742 gloria:
1067 1672 1415 1728 desiderium
1455 1674 1777 1745 contigerit,
1808 1677 1875 1729 ut
1901 1678 2029 1746 post

2125 472 2256 510 rum
2284 456 2847 512 eondemnationibus
2885 457 3194 528 subjaceat.

2198 551 2301 603 XV.
2331 550 2711 605 Diaconissam
2766 566 2881 604 non
2936 551 3144 605 debere
3198 555 3329 606 ante
3373 552 3750 623 quadraginta

2124 658 2304 698 annos
2333 642 2604 713 ordinari,
2633 646 2690 699 et
2720 645 2826 698 hoc
2850 659 2982 698 cum
3012 644 3271 715 diligenti
3300 645 3659 715 probatione.
3694 648 3750 701 Si

2126 752 2255 791 vero
2282 737 2590 807 susceperit
2618 736 3034 791 ordinationem
3059 741 3119 792 et
3147 741 3590 809 quantocunque
3617 745 3755 793 tem-

2125 846 2263 901 pore
2291 830 2665 885 observaverit
2690 830 3092 898 ministerium,
3122 833 3181 885 et
3206 828 3404 901 postea
3449 847 3508 885 se
3540 832 3755 903 nuptiis

2130 922 2442 993 tradiderit,
2476 923 2744 993 injuriam
2790 906 3002 978 faciens
3046 923 3141 978 Dei
3186 922 3403 994 gratim,
3445 924 3570 979 haec
3614 942 3757 979 ana-

2126 1016 2319 1071 thema
2346 1017 2438 1086 sit,
2472 1033 2603 1071 cum
2635 1033 2702 1072 eo
2733 1018 2832 1088 qui
2855 1018 2916 1071 in
2942 1016 3094 1072 illius
3119 1017 3335 1088 nuptiis
3360 1019 3647 1072 convenit.

2196 1110 2322 1163 XVI.
2366 1109 2425 1164 Si
2473 1126 2588 1180 qua
2635 1109 2795 1181 virgo
2844 1126 2902 1165 se
2948 1108 3288 1164 dedicaverit
3334 1111 3468 1178 Deo,
3496 1109 3760 1166 similiter

2125 1203 2459 1271 monachus,
2494 1219 2612 1258 non
2638 1203 2806 1257 licere
2846 1203 2926 1256 eis
2957 1203 3128 1273 jungi
3152 1202 3385 1274 nuptiis.
3415 1202 3474 1258 Si
3500 1218 3636 1257 vero
3672 1203 3758 1258 in-

2126 1296 2275 1351 venti
2319 1295 2537 1350 fuerint
2578 1296 2684 1350 hoc
2730 1296 3022 1362 facientes,
3059 1300 3333 1350 maneant
3371 1297 3761 1351 excommuni-

2127 1389 2255 1445 cati.
2281 1390 2590 1445 Statuimus
2606 1406 2741 1445 vero
2757 1406 2920 1462 posse
2936 1390 2997 1444 in
3011 1389 3091 1444 eis
3113 1390 3297 1445 facere
3317 1390 3760 1458 humanitatem,

2126 1484 2173 1538 si
2194 1484 2273 1539 ita
2300 1483 2626 1555 probaverit
2654 1483 2765 1538 loci
2793 1483 3110 1555 episcopus.

2197 1578 2348 1632 XVII.
2380 1579 2486 1631 Per
2511 1576 2768 1648 singulas
2798 1576 3060 1632 ecclesias
3090 1575 3421 1643 rusticanas,
3454 1577 3766 1647 parochias

2128 1671 2241 1727 sive
2268 1671 2667 1743 possessiones,
2700 1687 2938 1725 manere
2968 1668 3296 1725 immobiles
3345 1669 3499 1741 apud
3533 1686 3638 1725 eos
3671 1671 3766 1742 qui

395 1764 465 1819 ad
492 1764 767 1835 majorem
794 1764 1092 1819 ecclesiam
1121 1766 1461 1837 confugerit,
1483 1783 1617 1821 eum
1638 1766 2029 1824 indubitanter
2047 1739 2103 1810 Β
2129 1781 2221 1819 eas
2247 1764 2499 1820 retinent
2523 1763 2836 1836 episcopos,
2865 1766 2923 1817 et
2948 1763 3197 1818 maxime
3238 1763 3335 1834 qui
3373 1779 3467 1817 eas
3495 1762 3621 1818 sine
3657 1764 3768 1818 vio-

397 1857 648 1912 revocari
670 1857 873 1914 debere
900 1859 972 1913 ad
1003 1875 1130 1913 eam
1150 1858 1210 1913 in
1239 1876 1353 1931 qua
1378 1861 1448 1915 ab
1469 1861 1700 1915 exordio
1729 1862 2027 1917 ordinatus

398 1956 502 2018 est,
533 1953 589 2006 et
618 1950 697 2006 ibi
721 1953 1119 2009 tantummodo
1149 1952 1488 2009 ministrare.
1510 1954 1569 2010 Si
1598 1955 1725 2025 quis
1752 1972 1884 2010 vero
1902 1956 2027 2027 jam

394 2045 702 2100 translatus
722 2049 807 2101 est
822 2046 891 2100 ab
908 2046 1021 2101 alia
1042 2047 1101 2101 in
1122 2046 1295 2102 aliam
1319 2048 1638 2115 ecclesiam,
1661 2049 1805 2103 nihil
1824 2050 2029 2106 habeat

397 2153 703 2193 commune
729 2155 861 2192 cum
882 2140 1076 2210 priore
1098 2140 1356 2208 ecclesia,
1381 2141 1495 2196 sive
1514 2142 1616 2196 sub
1638 2143 1872 2198 ecclesia
1890 2160 2027 2198 con-

396 2230 605 2285 stitutis
634 2231 945 2301 martyriis,
977 2232 1091 2286 sive
1120 2232 1178 2286 in
1204 2233 1491 2303 parochiis
1521 2235 1609 2289 vel
1635 2236 2025 2305 xenodochiis,

396 2326 495 2377 aut
524 2339 725 2377 eorum
767 2324 1024 2394 negotiis.
1054 2327 1162 2379 Eos
1190 2342 1323 2380 vero
1365 2327 1461 2397 qui
1494 2327 1617 2381 ausi
1647 2328 1862 2383 fuerint
1902 2333 2030 2400 post

402 2416 824 2471 ordinationem
878 2418 1049 2488 hujus
1093 2435 1318 2489 magnae
1363 2424 1421 2474 et
1467 2420 1788 2475 universalis
1829 2424 2059 2493 synodi.

399 2524 570 2580 agere
615 2526 744 2581 quae
784 2510 1072 2580 prohibita
1120 2517 1272 2580 sunt,
1305 2513 1502 2568 statuit
1549 2519 1740 2569 saneta
1781 2517 2030 2586 synodus

400 2603 605 2657 cadere
634 2603 704 2658 de
723 2604 953 2675 proprio
981 2606 1178 2676 gradu.

470 2698 553 2751 XI.
592 2697 801 2752 Omnes
848 2716 1127 2769 pauperes
1176 2704 1234 2754 et
1276 2699 1598 2771 indigentes
1644 2702 2030 2757 ecclesiasticis

398 2789 621 2844 auxiliis
650 2807 780 2846 cum
804 2792 1239 2862 proﬁciscuntur
1264 2793 1367 2848 sub
1394 2794 1735 2865 probatione
1764 2796 2027 2865 epistolii,

400 2882 515 2937 sive
542 2884 714 2953 pacis,
744 2900 871 2954 quae
902 2885 1169 2940 dicuntur
1193 2886 1601 2954 ecclesiasticae,
1630 2890 2030 2945 tantummodo

402 2976 793 3032 commendari
819 2978 1136 3045 statuimus,
1170 2982 1227 3034 et
1253 2996 1369 3035 non
1406 2982 1883 3037 commendatitiis
1911 2983 2026 3055 epi-

403 3070 578 3137 stolis,
605 3071 740 3141 quia
775 3072 1268 3127 commendatitias
1307 3073 1571 3145 epistolas
1600 3091 1737 3145 quas
1764 3076 2027 3144 dicimus,

378 3179 501 3217 'eos
529 3166 755 3218 tantum
781 3164 1036 3235 accipere
1062 3166 1326 3221 convenit
1355 3166 1452 3238 qui
1481 3168 1542 3221 in
1568 3185 1742 3240 Opere
1772 3173 1905 3224 sunt
1929 3171 2033 3224 cla-

402 3255 597 3323 riores,
626 3260 688 3311 ut
716 3256 797 3311 eis
825 3259 1224 3313 tantummodo
1254 3260 1635 3331 praebeantur.

470 3350 575 3403 Xll.
602 3351 866 3407 Pervenit
912 3352 983 3405 ad
1010 3368 1112 3409 nos
1143 3368 1208 3406 eo
1237 3353 1391 3423 quod
1435 3352 1668 3423 quidam
1701 3360 1911 3425 praeter
1938 3372 2027 3425 ec-

401 3442 741 3498 clesiasticos
785 3444 1014 3499 ordines
1059 3445 1386 3501 aﬂ‘ectantes
1427 3447 1741 3517 potentiam
1778 3464 1880 3519 per
1906 3466 2032 3520 pra-

401 3536 709 3605 gmaticam
753 3537 1001 3592 formam
1034 3555 1211 3593 unam
1258 3539 1603 3609 provinciam
1636 3540 1692 3596 in
1723 3542 1863 3595 duas
1894 3542 2030 3597 divi-

401 3628 555 3695 dant,
585 3629 663 3682 ita
690 3633 753 3683 ut
795 3646 863 3685 ex
894 3631 1003 3685 hoc
1040 3632 1403 3687 inveniantur
1450 3634 1561 3689 duo
1609 3636 2029 3706 metropolitani

400 3720 649 3793 episcopi
678 3722 737 3776 in
764 3724 971 3778 eadem
1014 3741 1127 3779 una
1166 3742 1288 3781 esse
1318 3726 1624 3797 provincia.
1659 3728 1865 3784 Statuit
1893 3746 2030 3801 ergo

397 3820 589 3870 sancta
648 3818 892 3888 synodus
956 3817 1229 3890 deinceps
1291 3820 1433 3874 nihil
1495 3822 1607 3876 tale
1673 3823 1936 3877 attentari
1998 3841 2031 3877 a

398 3909 655 3978 quolibet
684 3910 966 3982 episcopo.
989 3913 1098 3966 Eos
1115 3930 1248 3967 vero
1277 3913 1375 3985 qui
1403 3914 1518 3968 tale
1545 3914 1758 3985 aliquid
1788 3918 2030 3971 tentave-

397 4000 533 4071 rint,
562 4002 633 4055 de
655 4004 886 4073 proprio
911 4005 1093 4074 gradu
1120 4006 1344 4060 cadere.
1364 4006 1419 4061 Si
1441 4023 1571 4077 quas
1586 4024 1719 4062 vero
1741 4011 1873 4062 ante
1895 4008 1997 4062 civi
2013 4040 2028 4049 -

397 4097 542 4148 tates
592 4111 696 4164 per
749 4096 1156 4167 pragmaticam
1200 4098 1557 4168 imperialem
1611 4100 2029 4170 metropolitani

398 4186 646 4239 nominis
673 4187 895 4242 honore
923 4189 1202 4243 decoratas
1231 4195 1363 4244 sunt
1392 4192 1624 4246 nomine
1650 4193 1766 4247 solo
1807 4193 2028 4264 perfru-

397 4284 586 4348 antur,
618 4284 675 4334 ct
699 4280 798 4350 qui
827 4282 1125 4335 ecclesiam
1166 4283 1287 4352 ejus
1324 4284 1476 4354 regit
1516 4285 1834 4357 episc0pus,
1864 4288 2030 4358 privi-

395 4369 545 4441 legio
572 4372 1011 4442 metrOpolitano
1028 4374 1291 4447 episcopo
1305 4376 1437 4447 jure
1455 4378 1690 4449 proprio
1718 4386 2024 4437 reservato.

2126 1858 2300 1914 lentia
2332 1859 2453 1929 jam
2483 1874 2587 1929 per
2610 1857 2846 1929 triginta
2888 1873 3071 1912 annos
3112 1860 3369 1912 tenentes
3407 1856 3770 1927 gubernave-

2126 1957 2280 2007 runt.
2308 1952 2364 2007 Si
2389 1968 2524 2006 vero
2551 1951 2705 2005 intra
2740 1950 2974 2022 triginta
3004 1966 3186 2006 annos
3218 1951 3339 2022 jam
3373 1950 3521 2005 facta
3564 1950 3766 2019 fuerit,

2126 2050 2225 2100 aut
2248 2045 2363 2115 ﬁat,
2398 2046 2469 2100 de
2494 2044 2583 2099 his
2607 2044 2898 2099 altercatio
2921 2044 3090 2099 licere
3115 2044 3194 2111 eis
3223 2043 3350 2115 74
3381 2043 3482 2115 qui
3509 2060 3570 2098 se
3597 2044 3768 2099 dixe-

2130 2144 2264 2194 runt
2288 2140 2448 2193 183503
2487 2142 2724 2209 propter
2758 2154 2853 2193 eas
2882 2153 3110 2192 movere
3139 2138 3290 2209 apud
3319 2137 3605 2208 synodum
3633 2154 3769 2207 pro-

2126 2232 2323 2287 vincia:
2347 2235 2659 2286 certamen.
2691 2231 2747 2287 Si
2772 2231 2899 2302 quis
2919 2247 3051 2285 vero
3074 2230 3359 2301 putaverit
3386 2246 3443 2284 se
3465 2247 3497 2284 a
3522 2230 3771 2301 proprio

2129 2325 2569 2396 metropolitano
2617 2325 2841 2396 gravari
2882 2325 3037 2396 apud
3080 2324 3386 2395 primatem
3429 2324 3770 2391 diosceseos,

2129 2424 2226 2473 aut
2251 2419 2402 2489 apud
2431 2418 3071 2488 Constantinopolitanae
3109 2417 3347 2472 civitatis
3377 2416 3597 2483 sedem,
3630 2422 3775 2488 agat

2123 2511 2425 2582 judicium,
2454 2511 2597 2566 sicut
2623 2512 2839 2565 dictum
2870 2515 2973 2565 est.
3007 2510 3066 2565 Si
3091 2526 3224 2565 vero
3255 2509 3526 2580 qualibet
3567 2510 3774 2564 civitas

2131 2622 2234 2676 per
2261 2606 2655 2660 auctoritatem
2682 2604 3041 2675 imperialem
3072 2608 3335 2658 renovata
3362 2605 3466 2671 est,
3489 2607 3591 2657 aut
3610 2603 3671 2657 si
3691 2619 3776 2658 re-

2130 2702 2386 2768 novetur,
2420 2698 2477 2752 in
2522 2701 2815 2768 posterum
2864 2696 3119 2751 civilibus
3157 2700 3215 2751 et
3253 2696 3490 2767 publicis
3537 2696 3776 2751 ordina—

2131 2791 2398 2858 tionibus,
2426 2791 2596 2846 etiam
2639 2789 3006 2846 ecclesiarum
3046 2789 3523 2860 parochianarum
3570 2805 3777 2862 sequa-

2132 2888 2225 2938 tur
2246 2884 2546 2939 ordinatio.

2204 2979 2384 3035 XVIII.
2414 2977 2883 3049 Conjurationum
2912 2979 2970 3033 et
2997 2976 3484 3047 conspirationum
3519 2976 3775 3043 crimen,

2132 3074 2285 3147 quod
2326 3072 2481 3144 apud
2526 3073 2748 3127 Graecos
2791 3070 2996 3125 dicitur
3029 3073 3265 3137 fratrea,
3304 3068 3543 3140 publicis
3588 3072 3777 3125 etiam

2131 3169 2355 3238 legibus
2375 3171 2594 3221 certum
2616 3168 2701 3219 est
2716 3164 2944 3235 penitus
2962 3162 3236 3232 inhiberi,
3257 3163 3364 3218 hoc
3379 3164 3563 3218 multo
3580 3164 3781 3236 magis

2131 3263 2189 3316 in
2221 3265 2412 3315 sancta
2439 3259 2538 3313 Dei
2565 3258 2824 3326 Ecclesia,
2849 3274 2921 3312 ne
2952 3257 3067 3326 ﬁat,
3096 3257 3362 3313 convenit
3399 3256 3689 3313 abdicari.
3720 3258 3780 3313 Si

2132 3354 2231 3427 qui
2256 3369 2388 3408 vero
2418 3351 2604 3407 clerici
2630 3352 2718 3406 vel
2747 3350 3016 3407 monachi
3058 3350 3275 3404 inventi
3319 3350 3535 3404 fuerint
3564 3352 3777 3422 conju-

2132 3452 2340 3516 rantes,
2355 3450 2456 3502 aut
2472 3447 2708 3500 fratreas
2721 3444 2809 3499 vel
2824 3444 3097 3499 factiones
3114 3446 3529 3515 componentes
3547 3443 3780 3515 aliquas

2132 3543 2249 3597 suis
2274 3540 2578 3613 episcOpis,
2608 3540 2709 3594 aut
2735 3537 2867 3592 aliis
2901 3537 3141 3605 clericis,
3172 3536 3409 3592 omnino
3453 3535 3674 3591 cadant
3707 3537 3779 3592 de

2130 3635 2360 3708 proprio
2399 3634 2597 3704 gradu.

2202 3730 2332 3783 XIX.
2358 3726 2621 3781 Pervenit
2646 3725 2718 3780 ad
2744 3741 2917 3780 aures
2943 3728 3164 3780 nostras
3189 3724 3341 3796 quod
3367 3724 3426 3778 in
3452 3724 3780 3794 provinciis

2130 3822 2434 3877 constituta
2449 3820 2852 3890 episcoporum
2870 3818 3113 3872 concilia
3126 3816 3365 3873 minime
3380 3816 3780 3872 celebrentur.

2132 3918 2204 3970 Ex
2228 3916 2335 3969 hoc
2365 3913 2662 3985 probatur,
2682 3913 2833 3984 quod
2861 3912 3059 3968 multae
3089 3928 3217 3982 quae
3243 3910 3595 3966 correctione
3625 3927 3781 3983 Opus

2130 4008 2380 4062 habeant
2405 4006 2795 4060 ecclesiasticae.
2826 4022 2915 4061 res
2943 4005 3327 4077 negligantur.
3358 4004 3563 4059 Statuit
3591 4003 3783 4075 igitur

2131 4106 2319 4155 sancta
2346 4100 2595 4171 synodus
2622 4101 2743 4155 haec
2769 4099 3085 4153 secundum
3118 4099 3355 4153 Patrum
3400 4096 3657 4167 regulas,
3690 4097 3782 4150 bis

2128 4194 2187 4248 in
2212 4210 2362 4248 anno
2390 4194 2450 4248 in
2480 4210 2663 4248 unum
2689 4192 2991 4248 convenire
3031 4208 3135 4263 per
3163 4190 3415 4261 singulas
3446 4189 3783 4261 provincias

2128 4287 2436 4359 episcopos,
2472 4287 2569 4341 ubi
2598 4286 2820 4357 singula
2851 4302 2978 4357 qua:
3003 4284 3360 4351 emerserint,
3379 4284 3776 4355 corrigantur.

2131 4381 2236 4445 Qui
2265 4398 2396 4436 vero
2425 4380 2715 4435 noluerint
2738 4379 3039 4435 convenire
3075 4378 3323 4450 episcopi
3358 4377 3683 4443 constituti,
3715 4377 3779 4431 in

465 4465 598 4522 XIII.
628 4468 969 4522 Extraneum
1000 4468 1268 4524 clericum
1300 4475 1357 4526 et
1385 4472 1659 4527 lectorem
1698 4477 1858 4528 extra
1890 4475 2022 4530 civi-
2046 4476 2105 4548 D
2127 4476 2243 4530 suis
2289 4474 2625 4539 civitatibus,
2657 4477 2714 4528 et
2761 4474 2869 4529 hoc
2915 4472 3161 4527 maxime
3206 4487 3337 4525 eum
3379 4471 3467 4524 sui
3509 4471 3781 4541 corporis

395 4560 568 4614 tatem
597 4577 758 4615 suam
787 4560 907 4616 sine
932 4563 1417 4618 commendatitiis
1441 4564 1643 4619 litteris
1670 4568 1882 4639 proprii
1912 4569 2027 4639 epi-

398 4653 552 4722 scopi
580 4670 867 4726 nusquam
904 4657 1133 4727 penitus
1159 4657 1325 4711 liceat
1354 4658 1702 4715 ministrare.

465 4746 595 4801 XIV.
630 4747 777 4811 Quia
827 4748 887 4804 in
939 4751 1283 4821 quibusdam
1345 4753 1646 4823 provinciis
1694 4756 2027 4810 conceditur

392 4838 698 4909 psalmistis
723 4846 779 4896 et
805 4841 1110 4898 lectoribus
1139 4861 1342 4900 uxores
1373 4847 1646 4919 accipere,
1680 4850 1873 4905 statuit
1901 4867 2026 4905 san-

394 4935 485 4987 cta
511 4934 755 5004 synodus
778 4952 1006 5005 prorsus
1032 4955 1146 4993 non
1170 4940 1341 4995 licere
1373 4942 1639 5013 cuiquam
1669 4959 1740 4997 ex
1768 4944 1857 4998 his
1884 4945 2022 5000 alte-

391 5026 513 5081 rius
558 5033 725 5082 secta:
768 5029 1023 5101 accipere
1065 5049 1322 5088 uxorem.
1358 5035 1413 5089 Si
1443 5036 1567 5105 quis
1592 5052 1723 5091 vero
1749 5038 2026 5108 praevenit

393 5123 452 5174 et
477 5120 651 5176 habet
669 5122 793 5193 jam
822 5124 892 5178 de
920 5124 1014 5178 tali
1047 5126 1332 5180 connubio
1357 5126 1519 5196 ﬁlios,
1550 5129 1595 5182 si
1636 5130 1778 5185 forte
1804 5148 2017 5202 praeve-

394 5214 543 5268 nerit
575 5231 670 5270 eos
707 5216 827 5286 jam
874 5217 1023 5288 apud
1067 5219 1364 5274 hmreticos
1406 5221 1695 5293 baptizari,
1732 5223 1900 5279 debet
1929 5242 2024 5279 eos

394 5307 598 5365 offerre
625 5313 838 5364 sanctas
875 5311 1134 5366 Ecclesia;
1178 5313 1485 5381 catholicas,
1512 5318 1578 5369 ut
1606 5315 1683 5369 ibi
1711 5317 2023 5371 communi—

391 5408 541 5458 cent.
572 5402 677 5466 Qui
705 5419 837 5457 vero
863 5403 1050 5459 adhuc
1073 5405 1343 5476 baptizati
1371 5424 1485 5462 non
1513 5410 1665 5477 sunt,
1694 5410 2021 5466 omnimodo

392 5511 507 5549 non
536 5511 698 5567 posse
725 5512 822 5552 eos
852 5498 910 5552 in
936 5498 1199 5553 haeretica
1230 5500 1473 5555 Ecclesia
1500 5501 1797 5573 baptizari,
1828 5520 1930 5559 nec
1962 5505 2020 5560 in

391 5589 754 5645 matrimonio
788 5591 957 5664 jungi
985 5592 1274 5663 hmretico,
1305 5595 1499 5650 Iudaeo
1525 5596 1612 5649 vel
1644 5612 1885 5667 pagano,
1911 5598 2020 5653 nisi

392 5676 538 5733 forte
566 5685 941 5754 spoponderit
968 5703 1028 5741 se
1054 5686 1244 5742 venire
1289 5688 1361 5742 ad
1407 5689 1782 5745 orthodoxam
1829 5691 2018 5757 fidem,

391 5767 531 5823 dum
572 5776 936 5850 conjungitur
982 5796 1207 5853 sponsae
1254 5782 1610 5839 orthodoxae.
1642 5783 1697 5839 Si
1737 5784 1861 5859 quis
1888 5801 2020 5842 vero

2125 4569 2365 4623 sanitate
2407 4568 2796 4635 consistentes,
2825 4566 2997 4622 etiam
3029 4564 3298 4620 omnibus
3339 4564 3469 4617 aliis
3510 4564 3783 4633 urgenti-

2123 4662 2229 4717 bus
2255 4666 2312 4716 et
2332 4661 2807 4716 inexcusabilibus
2832 4659 3075 4731 negotiis
3099 4657 3265 4712 liberi
3291 4661 3444 4723 sunt,
3477 4656 3649 4711 licere
3673 4672 3780 4711 eos

2122 4755 2394 4811 fraterna:
2420 4755 2714 4809 charitatis
2743 4751 3231 4808 admonitionibus
3261 4750 3489 4822 corripi.

2192 4850 2297 4905 XX.
2343 4848 2589 4903 Clericos
2645 4847 2703 4901 in
2746 4846 2861 4901 suis
2911 4845 3161 4900 ecclesiis
3208 4843 3566 4909 constitutos,
3617 4843 3777 4898 sicut

2117 4943 2241 5013 jam
2282 4941 2660 5007 deﬁnivimus,
2694 4957 2808 4995 non
2834 4939 3004 4994 licere
3036 4939 3095 4993 in
3131 4937 3361 4992 alterius
3401 4936 3640 4990 civitatis
3672 4953 3776 4991 ec-

2124 5035 2305 5089 clesiis
2332 5035 2607 5102 ordinari,
2625 5034 2719 5088 scd
2749 5032 3104 5104 acquiescere
3126 5031 3186 5084 in
3208 5030 3352 5085 eain
3371 5047 3487 5101 qua
3510 5030 3579 5084 ab
3597 5029 3777 5083 initio

2123 5128 2451 5183 ministrare
2497 5129 2855 5195 meruerunt,
2901 5124 3149 5196 exceptis
3193 5124 3303 5178 illis
3353 5124 3455 5195 qui
3502 5122 3779 5194 proprias

2124 5222 2373 5276 civitates
2409 5221 2804 5293 perdiderunt,
2838 5225 2894 5274 et
2936 5235 3000 5274 ex
3044 5218 3375 5273 necessitate
3406 5216 3478 5272 ad
3503 5216 3634 5270 alias
3667 5232 3772 5269 ec-

2123 5314 2320 5369 clesias
2364 5315 2776 5384 migraverunt.
2823 5313 2882 5367 Si
2919 5328 3053 5367 vero
3092 5311 3421 5384 quicunque
3460 5309 3776 5381 episcopus

2120 5414 2251 5481 post
2275 5406 2675 5465 difﬁnitionem
2720 5406 2890 5461 istam
2935 5406 3007 5461 ad
3052 5405 3225 5460 alium
3259 5404 3588 5476 episcopum
3617 5418 3773 5473 per-

2119 5508 2397 5562 tinentem
2421 5505 2686 5560 clericum
2711 5502 3042 5575 susceperit,
3062 5502 3275 5575 placuit
3299 5505 3511 5557 sancta:
3540 5502 3777 5572 synodo

2121 5602 2354 5656 ethunc
2391 5600 2490 5671 qui
2522 5597 2849 5671 susceperit,
2878 5601 2937 5653 et
2980 5613 3116 5652 eum
3167 5595 3265 5668 qui
3310 5600 3600 5667 susceptus
3642 5598 3774 5661 est,

2120 5694 2321 5749 tandiu
2351 5692 2871 5749 excommunicatos
2902 5706 3136 5746 manere
3160 5688 3413 5762 quandiu
3441 5689 3559 5762 ipse
3585 5688 3773 5744 cleri-

2121 5804 2220 5843 cus
2248 5788 2319 5842 ad
2347 5787 2637 5860 propriam
2668 5788 2981 5843 revertatur
3010 5784 3320 5841 ecclesiam.
