3964 6178
187 314 275 366 313

1396 304 1870 365 DECRETALIL'M
1908 307 2291 365 COLLECTIO.

3416 310 3518 369 3H

240 416 357 471 XXI.
394 413 632 470 Clericos
656 413 770 469 sive
799 412 969 468 laicos
991 414 1090 485 qui
1137 416 1526 471 accusaverint
1563 417 1779 488 episco-
1805 416 2168 502 AAnatolius
2215 416 2513 487 episcopus
2581 416 3225 490 Constantinopolitanm
3282 420 3520 477 civitatis

178 527 299 582 pum
340 512 437 563 aut
475 509 725 575 clericos,
765 515 980 563 temere
1022 512 1192 580 atque
1233 509 1624 565 indifferenter
1666 528 1783 565 non

178 604 362 657 debere
410 602 613 673 suscipi
649 603 708 671 in
749 602 1187 672 accusationem,
1238 604 1346 657 nisi
1390 604 1545 674 prius
1584 621 1785 659 eorum

178 695 353 767 Opinio
376 696 552 749 fuerit
582 699 953 766 perscrutata.

237 790 379 844 ΧΧΙΙ.
424 791 545 842 Non
591 790 758 843 licere
804 789 1023 843 clericis
1074 795 1203 860 post
1255 794 1495 845 mortem
1536 791 1785 862 episcopi

176 898 356 953 rapere
384 883 731 953 pertinentes
763 882 834 936 ad
861 899 994 936 eum
1014 899 1124 952 res,
1148 883 1291 937 sicut
1314 884 1439 954 jam
1470 885 1788 955 praeceden-

174 976 307 1030 tibus
340 976 553 1046 regulis
601 978 875 1030 statutum
910 976 1169 1029 habetur.
1219 975 1274 1029 Si
1320 993 1454 1031 vero
1484 977 1606 1031 haec
1640 977 1786 1031 fece-

175 1069 293 1133 rint,
321 1069 624 1139 periclitari
652 1085 711 1122 se
738 1069 999 1126 noverint
1018 1086 1052 1122 a
1075 1069 1306 1139 proprio
1347 1070 1548 1140 gradu.

234 1163 393 1217 XXIII.
426 1164 693 1216 Pervenit
731 1162 803 1215 ad
838 1178 1003 1216 aures
1035 1167 1239 1216 sanctas
1269 1164 1489 1233 synodi,
1514 1163 1650 1233 quia
1674 1164 1784 1217 cle-

175 1255 261 1310 rici
283 1255 512 1326 quidam
564 1261 621 1311 et
648 1254 915 1309 monachi
956 1255 1100 1309 nihil
1143 1254 1248 1309 sibi
1286 1256 1564 1311 habentes
1589 1256 1785 1326 injun-

175 1351 306 1402 ctum
333 1365 365 1401 a
404 1332 645 1418 proprio
688 1348 969 1418 episcopo,
1000 1347 1289 1402 interdum
1334 1365 1466 1402 vero
1504 1349 1675 1403 etiam
1708 1349 1788 1403 illi

175 1441 255 1512 qui
278 1441 344 1494 ab
369 1457 437 1494 eo
454 1442 685 1495 fuerant
709 1441 1195 1506 excommunicati,
1226 1442 1459 1496 veniant
1473 1442 1546 1495 ad
1568 1441 1785 1513 regiam

176 1534 435 1588 civitatem
464 1535 1178 1605 Constantinopolitanam,
1213 1545 1270 1589 et
1294 1536 1488 1591 multis
1516 1536 1788 1605 tempori-

174 1626 261 1680 bus
295 1626 349 1681 in
369 1644 438 1682 ea
464 1628 844 1683 consistentes
887 1628 1345 1699 perturbationes
1390 1629 1786 1700 tranquillitati

174 1720 541 1775 ecclesiasticae
572 1722 779 1789 ferant,
810 1726 868 1775 et
905 1721 1261 1775 diversorum
1307 1722 1506 1776 domos
1536 1738 1790 1776 corrum-

1884 526 2046 564 novee
2089 511 2304 576 Roma},
2340 511 2618 565 deﬁniens
2647 513 2994 583 subscripsit.
3034 514 3377 568 Juvenculus
3404 515 3522 586 epi-

1884 620 2085 673 scopus
2112 603 2659 674 Hierosolymitanus
2688 606 2960 660 deﬁniens
2986 607 3329 678 subscripsit.
3359 609 3520 662 Maxi-

1885 714 2013 751 mus
2069 697 2372 768 episcopus
2419 698 2811 752 Antioclienus
2842 699 3121 754 deﬁniens
3167 700 3518 772 subscripsit.

1883 790 2187 853 Quintilius
2228 791 2527 862 episcopus
2554 792 2921 862 Cappadocia:
2959 793 3337 864 Caesariensis,
3379 794 3518 849 deﬁ-

1885 882 2049 937 niens
2106 884 2454 954 subscripsit.
2506 884 2830 940 Palaﬁndus
2877 885 3171 957 episcopus
3224 888 3520 943 Heracleae:

1885 976 2358 1046 Maeedoniensis,
2402 978 2581 1032 vicem
2625 994 2804 1047 agens
2847 979 3184 1034 sanctissimi
3225 981 3330 1035 viri
3379 984 3522 1036 Ana-

1887 1065 2068 1133 stasii,
2130 1064 2410 1119 deﬁniens
2461 1065 2811 1136 subscripsit.
2867 1067 3186 1137 Stephanus
3228 1070 3522 1141 episcopus

1886 1157 2199 1229 Ephesinus
2222 1159 2502 1212 deﬁniens
2528 1159 2877 1230 subscripsit.
2912 1161 3192 1216 Lucianus
3220 1162 3521 1233 episcopus

1888 1251 2153 1318 Bizensis,
2177 1252 2357 1307 vicem
2388 1268 2565 1322 agens
2596 1253 2937 1307 sanctissimi
2978 1254 3230 1324 episcopi
3274 1255 3529 1319 Quiriaei

1886 1345 2154 1399 Heraclia
2180 1345 2508 1412 Traciensis,
2542 1345 2817 1400 deﬁniens
2858 1348 3204 1417 subscripsit.
3250 1349 3525 1404 Eusebius

1888 1438 2186 1509 episcopus
2228 1438 2497 1493 Galathias
2528 1440 2919 1511 Anquiriensis
2962 1441 3239 1496 deﬁniens
3276 1442 3523 1497 subscri-

1887 1532 2014 1601 psit.
2048 1532 2327 1602 Diogenes
2376 1532 2675 1603 episcopus
2719 1534 3031 1597 Quiriensis
3074 1534 3353 1589 deﬁniens
3390 1537 3524 1591 sub-

1887 1624 2129 1695 scripsit.
2182 1626 2380 1680 Petrus
2435 1625 2735 1697 episcopus
2803 1627 3196 1682 Corinthensis
3251 1629 3526 1685 deﬁniens

1888 1717 2236 1788 subscripsit.
2289 1718 2485 1772 Florus
2533 1718 2827 1789 episcopus
2865 1720 3218 1775 Sardinensis
3248 1721 3526 1777 deﬁniens

173 1816 307 1882 pant.
348 1814 559 1867 Statuit
602 1818 794 1868 sancta
839 1814 1090 1884 synodus
1124 1815 1231 1869 hos
1272 1815 1503 1885 quidem
1538 1796 1864 1886 primumB
1889 1810 2236 1881 subscripsit.
2272 1811 2583 1866 Eunomius
2611 1812 2905 1882 episcOpus
2932 1813 3361 1868 Nicomedensis
3390 1816 3528 1868 deﬁ-

175 1921 521 1961 commonere
576 1924 681 1978 per
740 1907 1097 1962 defensorem
1151 1908 1789 1979 Constantinopolitanae

175 2004 352 2053 sanetze
380 2000 669 2067 Ecclesiae,
699 2004 764 2055 ut
792 2006 999 2055 exeant
1020 2002 1088 2055 de
1115 2002 1277 2071 regia
1301 2002 1549 2056 civitate.
1597 2002 1655 2056 Si
1694 2019 1790 2056 au-

173 2095 271 2145 tem
311 2093 366 2147 in
415 2094 627 2149 eodem
683 2094 970 2165 proposito
1022 2094 1286 2165 improbe
1329 2095 1786 2165 perduraverint,

174 2185 321 2239 etiam
344 2187 558 2241 invitos
592 2204 690 2241 eos
722 2187 843 2259 ipse
889 2188 1137 2259 expellat
1174 2188 1442 2249 defensor
1486 2194 1546 2243 ut
1574 2189 1645 2242 ad
1687 2205 1789 2243 sua

172 2277 275 2333 loca
300 2281 652 2349 perveniant.
1625 2290 1629 2299 '

230 2372 383 2426 XXIV.
415 2375 555 2438 Quae
588 2374 763 2428 semel
806 2378 1134 2429 consecrata
1172 2373 1391 2429 fuerint
1418 2374 1786 2441 monasteria,

171 2480 281 2519 cum
301 2466 523 2535 judicio
552 2467 638 2520 sui
665 2467 915 2538 episcopi
944 2472 1217 2523 maneant
1240 2471 1537 2539 perpetua,
1582 2471 1639 2521 et
1668 2484 1791 2539 per-

170 2557 389 2613 tinentes
418 2560 499 2614 ad
529 2576 595 2614 ea
622 2576 711 2614 res
757 2561 1084 2615 conservari
1129 2561 1264 2631 ipsis
1306 2562 1671 2616 monasteriis
1699 2562 1789 2616 de-

171 2652 443 2722 crevimus,
498 2670 604 2707 nec
632 2654 871 2708 ulterius
920 2672 1083 2725 posse
1119 2671 1188 2708 ea
1214 2655 1337 2709 ﬁeri
1363 2655 1653 2709 saecularia
1688 2655 1786 2708 ha-

170 2742 406 2799 bitacula.
433 2746 545 2809 Qui
576 2763 708 2800 vero
734 2747 1105 2817 permiserint
1128 2749 1252 2802 haec
1287 2748 1434 2815 ﬁeri,
1463 2748 1793 2819 subjaeeant

171 2837 245 2891 his
268 2839 861 2907 condemnationibus,
888 2858 1016 2912 quae
1051 2857 1157 2912 per
1184 2858 1430 2897 canones
1467 2842 1791 2897 constitutae

171 2936 301 2986 sunt.

230 3025 365 3081 XXV.
404 3026 697 3091 Quoniam
737 3027 970 3098 quidam
1008 3030 1603 3100 metropolitanorum,
1650 3027 1793 3083 sicut

172 3118 231 3171 ad
248 3135 343 3173 nos
369 3121 661 3191 perlatum
675 3126 776 3187 est,
802 3121 1103 3193 negligunt
1117 3122 1397 3176 creditum
1416 3122 1521 3175 sibi
1534 3138 1787 3192 gregem,
1812 3160 1867 3235 Ο

173 3216 219 3264 et
241 3212 512 3267 differunt
531 3213 917 3268 ordinationes
940 3215 1130 3269 facere
1147 3216 1566 3286 episcoporum,
1581 3215 1793 3285 placuit

173 3312 354 3360 sancta
381 3306 607 3377 synodo
630 3306 783 3361 intra
821 3311 937 3362 tres
964 3324 1187 3363 menses
1234 3308 1360 3362 ﬁeri
1405 3308 1792 3362 ordinationes

173 3399 576 3471 episcoporum,
604 3400 714 3454 nisi
742 3401 889 3455 forte
934 3402 1331 3456 inexcusabilis
1367 3404 1668 3457 necessitas
1692 3418 1787 3457 co-

173 3493 331 3560 egerit
355 3497 592 3563 tempus
618 3493 995 3549 ordinationis
1014 3495 1342 3567 propagari.
1374 3494 1432 3549 Si
1448 3498 1639 3550 autem
1666 3495 1793 3566 quis

173 3584 561 3657 episcoporum
605 3588 729 3641 haec
768 3604 886 3642 non
926 3589 1323 3658 observaverit,
1374 3589 1562 3660 ipsum
1587 3588 1792 3642 debere

174 3679 550 3734 ecclesiasticae
571 3680 1035 3736 condemnationi
1051 3682 1365 3753 subjacere,
1388 3681 1639 3736 redditus
1658 3697 1794 3736 vero

173 3769 407 3839 ejusdem
448 3772 696 3829 viduatae
740 3775 999 3831 ecclesiae
1033 3775 1293 3847 integros
1336 3775 1615 3831 reservari
1643 3775 1795 3847 apud

174 3878 517 3922 (economum
545 3867 807 3939 ejusdem
834 3868 1082 3924 ecclesiae
1107 3869 1337 3940 placuit.

232 3958 373 4014 XXVI
412 3960 561 4024 Quia
603 3960 663 4015 in
709 3962 1052 4033 quibusdam
1096 3962 1344 4018 ecclesiis
1383 3963 1529 4018 sicut
1560 3962 1633 4017 ad
1691 3979 1796 4018 nos

174 4056 435 4123 pervenit,
481 4054 604 4109 sine
647 4072 946 4111 ceconomo
976 4056 1225 4128 episcopi
1266 4073 1355 4111 res
1392 4057 1796 4113 ecclesiasticas

176 4147 420 4218 tractant,
441 4147 656 4219 placuit
675 4166 875 4206 omnes
894 4150 1160 4206 ecclesias
1182 4150 1479 4222 episcopos
1497 4151 1794 4219 habentes,

177 4235 365 4295 habere
403 4258 736 4298 aeeonomos
777 4244 848 4298 de
876 4245 1108 4315 proprio
1136 4245 1308 4312 clero,
1340 4244 1437 4316 qui
1476 4245 1797 4316 gubernent

178 4332 403 4389 ecclesiae
430 4350 523 4390 res
553 4352 683 4391 cum
725 4337 960 4393 arbitrio
988 4338 1075 4393 sui
1106 4337 1377 4409 episcopi,
1422 4343 1483 4393 ut
1524 4355 1637 4393 non
1679 4338 1798 4393 sine

178 4426 484 4482 testimonio
547 4429 619 4484 sit
683 4431 1020 4501 gubernatio
1071 4432 1328 4503 ipsarum
1376 4449 1567 4487 rerum
1618 4433 1796 4487 eccle-

1891 1905 2051 1958 niens
2078 1904 2427 1976 subscripsit.
2461 1904 2789 1959 Anastasius
2817 1906 3111 1976 episcopus
3151 1908 3402 1961 Nicensis
3430 1908 3525 1961 de-

1889 1991 2094 2046 ﬁniens
2123 1991 2468 2063 subscripsit.
2498 1993 2856 2048 Eleutherius
2885 1993 3181 2066 episcopus
3220 1997 3522 2052 Chalcedo-

1888 2085 2081 2139 nensis
2131 2085 2411 2139 deﬁniens
2456 2085 2805 2157 subscripsit.
2849 2088 3004 2142 Idem
3039 2105 3238 2144 omnes
3278 2090 3528 2162 episcopi
3620 2080 3623 2083 ’

1889 2181 2012 2245 630,
2048 2178 2385 2234 deﬁnientes
2415 2179 2888 2251 subscripserunt.

1960 2275 2268 2343 Postquam
2316 2273 2554 2328 recitata
2607 2278 2708 2341 est,
2763 2275 3049 2345 piissimus
3101 2277 3412 2349 imperator
3456 2281 3528 2336 ad

1890 2371 2147 2421 sanetum
2176 2367 2479 2421 concilium
2513 2367 2655 2421 dixit
2684 2385 2696 2421 :
2731 2368 2890 2422 Dicat
2921 2374 3178 2426 sanctum
3228 2374 3525 2430 concilium

1891 2460 1937 2514 si
1964 2477 2035 2515 ex
2061 2477 2342 2515 consensu
2366 2460 2627 2515 omnium
2667 2462 3063 2532 episcoporum
3090 2465 3367 2536 deﬁnitio,
3399 2486 3529 2541 quae

1892 2570 2041 2607 nunc
2085 2555 2230 2607 lecta
2273 2557 2377 2623 est,
2429 2554 2648 2624 prolata
2694 2554 2786 2609 sit.
2825 2555 3036 2612 Omnes
3073 2562 3527 2618 reverendissimi

1891 2648 2140 2718 episcopi
2186 2647 2647 2718 responderunt:
2681 2648 2893 2703 Omnes
2946 2650 3024 2705 sic
3067 2652 3369 2725 credimus,
3393 2657 3528 2727 [una

1890 2741 2051 2807 ﬁdes,
2083 2758 2198 2795 una
2228 2741 2529 2809 sententia,
2558 2742 2790 2797 omnino
2814 2742 2969 2798 idem
2998 2744 3288 2802 faciamus.
3316 2750 3527 2807 Omnes

1891 2835 2308 2889 consentientes
2333 2834 2788 2906 subscripsimus.
2828 2837 3033 2893 Omnes
3076 2840 3380 2897 orthodoxi
3431 2863 3526 2899 su-

1889 2945 2040 2995 mus,
2065 2928 2186 2983 haec
2214 2929 2350 2983 ﬁdes
2379 2930 2629 2999 Patrum,
2660 2930 2782 2984 haec
2810 2930 2949 2986 ﬁdes
2977 2936 3382 3007 apostolorum,
3407 2938 3528 2994 hac

1890 3027 2044 3076 recte
2089 3022 2468 3090 credentium,
2512 3023 2632 3078 haec
2673 3027 2757 3079 est
2793 3025 2936 3080 ﬁdes
2973 3043 3099 3097 quae
3124 3028 3323 3084 orbem
3350 3035 3527 3087 terra-

1892 3128 2023 3165 rum
2051 3112 2241 3165 salvat.
2271 3112 2567 3182 Martiano,
2593 3130 2739 3168 novo
2765 3115 3154 3182 Constantino,
3173 3134 3316 3173 novo
3331 3121 3526 3190 Paulo,

1891 3221 2036 3260 novo
2089 3205 2281 3273 David,
2324 3206 2656 3276 imperatori
2704 3207 2961 3278 piissimo
3000 3210 3234 3266 domino
3271 3215 3528 3285 Augusto

1891 3299 2005 3352 vita
2035 3300 2175 3370 ejus.
2201 3300 2267 3352 Et
2290 3303 2417 3376 post
2445 3300 2550 3354 has
2578 3317 2738 3355 voces
2764 3301 3059 3371 piissimus
3085 3307 3141 3359 et
3172 3306 3528 3365 ﬁdelissimus

1891 3392 2206 3463 imperator
2253 3392 2327 3446 ad
2361 3402 2614 3448 sanctam
2655 3394 2938 3464 synodum
2987 3396 3170 3451 dixit:
3200 3401 3533 3458 Veneranda

1892 3485 2171 3540 catholica
2197 3485 2340 3539 ﬁdes
2370 3503 2403 3539 a
2433 3490 2629 3540 sancta
2656 3492 2713 3540 et
2749 3488 3055 3543 universali
3081 3492 3293 3561 synodo
3336 3512 3533 3551 secun-

1894 3579 2033 3633 dum
2062 3581 2294 3633 Patrum
2316 3577 2724 3647 expositionem
2746 3581 3045 3637 manifesta
3066 3587 3169 3638 est.
3214 3587 3281 3641 Et
3308 3587 3355 3640 si
3380 3588 3532 3645 labo-

1894 3688 2017 3737 rem
2050 3670 2384 3726 reverentiae
2411 3673 2612 3726 vestrae
2636 3676 2694 3725 et
2723 3674 3039 3729 convicium
3067 3678 3328 3749 fecimus,
3360 3684 3533 3739 maxi-

1894 3782 2019 3819 mas
2046 3765 2270 3835 agimus
2302 3765 2514 3837 gratias
2557 3765 2937 3837 omnipotenti
2969 3769 3085 3824 Deo
3130 3773 3405 3829 Salvatori
3436 3793 3534 3832 no-

1896 3865 2032 3926 stro,
2061 3859 2195 3930 quia
2210 3859 2521 3914 multorum
2543 3859 2862 3914 errantium
2877 3860 3022 3916 circa
3049 3862 3224 3919 ﬁdem
3238 3871 3532 3938 amputata

1896 3950 2178 4006 discordia
2212 3949 2272 4004 in
2310 3965 2487 4004 unam
2531 3949 2910 4022 eamdemque
2949 3952 3122 4009 ﬁdem
3159 3971 3357 4012 omnes
3380 3975 3533 4017 nunc

1897 4044 2290 4110 convenimus,
2316 4046 2610 4115 sperantes
2632 4043 2914 4099 celebrem
2941 4047 3143 4101 vestris
3182 4051 3449 4120 precibus
3477 4061 3535 4111 et

1896 4140 2196 4194 meliorem
2216 4153 2387 4208 super
2414 4153 2614 4192 omnes
2634 4140 2856 4208 partem
2877 4156 2910 4193 a
2936 4141 3052 4195 Deo
3083 4140 3302 4199 donari.
3333 4146 3535 4204 Sancta

1898 4232 2143 4305 synodus
2162 4230 2370 4287 iterum
2384 4231 2741 4287 exclamavit:
2768 4233 2891 4288 Hec
2912 4232 3089 4305 digna
3103 4237 3272 4293 vestri
3288 4238 3533 4311 imperii,

1895 4327 2019 4381 haec
2048 4326 2283 4398 propria
2311 4326 2480 4381 vestri
2509 4326 2757 4397 imperii,
2790 4327 2910 4381 hzec
2937 4331 3211 4386 correctio
3242 4334 3414 4390 vestri
3433 4335 3535 4390 im-

1895 4421 2042 4492 perii
2070 4420 2248 4492 digna
2286 4420 2524 4486 Christo,
2574 4419 2749 4491 digna
2791 4420 3017 4492 imperii
3051 4423 3162 4480 ﬁde
3187 4468 3201 4495 ,
3236 4434 3539 4500 propterea

180 4517 536 4592 siasticarum,
566 4528 624 4579 et
642 4540 711 4578 ex
730 4525 839 4579 hoc
860 4526 1124 4581 deveniat
1150 4526 1401 4598 dispergi
1437 4526 1692 4597 ejusdem
1712 4543 1792 4581 res

1900 4514 2231 4588 paciﬁcatur
2251 4513 2403 4569 orbis
2442 4517 2631 4568 terrae.
2681 4515 2744 4567 Et
2773 4518 2902 4584 post
2941 4516 3041 4571 has
3066 4534 3227 4574 voces
3249 4521 3537 4590 piissimus

182 4612 432 4683 ecclesias,
482 4622 540 4671 et
584 4617 916 4673 sacerdotali
954 4619 1217 4691 dignitati
1262 4620 1600 4675 obtrectatio
1629 4636 1796 4691 gene-

181 4711 336 4763 retur.
382 4711 443 4765 Si
478 4727 609 4765 vero
637 4712 766 4784 quis
810 4729 927 4768 non
975 4713 1358 4769 observaverit
1405 4715 1546 4782 hiec,
1593 4714 1798 4770 divinis

183 4798 457 4870 subjaceat
488 4805 726 4877 regulis.

244 4893 430 4949 XXVII.
478 4898 587 4952 Eos
617 4898 719 4970 qui
756 4899 865 4954 sibi
902 4901 1140 4972 rapiunt
1176 4918 1402 4972 uxores,
1432 4902 1519 4957 vel
1575 4919 1672 4958 eos
1699 4902 1799 4975 qui

183 4985 432 5043 auxilium
464 4992 871 5063 praestiterunt,
894 4995 1093 5049 statuit
1108 5000 1299 5050 saneta
1325 4996 1592 5067 synodus,
1618 4996 1797 5067 siqui-

187 5076 303 5133 dem
323 5082 507 5138 clerici
528 5085 765 5157 fuerint,
795 5088 997 5143 cadere
1025 5089 1094 5145 de
1121 5089 1353 5162 proprio
1376 5090 1575 5161 gradu.
1594 5089 1647 5145 Si
1666 5107 1799 5145 vero

186 5167 299 5226 laici
324 5175 553 5248 fuerint,
587 5181 896 5236 anathema
924 5182 1017 5238 sit.

613 5276 948 5345 Subscn‘ptz'o
975 5280 1358 5348 episcoporum.

252 5361 567 5423 Paschasius
610 5369 908 5441 episcopus
952 5371 1194 5426 civitatis
1248 5372 1583 5439 Lilibitanze,
1623 5372 1804 5427 vicem

192 5468 359 5525 agens
388 5460 699 5518 beatissimi
720 5464 966 5537 episcopi
995 5465 1219 5534 Leonis,
1260 5465 1535 5522 deﬁniens
1559 5466 1801 5520 subscri-

192 5547 314 5615 psit.
353 5551 648 5611 Lucentius
688 5556 1010 5630 episcopus,
1048 5559 1289 5614 civitatis
1316 5559 1715 5628 Ausculitante,
1747 5558 1806 5613 id

193 5646 287 5712 est,
313 5644 481 5704 vicem
509 5667 691 5723 agens
733 5652 1070 5708 sanctissimi
1113 5654 1312 5709 Leonis
1355 5653 1627 5725 episcopi,
1673 5652 1806 5708 deﬁ-

193 5733 345 5791 niens
368 5743 707 5817 subscripsit.
737 5746 1054 5803 Bonifacius
1078 5748 1375 5820 presbyter
1407 5748 1560 5803 urbis
1587 5749 1804 5813 Romae,

194 5826 539 5913 vicemagens
571 5840 898 5915 apostolica
924 5841 1100 5919 Sedis,
1148 5841 1425 5900 deﬁniens
1456 5840 1803 5915 subscripsit.

1894 4617 1950 4669 et
1964 4608 2329 4663 ﬁdelissimus
2345 4607 2659 4679 imperator
2685 4606 2758 4660 ad
2780 4611 3035 4664 sanctam
3052 4612 3333 4682 synodum
3354 4616 3529 4691 dixit;

1893 4704 2294 4761 Venerandam
2313 4701 2652 4757 catholicam
2670 4699 2845 4756 ﬁdem
2870 4708 3079 4759 sancta:
3097 4708 3441 4766 venerabilis
3451 4730 3540 4785 sy-

1894 4800 2028 4856 nodi
2074 4797 2387 4854 secundum
2421 4797 2652 4850 Patrum
2702 4796 3116 4866 expositionem
3154 4802 3534 4878 manifestam,

1890 4895 2054 4967 juxta
2069 4893 2260 4963 legem
2275 4892 2333 4945 et
2349 4889 2781 4945 convenientem
2795 4906 2937 4962 esse,
2951 4896 3137 4948 vestra
3151 4899 3536 4971 tranquillitas

1898 4988 2120 5060 probet,
2154 4988 2214 5040 et
2243 4999 2476 5039 omnem
2502 4983 2559 5037 in
2586 4987 2879 5054 posterum
2900 4988 3277 5047 contentionis
3296 4997 3534 5053 occasim

1898 5099 2033 5137 nem
2049 5081 2199 5135 circa
2213 5096 2375 5134 suam
2392 5078 2567 5133 ﬁdem
2592 5080 2900 5150 amputari.
2919 5081 2975 5137 Si
2997 5083 3123 5154 quis
3135 5084 3312 5157 igitur
3334 5089 3533 5163 idiota,

1902 5176 1987 5232 vel
2005 5173 2289 5241 militaris,
2307 5190 2409 5228 seu
2428 5172 2666 5228 clericus
2679 5173 2903 5244 publice
2926 5176 3153 5233 turbam
3176 5197 3537 5256 congregans

1902 5270 2007 5326 sub
2030 5266 2263 5324 obtentu
2284 5266 2672 5338 dispositionis
2688 5268 2999 5325 tumultum
3022 5271 3239 5341 fecerit,
3255 5274 3535 5346 siquidem

1903 5365 2081 5420 idiota
2103 5361 2449 5435 proscriptus
2479 5362 2798 5432 expellatur
2824 5380 2858 5417 a
2894 5364 3054 5436 regia
3084 5365 3245 5435 urbe,
3278 5369 3538 5428 militaris

1903 5479 2037 5519 vero
2066 5478 2169 5517 seu
2206 5459 2447 5516 clericus
2489 5459 2701 5530 gradus
2735 5460 2824 5515 sui
2860 5461 3176 5531 periculum
3200 5465 3536 5540 sustinebit,

1906 5561 1965 5612 et
1981 5557 2107 5612 aliis
2131 5555 2313 5627 poenis
2337 5553 2676 5625 subjacebit.

1906 5674 2158 5730 Edictum
2193 5673 2467 5729 Martiam'
2499 5671 2844 5743 imperatoris
2884 5673 2943 5726 in
2966 5675 3368 5743 conﬁrmatione
3406 5694 3535 5740 con-

2412 5743 2527 5798 cilii
2565 5742 3025 5800 Chalcedonensis.

1978 5840 2351 5915 Imperatores
2392 5834 2825 5893 Valentinianus
2847 5874 2862 5904 ,
2913 5835 3220 5898 Martianus
3270 5846 3534 5922 Augusti,
