3964 6178
435 293 536 343 313

1324 292 1607 347 ᾹΡΡΕΝῘ).
1647 294 1734 346 AD
1772 292 1931 347 S.EC.
1976 292 2061 345 IX.

2200 290 2446 346 lSlDOltl
2485 288 2909 345 MERCATURIS
3643 305 3667 353 3
3680 308 3689 353 Ι
3702 311 3724 353 ti

432 400 707 453 universis
735 399 976 470 populis.
1011 400 1263 455 Tandem
1296 402 1605 473 aliquando
1643 402 1797 474 quod
1834 403 2071 457 summis
2093 402 2391 486 Agligere
2446 401 2599 473 quod
2660 400 2756 454 diu
2823 400 3067 469 latuerat
3089 440 3102 466 ,
3137 399 3306 468 scivit,
3356 417 3450 456 nec
3500 407 3727 473 patefacto

393 519 397 525 ν
429 492 570 545 votis
601 495 771 563 atque
801 492 1001 546 studiis
1033 494 1369 564 optabamus
1391 496 1600 562 evenit,
1633 500 1855 551 remota
1882 501 1967 551 est
1996 496 2065 550 de

430 585 747 639 orthodoxa
797 585 1251 641 Christianorum
1300 587 1428 658 lege
1473 589 1787 657 contentio,
1826 589 2064 643 tandem

428 679 686 732 remedia
713 679 1009 749 culpabilis
1040 680 1249 734 erroris
1288 680 1521 735 inventa
1569 688 1722 750 sunt,
1768 686 1825 735 et
1855 682 2067 736 discors

428 771 772 842 populorum
800 772 1079 827 sententia
1114 772 1170 826 in
1206 790 1379 827 unum
1427 791 1792 844 consensum,
1834 792 2063 829 concor-

430 860 701 935 diamque
723 866 1020 931 convenit;
1047 866 1117 919 ab
1135 866 1416 921 universis
1434 868 1607 922 etiam
1629 868 1925 938 provinciis
1940 870 2068 923 reli-

430 950 736 1028 giosissimi
777 958 1098 1012 sacerdotes
1130 959 1552 1015 Chalcedonam
1583 965 1882 1031 venerunt,
1907 962 2069 1032 juxta

427 1056 621 1106 nostra
645 1055 950 1122 praecepta,
978 1056 1033 1106 et
1059 1053 1212 1124 quod
1242 1053 1531 1109 observari
1567 1054 1627 1109 in
1658 1054 1937 1126 religione
1968 1055 2067 1110 de-

426 1143 558 1197 beat
584 1144 879 1215 perspicua
911 1144 1251 1200 difﬁnitione
1296 1147 1633 1202 docuerunt.
1681 1148 1941 1203 Discessit
1968 1148 2070 1220 igi-

428 1241 522 1290 tur
538 1237 665 1307 jam
694 1238 940 1308 profana
961 1239 1278 1295 contentio.
1308 1241 1450 1295 Nam
1487 1257 1615 1297 vere
1646 1241 1858 1313 impius
1897 1247 2068 1313 atque

429 1330 741 1401 sacrilegus
759 1335 844 1386 est
861 1331 961 1402 qui
974 1337 1106 1403 post
1119 1337 1201 1388 tot
1214 1334 1572 1389 sacerdotum
1589 1337 1939 1390 sententiam
1953 1336 2071 1407 opi-

427 1422 589 1477 nioni
634 1440 750 1478 suae
803 1424 1020 1496 aliquid
1074 1428 1439 1483 tractandum
1481 1428 1735 1501 reliquit.
1796 1431 2071 1485 Extrema:

428 1516 642 1588 quippe
664 1518 969 1573 dementiae
996 1522 1083 1574 est
1102 1520 1161 1573 in
1190 1521 1376 1576 medio
1404 1526 1462 1576 et
1486 1522 1787 1593 perspicuo
1808 1522 1897 1577 die
1912 1539 2068 1577 com-

430 1609 757 1665 mentitium
779 1612 977 1666 lumen
1011 1629 1289 1684 quaerere.
1316 1615 1583 1687 Quisquis
1608 1616 1764 1670 enim
1777 1620 1906 1687 post
1922 1616 2071 1670 veri-

429 1708 613 1758 tatem
639 1710 925 1776 repertam
937 1705 1155 1777 aliquid
1172 1707 1412 1762 ulterius
1432 1708 1684 1779 discutit,
1709 1710 2074 1764 mendacium

2168 496 2378 550 scelere
2410 512 2573 565 passa
2600 497 2683 548 est
2711 509 2936 565 pcenam
2970 493 3193 547 sceleris
3222 493 3436 549 evitare.
3478 497 3731 564 Sententiis

2170 590 2357 658 itaque
2397 587 2602 641 divinis
2660 586 3043 656 humanisque
3090 585 3398 653 damnatus,
3450 590 3731 657 synodicuni

2167 684 2485 746 decretum,
2536 684 2601 733 ut
2656 680 2999 745 merebatur,
3051 679 3280 748 accepit,
3319 696 3440 732 reus
3481 679 3732 741 divinitati.

2170 773 2293 846 75
2350 773 2439 826 cui
2499 772 2742 827 faciebat
2786 772 3079 843 injuriam,
3134 788 3257 826 reus
3319 772 3578 839 omnibus,
3625 792 3736 845 quos

2170 867 2427 937 decipere
2482 866 2813 920 conabatur.
2865 865 3128 919 Proxime
3188 864 3394 918 etenim
3461 865 3739 921 innumera-

2167 961 2309 1014 biles
2368 976 2436 1014 ex
2508 963 2625 1013 toto
2694 958 2829 1014 orbe
2893 957 3203 1012 beatissimi
3262 957 3498 1029 episcopi
3554 959 3741 1013 Chalce-

2170 1053 2336 1107 dona:
2384 1052 2714 1124 congregati
2762 1051 3022 1122 improba
3063 1050 3313 1121 praedicti
3355 1051 3631 1106 Eutichetis
3653 1069 3742 1105 una

2170 1162 2301 1201 cum
2322 1146 2536 1216 synodo
2576 1145 2699 1215 ejus
2728 1160 2895 1198 causa
2934 1144 3131 1198 habita
3160 1144 3417 1214 expulere
3446 1150 3741 1209 commenta,

2169 1240 2315 1293 sicut
2357 1241 2681 1292 sanctorum
2738 1237 2973 1291 deﬁnita
3011 1236 3297 1307 majorum
3332 1253 3451 1306 quae
3498 1237 3578 1289 vel
3621 1236 3744 1306 apud

2170 1332 2417 1387 Nicaeam
2473 1348 2505 1385 a
2530 1330 2798 1385 trecentis
2828 1330 3027 1385 decem
3056 1333 3116 1383 et
3157 1334 3280 1384 octo
3318 1329 3601 1383 constituta
3622 1333 3744 1394 sunt,

2172 1427 2259 1480 vel
2284 1425 2345 1479 in
2378 1425 2484 1479 hac
2513 1428 2709 1495 postea
2737 1424 2891 1479 alma
2919 1424 3059 1478 urbe
3084 1440 3117 1477 a
3138 1425 3365 1478 centum
3391 1420 3750 1493 quinquaginta

2171 1524 2305 1573 sunt
2334 1518 2614 1590 episcopis
2664 1518 2963 1583 declarata,
3018 1517 3105 1570 vel
3146 1516 3296 1588 apud
3326 1515 3610 1586 Ephesum,
3644 1530 3748 1567 cum

2173 1612 2412 1667 Nestorii
2442 1614 2529 1665 est
2557 1626 2720 1665 error
2747 1611 3021 1675 exclusus,
3060 1608 3485 1681 praesidentibus
3521 1608 3751 1661 Romanae

2173 1704 2353 1773 urbis,
2397 1704 2721 1773 Caelestino,
2778 1703 2983 1774 Cyrillo
3026 1708 3083 1757 et
3126 1700 3507 1757 Alexandrinae
3556 1698 3752 1753 civitatis

433 1798 659 1868 quaerit.
680 1799 860 1853 Nemo
885 1798 1078 1870 itaque
1099 1800 1184 1855 vel
1213 1801 1447 1856 clericus
1481 1802 1733 1857 militans
1760 1808 1815 1858 et
1842 1803 2074 1857 alterius
2094 1787 2150 1859 B
2177 1798 2480 1869 epiSCOpis.
2511 1799 2587 1851 Ea
2613 1797 2789 1868 igitur
2816 1812 2943 1867 quae
2976 1800 3108 1851 sunt
3118 1796 3287 1867 juxta
3302 1793 3585 1867 pristinam
3615 1790 3749 1845 disci-

430 1890 735 1961 cujuslibet
764 1893 1105 1947 conditionis
1122 1893 1192 1948 de
1223 1894 1338 1949 ﬁde
1368 1895 1686 1950 Christiana
1716 1896 1943 1968 publice
1965 1900 2074 1951 ter-

428 1982 647 2039 minata
685 1985 1015 2040 coadunatis
1064 1991 1122 2041 et
1158 1987 1520 2044 audientibus
1567 1994 1808 2044 tractare
1838 1993 2075 2045 conetur

431 2075 489 2130 in
526 2081 837 2148 posterum,
856 2094 924 2133 ex
951 2080 1060 2134 hoc
1078 2081 1361 2136 tumultus
1380 2085 1437 2136 et
1452 2082 1703 2154 perfidiae
1715 2084 2073 2138 occasionem

429 2171 748 2240 requirens.
773 2172 917 2225 Nam
943 2171 1018 2242 inj
1030 2172 1216 2227 uriam
1235 2173 1367 2228 facit
1386 2174 1605 2244 judicio
1636 2175 2073 2247 religiosissima:

432 2262 656 2332 synodi,
688 2262 892 2333 sijquis
916 2266 1091 2320 semel
1113 2265 1372 2335 judicata
1402 2270 1555 2323 recte
1591 2268 1861 2340 disposita
1890 2272 2071 2324 revol-

434 2371 587 2421 vere,
619 2359 678 2408 et
722 2356 948 2426 publice
992 2357 1282 2430 disputare
1314 2360 1626 2415 contendit.
1658 2365 1800 2418 Cum
1841 2380 1907 2417 ea
1945 2380 2073 2434 quae

434 2464 587 2503 nunc
614 2449 682 2504 de
702 2450 1021 2506 Christiana
1042 2452 1151 2507 ﬁde
1177 2457 1387 2508 statuta
1404 2458 1538 2508 sunt
1549 2455 1717 2525 juxta
1741 2457 2074 2526 apostolicas

434 2542 816 2612 expositiones
859 2549 915 2599 et
956 2544 1218 2601 instituta
1260 2552 1584 2602 sanctorum
1626 2550 1858 2603 Patrum
1889 2553 1991 2605 3l8
2019 2555 2075 2604 et

440 2638 536 2690 150
567 2636 800 2692 deﬁnita
824 2655 947 2693 esse
976 2645 1309 2695 noscuntur.
1342 2641 1483 2695 Nam
1514 2642 1571 2696 in
1595 2644 2075 2715 contemptoribus

438 2730 606 2798 hujus
632 2730 775 2800 legis
800 2748 972 2801 pcena
1004 2750 1117 2786 non
1139 2734 1341 2801 deerit,
1370 2736 1503 2805 quia
1531 2753 1646 2790 non
1677 2737 1859 2791 solum
1879 2743 2075 2791 contra

434 2825 610 2876 tidem
642 2824 784 2877 bene
807 2826 1180 2896 compositam
1204 2828 1459 2895 veniunt,
1487 2830 1584 2882 sed
1616 2830 1792 2884 etiam
1818 2831 2001 2885 Judaei
2022 2839 2078 2885 et

433 2916 641 2986 pagani
676 2920 732 2970 et
762 2917 1155 2987 hujuscemodi
1201 2921 1514 2976 certamine
1565 2925 1877 2993 profanant
1902 2941 2073 2979 vene-

434 3008 616 3063 randa
656 3010 945 3081 mysteria.
978 3012 1155 3083 Igitur
1199 3014 1242 3067 si
1287 3015 1521 3069 clericus
1549 3016 1674 3085 erit,
1719 3018 1815 3089 qui
1857 3019 2075 3089 publice

431 3106 677 3157 tractare
705 3104 775 3159 de
799 3104 1080 3176 religione
1109 3123 1278 3161 ausus
1308 3109 1499 3176 fuerit,
1526 3127 1559 3164 a
1591 3113 1877 3167 consortio
1910 3113 2073 3168 cleri-

715 3157 723 3159 ν
760 3157 768 3159 θ
1112 3157 1274 3161 -._-_-
1308 3157 1499 3176 __-__-,
1528 3157 1558 3164 _
1593 3157 1875 3167 --.ηνηη
1912 3157 2043 3168 νη..

436 3213 634 3251 eorum
689 3199 1093 3254 removebitur.
1142 3200 1196 3255 Si
1250 3217 1384 3256 vero
1424 3203 1627 3258 militia
1674 3206 1945 3275 praeditus
1983 3157 2151 3272 sit,C

436 3289 666 3361 cingulo
706 3291 1135 3363 exspoliabitur.
1169 3295 1368 3349 Caeteri
1404 3296 1575 3351 etiam
1607 3298 1775 3368 hujus
1825 3298 2079 3353 criminis

436 3383 520 3437 rei
565 3384 635 3439 de
685 3384 791 3439 hac
828 3386 1180 3442 sanctissima
1222 3389 1364 3442 urbe
1422 3391 1709 3461 pellentur
1740 3409 1842 3462 pro
1881 3393 2077 3465 vigore

427 3477 928 3547 judiciario,etiam
947 3482 1403 3552 competentibus
1413 3485 1702 3555 suppliciis
1714 3485 2075 3557 subjugandi.

438 3572 671 3626 Constat
700 3572 857 3631 enim
886 3574 1171 3629 haereticos
1200 3576 1437 3632 insaniae
1451 3578 1682 3633 exordia
1707 3580 2080 3652 fomitemque

438 3664 663 3733 nutriri,
696 3665 833 3721 dum
878 3667 1103 3739 publice
1149 3669 1381 3741 quidam
1427 3671 1719 3744 disputant
1747 3677 1917 3746 atque
1942 3684 2089 3730 con!

440 3759 702 3814 tendunt.
736 3760 1004 3816 Universa
1025 3777 1164 3833 ergo
1185 3780 1315 3835 quae
1335 3781 1369 3818 a
1394 3769 1594 3820 sancta
1619 3768 1832 3837 synodo
1857 3768 2082 3823 Chalce-

439 3850 609 3907 donia
634 3854 941 3910 constituta
961 3859 1113 3926 sunt,
1136 3857 1420 3914 custodire
1440 3858 1751 3928 debebunt,
1769 3861 1912 3916 nihil
1934 3866 2084 3933 post-

436 3962 499 3999 ea
527 3946 855 4002 dubitaturi.
898 3949 1012 4003 Hoc
1054 3949 1249 4021 itaque
1293 3952 1634 4007 commoniti
1665 3959 1872 4008 nostrae
1909 3954 2084 4010 since-

439 4039 621 4093 ritatis
646 4040 854 4107 edicto,
883 4040 1136 4097 obsistite
1166 4044 1416 4114 profanis
1440 4046 1690 4116 vecibus,
1718 4048 1961 4102 ulterius
1980 4049 2080 4103 de-

436 4130 603 4185 sinite
634 4133 705 4187 de
728 4133 936 4187 divinis
966 4134 1258 4205 disputare
1285 4137 1437 4208 quod
1461 4138 1624 4193 nefas
1663 4143 1768 4209 est,
1802 4140 1936 4211 quia
1963 4158 2078 4195 non

444 4224 632 4277 solum
656 4223 848 4279 divino
857 4224 1072 4295 judicio
1105 4233 1401 4297 peccatum
1424 4229 1550 4298 hoc,
1580 4234 1748 4303 prout
1776 4232 2081 4301 credimus,

438 4316 734 4387 punietur,
766 4333 967 4372 verum
991 4319 1161 4374 etiam
1180 4320 1377 4391 legum
1396 4327 1453 4378 et
1471 4323 1733 4393 judicum
1754 4327 2084 4382 auctoritate

437 4410 804 4467 coercebitur.
851 4412 1141 4484 Proposita
1192 4431 1266 4469 vn
1324 4416 1558 4472 Kalend.
1613 4419 1901 4475 Februarii
1945 4421 2087 4476 Con-

436 4506 806 4580 stantinopoli
829 4507 1066 4564 Patricio
1088 4512 1338 4565 consule.

432 4624 631 4693 Incipit
659 4640 818 4681 sacra
862 4626 1251 4699 Valentiniani
1304 4633 1357 4684 et
1396 4629 1669 4684 Martiani
1704 4630 2082 4699 Augustorum

499 4699 627 4771 post
650 4767 666 4771 _
698 4697 983 4771 concilium
1050 4699 1476 4771 Chalcedonense
1542 4703 1601 4755 in
1680 4697 2082 4771 conﬁrmatione

509 4766 747 4834 ejusdem
775 4770 988 4823 concilii
1014 4773 1065 4824 et
1094 4770 1447 4828 damnatione
1465 4766 1834 4828 Weticorn'm
1852 4778 2078 4830 sanatio.

516 4878 883 4950 Imperatores
924 4882 1358 4941 VALENTINIANUS
1394 4888 1450 4940 et
1492 4884 1807 4943 MARTIANUS
1839 4886 2082 4958 Augusti

441 4970 727 5028 PALLADIo'
741 4974 1008 5044 praefecto
1038 4977 1311 5047 praetorii.

511 5065 721 5121 Divinas
742 5084 967 5139 semper
994 5071 1269 5140 potentia:
1296 5071 1612 5127 referenda:
1642 5077 1813 5143 atque
1842 5074 2081 5144 agendae

440 5164 573 5215 sunt
602 5161 822 5232 gratiae,
850 5178 979 5233 quae
1007 5166 1266 5219 auctores
1293 5164 1542 5233 haeresis,
1563 5181 1692 5236 qua:
1714 5168 1954 5234 occulta,
1979 5184 2082 5222 nec

441 5256 617 5311 latere
652 5242 951 5324 concedit,
1014 5273 1117 5311 nec
1169 5258 1371 5313 durare
1446 5259 1729 5330 impunita
1779 5260 2079 5332 permittit.

442 5350 702 5414 Quorum
730 5367 913 5405 unum
955 5350 1245 5406 malorum
1272 5351 1500 5422 legendi
1529 5352 1705 5409 habet
1736 5354 1968 5425 plenam
1996 5354 2081 5409 fa-

443 5445 737 5513 cultatem,
756 5445 999 5501 alterum
1015 5446 1371 5516 praecavendi
1397 5446 1620 5502 caeteris
1643 5450 1875 5518 prestat
1893 5464 2083 5503 exem-

441 5540 621 5607 plum.
668 5542 830 5595 Cura:
872 5539 1046 5612 igitur
1085 5556 1206 5595 esse
1240 5538 1523 5595 divinitati
1568 5541 1873 5597 hominum
1902 5545 2079 5613 actus,

443 5635 500 5683 et
524 5633 769 5689 maxime
801 5634 1178 5691 reverentiam
1206 5633 1500 5706 religionis
1516 5636 1775 5707 proxime
1805 5636 1864 5692 in
1883 5638 2083 5692 contir-

446 5725 654 5779 manda
697 5727 972 5783 catholica
1013 5728 1124 5783 ﬁde
1159 5728 1453 5784 evidenter
1481 5730 1767 5802 apparuit,
1819 5748 1950 5786 cum
1981 5748 2082 5787 nec

446 5814 797 5872 Eutichetem
828 5822 1226 5878 sceleratorum
1260 5823 1592 5895 dogmatum
1626 5829 1959 5881 sectatorem
1989 5843 2082 5882 ne-

2173 1891 2390 1963 plinam
2429 1908 2463 1944 a
2488 1889 2800 1945 venerabili
2828 1889 3048 1960 synodo
3085 1887 3525 1944 Chalcedonensi
3561 1885 3755 1939 deﬁnita

2174 1987 2272 2039 illa
2299 1985 2411 2039 ﬁde
2434 2000 2547 2055 qua
2574 1984 2757 2039 Deum
2786 1982 3023 2037 colimus
3052 1999 3157 2055 per
3172 1981 3367 2037 omnia
3387 1978 3641 2035 servanda
3655 1993 3756 2031 cen-

2174 2082 2391 2133 suimus
2422 2082 2591 2149 atque
2619 2093 2935 2146 censemus,
2970 2076 3102 2147 quia
3140 2076 3307 2130 valde
3347 2088 3671 2143 consequens
3692 2074 3758 2123 est

2178 2177 2237 2227 ut
2265 2172 2623 2227 sacerdotum
2652 2188 2793 2242 pura
2810 2176 3003 2225 mente
3031 2172 3214 2225 Deum
3231 2167 3531 2224 colentium
3548 2163 3756 2229 deﬁnita,

2174 2282 2301 2336 quae
2353 2281 2455 2336 pro
2506 2264 2966 2319 orthodoxorum
3028 2263 3139 2318 ﬁde
3201 2262 3543 2317 sacrosancta
3590 2272 3757 2311 secun—

2177 2358 2316 2413 dum
2347 2358 2579 2412 Patrum
2600 2357 2827 2428 regulas
2840 2358 3278 2428 praecesserunt,
3301 2370 3415 2408 una
3434 2368 3555 2407 cum
3571 2364 3762 2405 venera-

2174 2452 2328 2505 tione
2378 2468 2729 2505 conservare.
2772 2450 3054 2514 Quoniam
3085 2448 3411 2520 principalis
3441 2440 3760 2517 providentia?

2176 2551 2258 2599 est
2278 2561 2447 2599 omne
2480 2546 2696 2598 malum
2740 2545 2888 2598 inter
2917 2544 3079 2597 initia
3107 2544 3456 2615 opprimere,
3492 2542 3544 2591 et
3568 2548 3759 2605 serpen-

2175 2645 2297 2693 tum
2342 2639 2608 2693 morbum
2651 2639 2847 2708 legum
2881 2636 3166 2691 medicina
3204 2650 3478 2699 resecare,
3527 2632 3623 2685 hac
3661 2629 3761 2696 lege

2175 2732 2538 2786 decernimus
2567 2749 2659 2785 cos
2686 2731 2781 2801 qui
2816 2730 3121 2784 Eutichetis
3142 2745 3336 2784 errore
3365 2724 3694 2796 decipiuntur
3708 2718 3763 2772 ad

2176 2826 2503 2896 exemplum
2537 2824 3059 2896 Appollinariorum
3106 2841 3252 2895 quos
3292 2820 3545 2876 Eutiches
3580 2819 3765 2870 secutus

2176 2924 2277 2987 est,
2307 2937 2449 2990 quos
2492 2919 2838 2974 venerabiles
2887 2920 3119 2972 Patrum
3146 2918 3384 2989 regulae,
3417 2914 3470 2967 id
3510 2914 3605 2975 est,
3631 2906 3767 2961 eccle-

2175 3013 2378 3067 siastici
2413 3029 2660 3067 canones
2689 3016 2743 3066 et
2768 3012 3029 3067 divorum
3056 3011 3389 3083 principum
3421 3002 3765 3062 sacratissian

2179 3107 2497 3161 sanctiones
2523 3107 2922 3171 condemnant,
2950 3106 3172 3160 nullum
3205 3106 3549 3176 episcopum,
3582 3094 3767 3153 nullum

2178 3200 2591 3271 presbyterum,
2642 3200 2827 3254 nullos
2874 3215 3064 3254 creare
3110 3200 3197 3253 vel
3252 3197 3531 3270 appellare
3557 3189 3766 3249 clericos,

2176 3295 2474 3365 ipsumque
2492 3294 2845 3349 Eutichetem
2873 3292 3109 3347 nomine
3124 3290 3438 3363 presbyteri
3450 3304 3556 3360 quo
3570 3282 3768 3353 indigne

2178 3392 2347 3442 utens
2374 3388 2723 3458 exspoliatus
2752 3391 2854 3454 est,
2885 3387 2942 3441 in
2965 3390 3146 3441 totum
3172 3402 3391 3441 carere.
3416 3383 3473 3439 Si
3498 3380 3586 3453 qui
3611 3383 3770 3433 tamen

2176 3486 2370 3536 contra
2400 3482 2636 3535 definita
2662 3484 2860 3536 nostra
2886 3482 3201 3552 episcopos,
3242 3479 3608 3554 presbyteros,
3635 3472 3770 3526 caste-

2176 3592 2382 3647 rosque
2432 3575 2661 3630 clericos
2714 3575 2835 3630 ausi
2893 3575 3104 3629 fuerint
3155 3591 3225 3628 ex
3290 3574 3379 3628 his
3433 3583 3633 3632 creare,
3668 3568 3773 3633 iam

2177 3670 2357 3724 factos
2377 3685 2553 3741 quam
2580 3669 2856 3723 facientes
2887 3668 2971 3722 vel
2998 3671 3414 3738 praesumentes
3435 3662 3555 3732 sibi,
3585 3658 3776 3755 cuncto—

2178 3779 2305 3816 rum
2334 3763 2613 3817 bonorum
2640 3760 2932 3816 amissioni
2958 3761 3207 3831 periculc
3221 3776 3334 3832 que
3361 3757 3637 3829 subjacere
3655 3763 3774 3804 exst-

2181 3856 2239 3909 lii
2260 3856 2519 3926 perpetui
2548 3855 2932 3926 praecipimus.
2960 3853 3365 3925 Congregandi
3391 3856 3576 3906 autem
3606 3856 3772 3900 mona-

2181 3948 2334 4015 chos,
2387 3953 2486 4002 ant
2550 3948 2870 4002 aediﬁcandi
2917 3948 3269 4003 monasteria
3336 3946 3552 4000 nullum
3613 3948 3776 4031 eorum

2173 4042 2442 4113 jubemus
2483 4041 2693 4096 habere
2733 4040 3043 4110 licentiam,
3094 4041 3220 4095 loca
3266 4042 3416 4096 forte
3442 4038 3500 4092 in
3542 4048 3658 4106 qua:
3683 4040 3781 4082 ausi

2182 4134 2485 4190 convenire
2510 4136 2820 4207 aliquando
2853 4135 3195 4190 tentaverint
3220 4131 3537 4197 co‘nﬁseari,
3564 4128 3606 4182 si
3624 4130 3781 4180 tamen

2190 4229 2418 4284 domino
2448 4230 2557 4284 loci
2588 4229 2799 4285 sciente
2819 4228 3209 4284 convenerint.
3238 4228 3405 4294 Quod
3433 4227 3477 4281 si
3518 4216 3781 4294 ignorante

2183 4328 2412 4379 auctore
2424 4324 2812 4393 convenerint,
2836 4323 3211 4378 conductores
3232 4323 3365 4392 loci,
3391 4319 3625 4375 fustibus

2185 4418 2637 4489 deportationem
2652 4417 2844 4472 subire
2865 4433 3183 4473 censemus.
3203 4418 3359 4488 Ipsos
3381 4416 3645 4487 praeterea
3666 4398 3783 4460 nihil

2100 4527 2252 4600 Dex
2300 4515 2643 4568 testamento
2700 4511 3089 4583 cujuscunque
3139 4526 3367 4583 capere,
3408 4507 3549 4564 nihil
3592 4502 3665 4600 eis
3708 4492 3787 4600 qui

2182 4600 2437 4677 ejusdem
2466 4605 2675 4661 erroris
2718 4605 2833 4662 sint
2876 4605 3202 4676 relinquere
3229 4621 3341 4676 per
3368 4598 3706 4660 testamenta,
3731 4584 3788 4641 ad

2181 4700 2398 4754 nullam
2437 4716 2535 4756 eos
2574 4699 2828 4772 patimur
2859 4698 3074 4771 spirare
3101 4697 3394 4765 militiam,
3434 4694 3543 4751 nisi
3578 4690 3709 4746 forte
3732 4678 3789 4735 ad

2182 4793 2597 4849 cohortalinam
2633 4795 2719 4847 vel
2764 4793 3142 4848 limitaneam.
3172 4792 3231 4847 Si
3275 4792 3407 4865 quis
3451 4788 3619 4844 etiam
3660 4782 3789 4835 extra

2180 4887 2517 4959 prmdictam
2569 4887 2832 4941 militiam
2880 4884 3143 4941 inventus
3199 4885 3377 4940 fuerit
3428 4881 3678 4943 militare,
3721 4866 3789 4959 "ei

2182 4958 2317 5051 quia
2348 4980 2470 5052 ejus
2506 4980 2565 5035 in
2597 4980 2874 5051 religione
2916 4979 3290 5051 ignorabatur
3327 4972 3679 5050 perversitas.
3721 4958 3791 5013 Vel

2182 5074 2318 5145 quia
2349 5077 2473 5145 post
2499 5074 2773 5146 adeptum
2801 5073 3098 5144 cingulum
3126 5072 3197 5127 ad
3236 5074 3390 5126 hunc
3423 5064 3645 5127 devenit
3666 5070 3794 5115 erro-

2183 5184 2328 5235 rem,
2357 5168 2572 5223 solutus
2615 5166 2815 5221 militia
2841 5165 3194 5223 inﬁdelitatis
3234 5181 3351 5219 suae
3380 5163 3630 5218 fructum
3665 5153 3793 5207 hunc

2182 5260 2407 5327 habeat,
2437 5265 2501 5316 ut
2534 5260 2885 5332 optimorum
2907 5266 2963 5315 et
2988 5259 3184 5331 palatii
3209 5256 3616 5314 communione
3642 5246 3794 5343 pri-Vt?-

2181 5359 2294 5421 tur,
2325 5371 2429 5409 nec
2455 5354 2589 5409 alibi
2615 5371 2787 5426 quam
2821 5354 2880 5409 in
2932 5371 3046 5426 quo
3080 5358 3248 5409 natus
3290 5355 3379 5407 est
3424 5350 3544 5404 vico
3577 5343 3660 5398 vel
3688 5339 3796 5394 cin-

2182 5453 2297 5504 tate
2333 5454 2617 5505 versetur.
2645 5449 2806 5513 Quod
2839 5448 2884 5502 si
2914 5448 3012 5519 qui
3043 5464 3242 5503 eorum
3261 5447 3320 5501 in
3351 5446 3460 5500 hac
3479 5444 3629 5497 alma
3652 5432 3795 5531 uri)?»

2182 5542 2336 5615 quod
2367 5543 2520 5597 credi
2566 5543 2721 5599 nefas
2764 5545 2865 5611 est,
2901 5541 3080 5613 geniti
3120 5546 3271 5609 sunt,
3304 5543 3427 5594 tam
3457 5537 3526 5592 de
3553 5535 3654 5589 hac
3678 5525 3798 5583 civi-

2183 5640 2295 5692 tate
2350 5637 2659 5692 venerabili
2712 5653 2884 5709 quam
2927 5635 3301 5691 sacratissimo
3354 5630 3630 5687 comitatu
3667 5624 3718 5676 et
3740 5631 3797 5671 ex

2184 5731 2342 5787 omni
2396 5730 2770 5786 excludantur
2814 5730 3252 5802 metrOpolitana
3301 5725 3552 5782 civitate.
3608 5718 3672 5773 Et
3711 5712 3802 5810 11οῆ

2183 5826 2415 5899 quidem
2463 5826 2807 5896 generaliter
2847 5826 2994 5879 circa
3043 5841 3241 5879 omnes
3282 5816 3692 5877 constituimus,
3720 5818 3803 5877 qui
