3964 6178
204 312 276 359 317
1366 309 1838 366 DECRETALIUM
1877 309 2261 365 COLLECTIU.

3400 314 3503 365 318

198 416 277 467 hac
297 414 427 469 clade
454 413 788 484 pollutionis
816 414 1013 485 polluti
1028 419 1163 469 sunt
1177 416 1266 469 vel
1292 417 1642 487 polluuntur.
1662 419 1767 472 Eos
1791 432 1849 504 Α
1869 418 2015 473 centi
2061 418 2259 472 decem
2300 422 2357 472 et
2400 422 2526 473 octo
2557 419 2737 473 sancti
2782 420 2972 474 Patres
3012 418 3388 486 tradiderunt,
3420 437 3504 473 ca-

192 512 333 561 autem
356 507 449 577 qui
477 513 609 563 ante
635 507 824 562 clerici
856 508 1306 563 orthodoxorum
1335 511 1469 565 ﬁdei
1494 517 1548 566 et
1576 528 1770 566 mona-

187 600 259 653 chi
269 599 475 670 quidam
491 600 591 671 qui
605 600 916 656 Eutichetis
938 601 1190 655 habuere
1205 602 1602 672 diversorium,
1620 604 1769 676 quod

181 708 331 763 neque
356 694 773 757 monasterium,
793 693 1097 749 dicendum
1126 700 1228 761 est,
1258 714 1326 750 eo
1353 698 1504 767 quod
1530 698 1590 751 in
1610 713 1669 751 se
1684 714 1771 751 re-

172 786 372 854 ligionis
396 786 599 841 habuit
623 786 904 856 inimicos,
923 788 1021 859 qui
1044 788 1230 843 adhuc
1257 806 1436 860 usque
1466 790 1524 844 in
1555 794 1769 844 tantam

170 878 422 933 insaniam
470 887 846 947 recesserunt,
896 886 961 935 ut
1008 882 1205 936 relicto
1240 883 1577 938 venerabilis
1615 884 1772 938 cultu

163 973 515 1045 religionisin
541 974 809 1044 synodico
841 974 1072 1029 decreto
1099 976 1480 1031 Chalcedonia
1502 977 1659 1048 quod
1678 982 1768 1032 to-

158 1065 256 1119 tius
287 1082 429 1136 pene
468 1066 620 1121 orbis
647 1068 880 1123 adunati
903 1068 1174 1123 deﬁniere
1209 1070 1549 1139 sacerdotes,
1584 1070 1765 1125 infau-

152 1167 287 1217 stam
315 1164 622 1219 Eutichetis
667 1165 846 1220 secuti
889 1170 1023 1220 sunt
1061 1167 1457 1237 assertionem,
1487 1170 1606 1239 qui,
1638 1185 1772 1223 vera

148 1256 264 1311 luce
288 1258 531 1323 deserta,
562 1258 826 1313 tenebras
876 1260 1170 1331 eligendas
1216 1276 1336 1316 esse
1381 1262 1767 1332 crediderunt,

144 1350 400 1405 omnibus
425 1352 608 1422 poenis
634 1369 763 1423 quae
790 1353 1243 1424 praecedentibus
1264 1354 1486 1425 legibus
1503 1356 1771 1411 adversus

142 1442 437 1498 haareﬁcos
465 1444 718 1499 deﬁnita:
741 1451 894 1512 sunt,
919 1446 1189 1516 jubemus
1213 1448 1417 1515 teneri,
1457 1449 1574 1503 imo
1614 1453 1772 1504 extra

143 1536 465 1591 Romanum
494 1538 693 1609 expelli
721 1539 927 1606 solum,
957 1539 1101 1594 sicut
1126 1541 1513 1611 praecedentes
1541 1542 1768 1613 religio-

142 1629 372 1684 sissima:
400 1631 832 1687 constitutiones
862 1633 932 1687 de
955 1633 1276 1688 Manichaais
1305 1635 1672 1703 constituere,
1696 1652 1771 1690 ne

142 1738 337 1777 eorum
366 1724 653 1780 venenatis
684 1725 977 1780 fraudibus
1006 1727 1406 1799 sceleratisque
1436 1729 1773 1787 commentis

146 1814 506 1871 innocentum
569 1818 656 1872 vel
724 1817 1083 1874 inﬁrmorum
1149 1820 1327 1875 animi
1392 1821 1768 1892 decipiantur.
1791 1802 1850 1873 Β

151 1910 539 1980 Comperimus
562 1914 843 1982 praeterea
862 1913 1128 1984 quaedam
1155 1929 1253 1969 eos
1279 1914 1339 1968 in
1365 1916 1772 1971 contumeliam

160 2002 430 2073 religionis
473 2009 532 2059 et
577 2005 851 2060 invidiam
876 2007 1216 2061 venerabilis
1245 2008 1529 2079 synodicte
1556 2008 1768 2063 difﬁni-

163 2094 316 2149 tionis
346 2096 515 2151 fuisse
543 2099 834 2167 mentitos,
864 2101 1307 2173 conscriptisque
1339 2101 1496 2156 libris
1522 2107 1578 2157 et
1600 2103 1768 2157 char-

167 2194 331 2242 tarum
366 2191 535 2245 tomis
580 2192 743 2262 plura
788 2193 1040 2261 ﬁnxisse,
1086 2211 1214 2265 quae
1246 2211 1446 2250 eorum
1484 2196 1772 2251 insaniam

166 2280 405 2337 adversus
431 2300 622 2338 veram
656 2285 828 2339 ﬁdem
855 2289 1053 2358 aperte
1090 2287 1403 2359 signarent,
1441 2291 1612 2360 atque
1641 2289 1771 2343 ideo

165 2376 503 2445 precipimus
531 2377 861 2449 ubicunque
889 2380 1214 2450 hujusmodi
1245 2381 1521 2451 scriptura
1546 2386 1774 2453 reperta

166 2468 321 2522 fuerit
346 2470 576 2539 ignibus
604 2474 978 2527 concremari.
1026 2475 1135 2528 Eos
1178 2490 1310 2529 vero
1353 2476 1452 2545 qui
1497 2475 1787 2546 sequendi-

164 2562 335 2616 studio
365 2564 651 2618 audierint
680 2565 757 2618 sic
779 2566 1048 2620 scelerata
1068 2567 1460 2634 disserentem,
1491 2570 1771 2622 denarum

164 2654 420 2710 librarum
474 2658 600 2712 auri
652 2660 993 2713 multatione
1039 2662 1471 2730 compescimus.
1502 2664 1609 2715 Eos
1646 2678 1774 2715 vero

162 2748 248 2817 qui
270 2751 353 2802 vel
385 2751 713 2822 scripserint
742 2753 827 2806 vel
855 2753 978 2806 aliis
1019 2755 1261 2824 legenda
1290 2755 1629 2809 tradiderint
1671 2756 1772 2808 do-

163 2842 312 2895 cendi
357 2845 539 2899 studio
589 2847 676 2898 vel
727 2846 999 2915 discendi,
1048 2863 1342 2902 censemus
1383 2848 1775 2918 deportatione

166 2936 372 3005 puniri;
426 2938 668 2992 delenda
714 2944 797 2992 est
844 2940 999 2993 enim
1051 2940 1172 2994 haec
1220 2940 1464 2995 infausta
1517 2942 1771 3009 hzeresis,

168 3030 293 3082 sicut
319 3030 535 3100 pridem
567 3031 761 3085 edictis
801 3033 1125 3088 serenitatis
1172 3038 1381 3088 nostrae
1429 3036 1771 3089 continetur.

165 3121 418 3178 Omnibus
459 3130 653 3179 autem
697 3125 1003 3181 adimimus
1059 3128 1389 3182 facultatem
1421 3145 1531 3200 qua
1578 3130 1779 3183 ultimo

168 3216 423 3286 supplicio
461 3218 872 3273 coercebuntur
901 3220 1000 3291 qui
1043 3220 1239 3275 illicita
1277 3222 1481 3277 docere
1520 3226 1774 3276 tentave-

168 3310 283 3377 rint,
318 3311 392 3366 ita
430 3312 586 3367 enim
633 3314 869 3367 materia
912 3314 1277 3370 subtrahetur
1307 3316 1534 3384 erroris,
1573 3315 1618 3370 si
1645 3333 1774 3397 pec-

165 3407 406 3459 catorum
426 3411 485 3461 et
504 3405 702 3461 doctor
729 3406 975 3462 defuerit
999 3412 1053 3462 et
1074 3409 1315 3477 auditor,
1339 3409 1553 3463 Palladi
1578 3426 1780 3480 parens

160 3496 478 3553 charissima
518 3503 689 3571 atque
733 3500 1143 3567 amantissime,
1188 3502 1421 3556 illustris
1474 3504 1667 3573 itaque
1722 3507 1779 3556 et

156 3591 452 3659 magniﬁca
480 3593 790 3649 auctoritas
817 3599 913 3649 tua
940 3594 1165 3665 edictis,
1188 3596 1489 3666 propositis
1516 3596 1780 3651 omnibus

153 3683 317 3738 faciat
361 3690 498 3741 nota
542 3702 668 3757 quae
703 3687 998 3758 jussimus,
1034 3694 1097 3743 ut
1134 3689 1607 3760 cognoscentibus
1659 3707 1781 3745 mo-

152 3776 504 3834 deratoribus
528 3780 947 3851 provinciarum
984 3797 1298 3854 eorumque
1344 3782 1647 3849 ofﬁciariis,
1679 3785 1776 3839 de-

150 3870 474 3927 fensoribus
492 3874 665 3929 etiam
692 3874 1002 3943 civitatum,
1026 3876 1181 3947 quod
1203 3881 1456 3931 sanctam
1474 3893 1780 3949 veramque

148 3964 322 4020 ﬁdem
337 3971 536 4022 sancto
557 3969 847 4039 proposito
864 3969 1301 4025 custodiendam
1323 3987 1443 4025 esse
1459 3988 1777 4027 censemus.

151 4057 335 4121 Quam
361 4061 409 4115 si
443 4062 799 4132 neglexerint
841 4067 941 4117 aut
985 4063 1348 4135 permiserint
1385 4066 1656 4119 temerari
1683 4065 1778 4121 de-

150 4167 355 4208 narum
396 4154 672 4209 librarum
716 4157 841 4210 auri
888 4157 1226 4213 multatione
1251 4160 1522 4229 percussi,
1555 4163 1618 4213 ut
1648 4160 1780 4214 reli-

150 4244 335 4314 gionis
361 4249 675 4320 legumque
719 4250 1059 4321 proditores,
1112 4251 1282 4305 etiam
1310 4252 1378 4307 de
1409 4252 1781 4307 aestimatione

150 4338 517 4398 laborabunt.
568 4343 703 4397 Data
744 4361 815 4398 xv
864 4345 1059 4400 Kalen.
1112 4345 1350 4417 Augusti
1388 4346 1781 4401 Constantino-

153 4433 287 4502 poli,
319 4436 578 4506 Aspirato
605 4441 663 4490 et
685 4438 781 4508 qui
811 4438 985 4492 fuerit
1011 4439 1303 4493 nuntiatus
1329 4439 1673 4494 consulibus.

1797 3171 1853 3245 C

1869 512 2138 565 tholicam
2158 514 2415 565 sanctam
2436 511 2609 566 ﬁdem
2629 513 2689 566 in
2712 513 2893 567 Nicaza
2918 513 3141 567 civitate
3170 512 3499 573 fundantes,

1870 606 1958 659 vel
2006 605 2083 659 ita
2130 609 2193 658 ut
2239 607 2340 659 150
2382 604 2475 658 alii
2517 605 2865 660 venerabiles
2905 605 3152 677 episcopi
3181 605 3279 677 qui
3309 606 3366 660 in
3398 606 3501 660 hac

1870 699 2019 752 alma
2048 698 2188 752 urbe
2216 698 2842 769 Constantinopolitana
2869 705 3061 770 postea
3088 705 3497 769 convenerunt,

1871 793 2016 845 sicut
2042 791 2378 846 Athanasius
2417 797 2474 846 et
2513 792 2875 863 Theophilus,
2921 796 2977 847 et
3018 793 3254 863 Cyrillus
3292 797 3499 848 sanctae

1872 886 2275 940 recordationis
2318 885 2573 957 episcopi
2621 885 3018 940 Alexandrinae
3066 886 3328 956 civitatis,
3376 904 3497 942 cre-

1871 979 2161 1046 diderunt,
2201 996 2347 1051 quos
2382 980 2559 1034 etiam
2597 979 2882 1050 Ephesina
2906 979 3176 1049 synodus,
3203 981 3293 1034 cui
3318 980 3500 1035 beata:

1869 1073 2162 1127 memorias
2205 1073 2447 1144 Cyrillus
2491 1072 2738 1143 praefuit,
2786 1072 2847 1126 in
2892 1089 3006 1143 qua
3051 1072 3290 1127 Nestorii
3341 1089 3502 1127 error

1871 1167 2136 1237 expulsus
2181 1148 2287 1235 est,
2333 1166 2628 1220 universos
2665 1170 2858 1220 secuta
2887 1182 3029 1235 esse,
3072 1182 3212 1237 quos
3237 1171 3295 1220 et
3317 1182 3504 1238 nuper

1872 1259 2204 1313 venerabilis
2223 1259 2577 1314 Chalcedone
2598 1259 2848 1330 synodus
2869 1262 2952 1312 est
2979 1262 3193 1329 secuta,
3222 1259 3504 1330 prioribus

1871 1352 2122 1407 conciliis
2148 1353 2506 1408 sacerdotum
2537 1370 2604 1407 ex
2630 1353 2784 1407 omni
2813 1369 3043 1423 prorsus
3073 1355 3234 1425 parte
3262 1370 3501 1408 consen-

1874 1447 2168 1515 tientibus,
2200 1446 2456 1518 nihilque
2500 1446 2760 1501 adimens
2787 1463 2820 1500 a
2859 1450 3215 1501 sacrosancto
3247 1446 3505 1518 symbolo

1871 1557 2060 1611 neque
2086 1540 2354 1610 adjiciens
2382 1556 2479 1593 seu
2504 1539 2816 1595 Eutichetis
2836 1540 3113 1611 dogmata
3127 1539 3359 1595 funesta
3379 1557 3506 1595 con-

1872 1635 2153 1689 demnans
2182 1650 2195 1687 :
2229 1635 2410 1688 sciant
2465 1650 2522 1688 se
2579 1650 2700 1688 esse
2756 1633 3101 1703 haereticos;
3157 1633 3506 1705 Apollinaris

1872 1728 2029 1783 enim
2054 1726 2597 1782 facinorosissimam
2619 1731 2827 1781 sectam
2849 1726 3116 1781 Eutiches
3131 1732 3187 1781 et
3211 1726 3507 1782 Dioscorus

1871 1826 2004 1875 sunt
2049 1820 2241 1876 secuti.
2289 1821 2532 1891 Ideoque
2579 1835 2778 1874 omnes
2821 1820 2882 1873 hi
2920 1820 3017 1891 qui
3053 1820 3392 1891 Apollinaris
3418 1822 3504 1875 vel

1872 1914 2177 1970 Eutichetis
2200 1913 2625 1985 perversitatem
2659 1916 2981 1984 sequuntur
3015 1912 3124 1967 illis
3154 1915 3333 1985 poenis
3362 1930 3503 1985 quas

1872 2007 1986 2061 divi
2016 2011 2169 2063 retro
2199 2007 2482 2078 principes
2525 2010 2724 2062 contra
2759 2006 3187 2077 Apollinaristas
3229 2007 3317 2062 vel
3361 2023 3506 2062 sere-
3578 2068 3581 2073 ,

1870 2101 2018 2155 nitas
2078 2103 2273 2155 nostra
2324 2086 2453 2171 post
2515 2100 2751 2155 modum
2790 2103 3009 2167 .contra
3075 2100 3507 2156 Eutichianistas

1872 2194 2072 2264 sanxit,
2105 2193 2369 2249 noverint
2411 2210 2469 2249 se
2510 2211 2630 2248 esse
2662 2192 3011 2264 plectendos.
3059 2194 3269 2248 Idcirco
3302 2194 3507 2265 Apolli-

1874 2288 2133 2355 naristas,
2189 2289 2298 2343 hoc
2350 2292 2433 2343 est
2485 2287 2957 2353 Eutichianistas,
3009 2286 3212 2358 quibus
3264 2287 3367 2342 etsi
3426 2294 3508 2342 est

1872 2381 1931 2435 in
1958 2381 2340 2453 appellatione
2371 2381 2683 2450 diversitas,
2708 2398 2828 2436 esse
2854 2386 3050 2435 tamen
3067 2380 3126 2435 in
3146 2381 3352 2436 haeresi
3369 2397 3505 2435 con-

1867 2476 2111 2546 junctio,
2144 2481 2200 2530 et
2222 2470 2414 2547 dispar
2438 2475 2669 2546 quidem
2702 2491 2938 2539 nomen,
2966 2474 3065 2528 sed
3089 2474 3243 2528 idem
3269 2474 3500 2529 sacrile-

1875 2568 2056 2638 gium,
2089 2569 2203 2622 sive
2249 2568 2309 2622 in
2354 2569 2455 2622 hac
2502 2568 2653 2621 alma
2694 2568 2853 2627 urbe,
2899 2568 2987 2621 vel
3031 2566 3091 2620 in
3128 2567 3509 2621 Alexandrina

1875 2662 2114 2729 civitate,
2141 2679 2239 2715 seu
2265 2662 2415 2716 intra
2435 2663 2740 2732 (Egyptum
2771 2665 2922 2729 sunt,
2950 2676 3141 2731 neque
3163 2660 3242 2714 ita
3270 2660 3506 2714 credunt

1877 2756 2020 2809 sicut
2071 2756 2331 2825 praedicti
2378 2755 2731 2809 venerabiles
2770 2754 3097 2821 credebant,
3149 2770 3334 2824 neque
3385 2740 3507 2808 viro

1876 2848 2351 2902 reverendissimo
2377 2848 2774 2902 Alexandrinae
2816 2848 2974 2902 urbis
3007 2847 3243 2901 antistiti
3273 2848 3503 2901 Prothe-

1874 2943 1958 2996 rio
1988 2942 2160 2997 [idem
2191 2942 2567 2997 orthodoxam
2607 2942 2822 2996 tenenti
2851 2941 3277 2996 communicant
3305 2957 3506 2996 secun-

1874 3037 2011 3089 dum
2032 3036 2289 3090 divorum
2315 3040 2462 3089 retro
2485 3036 2808 3106 principum
2833 3035 3259 3089 constitutiones
3285 3051 3411 3106 quae
3440 3035 3508 3089 de

1876 3129 2285 3198 Apollinaristis
2320 3130 2698 3199 promulgatae
2724 3134 2875 3197 sunt,
2920 3144 3035 3182 non
3065 3128 3311 3183 habeant
3346 3132 3508 3199 pote-

1879 3225 2081 3276 statem
2136 3221 2377 3276 faciendi
2421 3226 2854 3289 testamentum,
2889 3238 3075 3293 neque
3120 3222 3179 3275 id
3218 3222 3513 3293 acquirant

1877 3316 2029 3389 quod
2052 3316 2189 3387 ipsis
2208 3332 2275 3370 ex
2295 3319 2638 3371 testamento
2661 3317 3001 3387 cujusquam
3026 3314 3199 3369 fuerit
3222 3316 3508 3381 relictum,

1881 3409 2023 3463 nihil
2055 3409 2225 3464 etiam
2256 3427 2320 3464 ex
2353 3408 2666 3464 donatione
2696 3409 2887 3480 aliqua
2916 3413 3362 3479 consequantur;
3412 3408 3512 3462 sed

1879 3504 1925 3556 si
1954 3503 2093 3573 quid
2143 3502 2280 3573 ipsis
2325 3503 2414 3556 vel
2459 3502 2800 3557 liberalitate
2829 3502 3114 3565 acciderit,
3153 3502 3241 3555 vel
3277 3499 3513 3556 viventis

1877 3597 1964 3652 vel
1990 3596 2290 3650 morientis
2328 3596 2503 3651 fuerit
2527 3596 2816 3651 voluntate
2846 3597 3132 3663 collatum,
3164 3595 3224 3649 id
3251 3594 3512 3667 protinus

1879 3691 2011 3745 ﬁsco
2043 3693 2232 3743 nostro
2257 3689 2569 3743 addicatur.
2604 3689 2712 3760 Ipsi
2736 3705 2871 3743 vero
2894 3690 2951 3742 in
2981 3689 3171 3743 nullos
3200 3688 3411 3760 aliquid
3444 3704 3509 3742 ex

1881 3784 2049 3838 rebus
2088 3783 2205 3837 suis
2242 3782 2457 3836 donare
2505 3781 2744 3852 possint.
2791 3781 3099 3853 Episcopos
3149 3798 3379 3852 quoque
3424 3781 3509 3836 vel

1880 3877 2242 3949 presbyteros
2280 3875 2533 3947 aliosque
2580 3874 2812 3931 clericos
2854 3874 2962 3928 illis
3003 3889 3194 3928 creare
3221 3876 3280 3927 et
3307 3874 3512 3929 habere

1880 3987 1998 4025 non
2022 3970 2213 4024 liceat.
2244 3969 2498 4024 Scientes
2527 3972 2641 4022 tam
2668 3966 3091 4023 Eutichianistae
3108 3982 3278 4038 quam
3299 3967 3514 4040 Apolli-

1882 4064 2114 4119 naristaz
2145 4063 2243 4134 qui
2283 4062 2407 4117 ausi
2451 4062 2667 4118 fuerint
2695 4062 2959 4133 cuiquam
2988 4061 3238 4133 episcopi
3264 4063 3352 4117 vel
3380 4077 3513 4133 pre-

1881 4156 2092 4229 sbyteri
2120 4158 2210 4212 vel
2236 4156 2426 4212 clerici
2454 4173 2665 4212 nomen
2685 4156 3004 4227 imponere,
3035 4171 3207 4226 quam
3226 4154 3399 4228 hiqui
3416 4172 3512 4211 co-
3612 4160 3625 4175 ’

1881 4251 1999 4306 nati
2036 4251 2250 4305 fuerint
2275 4250 2614 4322 impositum
2640 4266 2853 4306 nomen
2879 4248 3223 4304 sacerdotale
3241 4249 3514 4316 retinere,

1882 4344 2095 4412 exsilio,
2142 4361 2454 4415 rerumque
2518 4361 2747 4399 suarum
2808 4343 3109 4398 amissione
3164 4342 3517 4414 plectendos.

1885 4441 1989 4493 Eos
2028 4454 2161 4493 vero
2201 4438 2299 4508 qui
2344 4438 2414 4491 de
2459 4438 2563 4492 hac
2603 4436 2877 4493 catholica
2924 4438 3110 4491 Roma
3153 4437 3520 4492 ecclesiarum

254 4551 393 4606 um
422 4554 541 4607 alia
575 4554 842 4609 Martium-
870 4558 1215 4625 impemton-s
1252 4560 1441 4612 contra
1473 4557 1678 4614 eosdem
1804 4547 1863 4619 D
1887 4530 2172 4586 clericivel
2186 4530 2517 4625 orthodoxae
2536 4530 2670 4625 ﬁdei
2686 4530 2957 4625 monachi
2978 4531 3228 4625 fuerant,
3248 4529 3517 4585 derelicto

830 4627 1119 4682 hereticos.

224 4716 545 4787 Imperator
564 4719 879 4776 MARTIANUS
902 4723 1193 4791 Augustus
1224 4724 1499 4777 PALLADIO
1532 4722 1784 4793 praetori.

232 4809 383 4865 Licet
444 4814 567 4883 jam
638 4815 1015 4869 sacratissima
1073 4814 1473 4870 constitutione
1520 4833 1786 4870 mansue-

170 4902 373 4959 tudinis
416 4923 561 4961 meaa
608 4913 841 4963 cautum
882 4925 946 4962 ac
989 4909 1287 4964 definitum
1328 4909 1418 4975 sit,
1447 4909 1577 4980 quia
1606 4910 1665 4963 in
1694 4926 1791 4964 eos

174 4996 432 5053 severitas
456 5000 771 5056 exercenda
814 5001 904 5070 sit,
955 5000 1051 5073 qui
1099 5001 1406 5057 Eutichetis
1448 5001 1536 5057 vel
1573 5003 1789 5073 Apolli-

182 5090 324 5143 naris
364 5092 680 5148 hazreticam
710 5095 1136 5165 perversitatem
1160 5096 1334 5150 secuti
1364 5113 1395 5149 a
1434 5088 1711 5167 religione
1738 5102 1793 5151 et

180 5179 280 5234 lide
309 5186 578 5241 catholica
622 5187 937 5256 deviarunt,
991 5188 1381 5244 Alexandrinae
1419 5194 1609 5244 tamen
1637 5190 1794 5244 urbis

180 5272 315 5330 cives
364 5286 532 5351 atque
583 5281 928 5337 habitatores
991 5282 1158 5337 tantis
1211 5283 1550 5355 Apollinaris
1601 5283 1795 5338 infecti

183 5375 301 5422 sunt
326 5376 574 5444 venenis,
625 5382 683 5429 ut
731 5376 1113 5430 necessarium
1159 5377 1331 5431 fuerit
1367 5395 1433 5432 ea
1465 5394 1634 5450 quam
1666 5382 1796 5431 ante

184 5466 494 5537 sanximus,
550 5468 790 5540 repetita
849 5469 1019 5524 etiam
1074 5470 1201 5541 lege
1248 5488 1400 5525 nunc
1466 5471 1793 5526 decernere.

187 5556 494 5633 Quicunque
554 5579 693 5633 ergo
751 5563 839 5617 vel
899 5563 958 5617 in
1008 5568 1115 5618 hac
1168 5581 1322 5619 sacra
1385 5565 1541 5632 urbe,
1598 5564 1683 5617 vel
1740 5563 1799 5617 in

190 5650 547 5710 Alexandrina
578 5656 823 5726 civitate,
868 5657 957 5711 vel
997 5656 1054 5711 in
1087 5658 1243 5712 omni
1284 5658 1609 5730 rEgyptiaca
1660 5658 1795 5712 diaz-

190 5747 287 5799 cesi
323 5754 378 5804 et
418 5750 652 5806 diversis
677 5750 803 5805 aliis
831 5751 1138 5823 provinciis
1166 5751 1473 5807 Eutichetis
1495 5752 1801 5824 profanam

194 5845 598 5906 perversitatem
628 5849 966 5918 sequuntur,
998 5848 1054 5901 et
1081 5847 1160 5901 ita
1190 5863 1302 5902 non
1332 5846 1568 5901 credunt
1596 5850 1659 5901 ut
1684 5850 1800 5901 tre-

1886 4641 2018 4680 vero
2047 4625 2144 4679 Dei
2175 4624 2353 4695 cultu,
2384 4624 2726 4696 Apollinaris
2774 4624 2859 4679 vel
2899 4623 3206 4681 Eutichetis
3253 4624 3519 4679 haeresim

1889 4718 2084 4773 sectati
2134 4724 2286 4787 sunt,
2328 4718 2419 4772 vel
2473 4722 2602 4788 post
2648 4718 2769 4772 haec
2818 4716 3207 4784 sectabuntur,
3256 4717 3521 4774 omnibus

1888 4812 2069 4885 poenis
2096 4829 2223 4883 quae
2250 4812 2336 4866 vel
2362 4811 2651 4882 prioribus
2675 4810 2894 4882 legibus
2915 4811 3184 4866 adversus
3221 4812 3521 4868 haereticos

1891 4906 2211 4963 constituta:
2236 4909 2371 4960 sunt
2393 4905 2665 4976 jubemus
2689 4904 2894 4972 teneri,
2925 4907 2983 4960 et
3001 4909 3157 4960 extra
3180 4905 3367 4977 ipsum
3387 4923 3523 4979 quo~

1891 5016 2002 5073 que
2031 4999 2277 5056 Romani
2305 4998 2531 5071 imperii
2555 4998 2736 5054 solum
2762 4997 2918 5070 pelli.
2965 4998 3216 5055 Universi
3245 5006 3523 5072 praeterea

1892 5091 2307 5165 Apollinaristaa
2351 5094 2439 5148 vel
2484 5092 2898 5148 Eutichianistee
2942 5109 3057 5148 non
3098 5093 3378 5161 ecclesias,
3405 5113 3524 5156 non

1893 5187 2238 5243 monasteria
2282 5187 2389 5241 sibi
2430 5191 2786 5253 construant,
2826 5203 3012 5259 neque
3053 5205 3309 5259 synaxes,
3338 5206 3523 5260 neque

1894 5281 2285 5338 conventicula
2318 5281 2683 5349 contrahant,
2732 5298 2919 5353 neque
2948 5282 3018 5335 ad
3054 5282 3307 5347 domum,
3336 5299 3522 5353 neque

1896 5376 1969 5431 ad
2012 5374 2428 5447 possessionem
2474 5376 2880 5446 cujuscunque,
2922 5392 3110 5446 neque
3140 5376 3211 5429 ad
3237 5378 3521 5429 monaste-

1896 5471 2068 5538 rium,
2102 5484 2289 5541 neque
2318 5469 2391 5522 ad
2426 5485 2829 5540 quemcunque
2858 5468 3089 5522 alterius
3114 5469 3301 5523 locum
3327 5483 3521 5537 opera-

1898 5569 2051 5619 tores
2096 5566 2262 5616 sectm
2316 5562 2721 5616 funestissima:
2774 5565 3213 5631 congregentur.
3267 5560 3425 5623 Quod
3482 5562 3526 5617 si

1898 5657 2156 5722 fecerint,
2202 5661 2259 5711 et
2295 5658 2399 5712 hoc
2427 5656 2641 5711 factum
2676 5656 2848 5710 fuisse
2874 5653 3112 5708 Domino
3138 5654 3363 5709 volente
3389 5671 3525 5711 con-

1900 5751 2121 5821 stiterit,
2185 5754 2471 5822 postremo
2519 5749 2870 5821 judicialiter
2917 5750 3139 5818 notum,
3192 5748 3394 5805 domus
3441 5752 3530 5807 vel
3628 5804 3635 5807 _

1902 5844 2176 5919 possessio
2194 5845 2253 5899 in
2286 5861 2462 5917 quam
2491 5840 3025 5911 convenerint,ﬂsco
3050 5842 3311 5913 societur,
3337 5861 3532 5903 mona-
