3964 6178
520 282 621 335 319
1404 279 1684 336 ΑΡΡΕΝΙ).
1725 283 1812 336 AD
1851 282 2010 337 SrEL’.
2055 281 2085 334 ll

2209 309 2240 319 —
2279 281 2520 348 isinoai
2559 279 2985 335 meacaroms
3701 296 3774 346 320

519 387 755 442 sterium
797 401 927 441 vero
976 386 1100 457 ejus
1138 387 1375 446 civitatis
1420 388 1750 443 orthodoxae
1790 388 2050 444 Ecclesiae
2090 388 2146 441 in
2171 400 2420 472 Anemo
2449 387 2776 458 hujusmodi
2822 386 3029 442 habere
3073 386 3243 442 libros
3281 389 3486 444 audeat.
3522 390 3662 455 Quod
3684 396 3778 451 siin

519 485 678 554 cujus
703 483 991 538 territorio
1019 487 1121 549 est,
1148 484 1419 554 jubemus
1447 486 1654 539 addici.
1707 486 1761 541 Si
1804 503 1935 540 vero
1981 486 2146 556 igno-
2249 482 2336 536 his
2378 481 2713 536 criminibus
2756 481 2969 535 fuerint
3010 480 3257 549 inventi”
3282 487 3533 553 perpetua
3575 486 3781 555 deporta-

518 578 678 628 rante
703 572 953 639 domino,
989 573 1198 627 sciente
1242 590 1375 627 vero
1423 574 1521 644 qui
1569 574 2012 644 dispensationes
2055 574 2150 627 do-
2248 575 2404 630 tione
2432 576 2801 641 damnentur;
2825 575 2882 628 hi
2910 590 3043 629 vero
3072 575 3171 645 qui
3194 575 3426 630 discendi
3448 576 3610 631 studio
3631 580 3782 634 audie-

519 683 647 720 mus
692 666 882 737 exigit,
929 666 1017 720 vel
1067 666 1429 733 conductore,
1486 668 1573 721 vel
1624 670 2009 737 procuratore,
2060 666 2150 720 vel
2253 667 2371 723 rint
2397 668 2465 721 de
2491 667 2735 721 infausta
2757 666 2958 721 haeresi
2982 668 3347 737 disputantes,
3373 668 3546 723 decem
3569 670 3787 726 librarum

520 759 723 832 praedii
741 760 1082 831 parasinaxis
1110 760 1497 814 conventicula
1540 760 1842 816 interdicta
1879 776 2153 815 convene-
2253 761 2377 815 auri
2402 777 2531 831 quae
2557 761 2693 815 ﬁsco
2716 754 2907 814 nostro
2927 760 3374 830 applicabuntur,
3388 760 3602 816 subeant
3619 762 3793 833 dispen-

520 853 659 920 rint,
687 853 996 907 conductor
1031 855 1116 908 vel
1158 859 1488 924 procurator
1516 854 1630 908 sive
1658 859 1873 920 auctor,
1904 854 1994 907 vel
2023 852 2150 924 qui-
2253 854 2433 908 dium.
2481 854 2689 908 Omnes
2739 870 2870 908 vero
2910 854 3123 909 charta:
3161 870 3223 908 ac
3264 854 3386 907 libri
3427 854 3517 923 qui
3562 855 3790 910 funestum

523 963 743 1018 cunque
785 946 843 1000 in
892 946 1131 1001 domum
1175 947 1263 1001 vel
1301 947 1717 1017 possessionem
1744 948 1830 1000 vel
1860 951 2148 1001 monaste-
2252 947 2566 1001 Eutichetis
2588 947 2797 1017 dogma
2836 947 3049 1001 fuerint
3078 946 3376 1018 complexi,
3407 954 3790 1002 concrementur.

523 1041 675 1095 rium
688 1039 1024 1110 receperint,
1038 1041 1125 1093 vel
1138 1040 1743 1111 passifuerintillicitas
1756 1056 2149 1111 parasynaxes,
2253 1042 2462 1095 Parens
2493 1040 2839 1107 charissime,
2870 1043 2962 1093 tua
2982 1039 3210 1094 illustris
3234 1040 3401 1110 igitur
3418 1041 3683 1093 auctoritas
3698 1057 3794 1110 quas

524 1137 942 1203 conventusque
961 1133 1250 1200 celebrari,
1268 1134 1313 1185 si
1334 1132 1458 1187 vilis
1476 1136 1533 1186 et
1553 1133 1787 1203 abjectae
1808 1132 2152 1187 conditionis
2253 1133 2360 1187 hac
2371 1133 2746 1188 sacratissima
2757 1133 3158 1187 constitutione
3172 1132 3508 1186 decrevimus
3519 1132 3569 1185 in
3584 1132 3673 1185 hac
3683 1133 3795 1184 alma

524 1226 637 1280 sint
659 1226 899 1280 fustibus
919 1225 1139 1297 publice
1160 1226 1296 1281 etin
1313 1243 1537 1296 poenam
1555 1243 1719 1281 suam
1746 1231 1802 1280 et
1824 1226 1885 1279 in
1911 1225 2153 1279 aliorum
2254 1227 2416 1292 urbe,
2446 1227 2792 1298 diversisque
2827 1226 3132 1297 provinciis
3158 1243 3221 1280 ac
3244 1226 3511 1296 praecipue
3537 1224 3589 1277 in
3612 1225 3797 1278 Alexan-

526 1324 896 1374 exerccantur
938 1319 1285 1389 exemplum.
1337 1319 1392 1373 Si
1433 1320 1687 1373 honestae
1727 1335 1861 1372 vero
1902 1334 2156 1389 personae
2216 1300 2221 1309 ’
2254 1320 2421 1374 drina
2447 1319 2667 1374 civitate
2691 1325 2748 1373 et
2776 1336 2879 1391 per
2904 1319 3223 1374 universam
3267 1318 3621 1390 Egyptiacam
3645 1317 3801 1370 dicace—

473 1483 476 1487 ‘
528 1416 680 1479 sunt,
713 1412 907 1466 decem
947 1411 1119 1465 libras
1165 1411 1289 1465 auri
1328 1413 1460 1466 ﬁsco
1508 1417 1701 1466 nostro
1745 1416 2021 1481 cogantur
2064 1411 2153 1463 in-
2255 1412 2363 1466 sim
2392 1413 2591 1466 edictis
2618 1428 2688 1467 ex
2714 1429 2873 1467 more
2897 1412 3217 1483 propositis,
3245 1412 3313 1466 ad
3335 1411 3572 1465 omnium
3596 1411 3801 1465 notitiam

525 1511 696 1565 ferre.
728 1510 953 1564 Nullum
983 1514 1263 1580 praeterea
1288 1509 1747 1580 Apollinaristam
1768 1508 1856 1561 vel
1879 1507 2157 1562 Eutichia—
2254 1506 2421 1560 faciat
2456 1506 2774 1576 pervenire,
2813 1511 2878 1560 ut
2916 1511 3118 1560 cuncta
3156 1521 3283 1576 quae
3325 1504 3618 1573 statuimus,
3654 1504 3703 1557 in
3734 1520 3803 1557 eos

528 1604 589 1658 ni
619 1610 738 1657 tam
768 1604 839 1657 ad
870 1602 1117 1674 aliquam
1140 1603 1416 1673 jubemus
1443 1602 1690 1673 aspirare
1729 1601 2007 1668 militiam,
2048 1601 2157 1654 nisi
2258 1599 2358 1670 qui
2384 1599 2465 1653 rei
2490 1600 2702 1654 fuerint
2733 1599 3094 1670 deprehensi,
3126 1598 3383 1653 severitas
3408 1597 3642 1668 protinus
3682 1612 3804 1650 exer-

528 1698 597 1751 ad
625 1697 969 1752 cohbrtalem
1003 1697 1087 1749 vel
1131 1688 1512 1764 limitaneam;
1564 1695 1610 1748 si
1652 1694 1750 1766 qui
1791 1711 1924 1749 vero
1966 1699 2160 1748 contra
2226 1676 2472 1759 iceatur,
2521 1691 2828 1746 scientibus
2871 1691 3324 1746 moderatoribus
3350 1689 3807 1761 provinciarumeo-

527 1790 785 1856 fecerint,
817 1790 1000 1843 soluto
1054 1788 1279 1859 cingulo
1338 1789 1713 1843 honestorum
1761 1787 2061 1841 hominum
2105 1793 2161 1841 et
2180 1774 2235 1845 Β
2260 1801 2502 1855 rumque
2533 1784 2949 1856 apparitoribus
2974 1784 3074 1856 qui
3099 1784 3244 1855 legis
3263 1783 3429 1854 hujus
3455 1798 3614 1853 quam
3640 1780 3810 1850 religio-

528 1883 719 1954 palatii
744 1881 1145 1936 communione
1172 1880 1487 1951 priventur,
1516 1898 1622 1935 nec
1650 1881 1709 1934 in
1737 1881 1944 1951 aliqua,
1972 1879 2079 1933 nisi
2101 1878 2160 1933 in
2260 1877 2483 1932 sissima
2548 1877 2837 1933 sanctione
2894 1876 3326 1932 custodiendam
3378 1875 3706 1938 decrevimus,
3739 1876 3811 1925 aut

529 1994 594 2032 ea
622 1976 684 2030 in
726 1990 840 2047 qua
865 1975 984 2029 nati
1008 1978 1141 2028 sunt
1165 1974 1390 2029 civitate
1414 1976 1499 2028 vel
1527 1975 1651 2028 vico
1681 1990 1747 2027 ac
1776 1973 2009 2044 regione
2036 1988 2160 2027 ver-
2259 1971 2640 2043 neglexerint,
2662 1976 2761 2024 aut
2778 1971 3033 2041 aliquam
3054 1970 3422 2041 permiserint
3440 1966 3718 2023 temeritate
3730 1964 3813 2017 vio-

531 2075 747 2123 sentur.
778 2069 834 2124 Si
861 2068 959 2139 qui
979 2085 1112 2123 vero
1142 2068 1202 2121 in
1227 2069 1332 2121 hac
1363 2069 1512 2122 alma
1542 2068 1682 2122 urbe
1718 2066 1834 2121 nati
1863 2072 2015 2133 sunt,
2043 2070 2159 2120 tam
2260 2064 2382 2133 lari,
2415 2064 2694 2118 denarum
2737 2064 3011 2117 librarum
3054 2064 3176 2118 auri
3222 2064 3460 2119 multam
3504 2062 3625 2115 ﬁsco
3665 2061 3810 2112 nostro

532 2161 905 2217 sacratissimo
931 2161 1199 2215 comitatu
1242 2176 1418 2230 quam
1463 2160 1624 2214 omni
1667 2176 1774 2231 per
1813 2158 2159 2230 provinciam
2264 2163 2542 2228 cogantur
2573 2157 2801 2227 inferre,
2843 2156 3076 2228 insuper
3121 2158 3297 2211 etiam
3321 2151 3708 2211 existimationis
3728 2165 3812 2204 sum

532 2254 974 2325 metropolitana
997 2253 1219 2307 civitate
1255 2254 1562 2323 pellantur.
1595 2252 1742 2306 Nulli
1770 2253 2006 2322 insuper
2050 2253 2160 2305 Eu-
2261 2250 2583 2320 periculum
2624 2250 3012 2317 sustinebunt;
3059 2267 3125 2305 ea
3169 2266 3397 2322 quoque
3425 2249 3491 2304 de
3513 2245 3719 2319 paganis
3741 2257 3816 2313 per

531 2347 869 2403 tichianistae
909 2347 996 2399 vel
1045 2345 1462 2417 Apollinaristas
1507 2345 1728 2416 publice
1773 2345 1859 2399 vel
1895 2344 2162 2415 privatim
2264 2359 2433 2397 omne
2461 2344 2787 2398 Romanum
2827 2343 3133 2414 imperium
3174 2342 3460 2415 aequaliter
3493 2339 3705 2395 valitura
3738 2336 3818 2389 ele-

535 2440 844 2496 advocandi
884 2444 1077 2507 ccetus,
1109 2442 1207 2493 aut
1251 2439 1685 2510 perversitatem
1724 2437 2033 2493 facinerosi
2063 2437 2162 2492 do-
2266 2436 2476 2507 gimus,
2506 2435 2908 2491 instantissime
2950 2436 3010 2491 in
3053 2454 3150 2491 eos
3195 2440 3551 2492 exerceantur
3576 2447 3697 2503 quos
3724 2443 3818 2483 con-

537 2533 743 2605 gmatis
790 2531 1077 2588 asserendi
1124 2531 1196 2586 sit
1230 2532 1483 2587 facultas.
1539 2530 1688 2585 Nulli
1739 2530 1912 2585 etiam
1967 2533 2164 2585 contra
2265 2529 2471 2584 stiterit
2494 2530 2765 2600 profanos
2785 2530 2927 2584 ritus
2951 2530 3261 2586 celebrare.
3288 2531 3425 2584 Data
3445 2527 3543 2582 sub
3566 2525 3645 2580 die
3671 2521 3816 2576 Kalen.

534 2623 2163 2696 venerabilemChalcedonensemsynodumliceataliquid,
2266 2623 2524 2693 Augusti,
2548 2622 3065 2695 Constantinopoli,
3101 2624 3242 2679 Divo
3276 2624 3385 2679 Vill
3428 2626 3482 2677 et
3518 2612 3818 2674 AntemiolV.

534 2722 625 2776 vel
650 2720 881 2790 dictare,
908 2721 999 2774 vel
1032 2720 1299 2790 scribere,
1327 2720 1414 2774 vel
1442 2719 1654 2789 legere,
1685 2723 1855 2789 atque
1880 2718 2162 2772 emittere.
2265 2716 2369 2773 CC.
2397 2732 2642 2772 concess.

2000 2841 2428 2855 —__

1038 2945 1370 3010 ATTICUS
1415 2942 1861 3022 EPISCOPUS,
1910 2941 2310 3022 QUALITEB
2353 2942 2736 3009 FORMATA
2780 2939 3163 3011 EPISTOLA
3207 2938 3416 3009 FIAT.

609 3086 800 3146 Graeca
835 3082 1123 3140 elementa
1162 3082 1479 3139 litterarum
1527 3099 1796 3138 numeros
1846 3082 2019 3138 etiam
2079 3099 2173 3137 ex-
2270 3087 2373 3149 est,
2419 3081 2517 3153 qui
2559 3098 2868 3138 numerum
2908 3086 2976 3139 80
3021 3082 3326 3154 signiﬁcat,
3370 3080 3488 3151 ejus
3527 3086 3721 3148 quoque
3754 3067 3827 3141 qui

540 3184 787 3256 primere
811 3179 1000 3234 nullus
1030 3177 1127 3249 qui
1151 3176 1241 3230 vel
1267 3177 1516 3231 tenuiter
1552 3177 1733 3231 Graeci
1759 3176 2037 3231 sermonis
2062 3192 2166 3230 no-
2270 3174 2797 3245 scripsitepistolam
2823 3176 3006 3247 prima
3030 3176 3244 3243 littera,
3261 3174 3353 3231 cui
3374 3171 3622 3228 scribitur
3639 3161 3828 3256 secunda

545 3254 725 3331 titiam
744 3273 934 3340 habet,
955 3271 1204 3342 ignorat.
1229 3270 1309 3324 Ne
1326 3269 1504 3341 igitur
1523 3270 1583 3324 in
1599 3269 1871 3325 faciendis
1897 3269 2167 3340 epistolis,
2268 3269 2473 3335 littera,
2507 3268 2835 3340 accipientis
2856 3269 3042 3323 ’tertia
3065 3269 3274 3336 littera,
3311 3264 3543 3323 civitatis
3564 3272 3759 3335 quoque
3778 3254 3827 3309 de

543 3366 846 3437 canonicis,
861 3381 998 3437 quas
1014 3363 1375 3418 mosLatinus
1403 3363 1670 3417 formatas
1697 3363 1962 3434 appellat,
1980 3362 2171 3434 aliqua
2191 3388 2245 3461 Ο
2272 3378 2383 3433 qua
2417 3361 2679 3416 scribitur
2722 3365 2947 3433 quarta,
2993 3366 3050 3417 et
3078 3361 3405 3418 iudictionis
3428 3367 3747 3432 quaecunque
3770 3350 3831 3401 εει

543 3464 697 3517 fraus
727 3458 985 3515 falsitatis
1014 3460 1233 3512 temere
1251 3459 1710 3529 praesumeretur,
1730 3455 1836 3509 hoc
1864 3473 1897 3509 a
1917 3455 2171 3509 Patribus
2198 3448 2245 3461 ν
2271 3454 2560 3527 temporis,
2584 3455 2740 3510 idem
2776 3455 2874 3526 qui
2903 3454 3013 3509 fuit
3035 3471 3317 3511 numerus
3342 3453 3678 3510 assumatur:
3705 3448 3830 3513 atque

543 3553 816 3611 trecentis
836 3553 1032 3608 decem
1060 3555 1117 3606 et
1146 3555 1271 3606 octo
1316 3549 1503 3605 Nicaea
1529 3549 1890 3621 congregatis
1928 3548 2174 3603 saluber—
2270 3547 2348 3604 ita
2392 3548 2479 3602 his
2522 3548 2786 3604 omnibus
2828 3548 3033 3603 Graecis
3074 3548 3280 3604 litteris
3324 3564 3473 3621 quae,
3519 3548 3577 3599 ut
3620 3539 3831 3598 diximus.

543 3650 692 3706 rime
733 3648 1027 3702 inventum
1056 3648 1142 3699 est
1168 3649 1225 3700 et
1247 3643 1636 3711 constitutum,
1662 3646 1728 3697 ut
1759 3643 2017 3698 formatae
2049 3642 2170 3714 epi-
2268 3657 2545 3696 numeros
2570 3641 2900 3713 exprimunt
2928 3640 2989 3695 in
3013 3658 3196 3696 unum
3217 3641 3421 3709 ductis,
3445 3652 3611 3694 unam
3627 3642 3834 3705 quaecun-

546 3743 704 3799 stolaa
744 3741 895 3797 hanc
939 3738 1325 3795 calculationis
1352 3753 1455 3792 seu
1485 3737 1903 3808 supputationis
1928 3737 2176 3791 habeant
2272 3750 2381 3806 que
2401 3734 2573 3790 fuerit
2593 3735 2839 3803 collecta,
2870 3751 3156 3790 summam
3186 3735 3484 3807 epistolam
3515 3730 3703 3791 teneat,
3726 3724 3836 3778 hanc

543 3836 843 3902 rationem,
871 3833 928 3889 id
962 3836 1067 3903 est,
1114 3837 1178 3887 ut
1219 3833 1581 3887 assumantur
1625 3829 1684 3883 in
1712 3829 2174 3902 supputationem
2271 3829 2372 3899 qui
2386 3828 2636 3899 suscipit,
2655 3828 2812 3883 omni
2832 3845 2963 3883 cum
2982 3830 3207 3884 cautela
3226 3828 3484 3900 requirat
3504 3834 3750 3895 expresse,
3769 3811 3839 3866 δά·

542 3932 729 4003 prima
768 3930 957 3984 Graeca
1001 3927 1301 3995 elementa,
1352 3924 1529 3979 Patris
1576 3927 1633 3979 et
1678 3922 1803 3978 Filii
1839 3928 1896 3978 et
1935 3923 2174 3993 Spiritus
2273 3922 2370 3975 dat
2396 3926 2676 3991 praeterea
2705 3923 3007 3997 separatim
3026 3922 3086 3977 in
3108 3922 3351 3994 epistola
3378 3913 3782 3990 nonagenarium
3798 3907 3841 4007 et

544 4023 745 4090 sancti,
776 4023 886 4076 hoc
909 4023 1014 4087 est,
1044 4029 1109 4087 Π,
1132 4028 1188 4086 Υ,
1212 4030 1268 4075 Α.
1295 4018 1431 4081 Quae
1458 4018 1739 4071 elementa
1774 4018 1831 4068 et
1865 4019 2171 4085 octogena-
2274 4029 2486 4068 novum
2517 4030 2821 4069 numerum
2846 4015 2945 4087 qui
2972 4015 3293 4071 secundum
3319 4017 3507 4071 Graeca
3534 4009 3774 4066 elementa
3788 4015 3838 4054 ει·
3920 4072 3927 4077 η

543 4118 697 4172 rium
724 4120 780 4170 et
803 4110 1436 4186 quadringentesimum
1473 4111 1531 4163 et
1558 4108 1811 4179 primum
1855 4106 2176 4177 signiﬁcant
2275 4106 2565 4178 gniﬁcant.
2597 4107 2783 4163 Valete
2812 4109 2868 4162 in
2899 4110 3161 4165 Domino.

548 4223 877 4264 numerum.
918 4204 1067 4260 Petri
1111 4218 1336 4274 quoque
1374 4201 1613 4273 apostoli
1651 4199 1840 4272 prima
1878 4199 2084 4271 littera,
2121 4199 2177 4255 id
2620 4202 2918 4274 Hucusque
2942 4204 3192 4259 Concilia
3216 4204 3562 4261 Grecorum.

548 4343 3841 4398 Μ

1164 4545 1288 4621 ’⁷6
1356 4536 2152 4682 CONCILIA
2253 4536 3271 4683 LATINORUM

2030 4766 2434 4832 SEQUUNTUR

940 4920 1489 5025 QUORUM
1588 4917 1974 5009 PRIUS
2070 4917 2302 5008 EST
2400 4922 3526 5012 CARTHAGINENSE.
3626 4882 3631 4887 ’

2007 5096 2387 5116 ...Ψ

1144 5249 1533 5314 INCIPIUNT
1577 5236 1968 5312 CAPITULA~
1998 5249 2330 5313 CONCILII
2372 5251 2588 5313 PRIMI
2631 5252 3319 5318 CARTHAGINENSIS.

620 5535 670 5585 l.
686 5532 757 5585 Ut
770 5525 1040 5599 baptism.
1065 5523 1126 5580 in
1143 5516 1414 5579 Triuitate
1436 5525 1762 5595 susceptum
1777 5538 1892 5579 non
1912 5521 2170 5581 iteretur.
2192 5536 2252 5609 D
2345 5524 2398 5580 4.
2436 5527 2507 5582 Ut
2546 5541 2679 5582 cum
2724 5526 2911 5583 viduis
2936 5528 3027 5584 vel
3051 5527 3175 5584 aliis
3200 5526 3489 5585 extraneis
3514 5515 3748 5598 personis
3769 5518 3857 5567 ηοιι

615 5628 670 5678 2.
696 5624 775 5677 De
799 5623 1116 5692 martyrum
1145 5616 1458 5690 sepulchris
1482 5619 1539 5672 et
1562 5616 2009 5673 honoriﬁcentia.
2273 5623 2717 5679 commorentur.

616 5718 667 5771 3.
696 5716 769 5769 Ut
792 5712 979 5770 clerici
1005 5717 1062 5768 et
1084 5709 1538 5768 sanctimoniales
1561 5710 1793 5767 feminas
1818 5727 1951 5768 cum
1980 5714 2171 5769 extra-
2341 5716 2393 5767 5.
2426 5714 2496 5769 Ut
2513 5714 2699 5771 clerici
2725 5713 2815 5773 vel
2834 5714 2967 5773 laici
2995 5715 3058 5771 in
3086 5714 3316 5774 alterius
3342 5711 3590 5770 Ecclesia
3616 5720 3723 5764 non
3742 5692 3861 5759 ordi'

547 5805 670 5875 peis
696 5806 827 5863 viris
853 5807 946 5863 vel
972 5805 1199 5866 feminis
1223 5821 1339 5865 non
1366 5803 1642 5864 habitent.
2272 5808 2504 5866 nentur.
