3964 6178
132 299 196 358 sit
1065 298 1073 304 ’
1272 293 1749 352 DECRETALIUM

177 413 217 462 6.
249 408 301 461 L't
329 405 493 457 clerici
527 406 682 456 actus
722 403 1081 457 saecularium
1123 403 1212 457 vel
1245 403 1669 474 procurationes
1690 415 1748 488 Α

126 518 208 556 non
229 496 505 567 suscipiant.

174 599 212 646 7.
237 593 295 645 Ut
311 589 478 644 clerici
507 589 590 643 vel
615 588 741 643 laici
769 589 830 643 in
863 587 1050 642 aliena
1077 589 1325 645 Ecclesia
1357 606 1472 645 non
1505 607 1663 645 com-

123 685 350 740 municent
371 683 463 736 sub
488 681 690 736 litteris
719 682 805 736 sui
829 681 1100 752 episcopi.

169 781 211 832 8.
262 777 322 830 Ut
358 775 618 846 implicati
667 774 916 846 negotiis
965 773 1166 829 alienis
1217 779 1348 830 ante
1390 775 1664 830 redditam

122 871 337 925 rationem
362 867 534 923 clerici
562 883 676 921 non
699 867 1058 923 ordinentur.

166 965 206 1017 9.
232 963 289 1016 Ut
313 961 425 1015 laici
460 960 690 1015 clericos
717 963 938 1016 actores
970 961 1057 1015 vel
1094 960 1524 1016 ratiocinatores
1562 962 1668 1017 sibi

116 1072 199 1109 non
218 1053 538 1109 constituant.

1786 285 2170 350 CULLEG'I‘IU.
3296 300 3394 350 3-22

1846 405 1928 457 l0.
1961 403 2040 456 Ne
2063 401 2356 472 cpiscopus
2381 403 2611 456 alterius
2637 402 2889 473 episcopi
2919 402 3113 472 plebes
3140 404 3222 457 Vel
3256 405 3396 457 Illius

1767 498 2026 567 usurpet.

1839 592 1924 642 Η.
1957 589 2031 642 De
2061 587 2278 642 clericis
2313 587 2746 642 contumacibus
2781 591 2837 642 et
2873 588 2943 642 de
2977 605 3215 643 numero
3237 589 3393 660 judi-

1765 681 2017 736 cantium
2047 680 2510 751 presbyterorum
2540 683 2599 735 et
2627 680 3018 735 diaconorum.

1841 777 1924 828 l2.
1960 775 2030 829 Ut
2052 778 2216 843 pacta
2242 772 2392 827 inter
2421 772 2710 843 episcopos
2734 773 2874 826 inita
2899 774 3308 829 custodiantur.

1842 870 1927 922 13.
1961 867 2031 921 Ut
2057 883 2170 920 non
2197 865 2366 920 liceat
2393 864 2612 920 clericis
2636 866 2916 920 fenerare.

1843 961 1928 1014 14.
1964 961 2035 1014 Ut
2065 959 2196 1013 laici
2230 962 2652 1030 contemptores
2690 975 2975 1013 canonum
3013 961 3397 1016 excommuni-

1769 1056 1992 1121 centur,
2021 1051 2209 1106 clerici
2235 1067 2370 1105 vero
2398 1051 2615 1106 honore
2646 1051 2956 1121 priventur.

395 1255 806 1347 INCIPIT
877 1256 1489 1349 CONCILIUM
1559 1256 1998 1348 PRIMUM
2065 1253 3016 1347 CARTHAGINENSE

160 1417 266 1471 Cum
302 1417 487 1471 Gratus
530 1417 831 1489 episcopus
873 1418 1308 1490 Carthaginensi
1342 1421 1400 1474 in
1436 1422 1670 1477 concilio

109 1526 193 1562 una
213 1526 320 1563 cum
347 1510 571 1581 collegis
600 1511 715 1565 suis
732 1511 1103 1579 consedisset,
1130 1516 1187 1567 et
1214 1513 1312 1584 qui
1339 1530 1410 1569 ex
1436 1515 1670 1570 diversis

108 1602 342 1671 provinciis
383 1603 656 1657 Africanis
695 1604 769 1657 ad
813 1605 1218 1674 Carthaginem
1261 1613 1666 1676 convenerunt,

109 1695 239 1749 Felice
287 1696 593 1762 Baianensi,
649 1697 1056 1752 Fortunatiano
1106 1700 1456 1770 Ramptano,
1506 1702 1667 1757 Cres-

107 1792 222 1841 cente
248 1787 464 1857 Baiensi,
503 1789 838 1844 Vindiciano
880 1791 1262 1859 Lacubaiensi,
1306 1778 1746 1850 AbundantioB

102 1879 433 1950 Adrumetino,
477 1883 670 1936 Priato
714 1883 1122 1954 Begesilitano,
1170 1885 1491 1941 Gaudentio
1528 1888 1670 1942 Tur-

104 1973 328 2027 retaliensi
357 2016 370 2042 ,
431 1975 674 2029 Patricio
752 1975 1048 2046 Sincensi,
1125 1978 1328 2042 Quieto
1383 1980 1668 2052 Uticensi,

101 2064 290 2119 Romulo
314 2067 661 2134 Tebestiano,
693 2073 750 2124 et
773 2070 993 2124 caeteris
1022 2086 1266 2141 quorum
1295 2089 1499 2128 manus
1536 2090 1667 2128 con-

99 2157 315 2228 tinentur,
349 2160 497 2214 idem
532 2162 738 2216 Gratus
769 2161 1066 2234 episcopus
1097 2163 1275 2219 dixit:
1307 2166 1524 2221 Gratias
1556 2169 1670 2222 Deo

97 2251 409 2322 omnipotenti
434 2258 491 2308 et
517 2254 742 2309 Christo
781 2255 932 2324 Jesu,
973 2255 1072 2326 qui
1105 2256 1264 2311 dedit
1302 2259 1462 2313 malis
1497 2259 1669 2314 schis-

98 2343 286 2398 matibus
340 2346 535 2417 finem,
589 2353 646 2401 et
682 2349 925 2418 respexit
961 2349 1263 2404 Ecclesiam
1295 2368 1476 2422 suam,
1515 2358 1578 2408 ut
1613 2353 1670 2407 in

95 2435 183 2502 ejus
212 2439 469 2507 gremium
515 2440 768 2512 erigeret
799 2442 1062 2496 universa
1095 2444 1358 2498 membra
1395 2445 1668 2517 dispersa,

95 2529 163 2595 qui
186 2529 457 2601 imperavit
505 2533 935 2604 religiosissimo
961 2536 1294 2591 Constantio
1319 2537 1668 2608 imperatori,

93 2626 136 2672 ut
170 2626 332 2677 votum
390 2630 624 2696 gereret
670 2626 924 2693 unitatis,
973 2631 1031 2681 et
1086 2630 1339 2685 mitteret
1385 2631 1672 2686 ministros

94 2716 224 2768 sancti
249 2719 420 2787 operis
468 2720 718 2773 famulos
743 2720 864 2787 Dei,
913 2721 1154 2775 Paulum
1203 2729 1258 2776 et
1300 2723 1670 2780 Macharium.

92 2805 158 2858 Dei
183 2823 300 2879 ergo
334 2815 473 2865 nutu
518 2813 860 2884 congregati
899 2813 973 2867 ad
1020 2814 1320 2884 unitatem,
1367 2823 1428 2870 ut
1454 2834 1556 2888 per
1586 2817 1669 2872 di-

93 2913 232 2952 versas
261 2904 578 2971 provincias
612 2905 852 2960 concilia
887 2907 1262 2976 celebremus,
1298 2913 1356 2962 et
1392 2910 1672 2964 universae

90 2992 332 3058 provincia
357 2998 568 3053 Africae
598 2998 878 3054 hodierna
913 3000 1003 3056 die
1031 3001 1336 3055 concilium
1366 3002 1548 3072 gratia
1577 3003 1674 3057 Dei

90 3086 429 3159 Carthaginem
488 3092 734 3158 veniret,
791 3093 945 3148 unde
997 3094 1481 3150 considerantibus
1516 3096 1674 3151 vobis

87 3192 180 3232 cum
204 3199 319 3237 mea
353 3185 758 3240 mediocritate
799 3190 1115 3241 tractentur
1158 3188 1306 3242 tituli
1348 3189 1672 3261 necessarii,
1695 3143 1749 3217 Ο

89 3268 137 3323 de
154 3274 330 3343 quibus
369 3294 607 3333 necesse
652 3282 737 3332 est
781 3295 887 3333 nos
933 3297 1220 3335 memores
1260 3287 1675 3353 praeceptorum

87 3361 351 3424 divinorum
402 3378 462 3426 et
518 3372 840 3443 magisterii
891 3373 1214 3429 divinarum
1257 3375 1674 3446 Scripturarum

87 3463 483 3532 contemplantes
517 3465 752 3519 unitatis
782 3469 1029 3537 tempus,
1068 3467 1126 3520 id
1161 3467 1230 3523 de
1270 3468 1508 3538 singulis
1533 3469 1672 3523 deﬁ-

83 3548 174 3604 nire
199 3556 336 3624 quod
383 3575 490 3613 nec
537 3558 827 3629 Carthago
869 3559 1126 3630 vigorem
1176 3560 1319 3631 legis
1380 3561 1671 3633 infringat,

83 3656 160 3696 nec
174 3649 348 3703 tamen
367 3655 639 3722 tempore
669 3651 902 3705 unitatis
931 3652 1146 3724 ahquid
1173 3654 1542 3710 durissimum
1559 3660 1670 3710 stac

83 3734 277 3796 luamus.

131 3831 232 3887 CAP.
259 3834 296 3888 Ι.
327 3837 480 3909 Ergo
527 3837 580 3893 si
633 3837 788 3893 vobis
830 3838 1038 3910 placet,
1083 3841 1508 3896 consideremus
1554 3842 1670 3913 pri-

81 3935 201 3980 mum
222 3927 445 3985 titulum
477 3931 975 4004 rebaptizationis,
1003 3933 1158 3988 unde
1184 3936 1541 3990 sanctitatem
1571 3951 1670 3990 ve-

82 4018 214 4073 stram
246 4026 465 4092 postulo
507 4030 582 4080 ut
620 4027 828 4082 mentis
869 4031 1071 4082 vestra:
1113 4027 1317 4098 placita
1351 4028 1673 4099 producatis

77 4109 126 4162 ad
162 4112 594 4174 descendentem
640 4119 700 4173 in
742 4136 984 4191 aquam,
1034 4123 1092 4174 et
1143 4121 1563 4192 interrogatum
1610 4123 1672 4177 in

79 4201 299 4264 Trinitate
327 4213 657 4268 secundum
678 4213 967 4284 Evangelii
985 4213 1182 4284 ﬁdem,
1207 4219 1264 4270 et
1280 4216 1672 4286 apostolorum

78 4294 363 4375 doctrinam,
407 4312 468 4360 et
513 4307 850 4361 confessum
893 4307 1108 4362 bonam
1153 4309 1562 4364 conscientiam
1613 4311 1672 4364 in

79 4387 236 4464 Deum,
261 4398 326 4453 de
359 4400 790 4456 resurrectione
829 4401 961 4456 Jesu
999 4401 1228 4469 Christi,
1275 4402 1323 4456 si
1362 4402 1528 4458 liceat
1564 4403 1669 4458 ite-

74 4498 172 4582 rum
197 4490 541 4566 interrogari
585 4494 645 4548 in
674 4494 874 4550 eadem
920 4495 1054 4563 ﬁde,
1095 4500 1155 4550 et
1201 4495 1261 4551 in
1287 4512 1436 4570 aqua
1459 4497 1748 4579 iterumD

76 4579 259 4652 inlingi,
299 4587 564 4642 universi
608 4587 856 4660 episcopi
900 4589 1166 4645 dixerunt
1207 4607 1220 4644 :
1271 4591 1468 4659 Absit,
1506 4591 1670 4646 absit.

76 4669 253 4732 “licitas
275 4696 395 4736 esse
435 4679 737 4736 sancimus
771 4682 1264 4754 rebaptizationes,
1297 4687 1356 4738 et
1392 4685 1526 4739 satis
1554 4702 1674 4741 esse

79 4764 279 4825 alienum
304 4791 337 4827 a
361 4775 602 4830 sincera
629 4775 763 4845 ﬁde,
795 4780 854 4829 et
890 4777 1164 4831 catholica
1191 4777 1510 4849 disciplina.
1539 4781 1670 4834 Gra-

76 4863 142 4911 tus
166 4865 452 4940 episcopus
479 4867 632 4923 dixit
664 4885 677 4922 :
710 4869 910 4939 Magna
945 4870 1233 4925 beatitudo
1279 4889 1314 4925 a
1343 4872 1453 4926 Deo
1488 4874 1673 4940 Patre,

75 4964 152 5016 Per
171 4954 462 5016 Dominum
507 4961 805 5017 Christum
847 4979 1113 5018 concessa
1152 4967 1238 5019 est
1272 4969 1535 5036 tempore
1568 4982 1674 5020 no-

74 5049 175 5114 StIo,
197 5058 256 5106 ut
287 5053 462 5110 liceat
507 5054 798 5125 religiosis
838 5056 1126 5112 mentibus
1169 5057 1463 5113 insinuare
1496 5058 1675 5114 eccle-

75 5137 307 5200 amicam
334 5147 728 5220 disciplinam,
761 5154 825 5204 ut
861 5150 1148 5205 auditores
1180 5151 1558 5222 percipientes
1585 5168 1675 5207 re-

74 5233 227 5299 Eulam
252 5245 470 5297 rectam
500 5247 567 5296 et
589 5242 706 5297 Deo
734 5243 1076 5315 placentem,
1108 5244 1342 5315 praemia
1361 5247 1677 5301 multorum

75 5321 316 5388 bonorum
347 5335 706 5407 percipiant,
746 5340 811 5391 ut
843 5337 902 5391 in
935 5337 1072 5409 ipsis
1113 5340 1259 5393 Deus
1297 5338 1356 5394 in
1390 5339 1677 5409 omnibus,

73 5425 113 5472 Et
135 5439 221 5492 pro
244 5428 518 5484 omnibus
548 5429 883 5500 honoratur,
923 5430 1208 5486 discussus
1237 5435 1324 5487 est
1352 5432 1548 5488 titulus
1577 5450 1678 5490 ne-

76 5519 306 5574 wssarius
363 5521 867 5594 rebaptizationis,
921 5524 982 5579 in
1026 5541 1141 5596 quo
1186 5526 1313 5597 plus
1363 5527 1682 5582 schismatis

75 5606 221 5665 rabies
265 5614 667 5685 delitescebat,
722 5622 780 5672 et
839 5617 1034 5672 habita
1097 5618 1488 5674 moderatione
1543 5621 1684 5692 legis

75 5699 250 5774 Vigore,
278 5713 334 5763 et
370 5708 724 5764 auctoritate
761 5710 900 5766 fides
938 5711 1218 5766 custodita
1251 5715 1355 5766 est.
1379 5712 1519 5767 Illud
1546 5729 1683 5768 sane

73 5795 471 5864 sapientissimis
515 5802 718 5858 vestris
764 5803 1020 5859 sensibus
1058 5804 1350 5860 insinuare
1376 5807 1682 5876 contendo,

449 5899 730 5968 Paraoc.
782 5900 1008 5968 CXXX.

1770 1419 1902 1474 licet
1928 1423 2112 1475 vestra
2129 1417 2436 1490 prudentia
2466 1418 2539 1471 sit
2569 1417 2843 1471 instructa
2867 1433 2901 1470 a
2927 1417 3063 1486 Deo,
3098 1421 3155 1472 et
3181 1433 3396 1474 merea-

1769 1519 1864 1568 tur
1896 1512 1956 1567 in
2007 1529 2167 1584 pace,
2209 1516 2266 1566 et
2300 1511 2519 1566 unitate
2561 1509 2828 1581 consequi
2873 1509 3121 1582 desuper
3160 1528 3402 1568 munera

1768 1606 1949 1678 larga,
1977 1610 2173 1660 tamen
2213 1608 2270 1660 et
2309 1621 2418 1676 ego
2447 1620 2593 1659 unus
2641 1621 2706 1659 ex
2734 1603 2914 1670 vobis,
2961 1607 3020 1659 et
3053 1621 3166 1676 quo
3207 1621 3402 1676 parem

1770 1699 2056 1754 vobiscum
2075 1698 2511 1754 sollicitudinem
2532 1713 2692 1768 gero,
2711 1701 2942 1768 propter
2960 1697 3402 1753 ecclesiasticum

1771 1793 2035 1848 ordinem
2057 1793 2199 1847 illud
2222 1791 2514 1846 insinuare
2545 1790 2776 1845 curabo.

1843 1889 1907 1941 II.
1940 1887 2250 1957 Martyrum
2280 1885 2619 1956 dignitatem
2648 1900 2818 1938 nemo
2843 1884 3115 1954 profanus
3139 1883 3401 1953 infamet,

1772 1994 1957 2050 neque
1983 1978 2202 2050 passiva
2235 1994 2472 2049 corpora
2509 1992 2638 2048 quae
2674 1976 2978 2048 sepulturas
3017 1979 3234 2030 tantum
3269 1992 3402 2048 pro-

1773 2077 1898 2144 pter
1941 2070 2283 2127 memoriam
2330 2069 2764 2125 ecclesiasticam
2809 2069 3200 2124 commendari
3240 2086 3403 2124 man-

1773 2165 1974 2220 datum
2020 2169 2123 2233 est,
2177 2164 2454 2235 redigant,
2515 2168 2577 2218 ut
2613 2167 2712 2217 aut
2750 2163 2964 2217 insania
3001 2163 3406 2234 praecipitatae,

1771 2257 2008 2312 aut'alia
2041 2257 2263 2312 ratione
2298 2255 2516 2328 peccati
2559 2255 2866 2326 disjunctos
2905 2272 3020 2310 non
3063 2256 3276 2310 ratione
3319 2257 3406 2310 vel

1772 2354 2032 2422 tempore
2058 2350 2426 2422 competenti,
2449 2366 2562 2421 quo
2583 2348 2857 2420 martyria
2885 2349 3247 2403 celebrentur
3264 2365 3410 2403 mar-

1771 2448 1963 2514 tyrum
2017 2444 2258 2498 nomina
2307 2443 2619 2515 appellent,
2673 2445 2735 2495 ut
2779 2442 2826 2495 si
2860 2441 2986 2512 quis
3033 2442 3104 2496 ad
3140 2442 3408 2513 injuriam

1773 2542 2097 2608 martyrum
2121 2536 2389 2591 claritatis
2417 2551 2616 2590 eorum
2644 2535 2920 2605 adjungat
2945 2535 3194 2601 insanos,
3225 2535 3409 2605 placet

1772 2647 1890 2699 eos,
1923 2630 1968 2684 si
1998 2629 2128 2684 laici
2157 2629 2291 2696 sint,
2321 2628 2395 2683 ad
2430 2627 2832 2700 pcenitentiam
2870 2627 3076 2698 redigi.
3119 2628 3174 2682 Si
3213 2631 3408 2682 autem

1774 2727 1907 2777 sunt
1930 2723 2140 2791 clerici,
2172 2726 2298 2794 post
2332 2721 2837 2776 commonitionem
2870 2728 2926 2776 et
2963 2724 3090 2791 post
3125 2721 3407 2791 cognitio-

1772 2831 1906 2870 nem
1932 2816 2150 2870 honore
2190 2815 2420 2886 privari.
2464 2814 2722 2868 Universi
2764 2815 3049 2880 dixerunt,
3097 2817 3249 2868 recte
3295 2818 3407 2867 sta-

1774 2908 1898 2962 bilit
1917 2909 2184 2964 sanctitas
2220 2913 2424 2974 vestra,
2454 2908 2560 2962 hoc
2593 2910 2650 2961 et
2678 2906 2919 2978 singulis
2944 2907 3194 2961 conciliis
3233 2911 3408 2960 statu-

1774 3008 1896 3056 tum
1926 3006 2035 3056 est.

1844 3096 1930 3149 Ill.
1961 3097 2162 3150 Gratus
2201 3097 2504 3168 episcopus
2534 3095 2673 3150 dixit
2701 3111 2714 3149 :
2748 3096 2818 3148 Et
2852 3094 2993 3148 illud
3028 3094 3334 3165 prmeipue,
3365 3094 3412 3148 si

1777 3188 1998 3243 videtur
2023 3193 2222 3244 vestras
2252 3189 2559 3256 dilectioni,
2596 3187 2913 3243 cavendum
2942 3192 3044 3255 est,
3078 3193 3142 3242 ut
3168 3188 3412 3259 pastoris

1777 3299 1909 3336 cura
1943 3287 2224 3353 quantum
2258 3282 2429 3337 debet
2454 3286 2513 3336 et
2540 3286 2725 3354 potest
2750 3281 3030 3352 regularis
3059 3281 3412 3352 providentia

1775 3381 2147 3446 prasmoneat,
2176 3381 2242 3430 ut
2268 3376 2439 3430 nullis
2466 3375 2632 3430 liceat
2663 3375 2734 3429 ab
2766 3374 2972 3430 affectu
2997 3374 3411 3429 abstinentibus

1775 3468 1993 3523 carnali
2037 3469 2190 3539 apud
2235 3472 2536 3522 extraneos
2580 3467 2795 3538 pariter
2841 3467 3210 3534 commorari;
3254 3483 3409 3521 occa-

1775 3562 1963 3616 siones
2009 3561 2164 3616 enim
2199 3561 2568 3632 amputanda;
2611 3563 2744 3614 sunt
2779 3565 3165 3631 peccatorum,
3210 3563 3269 3614 et
3304 3561 3408 3615 tol-

1773 3654 1958 3710 lendae
2005 3670 2207 3708 omnes
2251 3653 2598 3724 suspiciones
2626 3653 2831 3724 quibus
2867 3653 3147 3708 subtilitas
3195 3654 3408 3708 diaboli

1774 3747 1877 3802 sub
1909 3750 2192 3819 praetextu
2220 3746 2509 3800 charitatis
2543 3749 2600 3799 et
2629 3745 2952 3799 dilectionis
2992 3747 3247 3801 incautas
3281 3748 3406 3801 ani-

1773 3857 1895 3895 mas
1936 3841 2023 3894 vel
2067 3841 2299 3912 ignaras
2340 3840 2564 3894 irretire
2619 3838 2932 3894 consuevit.
2996 3838 3194 3893 Nullus
3233 3839 3410 3910 igitur

1774 3935 2046 4005 nullaque
2073 3933 2467 3988 sanctimonia:
2500 3935 2558 3986 et
2585 3932 2895 4003 virginitati
2926 3933 3244 3987 deserviens
3274 3948 3407 4004 pro-

1773 4031 1901 4100 pter
1929 4027 2346 4099 blasphemiam
2392 4025 2673 4095 Ecclesiaa,
2703 4026 2751 4080 si
2782 4026 2940 4080 vobis
2965 4026 3171 4098 placet,
3207 4026 3268 4081 in
3293 4043 3411 4081 una

1773 4123 1944 4177 domo
1963 4138 2092 4177 cum
2114 4120 2398 4176 extraneis
2413 4120 2642 4192 penitus
2660 4120 3005 4174 commorari
3027 4119 3266 4187 debent;
3284 4120 3412 4175 uni-

1772 4216 1920 4270 versi
1975 4216 2280 4270 dixerunt:
2333 4215 2437 4283 Qui
2489 4214 2694 4270 nolunt
2743 4214 2982 4281 nubere,
3021 4218 3079 4270 et
3121 4212 3408 4285 pudicitia:

1772 4310 2072 4365 meliorem
2111 4309 2333 4381 eligunt
2375 4311 2620 4380 partem,
2664 4307 2788 4362 hinc
2842 4307 3022 4362 vitare
3067 4306 3313 4374 debent,
3353 4309 3412 4362 et

1774 4420 1891 4459 non
1922 4404 2104 4457 solum
2151 4402 2410 4456 habitare
2455 4401 2646 4468 simul,
2693 4401 2793 4456 sed
2837 4417 2943 4456 nec
2983 4400 3193 4455 habere
3236 4400 3310 4456 ad
3349 4416 3406 4455 se

1769 4497 2019 4568 aliquem
2047 4511 2366 4562 accessum;
2413 4495 2522 4550 hoc
2557 4511 2694 4566 ergo
2734 4499 2793 4548 et
2841 4496 2925 4548 lex
2962 4493 3145 4564 jubet,
3187 4497 3243 4547 et
3272 4509 3408 4546 san-

1775 4591 1939 4645 ctitas
1993 4595 2180 4644 vestra
2224 4588 2628 4655 commendat,
2667 4592 2729 4641 ut
2778 4587 2836 4641 in
2884 4587 3118 4658 singulis
3162 4586 3411 4642 conciliis

1775 4687 2047 4739 statutum
2080 4686 2184 4737 est.
2223 4683 2429 4737 Gratus
2464 4682 2760 4753 episcopus
2793 4680 2964 4734 dixit:
2995 4683 3144 4751 Ergo
3185 4697 3416 4752 persua-

1777 4778 1858 4832 sio
1888 4777 2176 4832 interdum
2203 4776 2512 4846 prudentes
2539 4776 2681 4830 solet
2700 4790 2892 4829 arcere
2919 4790 2952 4829 a
2979 4774 3242 4844 peccatis,
3274 4773 3412 4829 dum

1776 4871 2170 4942 imprudentes
2213 4869 2381 4924 debet
2423 4872 2608 4923 metus
2638 4868 2967 4939 huiusmodi
2994 4868 3410 4939 constringere,

1777 4964 1822 5018 si
1859 4980 2066 5018 sanum
2111 4962 2412 5017 consilium
2459 4966 2752 5032 respuunt,
2792 4967 2849 5016 et
2883 4961 3126 5016 salutare
3169 4961 3412 5016 manda-

1776 5064 1922 5112 tum.
1966 5057 2024 5112 Si
2067 5073 2204 5128 ergo
2246 5055 2378 5111 laici
2417 5061 2568 5123 sunt,
2610 5057 2735 5126 post
2791 5054 3296 5110 commonitionem
3342 5055 3410 5124 si,

1778 5150 2252 5222 contempserint,
2277 5166 2311 5205 a
2338 5147 2742 5204 communione
2770 5153 3130 5219 separentur.
3157 5147 3413 5203 Universi

1779 5244 2065 5314 dixerunt,
2093 5243 2298 5316 placet.

1851 5338 1938 5394 IV.
1993 5339 2194 5394 Gratus
2237 5337 2536 5411 episcopus
2581 5336 2748 5405 dixit,
2797 5340 2854 5391 et
2894 5335 2941 5391 si
2987 5335 3212 5391 inﬁnita
3248 5338 3410 5400 sunt,

1782 5449 1911 5505 quae
1936 5433 2065 5505 lege
2093 5433 2408 5504 perscripta
2437 5430 2796 5503 proﬁcientia
2819 5429 3155 5502 disciplinas,
3187 5432 3245 5483 et
3269 5441 3412 5482 unus

1781 5525 2022 5597 quisque
2048 5528 2312 5580 nostrum
2334 5526 2580 5579 tractatu
2617 5523 2842 5578 assiduo
2872 5527 2930 5576 et
2965 5519 3414 5576 commonitione

1782 5618 2072 5690 frequenti
2105 5635 2210 5690 per
2245 5617 2499 5690 singulas
2524 5631 2774 5688 quasque
2813 5613 3026 5685 species
3060 5611 3421 5684 proﬁcientes

1782 5711 1854 5767 ad
1883 5711 2242 5784 disciplinam
2278 5711 2491 5783 poterit
2523 5709 2763 5782 populos
2791 5707 3055 5776 invitare,
3096 5709 3293 5761 tamen
3318 5705 3422 5762 ali-

1785 5821 1901 5878 qua
1929 5822 1996 5861 ex
2021 5805 2102 5861 eis
2135 5811 2367 5877 propter
2406 5801 2786 5874 blasphemiae
2829 5799 3189 5873 suggerenda
3229 5806 3361 5858 sunt
3386 5818 3423 5860 ι
