3964 6178
565 296 593 346 3
606 294 667 345 23

1446 289 1730 344 APPEND.
1775 260 1873 343 1m
1900 290 2057 343 suo.
2104 289 2186 342 1x.
2219 317 2287 325 —
2326 286 2565 346 ISlDORl
2604 285 3026 346 MERCATORIS
3204 264 3213 271 ’
3740 303 3814 353 3.2.;

569 397 732 452 nobis
761 399 814 449 et
844 394 900 449 in
927 393 1162 448 concilio
1197 396 1515 462 statuenda,
1560 397 1605 449 si
1636 397 1860 451 videtur
1885 396 2043 450 vobis
2073 395 2195 466 pari
2218 406 2276 479 Α
2295 399 2467 454 bitur.
2495 398 2752 453 Universi
2788 397 3075 465 dixerunt,
3122 396 3488 452 saluberrima;
3518 401 3816 470 professiones

566 489 845 545 sententia
872 492 1179 542 teneantur
1217 488 1392 542 etiam
1431 488 1491 542 hi
1529 488 1628 559 qui
1667 505 1798 544 cum
1827 489 2007 543 viduis
2043 504 2193 542 com-

564 585 883 648 morantur,
941 583 998 635 et
1048 580 1203 635 nulla
1244 597 1441 636 secum
1487 582 1858 652 germanitate
1908 581 2197 653 conjuncti

564 678 715 730 sunt.
780 673 1037 728 Universi
1091 673 1377 743 dixerunt,
1427 675 1593 745 juxta
1649 674 1846 731 viduos
1893 679 1950 731 et
2000 675 2197 729 viduas

563 769 763 823 eadem
792 767 887 821 lex
912 769 1140 821 maneat
1169 771 1225 822 et
1248 768 1551 824 sententia.

633 863 697 916 V.
744 860 1029 916 Primatus
1081 861 1379 932 episcopus
1422 859 1818 933 Begisilitanus
1857 859 2012 928 dixit,
2061 876 2195 931 sug-

565 971 705 1026 gero
733 954 1020 1009 sanctitati
1045 957 1267 1024 vestrae,
1301 957 1366 1009 ut
1394 954 1657 1010 statuatis
1685 971 1803 1009 non
1842 954 2011 1008 licere
2036 954 2195 1008 cleri-

565 1065 698 1103 cum
724 1047 978 1102 alienum
1004 1046 1075 1101 ab
1103 1046 1292 1118 aliquo
1322 1048 1532 1119 suscipi
1564 1048 1682 1102 sine
1712 1046 1915 1103 litteris
1948 1045 2199 1118 episcopi

563 1141 669 1210 sui,
708 1157 890 1213 neque
918 1141 1066 1212 apud
1109 1157 1166 1196 se
1204 1141 1476 1209 retinere,
1525 1158 1627 1197 nec
1663 1140 1876 1196 laicum
1922 1156 2197 1211 usurpare

564 1234 670 1289 sibi
696 1234 765 1289 de
790 1234 952 1305 plebe
980 1233 1188 1303 aliena,
1228 1237 1290 1289 ut
1315 1250 1447 1290 eum
1484 1234 1708 1290 ordinet
1748 1233 1869 1289 sine
1906 1231 2197 1288 conscien-

567 1328 650 1382 tia
675 1328 798 1398 ejus
828 1327 1097 1399 episcopi,
1136 1329 1207 1382 de
1237 1328 1398 1399 cujus
1426 1328 1593 1398 plebe
1622 1331 1724 1382 est.
1753 1328 1953 1382 Gratus
1978 1327 2196 1397 episco-

566 1437 672 1492 pus
700 1420 857 1491 dixit,
888 1421 1012 1475 haac
1048 1420 1401 1475 observantia
1436 1437 1635 1491 pacem
1668 1419 1931 1475 custodit.
1972 1420 2113 1474 Nam
2145 1423 2202 1474 et

568 1514 810 1569 memini
837 1513 895 1568 in
928 1513 1279 1569 sanctissimo
1303 1513 1540 1569 concilio
1561 1513 1879 1569 Sardicensi
1902 1516 2196 1582 statutum,

565 1613 634 1663 ut
668 1624 838 1663 nemo
882 1608 1114 1662 alterius
1150 1606 1331 1680 plebis
1371 1607 1669 1662 hominem
1715 1610 1971 1679 usurpet,
2004 1606 2104 1661 sed
2152 1605 2200 1660 si

564 1702 714 1756 forte
755 1700 863 1756 erit
902 1700 1266 1768 necessarius,
1314 1703 1469 1772 petat
1504 1717 1538 1755 a
1582 1700 1796 1773 collega
1829 1717 1953 1767 suo,
1995 1703 2052 1755 et
2097 1714 2201 1771 per

563 1809 900 1850 consensum
930 1794 1160 1849 habeat.

635 1888 719 1942 Vl.
771 1886 1019 1942 Nicasius
1065 1885 1361 1959 episcopus
1395 1886 1784 1942 Gulustitanus
1828 1886 1987 1956 dixit,
2034 1886 2199 1941 credo

562 1981 787 2052 placere
834 1980 1262 2052 suggestionem
1316 1996 1505 2037 meam
1569 1981 1851 2036 sanctitati
1898 1983 2100 2035 vestrae
2144 1983 2201 2035 et

564 2074 862 2147 displicere
914 2072 1110 2141 vobis,
1165 2076 1231 2129 ut
1273 2073 1374 2145 qui
1415 2073 1669 2130 serviunt
1717 2075 1831 2129 Deo
1873 2078 1930 2129 et
1992 2072 2201 2129 annexi

565 2171 700 2223 sunt
719 2167 888 2236 clero,
922 2183 1037 2221 non
1066 2167 1339 2221 accedant
1362 2166 1434 2221 ad
1455 2169 1613 2222 actus
1640 2183 1742 2221 seu
1764 2165 2202 2222 administratio-

562 2277 697 2316 nem
723 2260 810 2313 vel
830 2259 1290 2331 procurationem
1316 2260 1641 2316 dornorum.
1665 2260 1871 2315 Gratus
1899 2258 2199 2331 episcopus

568 2352 729 2422 dixit,
753 2355 810 2406 et
836 2352 1217 2423 apostolorum
1242 2356 1450 2408 statuta
1476 2357 1610 2407 sunt
1627 2369 1755 2424 quae
1782 2352 1998 2420 dicunt,
2029 2368 2200 2406 nemo

562 2446 814 2502 militans
840 2447 953 2500 Deo
984 2445 1197 2517 ingerit
1225 2463 1284 2500 se
1316 2446 1561 2518 negotiis
1588 2444 1986 2515 saecularibus;
2015 2446 2200 2517 proin—

563 2539 633 2595 de
683 2542 784 2594 aut
824 2539 1012 2594 clerici
1053 2539 1165 2595 sint
1206 2540 1328 2595 sine
1376 2538 1694 2596 actionibus
1737 2539 2061 2607 domorum,
2103 2542 2201 2593 aut

568 2638 785 2689 actores
824 2634 945 2687 sine
986 2632 1173 2688 ofﬁcio
1224 2633 1582 2689 clericorum.
1617 2632 1875 2689 Universi
1914 2632 2197 2697 dixerunt,

564 2727 673 2782 hoc
697 2725 1077 2781 observemus.

635 2820 747 2873 VII.
801 2819 1069 2874 Casianus
1103 2818 1394 2873 Usulensis
1441 2818 1744 2891 episcopus
1785 2817 1946 2885 dixit,
1988 2820 2203 2873 statuat

568 2911 812 2986 gravitas
841 2913 1042 2980 vestra,
1076 2915 1140 2965 ut
1175 2910 1590 2983 unusquisque,
1629 2911 1864 2967 clericus
1902 2911 1989 2966 vel
2029 2910 2200 2965 laicus

568 3023 685 3061 non
714 3004 1102 3061 communicet
1117 3003 1176 3059 in
1190 3004 1376 3059 aliena
1391 3005 1561 3077 plebe
1584 3005 1704 3060 sine
1724 3004 1929 3059 litteris
1949 3003 2201 3076 episcopi

567 3098 675 3156 sui.
697 3099 902 3154 Gratus
917 3097 1215 3171 episcopus
1234 3098 1399 3168 dixit,
1417 3097 1525 3153 nisi
1536 3098 1643 3153 hoc
1654 3097 2015 3153 observatum
2025 3097 2202 3153 fuerit
2219 3135 2276 3211 Ο

616 3210 619 3211 ν
676 3209 813 3211 1
917 3191 1007 3211 nn
1039 3190 1247 3211 μηρὼ
1306 3191 1436 3211 νη,
1484 3191 1522 3211 -ε
1567 3208 1677 3211 ,μμ
1713 3191 1913 3211 manu

566 3192 897 3255 communio
917 3191 1013 3247 fiet
1039 3190 1277 3263 passiva.
1306 3191 1444 3246 Nam
1480 3191 1528 3247 si
1558 3208 1688 3247 cum
1713 3191 1917 3247 litteris
1942 3193 2202 3263 receptus

566 3286 756 3356 fuerit,
812 3290 868 3342 et
919 3284 1226 3341 concordia
1278 3282 1441 3340 inter'
1479 3285 1773 3357 episcopos
1819 3290 2093 3353 servatur,
2146 3287 2205 3340 et

565 3397 736 3437 nemo
758 3378 978 3435 subtilis
1004 3378 1238 3434 alterius
1268 3378 1499 3450 fugiens
1519 3378 1983 3435 communionem
2016 3379 2087 3434 ad
2117 3379 2200 3434 al-

567 3479 759 3530 terum
787 3476 1031 3529 latenter
1054 3471 1291 3527 accedit.
1320 3471 1576 3527 Universi
1608 3472 1902 3540 dixerunt,
1937 3472 2203 3528 omnibus

569 3567 830 3641 provides
860 3570 918 3621 et
939 3566 1091 3622 clero
1118 3571 1176 3622 et
1201 3565 1358 3621 laicis
1385 3565 1652 3621 consulis.

640 3662 774 3718 VIII.
819 3660 1056 3733 Magnus
1096 3659 1397 3733 episcopus
1448 3658 1814 3731 Astuagensis
1855 3659 2013 3730 dixit,
2068 3658 2205 3731 quid

570 3754 856 3812 dilectioni
908 3757 1109 3810 vestrae
1163 3753 1383 3809 videtur
1441 3742 1837 3825 procuratores
1880 3758 1935 3809 et
1987 3758 2206 3808 actores

572 3850 746 3905 etiam
774 3866 874 3921 per
890 3866 947 3903 se
966 3853 1185 3903 tutores
1204 3846 1555 3920 pupillorum
1575 3846 1621 3900 si
1641 3846 1886 3902 debeant
1906 3845 2205 3901 ordinari?

572 3943 771 3998 Gratus
795 3942 1097 4013 episcopus
1127 3940 1291 4008 dixit,
1321 3940 1368 3994 si
1403 3943 1534 4011 post
1561 3939 1813 4011 deposita
1841 3939 2121 4008 universa,
2151 3943 2208 3993 et

572 4033 794 4091 reddita
842 4032 1159 4100 ratiocinia,
1206 4032 1251 4086 si
1294 4038 1454 4087 actus
1515 4033 1645 4086 vitte
1696 4032 1949 4102 ipsorum
1997 4030 2210 4086 fuerint

574 4126 801 4199 probati
846 4125 906 4178 in
946 4124 1233 4193 omnibus,
1278 4123 1488 4178 debent
1529 4140 1661 4179 cum
1699 4124 1870 4179 laude
1915 4124 2122 4194 clerici,
2164 4124 2209 4179 si

576 4217 844 4293 postulati
860 4216 1305 4272 fuerinthonore
1317 4217 1628 4271 munerari.
1644 4217 1702 4273 Si
1715 4216 1871 4272 enim
1884 4221 2015 4273 ante
2035 4216 2204 4274 liber-

576 4318 755 4370 tatem
776 4309 1140 4383 negotiorum
1159 4310 1247 4365 vel
1275 4310 1592 4365 ofﬁciorum
1621 4310 1690 4365 ab
1711 4311 1904 4383 aliquo
1925 4311 2049 4367 sine
2072 4329 2207 4367 con-

578 4406 923 4464 sideratione
977 4403 1149 4459 fuerit
1204 4403 1517 4473 ordinatus,
1587 4404 1834 4460 Ecclesia
1882 4404 2208 4462 infamatur.

2218 1770 2275 1842 B

2298 492 2622 547 debuerunt
2651 509 2685 546 a
2710 495 2866 546 tanto
2886 489 3120 545 concedi
3144 489 3388 543 consilio.

2367 586 2431 647 Χ,
2474 585 2625 639 Felix
2664 584 2959 656 episcopus
3004 579 3250 636 Baiensis
3294 581 3465 637 dixit:
3498 583 3664 639 Nullus
3701 586 3824 642 debet

2296 678 2528 750 collegae
2550 695 2650 734 suo
2679 679 2864 733 facere
2892 676 2972 748 inj
2982 676 3185 743 uriam,
3210 674 3373 730 multi
3390 675 3531 730 enim
3548 680 3598 730 et
3611 681 3829 734 transcen-

2297 772 2441 827 dunt
2478 789 2599 839 sua,
2653 774 2711 826 et
2745 772 3029 842 usurpant
3071 768 3253 823 aliena
3294 768 3422 839 ipsis
3459 767 3643 824 invitis.
3679 771 3829 825 Gratus

2296 865 2597 937 episcopus
2624 864 2783 934 dixit,
2815 861 3067 918 avaritiae
3110 861 3469 933 cupiditatem
3503 862 3717 916 radicem
3740 880 3830 918 om-

2295 958 2459 1013 nium
2488 958 2772 1013 malorum
2797 972 2916 1012 esse
2959 971 3130 1011 nemo
3170 958 3255 1010 est
3281 954 3375 1025 qui
3409 953 3625 1009 dubitet.
3650 956 3833 1010 Proinde

2297 1051 2678 1107 inhibendum
2708 1054 2813 1118 est,
2845 1066 2917 1105 ne
2952 1049 3080 1121 quis
3115 1049 3330 1103 alienos
3365 1047 3499 1101 fines
3530 1046 3746 1118 usurpet,
3767 1052 3837 1102 aut

2296 1144 2660 1200 transcendat
2684 1144 3012 1214 episcopum
3037 1141 3308 1211 collegam
3338 1155 3514 1209 suum,
3549 1142 3635 1193 aut
3659 1144 3838 1209 usurpet

2294 1237 2527 1293 alterius
2566 1236 2762 1309 plebes
2805 1236 2928 1291 sine
2966 1236 3088 1307 ejus
3130 1234 3330 1306 petitu,
3375 1232 3505 1304 quia
3539 1231 3657 1286 inde
3688 1237 3843 1285 caetera

2297 1321 2448 1385 mala
2478 1330 2677 1386 omnia
2716 1332 3086 1401 generantur.
3115 1325 3366 1383 Universi
3408 1325 3668 1393 dixerunt,
3689 1324 3840 1395 placet,

2297 1424 2501 1495 placet.

2368 1518 2452 1571 XI.
2510 1516 2928 1588 Elpidophorus
2977 1513 3360 1571 Cuicalitanus
3417 1510 3686 1582 episcopus
3729 1507 3845 1575 dixit,

2298 1611 2512 1665 statuat
2568 1609 2835 1665 sanctitas
2870 1610 3057 1665 vestra
3102 1610 3169 1663 ut
3207 1604 3397 1662 clerici
3433 1603 3529 1676 qui
3567 1600 3761 1674 superbi
3788 1600 3851 1654 vel

2299 1706 2661 1758 contumaces
2722 1705 2872 1771 sunt,
2945 1703 3337 1767 coerceantur,
3398 1699 3463 1754 ut
3521 1696 3611 1767 qui
3661 1693 3852 1748 minores

2297 1796 2605 1868 majoribus
2658 1794 3038 1867 irrogaverint
3087 1793 3347 1865 injurias,
3399 1793 3610 1845 metum
3647 1786 3852 1842 habeant.

2297 1890 2496 1945 Gratus
2532 1888 2832 1962 episcopus
2867 1887 3028 1956 dixit,
3080 1885 3452 1942 manifestum
3490 1886 3571 1937 est
3607 1880 3744 1935 illum
3775 1893 3855 1931 non

2299 1999 2420 2038 esse
2444 1983 2565 2051 Dei,
2607 1982 2706 2053 qui
2746 1980 3132 2037 humilitatem
3178 1976 3513 2043 contemnit,
3551 1973 3641 2029 sed
3675 1968 3859 2031 diaboli,

2301 2075 2399 2148 qui
2425 2075 2704 2147 superhize
2736 2075 3004 2129 inventor
3032 2076 3089 2129 et
3112 2073 3386 2144 princeps
3407 2072 3516 2138 est;
3554 2066 3686 2122 unde
3710 2063 3748 2118 si
3772 2061 3863 2133 quis

2297 2169 2552 2224 tumidus
2602 2168 2690 2224 vel
2738 2166 3183 2224 contumeliosus
3232 2160 3512 2221 exstiterit
3556 2160 3614 2215 in
3650 2156 3865 2227 majorem

2300 2266 2455 2331 natu,
2488 2264 2577 2317 vel
2604 2262 2850 2334 aliquam
2882 2277 3111 2315 causam
3147 2257 3437 2323 habuerit,
3467 2272 3500 2309 a
3536 2252 3699 2309 tribus
3721 2246 3868 2303 vicinis

2300 2356 2597 2428 episcopis,
2626 2356 2671 2410 si
2709 2355 2978 2410 diaconus
3027 2358 3112 2409 est
3150 2355 3453 2424 arguatur,
3488 2348 3533 2403 si
3575 2343 3824 2419 presbyter
3849 2356 3872 2390 ει

2300 2465 2416 2517 sex,
2447 2449 2491 2504 si
2531 2448 2831 2521 episcopus
2874 2464 2907 2501 a
2947 2446 3260 2502 duodecim
3302 2437 3767 2499 consacerdotibus
3800 2449 3870 2487 au-

2300 2541 2510 2597 diatur.
2534 2540 2789 2597 Universi
2812 2540 3081 2596 dixerunt
3101 2537 3381 2611 episcopi,
3403 2535 3742 2604 contemptus
3753 2525 3875 2583 debet

2299 2635 2671 2690 contumaciae
2708 2638 2766 2689 et
2791 2634 3073 2707 superbiae
3120 2633 3182 2687 in
3224 2630 3496 2687 omnibus
3525 2624 3714 2695 frangi,
3754 2633 3876 2675 causa

2298 2744 2433 2783 vero
2456 2744 2561 2799 pro
2591 2727 2847 2800 personis
2879 2727 2949 2782 ab
2977 2730 3189 2782 statuto
3221 2738 3472 2781 numero
3501 2718 3758 2776 audiatur.

2369 2822 2482 2877 XII.
2542 2820 2864 2892 Antigonus
2902 2820 3200 2893 episcopus
3243 2816 3565 2875 Matirensis
3601 2810 3745 2876 dixit,
3787 2821 3880 2877 gm-

2298 2930 2427 2970 vem
2452 2913 2723 2986 injuriam
2768 2913 2979 2985 patior,
3028 2916 3085 2969 et
3126 2913 3304 2969 credo
3356 2910 3553 2967 dolere
3596 2902 3884 2963 sanctitatem

2298 3013 2544 3064 vestram
2571 3006 2976 3063 contumeliam
3003 3023 3219 3078 meam,
3256 3010 3317 3061 et
3336 3006 3663 3076 computare
3685 3006 3884 3052 commu-

2298 3117 2435 3156 nem
2464 3101 2758 3172 injuriam.
2792 3099 3093 3171 Optantius
3123 3115 3265 3155 cum
3300 3115 3360 3155 se
3381 3092 3891 3170 reprzesentaret,pa'

2301 3197 2459 3249 ctum
2488 3210 2687 3248 meum
2712 3192 2937 3264 habuit,
2961 3196 3018 3248 et
3034 3192 3288 3248 divisum
3325 3195 3436 3260 est,
3466 3194 3532 3245 ut
3557 3186 3890 3253 illiciatpopu-

2300 3287 2497 3343 lorum
2526 3286 2923 3359 imperitorum
2942 3285 3167 3342 animas
3197 3289 3410 3341 contra
3433 3281 3896 3354 disciplinam,con-

2302 3383 2394 3437 tra
2427 3378 2552 3453 '77
2611 3380 2995 3452 evangelicam
3053 3379 3470 3447 traditionem,
3522 3378 3711 3432 contra
3747 3378 3897 3441 pacem

2306 3464 2593 3547 placitam.
2629 3474 2767 3529 Nam
2796 3474 2839 3528 si
2862 3473 2966 3529 sibi
2994 3489 3157 3545 posse
3183 3472 3539 3544 contingere
3560 3463 3903 3525 arbitrarentur

2304 3584 2603 3641 nunquam
2656 3568 2913 3639 profecto
2961 3567 3021 3621 in
3065 3565 3314 3622 fratrem
3363 3562 3575 3637 aliquis
3615 3554 3901 3628 deliquisset,

2309 3660 2459 3716 unde
2489 3665 2587 3717 aut
2613 3660 2814 3715 initam
2842 3659 2997 3732 pacti
3035 3659 3123 3714 sui
3162 3658 3439 3715 obtineat
3472 3654 3805 3718 ﬁrmitatem,
3840 3648 3908 3698 aut

2305 3759 2622 3810 conventus
2638 3754 2683 3809 si
2706 3770 2763 3809 se
2784 3770 2898 3809 non
2918 3752 3270 3822 cohibuerit,
3297 3748 3740 3808 ecclesiasticam
3755 3736 3907 3797 sentiat

2308 3846 2687 3918 disciplinam.
2720 3845 2973 3902 Universi
3017 3845 3321 3917 dixerunt,
3351 3862 3468 3918 pax
3499 3844 3762 3905 servetur,
3786 3834 3911 3908 pacm

2307 3939 2716 3995 custodiantur.

2380 4033 2512 4087 XIII.
2543 4032 2938 4089 Abundantius
2958 4032 3265 4105 episcopus
3300 4030 3698 4089 Adumetinus
3722 4023 3856 4086 dixit,
3875 4018 3915 4072 in

2308 4128 2504 4182 nostro
2529 4126 2766 4182 concilio
2786 4129 3057 4182 statutum
3095 4129 3201 4195 est,
3262 4132 3335 4183 ut
3389 4143 3512 4182 non
3555 4124 3717 4180 liceat
3751 4108 3917 4172 clericis

2309 4219 2599 4287 fenerare;
2631 4220 2781 4293 quod
2802 4218 3085 4275 sanctitati
3112 4224 3231 4275 tum
3266 4225 3333 4277 et
3360 4219 3511 4276 huic
3531 4213 3761 4274 concilio
3785 4205 3923 4263 videa-

2310 4316 2403 4368 tur
2441 4312 2708 4384 praesenti
2749 4311 2958 4385 placito
3006 4311 3384 4383 designetur.
3436 4313 3645 4368 Gratus
3680 4305 3922 4378 episcopus

2311 4405 2474 4475 dixit,
2502 4404 2740 4461 novellae
2778 4404 3178 4477 suggestiones
3218 4422 3366 4478 quae
3407 4406 3501 4463 vel
3548 4403 3792 4460 obscurae
3813 4391 3925 4451 sunt,

580 4500 835 4559 Universi
864 4498 1153 4566 dixerunt,
1174 4501 1327 4552 recte
1361 4498 1554 4552 omnia
1584 4498 1779 4553 statuit
1806 4497 2067 4555 sanctitas
2092 4504 2209 4567 tua,
2229 4505 2291 4579 D
2312 4499 2400 4553 vel
2431 4499 2534 4553 sub
2564 4514 2770 4570 genere
2796 4498 2974 4553 latent
3017 4498 3302 4570 inspectae
3334 4516 3369 4555 a
3411 4499 3587 4554 nobis
3618 4498 3838 4551 formam
3861 4499 3928 4537 at“

582 4595 821 4666 ideoque
846 4592 922 4648 ita
947 4594 1033 4648 est
1058 4595 1116 4646 et
1142 4594 1337 4645 nostra
1364 4596 1449 4647 est
1473 4608 1700 4664 quoque
1732 4591 2032 4648 sententia.

656 4690 736 4743 IX.
765 4688 939 4742 Metus
962 4684 1313 4763 Ganonensis
1342 4685 1634 4757 episcopus
1661 4684 1825 4754 dixit,
1854 4687 2007 4741 recte
2035 4688 2214 4741 statu-

585 4785 710 4837 tum
743 4785 846 4850 est,
890 4783 957 4834 ut
997 4777 1224 4833 obnoxii
1262 4778 1461 4833 alienis
1501 4779 1746 4852 negotiis
1786 4796 1900 4834 non
1944 4778 2214 4834 ordinen-

586 4880 698 4930 tur.
725 4874 937 4928 Tamen
963 4871 1181 4927 dimissi
1229 4874 1287 4926 et
1328 4871 1535 4943 gratias
1573 4872 1786 4928 referre
1825 4872 2052 4941 debent,
2099 4877 2155 4928 et
2184 4889 2218 4927 a

587 4966 922 5023 clericorum
975 4964 1187 5036 injuria
1224 4969 1562 5036 temperare,
1613 4968 1671 5019 et
1708 4964 1845 5036 ipsis
1894 4983 2008 5020 non
2055 4964 2220 5021 liceat

587 5059 818 5116 clericos
852 5060 1075 5113 nostros
1100 5057 1309 5128 eligere
1353 5056 1745 5128 apothecarios
1786 5058 1871 5113 vel
1916 5057 2217 5113 ratiocina-

588 5158 760 5209 tores.
784 5153 988 5206 Gratus
1010 5150 1308 5222 cpiscOpus
1329 5148 1503 5206 dixit:
1534 5150 1680 5205 Nulli
1710 5150 1948 5206 dubium
1965 5155 2050 5207 est
2066 5152 2219 5225 quod

590 5258 810 5314 omnes,
854 5240 942 5294 vel
985 5237 1223 5308 domini,
1264 5238 1349 5293 vel
1393 5242 1803 5310 procuratores,
1848 5241 1936 5295 vel
1979 5241 2216 5313 quicun-

589 5354 699 5411 que
740 5335 1013 5409 prmsunt,
1061 5347 1187 5387 cum
1223 5328 1509 5387 audierint
1552 5333 1924 5389 saluberrima
1962 5334 2222 5390 instituta

589 5429 836 5497 concilii,
874 5432 932 5484 et
973 5425 1079 5482 sibi
1128 5428 1278 5481 esset
1322 5425 1666 5494 consultum,
1712 5444 1819 5482 nec
1857 5427 2217 5499 impeditum,

590 5524 876 5599 propriam
906 5519 1197 5578 debebunt
1236 5524 1556 5592 temperare
1597 5520 1871 5592 injuriam
1916 5521 1972 5575 in
2005 5522 2221 5577 clericis

588 5619 819 5685 nostris,
859 5615 1011 5689 quod
1050 5614 1097 5668 si
1137 5612 1346 5685 injuria
1382 5612 1797 5669 constitutionis
1839 5611 2223 5687 imperatoriae

593 5711 823 5773 clericos
845 5707 1247 5782 inquietandos
1290 5706 1636 5780 putaverint,
1675 5708 1722 5763 si
1759 5706 2013 5764 defensio
2049 5711 2224 5765 eccle-

551 5803 555 5807 '
594 5801 817 5857 siastica
856 5819 961 5858 nos
999 5817 1115 5859 non
1157 5800 1397 5873 deridet,
1438 5801 1628 5874 pudor
1668 5801 1930 5876 publicus
1967 5801 2221 5858 vindica-

2315 4591 2542 4663 cipient.
2574 4592 2861 4647 Caeterum
2888 4591 2957 4646 de
2984 4591 3187 4664 quibus
3216 4593 3611 4665 apertissime
3633 4588 3811 4646 divina
3832 4575 3935 4635 Scri-

2316 4687 2485 4756 ptura
2510 4683 2701 4739 sanxit
2725 4701 2842 4739 non
2873 4683 3189 4740 differenda
3212 4687 3535 4742 sententia
3558 4688 3664 4750 est,
3691 4680 3782 4737 sed
3796 4672 3939 4748 potius

2316 4777 2697 4849 exsequenda,
2734 4777 2975 4850 proinde
3002 4777 3156 4850 quod
3194 4778 3260 4834 in
3310 4780 3489 4836 laicis
3528 4767 3940 4852 reprehenditurt

2316 4869 2375 4927 id
2410 4872 2592 4927 multo
2623 4870 2808 4944 magis
2845 4869 3063 4927 clericis
3104 4877 3350 4943 oportet
3391 4867 3817 4946 praedamnari;
3845 4857 3940 4915 ιιιιί·

2318 4962 2459 5019 versi
2489 4962 2771 5034 dixerunt,
2793 4981 2962 5020 nemo
2985 4969 3183 5020 contra
3196 4967 3571 5039 prophetas,
3604 4979 3775 5023 nemo
3792 4959 3940 5014 εοῐιὶη

2318 5056 2623 5129 Evangelia
2648 5057 2786 5112 facit
2812 5058 2934 5113 sine
2960 5057 3233 5130 periculo.

2389 5151 2518 5205 XIV.
2551 5151 2752 5206 Gratus
2776 5150 3072 5225 episcopus
3099 5151 3268 5222 dixit,
3301 5153 3497 5224 juxta
3534 5154 3750 5211 statuta
3776 5140 3940 5204 conci“

2320 5249 2376 5301 et
2391 5260 2539 5299 meae
2554 5244 2958 5301 mediocritatis
2974 5244 3335 5300 sententiam
3346 5288 3362 5313 ,
3384 5249 3589 5319 placet
3607 5248 3791 5302 facere
3804 5249 3940 5294 reum

2322 5338 2584 5394 omnium
2631 5338 3071 5406 conclusionem,
3104 5338 3375 5394 universi
3434 5340 3604 5397 tituli
3642 5330 3940 5409 designallt

2320 5430 2525 5502 digesti
2551 5435 2783 5486 teneant
2812 5429 3124 5487 sententias
3149 5447 3313 5486 suas.
3353 5432 3522 5489 Sane
3551 5433 3729 5488 credo
3750 5445 3839 5483 vos
3862 5418 3940 5477 reti

2321 5541 2457 5580 nere
2484 5525 2677 5580 multis
2701 5524 2957 5580 conciliis
2983 5541 3016 5579 a
3054 5522 3324 5596 patribus
3366 5528 3630 5596 nostris,
3669 5529 3728 5582 et
3754 5516 3940 5580 traditit

2322 5633 2452 5672 nem
2484 5616 2849 5673 temerariam
2876 5633 2994 5673 esse
3027 5617 3412 5687 damnatam,
3442 5624 3508 5675 et
3542 5613 3939 5691 rebaptization

2321 5710 2676 5783 impietatem
2706 5727 2828 5766 esse
2855 5710 3225 5782 puniendam,
3262 5727 3438 5783 quas
3466 5729 3572 5770 res
3606 5712 3789 5771 etiam
3822 5708 3939 5764 nosl‘

2322 5803 2560 5861 concilio
2591 5806 2760 5861 credo
2774 5804 2896 5875 jam
2916 5804 3227 5860 terminum
3253 5806 3611 5880 accepisse,
3638 5806 3865 5877 reliqua
3884 5816 3939 5852 ve
