3964 6178
161 307 237 359 325
358 289 365 302 ‘
1281 293 1751 351 DECRETALIUM
1789 273 2172 348 contuens.

3331 296 3431 346 320

156 427 252 482 quze
273 407 342 460 vel
364 407 491 459 facta
516 405 599 458 vel
622 403 770 459 dicta
803 403 1063 474 superius
1093 403 1511 474 comprehensa
1550 404 1700 467 sunt,
1728 412 1785 485 Α
1806 401 2006 454 Gratus
2036 398 2333 469 episcopus
2355 397 2516 462 dixit,
2550 400 2811 468 superest
2833 397 2954 468 jam
2984 401 3044 452 ut
3073 398 3275 469 placita
3303 419 3432 454 om-

155 503 216 556 vel
241 500 340 553 aliis
363 496 594 551 conciliis
626 496 966 567 conscripta,
1005 513 1132 566 quae
1177 495 1493 550 secundum
1521 495 1706 564 legem

153 591 462 657 inveniuntur,
492 589 773 644 custodire
799 606 904 643 nos
933 592 1175 659 oportet.
1196 589 1250 644 Si
1282 588 1408 659 quis
1435 604 1570 641 vero
1592 592 1704 641 sta-

151 690 240 740 tuta
261 698 619 754 supergressus
645 681 966 752 corruperit
987 683 1069 736 vel
1099 698 1203 752 pro
1233 681 1413 736 nihilo
1444 679 1708 734 habenda

150 776 389 850 putaverit,
419 774 461 829 si
485 775 661 830 laicus
692 778 796 845 est,
821 775 1244 844 communione,
1277 774 1326 828 si
1345 773 1582 828 clericus
1602 778 1705 839 est,

148 873 314 925 honore
352 867 612 939 privetur.
653 867 906 924 Universi
951 868 1214 924 dixerunt
1255 869 1457 938 placet,
1504 867 1704 937 placet.

1806 493 1968 547 nium
2006 494 2332 546 nostrorum
2359 507 2486 561 quae
2522 489 2594 544 ad
2637 507 2973 545 consensum
3019 496 3269 546 vestrum
3304 500 3436 549 sunt

1807 585 2035 656 scripta,
2082 589 2260 639 vestra
2299 599 2522 654 quoque
2566 583 2972 654 subscriptione
3013 585 3269 639 ﬁrmetis.
3309 587 3436 640 Uni-

1808 678 1953 734 versi
2005 677 2293 744 dixerunt,
2338 682 2395 731 et
2440 675 2782 731 consensisse
2831 694 2937 731 nos
2996 678 3219 732 concilii
3266 679 3437 749 hujus

1808 772 2017 843 scripta
2047 773 2346 837 testantur,
2382 774 2437 824 et
2463 769 2866 841 subscriptione
2905 774 3094 826 nostra
3129 788 3436 828 consensus

1812 864 2192 921 declarabitur
2219 867 2439 933 noster;
2474 867 2531 918 et
2561 863 3032 934 subscripserunt.

581 1192 979 1258 INCIPIUNT
1024 1193 1413 1260 CAPITULA
1457 1191 1790 1258 CONCILII
1834 1191 2521 1258 CARTHAGINENSIS
2568 1190 2921 1257 SECUNDI.

195 1365 232 1414 l.
261 1361 319 1415 Ut
338 1360 568 1416 Trinitas
598 1366 653 1417 et
677 1362 962 1434 credatur,
992 1367 1051 1418 et
1078 1363 1440 1435 praedicetur.

193 1457 230 1507 2.
253 1455 310 1509 Ut
337 1456 552 1510 castitas
577 1471 610 1508 a
635 1455 816 1510 levitis
841 1461 897 1510 et
921 1473 954 1510 a
980 1457 1194 1512 sacerd.
1226 1456 1593 1512 custodiatur.

192 1549 230 1600 3.
252 1548 310 1601 Ut
331 1547 569 1602 chrisma
593 1551 649 1603 et
674 1549 990 1604 benedictio
1018 1551 1358 1621 puellarum,
1383 1555 1439 1604 et
1458 1548 1704 1605 reconci-

142 1638 256 1693 liatio
275 1641 656 1710 poenitentium
684 1659 717 1696 a
743 1642 1096 1713 presbyteris
1126 1659 1243 1698 non
1266 1643 1427 1697 fiant.

188 1733 229 1787 4.
254 1733 313 1787 Ut
353 1735 646 1806 presbyter
684 1735 1052 1806 poenitentem
1090 1736 1280 1807 jussus
1329 1737 1400 1790 ab
1441 1735 1702 1808 episcopo

138 1840 210 1877 suo
228 1827 541 1883 reconciliet.

1874 1363 1926 1416 8.
1985 1363 2054 1417 Ut
2103 1361 2150 1417 si
2201 1361 2493 1433 presbyter
2547 1361 3072 1417 excommunicatus
3131 1360 3438 1417 sacriﬁcare

1803 1455 2248 1526 praesumpserit,
2279 1455 2808 1510 anathematizetur.

1875 1551 1925 1601 9.
1958 1549 2028 1603 Ut
2054 1548 2097 1601 si
2125 1549 2421 1619 presbyter
2447 1549 2767 1604 inconsulto
2796 1548 3060 1620 episcopo
3094 1548 3317 1620 agenda
3345 1564 3435 1603 ce-

1804 1639 2129 1709 lebraverit,
2161 1642 2377 1697 honore
2405 1641 2681 1712 privetur.
2891 1640 2898 1646 ’

1887 1742 1972 1792 10.
2016 1735 2226 1799 Quanti
2272 1735 2523 1790 debeant
2560 1734 2821 1805 judicare
2870 1735 3222 1791 sacerdotem
3271 1739 3438 1808 atque

1803 1833 2055 1888 levitem.

191 1925 231 1973 5.
255 1921 313 1974 Ut
335 1920 583 1976 dioecesis
616 1937 744 1992 quae
773 1921 1101 1994 episcopum
1147 1939 1444 1994 nunquam
1486 1923 1702 1991 habuit,
1724 1920 1782 1991 B
1881 1930 1965 1982 ll.
1998 1925 2069 1980 Ut
2093 1923 2281 1978 nullus
2311 1921 2642 1993 parochiam
2673 1921 2920 1976 alienam
2945 1928 3274 1993 praesumat.

138 2030 221 2069 non
243 2013 439 2068 habeat.

186 2110 226 2161 6.
249 2109 305 2162 Ut
343 2108 430 2178 qui
459 2106 797 2162 criminibus
831 2108 1284 2185 implicatisunt,
1325 2111 1553 2166 clericos
1590 2126 1701 2165 non

135 2205 358 2255 accusent.

184 2298 222 2345 7.
254 2294 314 2347 Ut
355 2294 446 2365 qui
507 2295 1064 2350 excommunicatum
1117 2295 1346 2352 alterius
1397 2296 1708 2369 susceperit

134 2387 618 2442 excommunicetur.

1876 2022 1962 2074 l2.
1992 2019 2062 2072 Ut
2090 2016 2209 2072 sine
2244 2015 2502 2070 consultu
2535 2015 2959 2085 metropolitani
2987 2015 3180 2070 nullus
3207 2014 3433 2070 ordine-

1804 2116 1896 2168 tur
1926 2111 2154 2183 epiSCOp
2163 2128 2242 2163 us.

1881 2209 1960 2260 l3.
1994 2206 2066 2259 Ut
2092 2203 2188 2275 qui
2216 2207 2412 2258 contra
2442 2203 2854 2274 professionem
2889 2207 2944 2258 et
2967 2202 3437 2274 subscriptionem

1806 2316 1966 2355 suam
1996 2297 2217 2352 venerit
2241 2297 2300 2351 in
2331 2296 2590 2362 concilio,
2616 2297 2951 2368 deponatur.

343 2645 756 2738 INCIPIT
835 2647 1444 2741 CONCILIUM
1533 2649 2132 2743 SECUNDUM
2218 2647 3165 2741 CABTHAGINENSE

1314 2832 1623 2896 [lubitum
1652 2851 1790 2896 mra
1819 2851 2186 2897 ccccxxvm.

176 3007 556 3068 Gloriosissimo
604 3012 942 3086 imperatore
998 3015 1390 3072 Valentiniano
1451 3021 1705 3090 Augusto

125 3105 285 3167 quarto
323 3110 376 3159 et
415 3107 754 3178 Theodosio,
806 3110 938 3165 viris
985 3111 1316 3166 clarissimis
1359 3111 1702 3180 consulibus,

124 3207 187 3243 xiv
213 3195 426 3254 Kalend.
466 3201 624 3256 Junii
673 3203 1022 3276 Carthagine
1059 3205 1119 3260 in
1165 3205 1393 3260 basilica
1433 3211 1708 3278 perpetua

691 3256 728 3257 η
792 3256 1015 3276 πίση-
1059 3256 1119 3260 η-
1481 3256 1527 3262 __
1583 3256 1707 3262 --π

124 3283 331 3340 restituta
351 3303 475 3344 cum
506 3289 800 3346 Genedius
827 3292 1127 3365 episcopus
1168 3311 1283 3350 una
1319 3256 1466 3350 cumr
1488 3256 1707 3351 Virctore
1728 3256 1782 3330 Ο

121 3372 316 3434 Adriano
364 3385 419 3437 et
474 3384 592 3439 alio
642 3383 862 3441 Victore
915 3387 1332 3458 Pupinianense
1377 3392 1433 3444 et
1487 3389 1708 3444 caeteris

122 3470 416 3546 coepiscopis
465 3478 589 3533 suis
635 3479 1059 3550 provinciarum
1116 3481 1469 3538 diversarum
1514 3499 1707 3539 conse-

121 3557 272 3633 disset,
298 3567 580 3626 Genedius
605 3573 903 3646 episcopus
930 3574 1072 3629 dixit
1103 3592 1116 3629 :

179 3660 286 3716 CAP.
317 3663 352 3716 Ι.
385 3663 788 3738 Omnipotenti
815 3668 929 3722 Deo
956 3668 1165 3739 gratias
1201 3668 1410 3739 refero,
1439 3669 1537 3740 qui
1573 3684 1702 3740 per-

119 3754 236 3811 misit
257 3763 312 3813 ut
334 3760 650 3815 secundum
678 3777 982 3816 commune
1021 3761 1318 3816 consilium
1354 3761 1617 3817 habitum
1647 3761 1704 3816 in

119 3852 336 3916 praetorio
355 3855 531 3909 etiam
554 3852 799 3925 itajuxta
809 3859 1066 3910 tenorem
1084 3855 1370 3927 petitionis
1382 3855 1704 3911 litterarum

118 3956 327 4000 mearum
346 3947 416 4002 ad
468 3947 880 4018 Carthaginem
933 3963 1034 4019 pro
1078 3949 1190 4004 ﬁde
1246 3952 1418 4022 atque
1465 3948 1704 4004 utilitate

119 4035 442 4096 ecclesiastica
467 4039 763 4108 veniretis,
794 4041 927 4098 licet
952 4059 1069 4098 non
1096 4059 1314 4113 omnes,
1336 4048 1534 4098 tamen
1563 4058 1701 4115 quo-

117 4127 236 4185 niam
261 4133 501 4190 charitas
535 4138 721 4190 totum
747 4135 1075 4207 persuadet,
1101 4139 1168 4192 ut
1193 4137 1291 4208 qui
1317 4152 1553 4208 corpore
1573 4139 1706 4191 sunt

116 4219 343 4294 absentes,
371 4228 669 4284 nobiscum
715 4229 772 4283 in
824 4229 1026 4300 spiritu
1070 4230 1370 4285 videantur
1406 4246 1525 4285 esse
1565 4245 1701 4284 con-

111 4313 271 4386 juncti,
309 4320 522 4378 idcirco
568 4323 681 4377 Deo
721 4323 995 4394 propitio,
1042 4323 1175 4395 quia
1221 4327 1526 4396 praesentes
1570 4323 1705 4378 estis

115 4411 209 4476 pari
231 4415 578 4483 professione
604 4416 743 4471 ﬁdes
771 4415 1144 4472 ecclesiastica
1169 4433 1298 4489 quae
1330 4434 1433 4489 per
1457 4433 1562 4472 nos
1582 4421 1700 4471 tra-

111 4499 229 4558 ditur
246 4507 299 4562 in
327 4509 432 4565 hoc
461 4514 617 4566 cmtu
657 4510 903 4581 glorioso
939 4510 1204 4582 primitus
1245 4511 1568 4566 conﬁtenda
1596 4515 1698 4578 est,

1808 3018 2085 3074 castitatis
2103 3033 2206 3090 per
2231 3016 2688 3073 consecrationes
2703 3014 2912 3071 annexi
2940 3018 3089 3070 sunt.
3113 3014 3440 3086 Episcopos,

1807 3112 2066 3184 inquam,
2096 3111 2457 3184 presbyteros
2482 3112 2540 3166 et
2560 3110 2825 3166 diaconos
2849 3109 2928 3164 ita
2957 3108 3187 3180 placuit,
3207 3111 3275 3164 ut
3301 3125 3438 3164 con-

1809 3205 1974 3261 decet
2017 3208 2395 3260 sacrosanctos
2455 3202 2734 3258 antistites
2803 3207 2859 3257 et
2909 3201 3009 3257 Dei
3071 3201 3390 3258 sacerdotes
3423 3243 3438 3269 ,

1806 3315 2035 3354 necnon
2068 3302 2125 3354 et
2143 3297 2363 3366 levitas,
2392 3297 2480 3351 vel
2507 3295 2606 3368 qui
2631 3295 3003 3350 sacramentis
3032 3294 3237 3350 divinis
3261 3295 3442 3351 inser-

1807 3392 1986 3460 viunt,
2013 3391 2366 3446 continentes
2396 3406 2518 3445 esse
2543 3389 2604 3444 in
2634 3388 2902 3444 omnibus
2925 3404 3040 3459 quo
3065 3389 3280 3459 possint
3309 3389 3440 3443 sim-

1806 3486 2031 3558 pliciter
2058 3483 2210 3556 quod
2252 3501 2285 3538 a
2330 3485 2442 3539 Deo
2477 3483 2768 3555 postulant
2804 3482 3128 3552 impetrare,
3177 3487 3239 3536 ut
3283 3483 3440 3553 quod

1807 3578 2044 3650 apostoli
2067 3579 2388 3633 docuerunt
2417 3581 2474 3632 et
2516 3576 2640 3647 ipsa
2665 3574 2908 3630 servavit
2942 3574 3266 3647 antiquitas,
3313 3593 3441 3632 nos-

1806 3689 1918 3744 que
1949 3671 2353 3741 custodiamus,
2385 3670 2455 3724 ab
2484 3668 2761 3724 universis
2797 3668 3078 3739 episcopis
3106 3668 3318 3724 dictum
3331 3675 3436 3725 est.

1808 3764 2086 3821 Omnibus
2108 3765 2314 3836 placet,
2334 3766 2402 3818 ut
2427 3761 2696 3835 episcopi,
2724 3760 3060 3832 presbyteri,
3099 3767 3157 3817 et
3188 3763 3435 3831 diaconi,

1806 3860 1889 3914 vel
1917 3858 2016 3930 qui
2057 3861 2412 3913 sacramenta
2455 3856 2813 3910 contrectant
2853 3852 3139 3925 pudicitiae
3177 3857 3438 3910 custodes

1807 3952 1982 4008 etiam
2007 3952 2078 4006 ab
2097 3950 2370 4006 uxoribus
2386 3965 2444 4004 se
2463 3947 2803 4015 abstineant,
2837 3946 2906 4002 ab
2931 3946 3196 4002 omnibus
3221 3948 3435 4004 dictum

1806 4051 1910 4115 est,
1943 4047 2147 4118 placet,
2177 4049 2233 4100 et
2269 4047 2335 4099 ut
2367 4043 2426 4098 in
2454 4041 2739 4112 omnibus,
2773 4046 2831 4096 et
2860 4040 2930 4095 ab
2969 4041 3234 4098 omnibus
3269 4043 3435 4115 pudi-

1804 4140 1937 4195 citia
1961 4122 2334 4208 custodiatur,
2367 4135 2464 4209 qui
2491 4135 2694 4191 altario
2720 4134 3064 4190 deserviunt.

1873 4235 1962 4290 III.
1991 4233 2330 4288 Fortunatus
2365 4230 2660 4302 episcopus
2698 4227 2861 4296 dixit,
2902 4227 2946 4282 si
2977 4228 3145 4300 jubet
3176 4231 3436 4288 sanctitas

1803 4331 1986 4384 vestra
1997 4342 2262 4398 suggero,
2282 4341 2417 4381 nam
2437 4323 2677 4379 memini
2697 4323 2988 4395 praeterito
3007 4323 3248 4380 concilio
3263 4325 3435 4381 fuisse

1803 4424 2095 4488 statutum,
2113 4423 2178 4474 ut
2203 4420 2471 4488 chrisma,
2502 4418 2591 4472 vel
2613 4416 2995 4472 reconciliatio
3010 4417 3430 4488 pamitentium,

1802 4531 2024 4570 necnon
2081 4513 2399 4585 puellarum
2443 4510 2794 4566 consecratio
2844 4527 2878 4563 a
2925 4511 3267 4582 presbyteris
3314 4529 3432 4568 non

111 4596 227 4652 unde
255 4617 397 4658 nunc
435 4603 584 4658 ordo
633 4603 1043 4659 ecclesiasticus
1083 4603 1442 4676 singulorum
1475 4621 1541 4660 ex
1573 4620 1700 4659 con-
1717 4623 1779 4699 D
1800 4609 1972 4678 ﬁant;
2003 4607 2049 4662 si
2078 4606 2406 4678 quisautem
2434 4603 2732 4659 emerserit
2746 4604 2856 4658 hoc
2875 4603 3104 4670 faciens,
3128 4604 3264 4676 quid
3279 4605 3349 4661 de
3361 4622 3430 4662 eo

109 4702 241 4746 sensu
263 4697 512 4752 omnium
538 4701 622 4752 est
641 4697 1016 4754 exstruendus
1042 4703 1213 4770 atque
1237 4699 1614 4768 roborandus,
1639 4700 1702 4752 ut

111 4779 306 4842 irarum
317 4794 372 4844 et
381 4790 855 4863 coepiscoporum
868 4808 1051 4864 nuper
1059 4796 1453 4864 promotorum
1480 4795 1702 4847 mentes

109 4872 159 4929 de
175 4876 250 4934 his
272 4898 394 4954 qua
427 4885 807 4957 proponenda
836 4887 988 4956 sunt,
1021 4885 1382 4942 roborentur.
1416 4887 1482 4941 Et
1507 4885 1650 4940 sicut
1669 4900 1702 4939 a

110 4972 318 5036 Patﬁbus
333 4983 490 5033 certa
535 4978 904 5050 dispositione
929 4979 1250 5051 accepimus
1276 4982 1342 5034 ut
1365 4978 1698 5033 Trinitatem

110 5077 244 5130 (Illam
295 5071 351 5125 in
396 5072 617 5128 nostris
663 5071 878 5128 sinibus
945 5077 1329 5129 consecratam
1380 5073 1700 5128 retinemus

110 5153 250 5214 Patris
273 5168 327 5218 et
351 5165 474 5220 Filii
509 5169 572 5221 et
599 5164 837 5237 Spiritus
872 5166 1052 5222 sancti
1078 5167 1375 5234 unitatem,
1407 5183 1536 5239 quae
1569 5166 1697 5222 nul-

107 5245 454 5314 lalllnoscitur
483 5259 696 5315 habere
735 5259 1022 5329 notitiam,
1062 5248 1206 5316 sicut
1243 5259 1565 5331 didicimus,
1599 5263 1701 5318 Dei

108 5347 301 5416 populos
335 5351 710 5422 instruamus,
747 5353 816 5408 ab
853 5352 1134 5411 universis
1169 5353 1448 5427 episcopis
1485 5355 1699 5412 dictum

106 5440 185 5504 est,
205 5442 359 5513 plane
386 5447 469 5502 sic
489 5447 828 5520 accepimus,
860 5448 938 5503 sic
957 5450 1226 5506 tenemus
1243 5449 1418 5505 fidem
1437 5450 1701 5521 apostoli-

108 5542 202 5587 cam
219 5545 539 5610 sequentes.

155 5625 210 5682 ll.
257 5633 527 5690 Aurelius
573 5635 847 5709 episcopis
898 5635 1042 5692 dixit
1062 5677 1076 5706 ,
1129 5653 1257 5694 cum
1307 5636 1367 5692 in
1413 5637 1701 5709 praeterito

107 5722 306 5781 concilio
332 5727 402 5783 de
450 5729 822 5787 continentia:
873 5735 930 5787 et
985 5731 1258 5788 castitatis
1311 5731 1702 5788 moderamine

106 5813 424 5893 tractaretur,
462 5824 671 5902 gradus
715 5824 805 5879 isti
845 5828 960 5880 tres
1003 5824 1416 5898 conscriptione
1455 5826 1702 5898 quadam

1800 4701 2169 4758 statuendum
2212 4699 2320 4754 sit?
2365 4683 2629 4752 Aurelius
2675 4696 2970 4768 episcopus
3019 4697 3181 4769 dixit,
3221 4699 3431 4755 audivit

1800 4794 2056 4866 dignatio
2099 4797 2280 4848 vestra
2319 4790 2749 4863 suggestionem
2789 4789 2977 4844 fratris
3017 4795 3074 4846 et
3115 4791 3431 4865 coepiscopi

1801 4887 1982 4944 nostri
2010 4884 2320 4952 Fortunati,
2352 4883 2487 4956 quid
2523 4883 2593 4938 ad
2628 4883 2750 4938 haec
2793 4882 3014 4938 dicitis?
3047 4883 3118 4939 ab
3154 4885 3431 4942 universis

1799 4981 2074 5055 episcopis
2094 4980 2309 5035 dictum
2336 4981 2457 5034 est:
2487 4975 2814 5032 Chrismatis
2849 4977 3149 5046 confectio,
3193 4983 3250 5034 et
3274 4981 3432 5051 puel-

1798 5076 1984 5131 larum
2008 5071 2356 5129 consecratio
2383 5089 2411 5128 a
2453 5069 2796 5143 presbyteris
2820 5086 2939 5126 non
2967 5071 3084 5140 ﬁat,
3111 5073 3198 5128 vel
3223 5090 3426 5130 recon-

1798 5168 1993 5225 ciliare
2019 5182 2306 5239 quemque
2342 5165 2403 5221 in
2447 5163 2672 5236 publica
2717 5163 2892 5219 missa
2938 5164 3264 5237 presbytero
3310 5183 3424 5223 non

1798 5263 1986 5334 licere,
2015 5263 2122 5317 hoc
2150 5259 2413 5316 omnibus
2428 5259 2629 5331 placet.

1871 5358 1958 5413 ιν.
1989 5355 2248 5412 Aurelius
2274 5353 2574 5426 episcopus
2604 5351 2767 5421 dixit,
2788 5352 2836 5407 si
2863 5352 3163 5424 quisquam
3193 5353 3253 5408 in
3281 5353 3426 5426 peric

1799 5449 1926 5506 culo
1978 5448 2152 5505 fuerit
2199 5447 2558 5514 constitutus,
2613 5448 2669 5502 et
2717 5461 2776 5501 se
2823 5445 3174 5500 reconciliari
3223 5446 3426 5501 divinis

1801 5542 2076 5600 altaribus
2101 5539 2350 5613 petierit,
2391 5540 2438 5595 si
2468 5539 2763 5611 episcOpus
2800 5537 3000 5593 absens
3028 5537 3219 5606 fuerit,
3258 5538 3428 5594 debet
3511 5533 3518 5540 ’

1799 5637 1995 5709 utique
2024 5635 2318 5708 presbyter
2357 5632 2652 5689 consulere
2686 5631 3034 5702 episcopum,
3075 5634 3132 5684 et
3160 5629 3238 5685 sic
3274 5633 3426 5704 peri-

1801 5730 2092 5786 clitantem
2113 5728 2235 5800 ejus
2258 5729 2547 5800 praecepto
2570 5722 2959 5793 reconciliare;
2990 5738 3164 5794 quam
3188 5740 3312 5782 rem
3337 5727 3433 5785 de-

1801 5823 2005 5878 bemus
2049 5821 2262 5878 salubri
2306 5820 2544 5875 consilio
2584 5817 2970 5885 corroborare,
3032 5817 3104 5873 ab
3157 5820 3435 5880 universis
