3964 6178
543 276 643 326 3‘27

1435 267 1718 321 APPEND.
1759 266 1846 320 AD
1884 268 2044 322 SA‘IC.
2087 267 2173 320 1X.
2207 294 2275 304 —
2311 264 2556 320 lSlDORl
2593 264 3016 321 MERCATORIS
3708 283 3780 336 323

541 377 812 449 episcopis
856 376 1068 429 dictum
1108 379 1210 439 est,
1254 374 1437 443 placet
1477 373 1628 442 quod
1675 373 1944 426 sanctitas
1984 376 2170 426 vestra
2190 376 2561 458 Acorreptus
2583 373 2772 439 fuerit,
2795 373 2959 427 decet
2986 373 3177 444 utique
3197 376 3339 445 apud
3358 377 3543 432 vicinos
3564 380 3787 454 episcopos

539 469 859 525 necessario
887 486 993 522 nos
1019 467 1297 521 instruere
1321 466 1555 536 dignata
1586 471 1688 519 est.

609 565 669 616 V.
702 563 851 616 Felix
890 562 1185 631 episc0pus
1218 559 1680 615 Selemselitanus
1709 558 1864 627 dixit,
1913 559 2082 613 etiam
2119 559 2166 613 si

538 658 645 711 hoc
691 657 874 726 placet
921 652 1204 708 sanctitati
1247 658 1446 706 vestra
1491 651 1718 705 insinuo
1743 693 1756 719 ,
1795 656 1857 704 ut
1899 651 2166 705 diaceses

537 766 663 820 qua
692 763 986 818 nunquam
1015 745 1304 817 episcopos
1337 747 1700 816 acceperunt,
1738 760 1854 798 non
1892 743 2162 812 habeant,

536 846 595 896 et
617 842 714 895 illa
751 839 1002 895 dioecesis
1033 855 1163 910 qua
1200 836 1500 909 aliquando
1539 836 1759 905 habuit,
1797 836 2002 891 habeat
2029 853 2162 906 pro-

531 936 746 1007 prium,
783 939 840 988 et
865 933 909 986 si
937 932 1242 986 accedente
1270 934 1554 1001 tempore,
1585 934 1870 984 crescente
1901 929 2012 984 ﬁde
2038 929 2158 995 Dei,

532 1030 773 1100 populus
793 1025 1202 1097 multiplicatus
1219 1023 1620 1078 desideraverit
1635 1023 1934 1094 proprium
1953 1022 2163 1076 habere

533 1125 830 1186 rectorem,
863 1119 982 1189 ejus
1009 1117 1272 1172 videlicet
1289 1117 1597 1185 voluntate,
1621 1116 1679 1169 in
1703 1116 1861 1186 cujus
1889 1117 2164 1186 potestate

533 1218 617 1269 est
641 1212 896 1268 diacesis
907 1210 1228 1279 constituta,
1249 1209 1458 1264 habeat
1478 1208 1823 1280 episcopum,
1846 1207 2164 1262 secundum

531 1311 723 1362 autem
751 1307 897 1360 hanc
933 1303 1398 1376 prosecutionem
1428 1302 1690 1357 sanctitas
1713 1307 1898 1356 vestra
1923 1300 2163 1355 aestimet

532 1399 667 1472 quid
694 1399 817 1453 ﬁeri
847 1398 1072 1452 debeat.
1103 1396 1384 1453 Genedius
1419 1395 1716 1466 episcopus
1753 1394 1915 1460 dixit,
1949 1393 1994 1446 si
2035 1392 2160 1464 pla-

529 1497 638 1562 cet,
673 1491 976 1546 insinuatio
1007 1491 1196 1544 fratris
1225 1494 1282 1544 et
1311 1488 1632 1560 coepiscopi
1661 1486 1836 1541 nostri
1865 1485 2059 1540 Felicis
2091 1484 2162 1539 ab

529 1585 792 1641 omnibus
821 1585 1219 1650 conﬁrmetur;
1243 1583 1312 1638 ab
1341 1581 1623 1637 universis
1643 1579 1920 1652 episcopis
1946 1579 2160 1634 dictum

530 1684 612 1734 est
635 1680 838 1751 placet.

2269 465 2538 536 conqueri
2594 471 2654 520 ut
2698 466 2768 519 ab
2813 466 2946 537 ipsis
2985 467 3106 537 ejus
3152 484 3311 522 causa
3351 471 3509 539 possit
3545 473 3710 541 audiri,
3743 494 3788 530 ac

2264 575 2367 628 per
2389 559 2542 628 ipsos
2563 576 2663 613 suo
2691 558 2957 630 episcopo
2980 559 3352 632 reconciliari;
3376 562 3512 632 quod
3538 564 3628 618 nisi
3643 567 3793 623 fecerit

2265 652 2363 705 sed
2391 652 2674 722 superbia,
2723 652 2876 722 quod
2919 652 3085 720 absit,
3124 653 3345 708 inflatus
3383 657 3793 715 secernendumse

2263 744 2333 798 ab
2367 744 2615 815 episcopi
2644 744 2728 798 sui
2765 745 3169 799 communione
3199 746 3430 815 duxerit,
3469 765 3525 802 ac
3558 752 3794 820 separatim

2265 854 2396 891 cum
2423 837 2700 908 aliquibus
2723 838 2967 892 schisma
2990 838 3201 892 faciens
3223 839 3535 895 sacrificium
3559 843 3654 896 Deo
3670 843 3796 897 obtu-

2262 930 2411 999 lerit,
2458 930 2578 983 loco
2629 931 2840 984 amisso
2896 931 3205 986 anathema
3258 932 3532 1002 habeatur,
3572 939 3622 988 et
3655 936 3798 990 locum

2266 1022 2508 1089 amittat,
2532 1022 2904 1077 nihilominus
2931 1027 2989 1076 et
3019 1025 3089 1077 de
3117 1024 3330 1078 civitate
3361 1030 3412 1078 et
3436 1029 3802 1096 congregatione

2262 1115 2322 1169 in
2348 1133 2457 1186 qua
2486 1116 2680 1185 fuerit,
2712 1115 2939 1186 longius
2964 1117 3289 1188 repellatur,
3317 1134 3384 1171 ne
3418 1118 3497 1172 vel
3523 1118 3803 1188 ignorantes,

2263 1209 2352 1262 vel
2379 1209 2709 1279 simpliciter
2736 1209 3006 1273 viventes,
3044 1210 3365 1280 serpentina
3391 1211 3570 1264 fraude
3595 1211 3805 1281 decipiat,

2264 1302 2537 1373 quoniam
2567 1303 2879 1356 secundum
2897 1303 3247 1373 Apostolum,
3266 1302 3494 1358 Ecclesia
3510 1319 3608 1356 una
3625 1308 3710 1371 est,
3727 1320 3810 1356 una

2262 1395 2422 1464 ﬁdes,
2465 1412 2645 1449 unum
2687 1395 2987 1465 baptisma,
3037 1400 3093 1450 et
3134 1396 3180 1449 si
3226 1394 3612 1466 querimoniam
3644 1396 3810 1466 justam

2261 1487 2528 1543 adversus
2582 1487 2911 1559 episcopum
2965 1505 3083 1543 non
3140 1488 3423 1559 habuerit,
3473 1488 3812 1560 inquirendum

2262 1581 2387 1636 erit.

2333 1676 2414 1730 1X.
2469 1674 2762 1730 Numidius
2830 1674 3125 1748 episcopus
3187 1674 3557 1738 Massilitanus~
3589 1674 3732 1741 dixit,
3775 1675 3818 1728 in

596 1773 683 1827 Vl.
736 1770 1033 1826 Numidius
1082 1769 1378 1841 episcopus
1400 1766 1773 1822 Massilitanus
1809 1765 1965 1833 dixit,
2010 1781 2156 1836 pra-
2178 1752 2235 1824 B
2259 1767 2600 1838 quibusdam
2627 1768 2768 1823 locis
2806 1773 2938 1823 sunt
2962 1766 3279 1841 presbyteri
3312 1769 3406 1840 qui
3439 1773 3530 1822 aut
3556 1767 3818 1839 ignorantes

522 1875 677 1924 terea
721 1869 853 1920 sunt
894 1862 1301 1936 quamplurimi
1343 1879 1460 1916 non
1504 1861 1670 1916 bona
1713 1857 2155 1915 conversationis

521 1962 620 2033 qui
663 1959 990 2015 existimant
1028 1957 1270 2027 majores
1309 1959 1449 2010 natu
1485 1955 1572 2009 vel
1612 1954 1902 2026 episcopos
1941 1950 2152 2023 passim

522 2070 776 2126 vageque
820 2053 879 2107 in
917 2050 1338 2106 accusationem
1398 2047 1726 2120 pulsandos,
1784 2046 1993 2102 debent
2034 2047 2154 2097 tam

522 2148 686 2203 facile
729 2145 952 2200 admitti
1021 2142 1239 2198 necne?
1301 2142 1557 2196 Aurelius
1618 2141 1918 2211 episcopus
1962 2137 2150 2204 dixit,

520 2243 707 2311 placet
730 2255 865 2309 ergo
892 2235 1155 2292 charitati
1183 2238 1404 2301 vestra,
1438 2237 1501 2287 ut
1524 2234 1570 2287 is
1590 2233 1687 2304 qui
1714 2232 1997 2304 aliquibus
2027 2247 2149 2284 sce-

524 2333 733 2388 leribus
764 2330 1020 2385 irretitus
1061 2334 1146 2382 est
1187 2343 1386 2381 vocem
1435 2326 1702 2380 adversus
1747 2325 1992 2395 majores
2015 2326 2151 2379 natu

525 2443 641 2480 non
668 2423 874 2479 habeat
897 2420 1219 2488 accusandi,
1243 2421 1312 2475 ab
1337 2419 1612 2474 universis
1631 2417 1907 2489 episcopis
1934 2417 2148 2471 dictum

522 2523 627 2586 est,
678 2518 723 2572 si
774 2515 1112 2571 criminosus
1157 2519 1268 2583 est,
1320 2530 1431 2568 non
1478 2512 1833 2580 admittatur,
1885 2510 2151 2565 omnibus

520 2614 718 2682 placet.

590 2706 696 2760 VII.
747 2701 898 2758 Felix
946 2701 1248 2773 episcopus
1291 2698 1746 2754 Selemselitanus
1792 2697 1953 2763 dixit,
2010 2696 2150 2750 illud

517 2803 708 2853 autem
727 2801 929 2850 vestra
962 2810 1207 2865 suggero
1238 2792 1543 2862 sanctitati,
1576 2795 1639 2845 ut
1668 2791 1727 2844 hi
1761 2791 1860 2862 qui
1887 2805 1992 2861 pro
2017 2789 2150 2843 faci-

520 2891 756 2947 noribus
783 2888 896 2943 suis
921 2887 992 2942 de
1021 2886 1268 2940 Ecclesia
1287 2886 1600 2956 pelluntur,
1624 2888 1682 2937 et
1696 2885 1815 2938 ausi
1836 2882 2048 2937 fuerint
2077 2881 2149 2935 ad

518 2983 852 3039 comitatum
884 2995 1147 3052 pergere,
1179 2985 1277 3033 aut
1291 2979 1361 3032 ad
1374 2977 1589 3048 judicia
1616 2976 1844 3048 publica
1864 2975 2145 3046 prosilire,

518 3083 617 3132 aut
661 3075 708 3131 si
746 3074 985 3130 forsitan
1031 3071 1293 3127 Ecclesia
1337 3071 1628 3125 catholica
1667 3069 1866 3124 limina
1909 3073 2146 3122 contur-

517 3173 672 3238 bare,
722 3168 1021 3240 episcopus
1067 3165 1154 3219 vel
1207 3164 1443 3219 clericus
1490 3163 1791 3233 cujuslibet
1829 3161 2010 3233 plebis
2053 3177 2150 3215 eos

517 3265 637 3319 sine
688 3277 963 3317 consensu
1018 3258 1345 3329 susceperit,
1415 3257 1484 3312 de
1542 3257 1628 3310 his
1679 3255 1816 3327 quid
1873 3254 2150 3309 censetis?

518 3355 830 3429 Epigonius
856 3353 1153 3424 episcopus
1185 3349 1534 3404 Bullensium
1567 3349 1873 3419 regionum
1911 3347 2076 3416 dixit,
2105 3347 2150 3401 si

518 3450 643 3523 quis
681 3448 978 3520 episcopus
1038 3443 1502 3501 communionem
1554 3448 1754 3498 tenens
1815 3440 2151 3495 catholicam

516 3541 843 3614 hujusmodi
876 3540 1145 3595 homines
1185 3537 1340 3592 vanis
1371 3535 1781 3591 blandimentis
1822 3534 2150 3589 incedentes

515 3642 732 3692 temere
769 3632 1102 3705 susceperit,
1142 3631 1278 3686 sciat
1313 3646 1445 3684 cum
1484 3629 1574 3684 his
1609 3646 1667 3684 se
1703 3628 2014 3684 rectissime
2049 3627 2147 3681 de-

515 3732 812 3803 pravatum
836 3727 924 3782 vel
949 3727 1301 3780 damnatum.
1343 3722 1630 3779 Genedius
1657 3722 1958 3794 episc0pus
1988 3719 2146 3788 dixit,

515 3841 652 3896 ergo
673 3825 823 3879 recte
869 3822 1189 3893 suggerunt
1232 3818 1434 3872 fratres
1473 3820 1532 3870 et
1567 3815 1907 3887 coepiscopi,
1948 3819 2014 3869 ut
2053 3813 2151 3884 qui

515 3919 720 3974 merito
764 3916 1085 3971 facinorum
1124 3929 1362 3967 suorum
1409 3911 1481 3966 ab
1527 3910 1770 3965 Ecclesia
1809 3907 1956 3980 pulsi
1996 3911 2147 3975 sunt,

516 4012 564 4068 si
600 4012 671 4066 ab
703 4010 892 4080 aliquo
933 4007 1198 4077 episcopo
1238 4006 1570 4076 presbytero
1595 4003 1682 4057 vel
1703 4002 1909 4057 clerico
1935 4000 2152 4055 fuerint

515 4105 576 4158 in
625 4101 1028 4158 communione
1066 4097 1330 4168 suscepti,
1358 4097 1531 4152 etiam
1574 4094 1861 4167 ipsepari
1907 4109 2037 4147 cum
2072 4092 2152 4146 eis

518 4195 763 4251 crimine
789 4196 1052 4248 teneatur
1077 4190 1373 4257 obnoxius,
1404 4187 1757 4259 refugientes
1786 4186 1874 4241 sui
1900 4185 2152 4256 episcopi

518 4289 783 4361 regulare
823 4284 1138 4356 judicium;
1193 4283 1264 4338 ab
1305 4282 1581 4338 universis
1625 4280 1899 4352 episcopis
1933 4279 2149 4334 dictum

523 4387 627 4452 est,
657 4379 921 4457 omnibus
949 4379 1154 4450 placet.

2256 1861 2590 1932 simpliciter
2625 1867 2723 1917 aut
2760 1861 3182 1916 dissimulantes
3216 1863 3497 1917 audaciter
3525 1863 3760 1932 prasente
3781 1865 3821 1912 et

2255 1954 2573 2010 inconsulto
2596 1955 2858 2026 episcopo
2887 1955 3282 2026 complurimis
3311 1955 3365 2010 in
3399 1953 3672 2010 domiciliis
3689 1956 3821 2023 agant

2253 2048 2496 2119 agenda,
2525 2048 2678 2119 quod
2703 2049 3017 2120 disciplina
3043 2050 3423 2122 incongruum
3452 2046 3711 2120 cognoscit
3729 2061 3820 2100 esse

2253 2141 2518 2196 sanctitas
2562 2146 2767 2196 vestra.
2824 2142 3108 2197 Genedius
3155 2143 3449 2214 episcopus
3492 2140 3638 2207 dixit,
3679 2137 3822 2194 fratris

2254 2237 2312 2288 et
2345 2235 2662 2306 coepiscopi
2705 2235 2881 2289 nostri
2913 2235 3085 2307 digna
3126 2235 3504 2306 satisfactione
3543 2231 3826 2303 respondere

2252 2343 2368 2381 non
2400 2343 2723 2392 moremur;
2774 2327 2844 2382 ab
2888 2327 3165 2382 universis
3210 2326 3486 2399 episcopis
3531 2326 3717 2380 dictum
3747 2325 3824 2387 est,

2252 2419 2511 2491 quisquis
2549 2421 2850 2492 presbyter
2893 2421 3211 2476 inconsulto
3252 2420 3512 2492 episcopo
3551 2416 3746 2489 agenda
3788 2415 3827 2466 in

2253 2513 2506 2582 quolibet
2546 2514 2666 2568 loco
2719 2514 2956 2569 voluerit
3009 2514 3328 2580 celebrare,
3379 2513 3495 2584 ipse
3537 2510 3714 2565 honori
3753 2523 3827 2560 suo

2251 2605 2568 2660 contrarius
2597 2606 2807 2662 existit.

2321 2700 2382 2753 X.
2440 2699 2589 2753 Felix
2633 2700 2931 2771 episcopus
2978 2700 3446 2757 Selemselitanus
3489 2697 3648 2764 dixit,
3699 2694 3830 2750 etiam

2251 2792 2355 2846 hoc
2380 2793 2584 2863 adjicio
2619 2793 2933 2847 secundum
2964 2798 3176 2849 statuta
3205 2798 3463 2849 veterum
3501 2789 3834 2848 conciliorum,

2251 2891 2312 2940 ut
2341 2887 2386 2940 si
2412 2886 2539 2957 quis
2561 2886 2876 2957 episcopus,
2903 2887 3052 2958 quod
3082 2903 3201 2942 non
3231 2888 3555 2959 opinamur,
3587 2885 3638 2938 in
3658 2886 3835 2937 reatum

2250 2980 2496 3051 aliquem
2551 2979 2892 3049 incurrerit,
2949 2987 3006 3035 et
3053 2981 3228 3036 fuerit
3279 2982 3333 3036 ei
3387 2979 3563 3034 nimia
3597 2974 3842 3032 necessitas

2170 3115 2224 3189 Ο
2248 3089 2363 3127 non
2393 3089 2557 3143 posse
2597 3072 2873 3144 plurimos
2912 3090 3286 3145 congregare,
3328 3091 3402 3129 ne
3438 3073 3496 3127 in
3534 3070 3747 3126 crimine
3772 3081 3839 3120 re-

2249 3171 2474 3189 m----_L
2543 3183 2566 3189 Α
2627 3166 2919 3189 J---)--:_-
2975 3167 3244 3189 -_._'_--_2_
3293 3167 3556 3189 --_J:_L___
3619 3170 3665 3189 ,ι
3711 3179 3733 3189 ιι
3771 3175 3839 3189 anc

2249 3171 2497 3233 maneat,
2540 3183 2574 3220 a
2622 3166 2925 3221 duodecim
2970 3167 3247 3238 episcopis
3289 3167 3574 3235 audiatur,
3615 3170 3668 3219 et
3709 3179 3736 3216 a
3770 3175 3844 3212 sex

2250 3259 2614 3331 presbyteris,
2643 3263 2701 3313 et
2728 3277 2762 3314 a
2799 3261 2977 3315 tribus
3002 3260 3346 3316 diaconibus
3373 3278 3503 3316 cum
3539 3255 3748 3331 proprio
3767 3267 3842 3306 suo

2250 3353 2537 3424 episcopo.
2591 3353 2880 3408 Genedius
2931 3353 3234 3426 episcOpus
3277 3354 3444 3422 dixit,
3491 3352 3625 3426 quid
3664 3350 3727 3405 ad
3766 3347 3845 3400 hoc

2251 3446 2386 3501 dicit
2415 3447 2678 3501 sanctitas
2707 3449 2931 3502 vestra?
2950 3448 3034 3502 Ab
3062 3448 3345 3503 universis
3376 3446 3644 3520 episcopis
3671 3443 3844 3498 dictum

2251 3546 2353 3609 est,
2383 3557 2414 3593 a
2444 3540 2609 3594 nobis
2628 3543 2884 3595 veterum
2911 3544 3122 3596 statuta
3149 3541 3369 3598 debere
3391 3540 3620 3597 servari.

2321 3634 2404 3688 XI.
2440 3631 2566 3705 78
2597 3633 2786 3687 Victor
2813 3634 3110 3706 episcopus
3136 3635 3562 3690 Abziriditanus
3601 3630 3747 3699 dixit,
3778 3641 3846 3681 ro-

2249 3725 2506 3780 boranda
2542 3730 2629 3779 est
2671 3726 3046 3781 ecclesiastica
3089 3726 3421 3799 disciplina,
3468 3744 3542 3782 ne
3587 3724 3849 3796 quisquam

2250 3819 2645 3890 episcoporum
2672 3818 2905 3874 alterius
2921 3819 3110 3890 plebes
3135 3821 3225 3876 vel
3247 3820 3549 3876 dioecesim
3567 3834 3664 3873 sua
3685 3817 3851 3885 impor-

2250 3912 2492 3966 tunitate
2535 3912 2761 3983 pulsare
2806 3912 3032 3980 debeat,
3066 3913 3165 3984 qui
3210 3913 3329 3969 hoc
3375 3914 3569 3969 facere
3598 3903 3856 3966 tentaverit

2252 4004 2735 4075 quemadmodum
2761 4006 3104 4061 coercendus
3125 4007 3256 4062 est?
3278 4007 3574 4063 Genedius
3602 4004 3855 4076 episcopus

2251 4096 2411 4164 dixit,
2443 4102 2499 4151 et
2529 4098 2617 4152 lex
2644 4103 2831 4153 sancta
2871 4099 3153 4170 prohibet,
3194 4104 3256 4156 et
3289 4101 3421 4173 ipsa
3456 4101 3665 4156 Veritas
3700 4089 3861 4151 deﬁnit

2251 4207 2368 4245 non
2395 4190 2604 4246 debere
2624 4207 2973 4264 quemquam
2992 4193 3178 4248 aliena
3199 4195 3638 4266 concupiscere.
3660 4182 3859 4245 Proinde

2251 4283 2387 4354 quid
2419 4284 2596 4338 etiam
2622 4284 2779 4339 vobis
2823 4285 3087 4340 omnibus
3124 4287 3360 4357 placeat
3395 4287 3634 4360 propria
3667 4297 3784 4337 voce
3805 4276 3862 4330 si-

2254 4381 2454 4447 gnate;
2488 4378 2559 4432 ab
2589 4378 2869 4432 universis
2890 4379 3168 4450 episcopis
3195 4380 3428 4436 dictum
3471 4385 3576 4448 est,
3606 4379 3773 4451 placet
3798 4385 3859 4424 se-

592 4477 716 4532 VIIl.
759 4473 1018 4546 Aliphius
1053 4471 1350 4543 episcopus
1384 4468 1644 4524 Ecclesia
1674 4467 2032 4539 Tagastensis
2067 4468 2150 4521 le-
2171 4483 2230 4556 D
2254 4470 2502 4525 cundum
2517 4470 2875 4542 divinalegis
2889 4474 2946 4524 et
2960 4473 3136 4527 sancti
3160 4474 3472 4547 Evangelii
3489 4472 3864 4529 auctoritatem,

525 4578 690 4644 gatus
708 4567 1016 4642 provincia
1036 4565 1312 4621 Numidia
1337 4564 1493 4632 dixit,
1525 4579 1626 4618 nec
1645 4563 1785 4617 illud
1809 4561 2148 4633 praetermit-

522 4664 761 4722 tendum
807 4667 912 4729 est,
944 4665 1009 4715 ut
1042 4660 1088 4714 si
1117 4659 1242 4730 quis
1278 4658 1426 4712 forte
1457 4656 1753 4729 presbyter
1783 4655 1854 4710 ab
1888 4654 2149 4726 episcopo

523 4774 627 4815 suo
652 4759 948 4827 correptus
975 4759 1074 4808 aut
1099 4751 1645 4821 excommunicatus,
1677 4755 1900 4806 tumore
1935 4748 2023 4802 vel
2053 4764 2148 4802 su-

524 4851 721 4926 perbia
733 4849 978 4916 inﬂatus,
995 4847 1278 4918 putaverit
1294 4846 1604 4918 separatim
1626 4845 1866 4900 Domino
1881 4841 2153 4898 sacrificia

525 4945 838 5012 offerenda,
865 4943 952 4997 vel
988 4941 1145 4995 aliud
1172 4939 1510 5012 erigendum
1538 4941 1715 4994 altare
1751 4943 1947 4993 contra
1971 4936 2148 4992 eccle-

526 5040 806 5096 siasticam
835 5036 1006 5090 ﬁdem
1034 5034 1499 5105 disciplinamque
1515 5031 1817 5088 crediderit
1841 5030 2148 5102 agendum,

527 5151 640 5192 non
672 5136 835 5189 exeat
871 5130 1206 5201 impunitus.
1247 5127 1578 5181 Valentinus
1611 5125 1813 5196 prima
1846 5123 1993 5178 sedis
2016 5139 2149 5194 pro-

529 5228 725 5286 vincia
751 5223 1028 5282 Numidia
1068 5222 1227 5289 dixit,
1277 5220 1590 5276 necessario
1634 5217 1947 5288 disciplina
1982 5217 2153 5272 eccle-

524 5321 760 5380 siastica
807 5323 864 5375 et
908 5316 1039 5372 fidei
1085 5329 1338 5385 congrua
1385 5315 1516 5368 sunt
1560 5329 1687 5384 qua
1736 5311 1911 5366 frater
1963 5312 2156 5364 noster

527 5414 786 5490 Aliphius
827 5414 1156 5484 prosecutus
1196 5411 1317 5473 est,
1363 5405 1607 5478 proinde
1653 5403 1794 5477 quid
1838 5403 2041 5460 exinde
2079 5404 2154 5458 vi-

523 5510 712 5575 detur,
747 5511 950 5561 vestra
997 5499 1288 5558 dilectioni
1334 5499 1556 5567 edicite,
1606 5499 1651 5554 si
1690 5498 1817 5570 quis
1859 5496 2154 5570 presbyter

523 5608 723 5660 contra
758 5598 1089 5672 episcopum
1135 5609 1304 5648 suum
1352 5592 1582 5648 inﬂatus
1635 5592 1880 5648 schisma
1923 5593 2150 5661 fecerit,

525 5691 836 5747 anathema
861 5689 952 5757 sit,
975 5686 1046 5742 ab
1084 5683 1362 5741 universis
1402 5684 1677 5757 episcopis
1703 5683 1920 5739 dictum
1956 5689 2057 5739 est.
2095 5683 2152 5739 Si

519 5783 646 5858 quis
665 5783 961 5854 presbyter
989 5798 1022 5834 a
1048 5780 1349 5851 praposito
1380 5795 1480 5834 suo
1507 5777 2034 5834 excommunicatus
2067 5779 2150 5832 vel

2255 4568 2315 4618 ut
2340 4580 2511 4617 nemo
2542 4568 2802 4618 nostrum
2834 4565 3046 4619 alienos
3069 4565 3289 4621 limites
3310 4566 3782 4639 transgrediatur.

2320 4657 2424 4712 XII.
2455 4657 2752 4712 Numidius
2777 4657 3074 4730 episcopus
3109 4660 3507 4717 Massilitanus
3541 4660 3702 4727 dixit,
3729 4649 3868 4722 aliqui

2252 4749 2504 4822 episcopi
2528 4752 2899 4822 usurpatione
2929 4754 3076 4822 quad
3087 4769 3183 4807 am
3203 4751 3559 4810 existimant
3579 4750 3868 4817 contempto

2251 4844 2497 4916 primate
2519 4845 2816 4916 cujuslibet
2830 4845 3152 4916 provincia,
3177 4847 3299 4903 sive
3327 4850 3402 4904 ad
3427 4846 3769 4904 desiderium
3792 4854 3871 4910 p0-

2251 4938 2369 5009 puli
2390 4938 2713 5010 episcopum
2735 4938 2999 4993 ordinare
3028 4939 3147 4994 sine
3170 4940 3394 4996 litteris
3414 4942 3490 4996 ad
3522 4958 3581 4995 se
3608 4937 3793 5012 prima
3806 4946 3874 4985 ca-

2252 5032 2467 5086 thedra
2496 5031 2875 5098 manantibus,
2898 5049 3084 5104 neque
3112 5039 3314 5105 postea
3345 5036 3642 5108 acceptis;
3677 5028 3799 5102 quid
3824 5025 3878 5078 de

2253 5125 2361 5180 hoc
2418 5125 2613 5180 statuit
2667 5125 2932 5180 sanctitas
2980 5128 3204 5182 vestra?
3262 5129 3577 5184 Genedius
3620 5125 3878 5198 episcopus

2253 5218 2412 5287 dixit,
2436 5218 2704 5290 quoniam
2722 5219 3040 5274 communis
3059 5223 3144 5275 est
3163 5220 3631 5278 honoriﬁcentia
3647 5235 3765 5293 qua
3785 5211 3883 5269 uni~

2253 5311 2457 5383 cuique
2497 5311 2705 5366 servari
2738 5315 2976 5383 oportet,
3018 5313 3265 5384 idipsum
3315 5313 3679 5370 fraternitati
3715 5313 3883 5365 veslr‘oe

2253 5405 2516 5461 convenit
2545 5405 2944 5477 pronuntiare;
2963 5406 3033 5460 ab
3059 5407 3356 5463 universis
3379 5409 3676 5481 episcopis
3700 5406 3885 5461 dictum

2253 5503 2356 5568 est,
2389 5498 2575 5571 placet
2601 5497 2884 5568 omnibus,
2927 5501 2988 5552 ut
3026 5499 3365 5556 inconsulto
3403 5503 3662 5574 primate
3692 5492 3887 5569 cujusli-

2251 5593 2352 5648 bet
2379 5591 2704 5664 provincia,
2726 5596 2842 5646 tam
2863 5591 3022 5646 facile
3042 5608 3211 5648 nemo
3246 5601 3614 5666 praesumat,
3635 5595 3762 5650 licet
3783 5601 3888 5643 cum

2253 5685 2448 5740 multis
2483 5685 2759 5758 episcopis
2807 5686 2867 5740 in
2907 5702 3252 5760 quocunque
3303 5688 3446 5744 loco
3496 5690 3627 5744 sine
3669 5687 3801 5760 ejus,
3842 5684 3894 5733 ut

2253 5779 2466 5834 dictum
2498 5783 2601 5846 est,
2631 5783 2908 5853 pracepto
2944 5780 3279 5854 episcopum
3313 5782 3624 5850 ordinare,
3657 5781 3702 5836 si
3729 5780 3896 5834 autem
