3964 6178
147 359 231 414 329
1314 354 1788 414 DECRETALIUM
1825 341 2210 412 conserto.
3351 345 3453 406 330

146 469 412 527 necessitas
438 468 620 536 fuerit,
652 473 766 524 tres
807 468 1079 541 episcopi,
1111 469 1171 526 in
1211 487 1554 544 quocunque
1595 471 1721 528 loco
1742 489 1802 563 Α
1821 472 1897 528 sis
1923 470 2201 544 episcopis
2230 468 2446 525 dictum
2475 472 2580 536 est,
2609 467 2705 541 qui
2733 468 2934 525 contra
2959 481 3125 524 suam
3157 464 3454 563 professio-

142 566 248 630 sint,
274 579 392 617 cum
430 561 683 634 primatis
712 567 998 638 praecepto
1027 563 1292 621 ordinare
1331 565 1573 621 debeant
1599 559 1802 638 epi-w
1822 583 1955 621 nem
2000 566 2085 621 vel
2142 563 2616 636 subscriptionem
2665 561 2902 630 venerit,
2955 561 3075 632 ipse
3123 577 3183 616 se
3225 559 3296 614 ab
3339 559 3450 616 hoc

139 673 354 728 scopum.

1862 663 1969 716 tetu
1999 657 2298 732 separabit.
2351 656 2634 714 Genedius
2679 655 2958 729 episcOpis
2996 654 3158 721 dixit,
3193 655 3446 725 gratule-

190 751 305 805 ΧΙΙΙ.
332 749 608 804 Genedius
652 749 947 820 episcopus
977 749 1136 816 dixit,
1169 750 1364 806 omnia
1411 767 1548 820 ergo
1595 768 1722 823 quas
1821 770 1953 808 mur
1971 753 2208 808 Domino
2230 754 2424 806 nostro
2456 753 2761 822 praestante
2793 749 2946 822 quod
2971 765 3072 819 pro
3098 751 3247 803 statu
3270 747 3450 802 Eccle-

133 859 158 896 a
177 847 336 896 vestro
364 845 506 896 ccetu
530 842 944 911 gloriosissimo
974 845 1184 897 statuta
1212 848 1363 909 sunt,
1384 845 1567 914 placet
1603 861 1722 900 om-
1821 847 1917 900 size
1945 839 2246 900 catholicas
2268 849 2471 899 cuncta
2504 859 2607 898 nos
2635 843 2848 896 salubri
2891 841 3124 896 consilio
3173 841 3447 896 servanda

130 935 268 990 nibus
307 934 589 1001 custodiri,
623 935 695 988 ab
727 934 1001 990 universis
1045 935 1328 1007 episcopis
1366 937 1578 991 dictum
1611 940 1716 1006 est,
1821 939 2190 994 decrevimus.
2241 941 2305 992 Et
2346 938 2474 992 ideo
2517 953 2647 1008 quas
2688 936 2758 989 ab
2803 935 3065 989 omnibus
3119 939 3250 988 sunt
3297 933 3444 988 dicta

131 1028 285 1098 placet
305 1032 365 1081 ut
389 1027 779 1082 custodiantur
805 1027 875 1082 ab
899 1028 1180 1082 omnibus.
1211 1028 1492 1083 Genedius
1511 1029 1720 1100 episco-
1818 1033 2051 1103 propria
2080 1033 2350 1087 debemus
2380 1029 2790 1101 subscriptione
2817 1027 3084 1096 ﬁrmare;
3115 1026 3187 1080 ab
3218 1025 3443 1081 univer-

129 1135 213 1189 pus
234 1118 359 1173 dixit
387 1135 400 1173 :
425 1119 674 1190 Si,quod
701 1137 816 1174 non
844 1120 1259 1192 opinamur,ab
1284 1121 1476 1193 aliquo
1503 1122 1720 1177 fuerint
1817 1124 1892 1178 sis
1935 1125 2210 1198 episcopis
2258 1124 2474 1180 dictum
2523 1127 2628 1192 est,
2665 1122 2781 1190 ﬁat,
2824 1121 2945 1188 ﬁat,
2993 1123 3051 1174 et
3097 1119 3444 1190 subscripse-

129 1212 319 1276 violata,
341 1211 477 1282 quid
503 1212 749 1267 statuitis
773 1213 929 1285 quod
949 1213 1072 1268 ﬁeri
1101 1213 1352 1268 debeat?
1376 1214 1458 1268 Ab
1490 1215 1714 1271 univer-
1817 1224 1973 1273 runt.

629 1386 1031 1452 INCIPIUNT
1071 1387 1464 1452 CAPITULA
1505 1388 1840 1454 CONCILII
1885 1391 2148 1456 TERTII
2191 1388 2905 1456 CARTHAGINENSIS.

185 1487 225 1539 l.
263 1485 323 1539 Ut
363 1484 869 1557 comprovinciales
912 1486 1162 1558 episcopi
1205 1487 1274 1542 de
1313 1488 1521 1559 pascha
1549 1505 1717 1545 suum
1887 1493 1977 1545 26.
2019 1491 2092 1546 Ut
2133 1490 2334 1562 primas
2363 1489 2510 1545 sedis
2537 1488 2831 1560 episcopus
2871 1487 3134 1559 princeps
3182 1486 3445 1541 sacerdo-

128 1577 384 1649 inquirant
411 1578 739 1650 primatem.
1815 1587 1937 1638 tum
1962 1600 2081 1639 non
2112 1584 2449 1655 appelletur.

177 1673 219 1724 2.
255 1671 319 1726 Ut
339 1688 444 1742 per
469 1672 728 1742 singulos
754 1687 934 1726 annos
974 1671 1279 1728 concilium
1310 1673 1429 1729 ﬁat.
1883 1679 1972 1730 27.
2013 1677 2084 1732 Ut
2112 1675 2298 1731 clerici
2326 1675 2587 1730 tabernas
2614 1691 2729 1729 non
2753 1673 3170 1745 ingrediantur.

173 1766 216 1818 3.
252 1765 315 1818 Ut
364 1765 663 1836 episcopus
710 1764 1046 1837 priusquam
1097 1766 1419 1833 ordinetur,
1467 1784 1713 1825 canones
1881 1773 1970 1825 28.
2015 1771 2085 1824 Ut
2110 1770 2410 1842 episcopus
2435 1769 2558 1823 sine
2588 1769 2832 1823 formata
2855 1765 3286 1837 metropolitani
3316 1766 3443 1819 lon-

120 1860 373 1926 agnoscat.
1733 1861 1789 1932 Β
1815 1861 1941 1934 gius
1972 1880 2091 1918 non
2120 1863 2531 1934 proﬁciscatur.

173 1950 215 2002 4.
253 1951 315 2004 Ut
339 1950 522 2005 levita:
564 1955 620 2006 et
656 1951 906 2022 virgines
937 1953 1072 2008 ante
1098 1951 1302 2024 viginti
1327 1952 1582 2025 quinque
1609 1971 1709 2010 an.
1884 1959 1974 2011 29.
2017 1958 2086 2012 Ut
2114 1956 2286 2010 missa
2314 1973 2348 2010 a
2370 1955 2578 2026 jejunis
2605 1953 2945 2009 celebretur.

119 2057 199 2096 nos
226 2059 332 2099 non
354 2047 781 2099 consecrentur.

1881 2061 1968 2114 30.
2009 2059 2082 2114 Ut
2105 2059 2296 2114 nullus
2322 2058 2381 2113 in
2408 2056 2655 2114 Ecclesia
2683 2055 3032 2111 convivetur.

173 2139 214 2189 5.
249 2136 313 2190 Ut
352 2141 782 2192 sacramentum
831 2137 1256 2194 catechumenis
1299 2155 1414 2195 non
1448 2139 1694 2211 prebea-

1879 2164 1967 2217 3t.
2010 2163 2082 2215 Ut
2127 2160 2537 2233 paenitentibus
2577 2160 2741 2231 juxta
2787 2162 3148 2230 peccatorum
3201 2157 3440 2212 modum

117 2233 206 2335 ως.
335 2323 350 2335 ἱ
452 2324 487 2335 Η
849 2327 860 2335 Δ
914 2324 924 2335 ⁸
1051 2325 1065 2335 _
1209 2325 1222 2335 ‘
1630 2328 1646 2335 _
1808 2254 2144 2326 poenitentia
2169 2253 2355 2310 detur.

118 2417 132 2466 ι
169 2325 212 2376 6.
247 2323 309 2378 Ut
333 2323 690 2396 baptismum
716 2324 958 2380 mortuis
983 2325 1070 2380 vel
1100 2325 1446 2382 eucharistia
1470 2343 1586 2383 non
1613 2328 1709 2384 de-
1808 2323 1827 2326 ’
1878 2359 1965 2412 32,
2005 2357 2078 2412 Ut
2107 2355 2401 2428 presbyter
2428 2358 2636 2427 praeter
2667 2355 2826 2427 jussa
2854 2354 2941 2410 vel
2969 2353 3285 2410 absentiam
3314 2351 3431 2425 epi-

133 2430 203 2466 ω’.
1951 2450 1962 2461 .
2332 2449 2408 2466 γη.
2454 2453 2467 2466 ,
2641 2449 2674 2466 .,
2765 2453 2777 2466 ,

133 2430 203 2468 ω.

1807 2450 1966 2522 sc0pi
1991 2467 2108 2505 non
2147 2449 2474 2505 reconciliet
2503 2449 2866 2520 poenitentes.

1875 2556 1962 2608 33.
2005 2555 2082 2608 De
2112 2551 2367 2606 custodia
2397 2568 2692 2606 sacrarum
2731 2550 3042 2622 virginum.

1875 2656 1961 2710 34.
2003 2657 2079 2710 De
2105 2653 2459 2726 baptizandis
2485 2653 2714 2725 aegrotis
2735 2653 2832 2725 qui
2846 2653 2967 2724 jam
2987 2653 3146 2726 loqui
3170 2670 3286 2709 non
3312 2670 3438 2725 pos-

1803 2751 1957 2803 sunt.

1871 2855 1958 2906 35.
2001 2851 2076 2905 De
2117 2850 2386 2921 apostatis
2412 2849 2500 2905 vel
2529 2849 2898 2906 histrionibus
2931 2847 3218 2905 conversis
3247 2847 3429 2921 paeni-

1799 2944 1977 2998 tentia
2004 2946 2269 3014 negetur.

1871 3049 1958 3101 36.
1999 3047 2071 3101 Ut
2094 3045 2392 3118 presbyter
2420 3045 2672 3100 chrisma
2701 3062 2814 3100 non
2844 3045 3126 3101 conficiat.

165 2512 208 2562 7.
244 2509 306 2563 Ut
331 2509 638 2581 episcopus
657 2516 968 2582 accusatus,
988 2511 1085 2567 ubi
1105 2513 1194 2568 vel
1222 2513 1372 2569 infra
1390 2515 1545 2586 quod
1566 2519 1707 2571 tem-

112 2614 194 2670 pus
215 2602 580 2658 examinetur.

163 2695 206 2747 8.
242 2695 314 2750 De
339 2695 690 2768 presbyteris
728 2699 788 2751 et
833 2697 1187 2767 diaconibus,
1215 2699 1411 2771 quanti
1457 2700 1701 2772 episcopi

109 2800 183 2842 eos
207 2788 447 2844 audiant.

161 2883 203 2934 9.
241 2883 302 2936 Ut
325 2883 514 2938 clerici
549 2883 771 2954 publica
793 2885 1008 2956 judicia
1036 2902 1153 2941 non
1178 2887 1494 2959 appellent.

165 2976 234 3028 l0.
269 2975 318 3030 Si
344 2993 376 3030 a
403 2992 700 3048 quoquam
728 2977 799 3032 ab
828 2979 954 3033 aliis
987 2979 1276 3050 judicibus
1312 2980 1700 3036 ecclesiasticis

108 3064 160 3117 ad
184 3067 306 3122 alios
337 3069 570 3139 judices
603 3075 659 3124 et
695 3071 1102 3128 ecclesiasticos
1129 3073 1361 3144 majoris
1392 3074 1696 3129 auctorita-

108 3158 160 3210 tis
183 3169 534 3230 provocatum
560 3163 748 3232 fuerit,
772 3180 889 3220 non
917 3165 1111 3220 obesse
1141 3166 1426 3238 prioribus
1451 3166 1699 3223 diversas
1733 3230 1771 3238 Α
1870 3151 1956 3202 37.
1998 3149 2070 3203 Ut
2097 3148 2289 3204 clerici
2333 3148 2454 3204 sine
2497 3147 2830 3204 necessitate
2873 3148 2931 3204 in
2980 3147 3167 3205 aliena
3207 3147 3429 3204 civitate

110 3255 370 3309 sententias
395 3257 842 3327 proferentibus.
1719 3230 1774 3304 C
1801 3257 1917 3296 non
1957 3241 2356 3297 immorentur.

161 3348 228 3399 tl.
265 3348 330 3403 Ut
362 3349 466 3403 ﬁlii
515 3349 852 3406 clericorum
893 3351 965 3405 ad
1013 3352 1332 3422 spectacula
1379 3371 1496 3410 non
1535 3371 1692 3410 acce-

1869 3348 1956 3401 38.
1999 3347 2072 3400 Ut
2123 3361 2238 3400 non
2297 3345 2468 3401 liceat
2514 3345 2641 3401 ﬁeri
2683 3346 3083 3402 translationes
3139 3337 3456 3418 episcopo?

107 3434 229 3492 dant.
1795 3456 1946 3495 rum.

160 3533 227 3585 l2.
263 3533 329 3588 Ut
354 3534 698 3590 clericorum
745 3536 1130 3592 matrimoniis
1173 3537 1428 3594 inﬁdeles
1459 3556 1572 3596 non
1603 3557 1692 3595 so-
1866 3545 1954 3597 39.
1996 3545 2065 3598 Ut
2115 3560 2229 3597 non
2282 3545 2628 3614 praesumant
2678 3543 2792 3598 duo
2842 3541 3092 3614 episcopi
3157 3541 3424 3599 ordinare

106 3623 300 3684 cientur.
1795 3635 2144 3706 pontiﬁcem.

155 3724 224 3776 t3.
261 3723 325 3779 Ut
351 3725 550 3780 clerici
581 3725 652 3780 de
684 3726 850 3781 rebus
875 3727 992 3782 suis
1022 3727 1165 3783 nihil
1208 3728 1528 3784 inﬁdelibus
1555 3747 1692 3786 con-
1864 3739 1956 3792 4-0.
1996 3739 2068 3792 Ut
2109 3738 2246 3793 dum
2286 3739 2583 3810 episcopus
2627 3738 2876 3809 eligitur,
2906 3738 2951 3792 si
2985 3739 3424 3794 contradictores

105 3810 268 3870 ferant.
1796 3831 2021 3898 habeat,
2051 3831 2307 3904 quinque
2332 3832 2652 3888 sacerdotes
2681 3831 3040 3886 conveniant.

123 3997 130 4005 '
155 3907 225 3962 lt.
263 3910 553 4007 Utclerici
581 3911 728 3968 ﬁlios
755 3930 884 3969 suos
911 3931 945 3970 a
973 3931 1072 3970 sua
1099 3919 1378 3988 potestate
1406 3917 1557 3973 exire
1578 3933 1692 3974 non
1865 3934 1922 3988 44
1940 3974 1954 3988 ,
1994 3934 2066 3988 Ut
2091 3950 2192 4005 per
2221 3934 2472 4006 singulos
2514 3952 2692 3990 annos
2730 3935 3128 3990 convenientes
3170 3935 3422 4007 episcOpi

101 4004 265 4069 sinant,
293 4004 396 4058 nisi
436 4010 610 4060 aetate
641 4011 699 4061 et
725 4008 981 4063 moribus
1012 4009 1436 4080 comprobatos.

1895 4004 2201 4082 concilium
2245 4004 2415 4084 etiam
2446 4029 2516 4083 de
2560 4028 2809 4102 paschali
2855 4004 3223 4085 solemnitate
3241 4045 3276 4084 a
3302 4004 3417 4100 pri-

156 4095 222 4148 15.
259 4095 322 4151 Ut
362 4098 563 4153 clerici
601 4115 716 4154 non
757 4101 872 4156 sint
899 4102 1270 4159 conductores
1299 4103 1387 4158 vel
1430 4106 1688 4176 negotia-
1794 4122 1948 4174 mata
1972 4136 2075 4175 suo
2102 4120 2508 4177 informentur.

101 4185 235 4242 tores.

1859 4222 1946 4276 42.
1987 4223 2060 4278 Ut
2087 4240 2203 4278 non
2235 4223 2475 4296 accipiat
2517 4224 2696 4280 alium
2737 4224 3068 4298 episcopum
3109 4225 3270 4298 plebs
3295 4239 3420 4300 quae
3469 4248 3472 4251 ·

152 4282 218 4333 16.
257 4282 320 4337 Ut
345 4283 547 4340 clerici
575 4300 690 4340 non
716 4286 965 4342 usurarii
995 4287 1126 4342 sint.
1789 4314 1846 4368 in
1875 4314 2099 4371 dimcesi
2127 4282 2706 4390 semper‘subjacebit'

153 4376 234 4494 17.⁸
258 4376 324 4430 Ut
369 4394 508 4434 cum
541 4377 755 4435 clericis
785 4383 1068 4435 extraneae
1115 4381 1345 4438 feminas
1373 4399 1491 4438 non
1519 4383 1687 4438 coha—
1858 4418 1948 4472 43.
1991 4419 2060 4472 Ut
2114 4420 2210 4490 qui
2249 4376 2419 4491 βεδε
2464 4376 2566 4475 ξω
2615 4426 2943 4494 contempta
2995 4422 3068 4476 ad
3113 4422 3417 4480 concilium

128 4463 134 4470 ,
1868 4460 1948 4472 -.η
1994 4460 2060 4472 υ.
2115 4460 2210 4490 .1...
2256 4460 2419 4491 μω...
2464 4460 2566 4475 ου...
2615 4460 2943 4494 ..νηυυωνω
2995 4460 3068 4476 αι.
3113 4460 3416 4480 cuneum...

96 4460 314 4586 bnfft'm
374 4564 561 4586 Ληῌ
617 4581 725 4586 ___
787 4566 1117 4586 unum”?
1500 4585 1503 4586 ν
1673 4570 1683 4581 ,
1789 4510 1978 4566 venire
2039 4513 2374 4582 detrectant,
2425 4519 2481 4569 et
2533 4514 2763 4586 plebem
2813 4518 2872 4569 et
2917 4516 3196 4572 honorem
3248 4517 3416 4572 amit-

153 4561 218 4614 18.
248 4563 320 4664 ,υἱ
367 4564 575 4670 clerici
616 4581 732 4620 non
779 4566 1140 4636 ordinentur,
1188 4567 1298 4624 nisi
1346 4585 1544 4625 omnes
1589 4561 1929 4670 quiDiggt':

97 4664 194 4705 cum
217 4654 286 4710 eis
313 4663 466 4726 sunt,
498 4657 699 4713 ﬁdeles
727 4659 990 4716 existant.

151 4748 217 4798 19.
255 4749 318 4804 Ut
357 4751 554 4808 clerici
597 4769 728 4807 cum
767 4754 838 4808 ad
883 4755 1248 4825 pubertatem
1277 4756 1556 4825 venerint,
1587 4761 1688 4813 aut

97 4839 400 4914 conjugium,
433 4849 542 4901 aut
570 4846 886 4902 castitatem
915 4848 1306 4919 proﬁteantur.

147 4934 219 4987 20.
257 4937 320 4990 L't
362 4939 563 5010 plebes
604 4939 816 4995 alienas
855 4940 997 4996 alius
1047 4942 1344 5014 episcopus
1369 4959 1488 4999 non
1521 4961 1681 4999 usur-

101 5028 186 5088 pet.

149 5120 220 5173 2t.
258 5123 321 5179 Ut
349 5126 548 5181 nullus
575 5126 870 5199 episcopus
894 5128 1144 5185 alienum
1175 5130 1444 5186 clericum
1477 5131 1687 5186 audeat

100 5210 301 5272 retinere
325 5219 413 5274 vel
443 5219 738 5276 ordinare.

1857 4697 1946 4764 44.
1989 4711 2060 4764 Ut
2101 4708 2371 4764 clericum
2413 4709 2666 4765 alienum
2711 4709 2902 4764 nullus
2948 4709 3057 4764 sibi
3106 4718 3417 4784 praesumat

1789 4803 2087 4874 episcopus
2113 4803 2400 4858 ordinare.

1857 4906 1945 4960 45.
1988 4907 2057 4960 Ut
2088 4905 2382 4977 episcopus
2425 4905 2524 4977 qui
2566 4906 2758 4977 plures
2783 4905 2954 4962 habet
2985 4906 3215 4963 clericos
3240 4909 3292 4964 ei
3319 4911 3413 4982 qui

1787 5002 1919 5070 eget
1943 4998 2017 5052 ad
2047 4997 2433 5053 ordinandum
2463 5000 2783 5070 postulatus
2813 5000 3107 5072 largiatur.

1856 5103 1942 5156 46.
1986 5104 2056 5158 Ut
2083 5101 2380 5174 episcopus
2406 5102 2503 5174 qui
2533 5101 2591 5156 in
2620 5103 2847 5158 diceeesi
2873 5103 3054 5159 factus
3079 5106 3262 5162 solum
3289 5122 3413 5162 eam

1787 5194 2014 5266 plebem
2041 5199 2237 5250 teneat
2263 5212 2377 5267 qua
2408 5195 2622 5251 exstitit
2649 5197 2964 5252 ordinatus.

148 5307 222 5361 22.
258 5311 324 5364 Ut
350 5313 544 5369 nullus
563 5314 803 5370 clericus
825 5316 1145 5387 ordinetur,
1165 5318 1275 5373 nisi
1296 5319 1467 5376 fuerit
1485 5320 1688 5393 proba-

1862 5298 1942 5353 47.
1984 5299 2056 5354 Ut
2079 5301 2290 5370 praeter
2315 5299 2622 5371 scripturas
2651 5300 2952 5356 canonicas
2982 5300 3122 5356 nihil
3141 5301 3202 5356 in
3223 5300 3409 5356 Eccle-

98 5391 211 5454 bilis.
1486 5390 1506 5393 ⁷
1786 5390 1866 5444 sia
1891 5391 2115 5462 legatur
2139 5391 2245 5446 sub
2271 5393 2506 5448 nomine
2534 5392 2855 5449 divinarum
2883 5394 3322 5465 Scripturarum.
3419 5467 3424 5472 _

150 5493 224 5548 2i.
261 5496 330 5553 De
360 5500 626 5570 precibus
653 5505 711 5557 et
740 5504 1115 5560 orationibus,
1857 5493 1946 5548 48.
1988 5495 2064 5548 De
2093 5493 2393 5564 baptizatis
2417 5511 2451 5548 a
2475 5495 2806 5550 Donatistis.

151 5585 224 5642 2t.
262 5589 327 5646 Ut
364 5593 423 5648 in
451 5595 728 5652 sacriﬁcio
761 5601 986 5654 tantum
1027 5599 1187 5671 panis
1223 5603 1280 5656 et
1305 5600 1454 5656 calix
1477 5600 1683 5657 oﬂ'era-
1849 5595 1936 5649 49.
1978 5596 2048 5650 Ut
2074 5611 2142 5650 ea
2171 5612 2299 5668 qua
2325 5596 2454 5669 quis
2487 5595 2545 5651 in
2576 5596 2954 5654 ecclesiastico
2985 5595 3202 5670 positus
3233 5595 3410 5668 gradu

102 5679 184 5730 tur.
1788 5687 2105 5760 acquisivit,
2134 5689 2394 5746 Ecclesiae
2419 5691 2809 5746 conferantur.

151 5772 224 5826 25.
261 5775 332 5832 Ne
381 5779 570 5836 clerici
599 5783 685 5839 vel
730 5785 1086 5842 continentes
1128 5788 1198 5843 ad
1235 5787 1432 5843 viduas
1459 5788 1544 5845 vel
1575 5789 1683 5844 vir-
1858 5793 1946 5846 50.
1987 5793 2059 5846 Ut
2086 5795 2243 5863 gesta
2285 5793 2506 5849 concilii
2545 5793 2936 5867 episcoporum
2989 5791 3411 5867 subscriptioni-

103 5860 228 5926 Eines
257 5870 352 5926 soli
379 5872 633 5933 habeant
657 5894 966 5937 accessum.
1787 5884 1892 5939 bus
1921 5860 2351 5942 conﬁrmentur.
