3964 6178
538 292 633 347 331

1429 293 1712 348 ΑΡΡΕΝΙ).
1753 293 1840 349 AD
1877 291 2033 350 S/EC.
2077 292 2163 350 IX.

2299 290 2540 348 ISIDORI
2577 289 2998 350 MERCATORIS
3698 305 3772 357 332

858 465 1275 560 INCIPIT
1343 468 1954 562 CONCILIUM
2025 464 3005 562 CARTHAGINENSIS
3077 465 3537 562 TERTIUM

1094 623 1413 686 Habitum
1450 624 1534 687 ab
1563 625 1876 706 episcopis
1903 641 2178 688 numero
2211 624 2572 705 nonaginta
2599 630 2865 705 septem,
2896 639 3033 686 ara
3065 638 3333 685 cnxxxv.

604 785 845 843 Casario
875 792 932 842 et
956 787 1138 843 Attico
1167 787 1299 842 viris
1329 787 1650 844 clarissimis
1693 789 2022 844 consulibus
2054 791 2161 846 Ka-
2185 801 2244 875 Α
2264 789 2456 858 fuerit,
2489 786 2896 844 communione
2942 802 3058 840 non
3091 788 3448 841 removeatur.
3476 785 3528 840 Si
3565 802 3674 840 vero
3710 787 3784 840 ali-

535 880 686 936 lend.
733 880 1080 953 Septembris
1121 881 1461 952 Carthagine
1487 882 1546 936 in
1575 882 1877 938 secretario
1920 883 2165 938 basilica

534 973 808 1030 restitutae
842 990 973 1029 cum
998 973 1257 1030 Aurelius
1282 974 1577 1046 episcopus
1599 991 1710 1029 una
1729 992 1859 1030 cum
1880 975 2167 1047 coepisco-

536 1067 623 1138 pis
661 1066 776 1122 suis
823 1066 1188 1134 consedisset,
1233 1068 1545 1124 astantibus
1587 1068 1760 1123 etiam
1811 1067 2161 1136 diaconibus,

537 1160 843 1216 constituta
874 1162 1008 1215 sunt
1036 1160 1159 1216 hac
1185 1177 1312 1233 qua
1343 1162 1607 1232 praesenti
1645 1161 1883 1217 concilio
1931 1160 2164 1218 deﬁnita

538 1258 688 1308 sunt.
1155 1319 1160 1322 _

605 1348 732 1403 CAP.
768 1349 806 1401 I.
838 1347 1051 1403 Placuit
1074 1364 1211 1418 ergo
1237 1348 1295 1402 in
1325 1346 1604 1419 principio
1635 1352 1870 1419 propter
1911 1363 2165 1403 errorem

539 1441 634 1512 qui
663 1457 810 1512 sape
833 1441 977 1496 solet
1004 1441 1219 1497 oboriri
1243 1444 1306 1495 ut
1333 1457 1534 1497 omnes
1559 1440 1839 1496 Africana
1863 1439 2166 1512 provincia

540 1534 788 1604 episcopi
818 1534 1275 1589 observationem
1301 1534 1630 1606 paschalem
1651 1534 1722 1589 ab
1754 1534 1997 1590 Ecclesia
2027 1534 2160 1590 Car-

539 1627 865 1699 thaginensi
899 1630 1101 1683 curent
1123 1628 1396 1700 accipere.
2093 1624 2102 1632 ’

609 1721 674 1774 ιι.
708 1719 987 1775 Similiter
1013 1719 1245 1790 placuit,
1275 1724 1338 1775 ut
1379 1725 1614 1792 propter
1660 1737 1856 1775 causas
1903 1721 2162 1777 ecclesia~

538 1812 702 1866 sticas
728 1829 857 1884 qua
886 1813 958 1867 ad
992 1812 1303 1883 perniciem
1333 1813 1586 1891 plebium
1626 1829 1774 1884 sape
1813 1818 2168 1870 veterascunt

539 1905 778 1975 singulis
828 1904 1148 1976 quibusque
1207 1904 1372 1960 annis
1439 1905 1746 1962 concilium
1792 1909 2045 1976 vocetur,
2091 1907 2167 1962 ad

536 1998 688 2068 quod
737 2013 938 2053 omnes
986 1997 1290 2069 provincia
1316 2015 1445 2070 qua
1490 1998 1703 2070 primas
1745 1999 1909 2056 sedes
1954 2000 2168 2055 habent

536 2092 604 2146 de
631 2090 882 2146 conciliis
908 2091 1022 2146 suis
1047 2091 1215 2146 binos
1245 2097 1345 2147 aut
1373 2091 1599 2163 quintos
1633 2093 1911 2164 elegerint
1945 2093 2164 2165 episco-

2265 880 2495 955 quando
2546 881 2813 948 defuerit,
2856 879 3192 935 subtrahens
3229 894 3304 948 se,
3333 878 3564 933 restituto
3588 877 3639 932 in
3674 894 3787 932 com-

2263 976 2537 1031 munione
2563 975 2828 1046 episcopo
2856 976 3211 1029 removeatur
3240 988 3272 1026 a
3298 970 3652 1026 communione
3675 986 3791 1024 accu-

2265 1072 2434 1140 sator,
2463 1070 2540 1125 ita
2564 1072 2760 1124 tamen
2789 1070 2854 1121 ut
2880 1082 2983 1121 nec
3010 1067 3121 1137 ipsi
3145 1065 3414 1120 adimatur
3455 1062 3659 1118 facultas
3690 1078 3791 1116 cau-

2264 1178 2340 1217 sa
2389 1161 2749 1234 peragenda,
2792 1160 2840 1215 si
2888 1176 2948 1215 se
2985 1175 3274 1214 occurrere
3316 1157 3556 1225 voluisse,
3595 1154 3676 1209 sed
3710 1171 3794 1208 non

2263 1256 2511 1327 potuisse
2530 1254 2873 1326 probaverit.
2895 1253 3039 1310 Illud
3067 1267 3200 1307 vero
3225 1249 3444 1322 placuit,
3462 1254 3522 1303 ut
3545 1264 3656 1302 cum
3671 1263 3798 1317 agere

2265 1348 2500 1420 coeperit
2520 1348 2579 1404 in
2604 1347 3002 1420 episcoporum
3030 1343 3265 1416 judicio,
3289 1344 3334 1398 si
3357 1341 3516 1398 fuerit
3532 1338 3798 1394 accusatoris

2264 1459 2504 1516 persona
2532 1440 2842 1514 culpabilis,
2875 1440 2945 1495 ad
2987 1437 3345 1510 arguendum
3392 1451 3498 1489 non
3542 1432 3801 1488 admittatur

2263 1536 2374 1592 nisi
2403 1536 2661 1607 proprias
2686 1551 2904 1600 causas,
2933 1549 3050 1588 non
3080 1535 3273 1588 tamen
3298 1525 3676 1593 ecclesiasticas,
3697 1539 3801 1579 asse-

2264 1646 2393 1685 rere
2433 1627 2688 1684 voluerit.

2338 1723 2470 1778 VIII.
2499 1721 2554 1777 Si
2580 1724 2771 1776 autem
2797 1720 3107 1793 presbyteri
3136 1719 3222 1774 vel
3251 1714 3461 1772 diaconi
3485 1711 3670 1768 fuerint
3690 1724 3806 1763 accu-

2266 1816 2393 1883 sati,
2417 1815 2687 1885 adjuncto
2706 1814 2810 1868 sibi
2839 1831 2903 1868 ex
2928 1813 3127 1868 vicinis
3153 1811 3290 1866 locis
3310 1807 3554 1881 proprius
3575 1803 3808 1876 episcOpus

2266 1907 2523 1978 legitimo
2549 1922 2789 1962 numero
2808 1907 3159 1977 collegarum
3175 1919 3314 1977 quos
3331 1901 3399 1957 ab
3419 1899 3608 1955 eodem
3624 1893 3808 1950 accusati

2265 2000 2555 2072 petierint,
2587 1999 2646 2054 id
2677 2003 2782 2067 est,
2809 2015 2928 2054 una
2957 2014 3150 2053 secum
3194 1997 3252 2052 in
3279 1990 3593 2068 presbyterii
3631 1986 3810 2044 nomine

2267 2093 2518 2165 episcopi
2561 2109 2679 2158 sex,
2707 2092 2766 2146 in
2806 2090 3049 2147 diaconii
3091 2095 3227 2157 tres,
3259 2088 3355 2160 qui
3394 2087 3625 2158 ipsorum
3663 2095 3811 2136 causas

537 2201 640 2253 pos
681 2184 933 2253 mittant,
965 2187 1026 2237 ut
1068 2187 1125 2238 et
1167 2184 1361 2238 minus
1403 2184 1667 2239 invidiosi
1710 2185 2015 2258 minusque
2057 2165 2242 2241 ho-B
2268 2185 2596 2254 discutiant,
2627 2185 2828 2240 eadem
2869 2184 3094 2238 dierum
3137 2187 3194 2238 et
3232 2180 3552 2236 dilationum
3576 2181 3810 2230 etacom—

537 2276 775 2348 spitibus
827 2276 1148 2347 sumptuosi
1212 2277 1476 2346 existant,
1521 2281 1588 2332 ut
1635 2284 1979 2349 congregato
2036 2295 2168 2333 con-

537 2372 709 2425 ventu
737 2371 906 2441 plena
933 2370 1109 2440 possit
1139 2385 1260 2425 esse
1286 2369 1608 2437 auctoritas,
1635 2370 1705 2426 de
1733 2370 1943 2441 Tripoli
1971 2375 2166 2427 autem

538 2466 768 2535 propter
804 2462 1059 2535 inopiam
1098 2463 1499 2536 episcOporum
1539 2479 1689 2518 unus
1738 2463 2038 2536 episcopus
2072 2480 2162 2520 ve-

540 2557 680 2612 niat.

591 2651 672 2707 .ll.
704 2651 845 2705 Item
881 2649 1097 2721 placuit
1125 2654 1190 2705 ut
1215 2649 1487 2705 ordinatis
1527 2649 1805 2721 episcopis
1837 2651 1922 2705 vel
1952 2650 2167 2705 clericis

533 2743 691 2814 prius
743 2742 815 2797 ab
867 2743 1294 2799 ordinatoribus
1351 2742 1468 2797 suis
1518 2743 1745 2798 decreta
1791 2743 2166 2798 conciliorum

537 2835 768 2891 auribus
811 2851 1012 2890 eorum
1057 2835 1436 2903 inculcantur,
1478 2853 1551 2890 ne
1600 2851 1657 2890 se
1701 2835 1917 2907 aliquid
1967 2840 2167 2891 contra

538 2931 748 2984 statuta
775 2927 997 2982 concilii
1023 2927 1220 2984 fecisse
1248 2928 1538 2998 poeniteat.

607 3023 696 3077 IV.
726 3023 868 3078 Item
915 3021 1098 3092 placet
1143 3024 1204 3075 ut
1248 3025 1379 3076 ante
1432 3021 1634 3092 viginti
1679 3021 1934 3093 quinque
1986 3037 2166 3076 annos

536 3115 738 3181 atatis,
771 3131 874 3169 nec
917 3113 1140 3169 diaconi
1188 3113 1546 3182 ordinentur,
1579 3130 1684 3170 nec
1730 3115 1982 3186 virgines
2029 3131 2164 3170 con-

536 3213 849 3278 secrentur,
884 3211 941 3262 et
969 3210 1031 3262 ut
1059 3209 1301 3262 lectores
1325 3208 1568 3279 populos
1597 3224 1712 3263 non
1740 3209 2002 3264 salutent.

605 3303 668 3356 V.
701 3303 838 3356 Item
866 3299 1080 3371 placuit
1114 3316 1221 3371 per
1245 3300 1683 3356 solemnissimos
1710 3300 2006 3372 paschales
2044 3301 2166 3357 dies

2266 2278 2542 2334 munione
2557 2278 2941 2334 remotionum
2960 2281 3015 2332 et
3029 2274 3378 2330 discussione
3388 2272 3441 2344 7
3452 2271 3813 2344 9personarum

2263 2372 2414 2428 inter
2429 2375 2783 2427 accusatores
2799 2373 2856 2424 et
2871 2386 2968 2425 eos
2986 2368 3084 2440 qui
3099 2371 3431 2424 accusantur
3445 2366 3617 2420 forma
3633 2359 3815 2420 servata,

2266 2466 2619 2537 reliquorum
2635 2467 2826 2519 autem
2843 2462 3179 2518 clericorum
3201 2476 3399 2516 causas
3418 2457 3578 2514 etiam
3593 2453 3718 2509 solus
3734 2448 3816 2519 epi-

2264 2575 2469 2630 scopus
2495 2557 2601 2612 loci
2626 2561 2899 2628 agnoscat
2919 2558 2977 2610 et
3001 2555 3182 2610 ﬁniat.

2336 2653 2419 2706 IX.
2452 2653 2530 2706 De
2571 2649 2811 2706 diversis
2857 2648 3154 2704 ordinibus
3195 2646 3452 2704 Ecclesia
3493 2636 3818 2698 servientibus

2263 2749 2329 2800 ut
2356 2745 2402 2798 si
2429 2744 2556 2815 quis
2574 2744 2635 2798 in
2667 2759 2892 2798 causam
2922 2740 3176 2796 criminis
3207 2737 3522 2806 incurrerit,
3543 2737 3596 2790 et
3615 2727 3824 2788 abnuerit

2259 2837 2540 2910 judicium
2567 2836 3013 2891 ecclesiasticum
3045 2835 3221 2890 debet
3257 2829 3577 2906 periclitari,
3607 2831 3657 2882 et
3679 2829 3731 2878 ut
3751 2819 3824 2875 ﬁlii

2265 2930 2626 2986 sacerdotum
2652 2929 2972 3000 spectacula
2999 2928 3296 2984 saecularia
3337 2941 3454 2982 non
3493 2920 3695 2977 adeant.
3720 2917 3825 2970 Item

2264 3022 2494 3095 placuit,
2537 3022 2793 3094 quisquis
2840 3022 3266 3094 episcoporum,
3310 3017 3755 3092 presbyterorum,
3787 3007 3830 3058 et

2265 3117 2656 3183 diaconorum,
2706 3132 2803 3171 seu
2854 3115 3212 3183 clericorum,
3261 3129 3393 3170 cum
3442 3111 3500 3166 in
3543 3102 3755 3164 Ecclesia
3791 3096 3831 3152 εἰ

2264 3211 2481 3265 crimen
2526 3209 2702 3264 fuerit
2747 3209 3110 3276 intentatum,
3153 3209 3247 3265 vel
3295 3206 3469 3263 civilis
3507 3216 3660 3258 causa
3699 3191 3832 3251 fuerit

2265 3307 2571 3370 commota,
2604 3302 2652 3357 si
2677 3302 2948 3358 derelicto
2983 3301 3360 3358 ecclesiastico
3399 3296 3623 3371 judicio,
3643 3284 3831 3364 publicis

533 3397 956 3450 sacramentum
978 3392 1402 3448 catechumenis
1431 3410 1550 3448 non
1579 3394 1764 3462 detur,
1795 3393 1905 3448 nisi
1929 3393 2164 3449 solitum
2255 3396 2484 3469 judiciis
2507 3396 2746 3468 purgari
2778 3395 3038 3464 voluerit,
3072 3394 3250 3451 etiam
3280 3395 3328 3448 si
3360 3408 3463 3465 pro
3488 3390 3601 3461 ipso
3625 3386 3672 3441 ei
3706 3377 3835 3436 fuerit

534 3487 634 3558 sal,
656 3487 791 3559 quia
810 3486 856 3540 si
877 3486 1078 3542 ﬁdeles
1104 3501 1207 3557 per
1236 3484 1362 3540 illos
1381 3484 1500 3542 dies
1527 3491 1883 3543 sacramenta
1904 3502 2022 3542 non
2041 3503 2165 3542 mu-
2183 3524 2240 3599 C

697 3597 724 3599 _
747 3595 795 3599 --
836 3578 1247 3599 --ιηιωμη-ε-
1280 3582 1494 3599 ____.-.

532 3584 674 3647 tant,
696 3595 801 3635 nec
828 3578 1249 3635 catechumenis
1273 3582 1499 3650 oportet
1524 3581 1768 3634 mutare.

607 3675 691 3729 VI.
719 3675 859 3729 Item
905 3671 1118 3744 placuit
1151 3675 1217 3727 ut
1250 3671 1586 3744 corporibus
1611 3672 2014 3728 defunctorum
2061 3691 2162 3729 eu-

535 3767 797 3825 charistia
836 3782 956 3822 non
986 3765 1175 3836 detur,
1203 3765 1420 3822 dictum
1467 3768 1554 3822 est
1599 3765 1754 3822 enim
1797 3783 1830 3821 a
1870 3767 2114 3822 Domino
2148 3785 2163 3824 :

531 3861 778 3934 Accipite
821 3863 880 3917 et
923 3860 1092 3917 edite.
1147 3860 1430 3916 Cadavera
1494 3865 1689 3916 autem
1755 3876 1860 3916 nec
1911 3860 2167 3931 accipere

531 3957 789 4026 possunt,
817 3969 923 4009 nec
968 3954 1156 4010 edere.
1208 3953 1540 4009 Cavendum
1571 3957 1655 4008 est
1687 3952 1883 4022 etiam,
1911 3969 1986 4008 ne
2010 3968 2164 4006 mor-

530 4052 654 4104 tuos
682 4046 960 4119 baptizari
987 4062 1151 4116 posse
1178 4046 1424 4100 fratrum
1460 4045 1761 4100 infirmitas
1787 4044 2000 4111 credat,
2035 4044 2164 4116 qui-

534 4141 637 4196 bus
667 4155 772 4194 nec
799 4138 1151 4193 Eucharistia
1179 4138 1305 4192 dari
1329 4137 1547 4192 licitum
1577 4143 1682 4193 est.

605 4232 713 4288 VII.
740 4230 1005 4286 Aurelius
1033 4231 1332 4302 episcopus
1373 4229 1532 4298 dixit,
1566 4229 1819 4302 quisquis
1868 4230 2163 4303 episcopo-

534 4341 664 4381 rum
691 4327 986 4380 accusatur
1010 4324 1085 4378 ad
1112 4323 1383 4396 primates
1411 4323 1714 4395 provincia
1742 4323 1918 4396 ipsius
1937 4341 2166 4380 causam

533 4420 756 4475 deferat
785 4421 1100 4488 accusator,
1134 4433 1238 4473 nec
1268 4433 1302 4472 a
1331 4416 1734 4473 communione
1762 4418 2162 4489 suspendatur,

531 4513 624 4570 cui
672 4512 889 4569 crimen
935 4511 1275 4578 intenditur,
1319 4509 1427 4564 nisi
1474 4510 1545 4564 ad
1594 4527 1823 4564 causam
1865 4527 2030 4566 suam
2077 4511 2163 4566 di-

533 4607 769 4664 cendam
797 4606 1104 4662 electorum
1132 4603 1400 4677 judicum
1427 4603 1518 4658 die
1555 4606 1766 4659 statuta
1803 4602 2004 4659 litteris
2032 4620 2164 4661 evo-

2263 3491 2492 3562 prolata
2537 3489 2839 3556 sententia,
2865 3489 3057 3544 locum
3109 3505 3281 3544 suum
3323 3485 3562 3552 amittat,
3590 3483 3642 3536 et
3673 3477 3763 3532 hoc
3793 3470 3836 3524 in

2265 3582 2544 3638 criminali
2572 3582 2810 3637 actione.
2841 3583 2904 3637 In
2929 3581 3082 3636 civili
3109 3597 3247 3636 vero
3283 3577 3492 3652 perdat
3523 3571 3668 3647 quod
3692 3563 3836 3628 evicit,

2265 3677 2312 3731 si
2361 3677 2551 3732 locum
2603 3691 2770 3730 suum
2822 3673 3080 3730 obtinere
3142 3672 3448 3739 maluerit,
3494 3665 3748 3740 siquidem
3787 3655 3840 3711 ad

2267 3769 2559 3841 eligendos
2603 3768 2824 3839 judices
2857 3767 2964 3822 sibi
3013 3767 3084 3822 de
3130 3767 3402 3823 Ecclesiae
3451 3757 3716 3819 consortio
3760 3751 3838 3848 du:

2265 3863 2424 3931 bitat,
2476 3861 2697 3932 vileque
2760 3860 3028 3916 Ecclesia
3092 3858 3455 3916 consortium
3513 3851 3726 3927 judicat,
3767 3857 3841 3915 qm

2266 3955 2335 4010 de
2364 3954 2627 4010 universa
2652 3954 2900 4010 Ecclesia
2939 3953 3088 4010 male
3114 3953 3413 4009 sentiendo
3443 3950 3513 4005 de
3551 3941 3742 4018 judicio
3762 3951 3841 3991 sa:-

2267 4048 2444 4102 culari
2466 4048 2647 4119 poscit
2664 4047 2955 4118 auxilium,
2978 4063 3107 4104 cum
3126 4046 3488 4118 privatorum
3510 4051 3720 4097 causam
3737 4033 3847 4129 Apf)-

2267 4141 2439 4196 stolus
2460 4140 2630 4196 etiam
2657 4139 2729 4194 ad
2750 4141 3052 4196 Ecclesiam
3084 4139 3316 4210 deferri,
3337 4141 3512 4210 atque
3533 4133 3606 4190 ibi
3627 4130 3845 4186 determi-

2266 4234 2394 4290 nari
2419 4233 2732 4306 pracipiat.

2336 4328 2396 4382 Χ.
2445 4329 2555 4383 Hoc
2588 4327 2763 4383 etiam
2813 4327 3042 4399 placuit,
3070 4331 3194 4382 uta
3220 4325 3660 4398 quibuscunque
3686 4307 3850 4386 judici-

2265 4421 2372 4476 bus
2424 4421 2810 4477 ecclesiasticis
2856 4421 2928 4476 ad
2995 4420 3134 4475 alios
3197 4419 3428 4490 judices
3499 4403 3855 4470 ecclesiasticos

2267 4514 2367 4569 ubi
2410 4517 2497 4569 est
2543 4514 2730 4585 major
2781 4512 3087 4569 auctoritas
3132 4512 3311 4568 fuerit
3361 4511 3734 4583 provocatum,
3769 4509 3856 4550 ηυη

2269 4607 2350 4661 eis
2389 4606 2535 4661 obsit
2575 4623 2821 4678 quorum
2880 4605 3054 4662 fuerit
3107 4605 3304 4660 soluta
3354 4600 3638 4660 sententia
3673 4595 3716 4651 si
3754 4603 3857 4645 con-

532 4705 692 4756 catus
745 4699 982 4754 minime
1032 4687 1366 4765 occurrerit,
1420 4696 1529 4753 hoc
1575 4700 1678 4768 est,
1729 4697 1876 4752 infra
1919 4699 2167 4771 spatium
2266 4699 2414 4755 vinci
2455 4716 2573 4755 non
2618 4699 2930 4771 potuerint,
2957 4701 3043 4754 vel
3081 4698 3322 4754 inimico
3367 4696 3566 4752 animo
3605 4687 3858 4780 judicassei

532 4793 743 4848 mensis
769 4808 838 4847 ex
869 4809 938 4847 ea
979 4791 1070 4847 die
1111 4809 1225 4864 qua
1257 4807 1390 4847 eum
1436 4790 1653 4847 litteras
1699 4790 1981 4864 accepisse
2028 4809 2184 4856 con-,
2265 4793 2352 4848 vel
2379 4793 2570 4865 aliqua
2597 4793 2925 4865 cupiditate,
2956 4794 3055 4848 aut
3080 4792 3267 4864 gratia
3313 4785 3638 4864 depravari.
3677 4782 3799 4838 Sane
3828 4789 3862 4825 ει

534 4885 741 4941 stiterit
779 4885 934 4957 quod
979 4885 1025 4940 si
1073 4885 1291 4957 aliquas
1339 4901 1497 4941 veras
1558 4885 1909 4941 necessitatis
1970 4891 2244 4964 causasD
2268 4905 2333 4943 ex
2361 4902 2638 4943 consensu
2668 4886 2914 4958 partium
2945 4885 3166 4956 judices
3207 4886 3383 4941 electi
3412 4881 3645 4945 fuerint,
3673 4873 3864 4964 etiame

531 4979 875 5052 probaverit,
903 4978 1109 5051 quibus
1137 4995 1268 5034 eum
1303 4996 1602 5036 occurrere
1627 4995 1742 5034 non
1769 4979 2021 5052 potuisse
2047 4996 2166 5034 ma-

2267 4981 2533 5053 pauciore
2562 4996 2806 5036 numero
2837 4995 3012 5052 quam
3041 4979 3424 5035 constitutum
3458 4980 3562 5043 est,
3592 4986 3700 5029 non
3732 4961 3868 5020 liceat

533 5073 805 5129 nifestum
861 5072 952 5140 sit,
998 5089 1181 5126 causa
1225 5089 1342 5127 sua
1393 5072 1650 5128 dicendae
1706 5073 1860 5127 intra
1923 5074 2171 5128 alterum
2270 5074 2579 5146 provocari.

535 5183 788 5223 mensem
816 5166 1104 5238 integram
1140 5165 1342 5221 habeat
1365 5166 1715 5233 facultatem,
1748 5183 1942 5221 verum
1970 5166 2169 5221 tandiu

534 5265 660 5334 post
713 5275 972 5316 mensem
1019 5259 1329 5315 secundum
1378 5274 1494 5313 non
1543 5259 1946 5327 communicet,
1988 5260 2170 5315 donec

533 5359 832 5428 purgetur.
852 5353 906 5410 Si
925 5357 1119 5410 autem
1136 5352 1210 5408 ad
1236 5351 1540 5408 concilium
1569 5353 1882 5408 universale
1911 5353 2169 5409 anniver-

533 5451 748 5506 sarium
777 5463 1076 5504 occurrere
1105 5446 1374 5515 noluerit,
1402 5447 1490 5500 vel
1518 5446 1597 5501 ibi
1621 5463 1792 5501 causa
1819 5446 1942 5517 ejus
1969 5447 2162 5502 termi-

533 5547 722 5612 netur,
743 5541 866 5615 ipse
885 5542 946 5598 in
971 5557 1032 5598 se
1052 5539 1431 5596 damnationis
1451 5556 1566 5594 sua
1593 5540 1936 5596 sententiam
1963 5539 2166 5595 dixisse

524 5636 833 5703 judicetur.
861 5638 1137 5708 Tempore
1177 5649 1313 5691 sane
1343 5649 1458 5706 quo
1503 5649 1619 5689 non
1647 5633 2031 5690 communicat
2060 5651 2167 5689 nec

531 5725 589 5779 in
619 5745 725 5782 sua
754 5729 997 5785 Ecclesia
1021 5729 1108 5784 vel
1146 5727 1415 5801 parochia
1441 5728 1842 5796 communicet,
1874 5730 2166 5784 accusator

524 5820 714 5870 autem
746 5821 886 5888 ejus,
913 5823 956 5875 si
981 5839 1275 5894 nunquam
1306 5822 1502 5878 diebus
1534 5838 1720 5877 causa
1751 5821 2030 5878 discenda
2062 5821 2158 5876 de-

2338 5170 2423 5224 XI.
2458 5169 2529 5222 Ut
2589 5167 2689 5222 filii
2753 5166 3110 5223 sacerdotum
3158 5166 3246 5219 vel
3300 5164 3644 5221 clericorum
3689 5153 3867 5229 specta-

2266 5263 2393 5317 cula
2437 5261 2728 5316 saecularia
2776 5278 2890 5316 non
2940 5259 3269 5326 exhibeant,
3325 5260 3427 5314 sed
3477 5273 3583 5313 nec
3631 5248 3867 5341 spectentt

2268 5371 2599 5426 quanquam
2659 5354 2890 5426 quidem
2935 5353 3007 5408 ab
3060 5351 3389 5424 spectaculo
3432 5355 3491 5406 et
3538 5361 3729 5404 omnes
3771 5335 3872 5394 laici

2264 5448 2694 5521 prohibeantur,
2713 5463 2938 5519 semper
2962 5447 3115 5502 enim
3145 5444 3484 5501 christianis
3511 5439 3766 5500 omnibus
3790 5433 3870 5485 hoc

2264 5542 2629 5598 interdictum
2683 5544 2789 5612 est,
2821 5544 2882 5595 ut
2923 5540 3019 5596 ubi
3056 5539 3396 5610 blasphemi
3424 5541 3581 5608 sunt,
3609 5548 3721 5591 non
3744 5539 3868 5583 acce-

2264 5635 2422 5690 danL

2333 5728 2438 5782 XII.
2489 5729 2629 5782 Item
2689 5727 2913 5798 placuit,
2962 5729 3029 5781 ut
3087 5725 3188 5780 ﬁlii
3244 5723 3336 5778 vel
3399 5722 3540 5779 ﬁlia
3613 5717 3870 5793 epiSCOPO'

2262 5837 2392 5874 rum
2451 5822 2534 5874 vel
2591 5819 2973 5892 quorumlibet
3043 5817 3386 5873 clericorum
3457 5813 3759 5888 gentilibus
3805 5801 3873 5854 vel
