3964 6178
171 269 250 322 333
1346 255 1816 311 DEUltE'I‘ALlUM
1855 256 2238 310 CULLEL‘TIO.

3367 257 3467 310 33's

169 370 405 431 haereticis
452 373 544 424 aut
599 363 969 422 schismaticis
1019 363 1397 423 matrimonio
1446 381 1562 420 non
1598 364 1735 434 jun-
1761 376 1818 450 Α
1908 366 2054 420 XXV.
2086 366 2153 419 Ut
2180 363 2369 419 clerici
2406 363 2493 418 vel
2523 365 2880 420 continentes
2918 363 2992 418 ad
3026 363 3221 418 viduas
3247 364 3333 418 vel
3363 365 3473 419 vir-

282 482 355 520 ω’.

282 482 355 520 ur.

169 470 328 614 galli“.
384 559 448 611 Ut
501 553 750 626 episcopi
791 553 876 607 vel
917 551 1103 606 clerici
1152 551 1209 605 in
1255 568 1353 606 eos
1398 553 1497 622 qui
1547 550 1738 606 catho-

1842 457 2021 529 gines,
2048 456 2160 524 nisi
2179 457 2341 528 jussu
2370 457 2459 512 vel
2487 458 2766 528 permissu
2794 455 3195 528 episcoporum
3222 459 3278 510 et
3305 472 3467 528 pres-

1839 551 2188 622 byterorum,
2228 566 2342 604 non
2371 550 2662 606 accedant.
2698 552 2764 604 Et
2799 550 2906 605 hoc
2940 566 3057 606 non
3090 549 3194 605 soli
3235 550 3467 619 faciant,

168 654 258 719 lici,
306 647 578 705 christiani
635 663 752 700 non
810 650 960 712 sunt,
1015 644 1189 700 etiam
1243 645 1290 699 si
1335 641 1741 714 consanguinei
1842 645 1942 700 sed
1978 661 2106 700 cum
2151 643 2366 699 clericis
2390 645 2477 698 vel
2499 661 2629 699 cum
2658 643 2746 698 his
2769 643 2912 716 Icum
2942 644 3144 716 quibus
3174 644 3470 716 episcopus

165 745 358 810 fuerint,
383 758 479 814 per
502 740 839 797 donationes
868 754 1062 793 rerum
1093 753 1324 795 suarum
1363 736 1507 792 nihil
1544 736 1737 792 confe~

165 843 284 895 rant.

217 932 322 987 XIV.
375 930 442 983 Ut
487 927 731 999 episcopi
783 927 872 981 vel
923 925 1112 980 clerici
1180 942 1311 980 suos
1365 925 1507 979 ﬁlios
1560 942 1594 979 a
1639 941 1742 979 sua

160 1028 395 1097 potestate
440 1038 543 1093 per
593 1019 1107 1091 emancipationem
1162 1018 1314 1073 exire
1355 1034 1472 1073 non
1521 1017 1738 1084 sinant,

161 1118 246 1172 nisi
297 1117 359 1172 de
417 1114 669 1170 moribus
743 1129 942 1168 eorum
1010 1111 1226 1168 fuerint
1302 1113 1358 1166 et
1436 1114 1598 1166 aetate
1660 1127 1744 1164 se-

159 1211 272 1279 curi,
297 1215 352 1264 ut
378 1208 590 1282 possint
620 1207 692 1262 ad
723 1223 818 1262 eos
850 1207 973 1278 jam
1005 1205 1239 1278 propria
1282 1205 1568 1278 pertinere
1607 1220 1740 1276 pec-

157 1308 273 1358 cata.

211 1397 300 1451 XV.
340 1396 480 1450 Item
537 1393 744 1466 placuit
794 1396 860 1448 ut
905 1393 1156 1465 episcopi
1207 1396 1264 1448 et
1328 1390 1642 1463 presbyteri
1687 1394 1746 1445 et

157 1489 337 1544 diaconi
390 1488 478 1542 vel
535 1487 720 1542 clerici
784 1503 900 1542 non
950 1485 1061 1541 sint
1113 1485 1505 1551 conductores,
1558 1498 1743 1555 neque

159 1585 534 1653 procuratores,
565 1597 750 1652 neque
779 1581 896 1635 ullo
924 1579 1077 1650 turpi
1106 1579 1286 1648 lucro,
1324 1580 1409 1634 vel
1441 1577 1743 1632 inhonesto

156 1675 346 1746 negotio
372 1674 584 1730 victum
604 1679 884 1745 quaerant,
918 1672 1051 1744 quia
1072 1671 1354 1743 respicere
1381 1670 1592 1726 debent
1617 1669 1748 1724 scri-

1835 739 2068 810 jusserit
2095 739 2179 792 vel
2225 737 2538 810 presbyter.
2583 738 2689 792 Nec
2738 736 2984 810 episcopi
3011 743 3108 792 aut
3153 737 3466 809 presbyteri

1843 833 1945 888 soli
1973 833 2222 888 habeant
2257 848 2546 886 accessum
2576 832 2648 885 ad
2684 831 3016 902 hujusmodi
3056 830 3318 899 feminas,
3363 830 3469 886 nisi

1843 931 1942 982 aut
1966 926 2155 982 clerici
2198 930 2504 998 praesentes
2561 924 2674 980 sint
2699 929 2799 980 aut
2844 940 3043 995 graves
3085 924 3261 998 aliqui
3287 925 3469 980 Chris-

1845 1019 2033 1075 stiani.

1913 1115 2086 1171 XXVI.
2127 1114 2194 1168 Ut
2237 1113 2436 1185 primae
2483 1113 2634 1168 sedis
2667 1112 2964 1184 episcopus
2998 1128 3116 1166 non
3156 1111 3471 1183 appelletur

1842 1208 2107 1280 princeps
2146 1207 2528 1275 sacerdotum,
2589 1211 2687 1260 aut
2735 1221 2993 1260 summus
3044 1204 3323 1272 sacerdos,
3377 1211 3474 1260 aut

1844 1301 2061 1374 aliquid
2087 1299 2435 1372 hujusmodi,
2461 1299 2556 1355 sed
2585 1303 2808 1355 tantum
2843 1298 3044 1370 prima:
3080 1299 3227 1354 sedis
3255 1298 3469 1369 episco-

1844 1411 1971 1466 pus.

1916 1489 2114 1544 XXVII.
2139 1489 2208 1544 Ut
2231 1488 2417 1544 clerici
2439 1487 2644 1543 edendi
2667 1488 2751 1542 vel
2772 1486 3002 1541 bibendi
3020 1502 3190 1541 causa
3207 1485 3473 1542 tabernas

1845 1599 1960 1637 non
1995 1582 2416 1653 ingrediantur,
2469 1582 2575 1637 nisi
2631 1579 3107 1652 peregrinationis
3142 1580 3474 1635 necessitate

1847 1675 2148 1746 compulsi.

156 1741 288 1839 ptum
312 1784 424 1822 esse
448 1786 468 1836 ;
504 1741 672 1823 nemo
696 1741 953 1822 militans
976 1767 1116 1833 Deo,
1147 1741 1400 1837 itnplicat
1424 1780 1484 1818 se
1504 1762 1748 1835 negotiis
1766 1741 1824 1814 Β
1919 1741 2138 1824 XXVIII.
2176 1770 2314 1824 Item
2356 1767 2568 1838 placuit
2604 1773 2668 1822 ut
2709 1767 2956 1839 episcOpi
2985 1772 3139 1822 trans
3164 1783 3321 1822 mare
3362 1782 3474 1822 non

157 1861 500 1916 saecularibus.

207 1955 314 2009 XVI.
344 1954 410 2008 Ut
435 1954 630 2008 nullus
662 1952 994 2008 clericorum
1025 1951 1271 2023 amplius
1311 1950 1548 2022 recipiat
1571 1966 1747 2022 quam

149 2046 660 2115 accommodaverit;
693 2047 739 2101 si
763 2045 1088 2118 pecuniam,
1117 2043 1424 2117 pecuniam
1455 2043 1745 2116 suscipiat,

151 2142 184 2193 si
207 2141 448 2210 speciem,
489 2139 754 2195 eamdem
779 2139 1027 2210 speciem
1046 2141 1324 2210 quantum
1357 2137 1580 2192 dederit
1611 2136 1748 2191 acci-

149 2233 260 2304 piat,
305 2239 358 2289 et
398 2232 688 2305 quidquid
735 2233 888 2288 aliud
936 2235 1160 2288 tantum
1205 2234 1486 2303 quantum
1534 2229 1751 2286 dederit

151 2326 374 2397 accipiat.

205 2421 333 2476 XVII.
364 2421 431 2474 Ut
462 2435 600 2475 cum
639 2419 908 2474 omnibus
947 2419 1184 2474 omnino
1217 2418 1440 2474 clericis
1465 2420 1749 2474 extraneae

148 2513 345 2567 feminze
392 2529 521 2569 non
576 2512 927 2579 cohabitent,
977 2512 1075 2567 sed
1124 2513 1258 2568 solae
1302 2515 1536 2579 matres,
1589 2511 1748 2579 aviae,

146 2611 432 2662 matertera:
464 2649 484 2674 ,
537 2606 728 2662 amita:
760 2647 775 2673 ,
835 2621 1054 2661 sorores
1083 2647 1097 2674 ,
1166 2608 1226 2660 et
1295 2605 1429 2659 filiae
1505 2604 1750 2660 fratrum

149 2704 229 2753 aut
261 2716 537 2770 sororum,
588 2703 645 2754 et
683 2715 1040 2771 quaecunque
1081 2714 1150 2755 ex
1185 2698 1404 2754 familia
1441 2699 1753 2754 domestica

148 2795 445 2849 necessitate
479 2836 495 2862 ,
556 2794 729 2848 etiam
780 2797 1095 2864 antequam
1143 2792 1540 2848 ordinarentur
1567 2833 1582 2860 ,
1632 2793 1753 2863 jam

149 2903 257 2942 cum
283 2888 358 2942 eis
385 2887 750 2955 habitabant,
781 2888 864 2942 vel
902 2887 947 2941 si
979 2887 1082 2942 ﬁlii
1108 2902 1307 2942 eorum
1324 2885 1450 2957 jam
1479 2884 1752 2940 ordinatis

145 2981 445 3050 parentibus
460 2997 680 3036 uxores
701 2983 1062 3052 acceperunt,
1087 2985 1186 3036 aut
1212 2979 1386 3035 servis
1417 2995 1533 3034 non
1546 2978 1754 3033 haben-

1846 1861 2297 1933 proﬁciScantur,
2337 1861 2444 1915 nisi
2486 1861 2745 1915 consulto
2784 1860 2985 1931 primae
3026 1860 3176 1914 sedis
3213 1859 3478 1932 episcopo

1847 1956 1963 2011 sive
1991 1955 2402 2026 cujuscumque
2418 1953 2725 2024 provinciae
2745 1953 3008 2024 primate,
3039 1957 3098 2008 ut
3114 1953 3184 2007 ab
3210 1953 3475 2026 episcopo

1847 2049 2133 2122 praecipue
2148 2048 2329 2121 possit
2348 2063 2579 2103 sumere
2600 2047 2903 2104 formatam
2923 2047 3013 2102 vel
3030 2046 3474 2104 commendatio-

1847 2159 2000 2200 nem.

1918 2239 2086 2293 XXIX.
2137 2237 2208 2292 Ut
2250 2240 2605 2290 sacramenta
2653 2235 2845 2291 altaris
2889 2251 3008 2290 non
3048 2234 3158 2290 nisi
3195 2251 3230 2290 a
3265 2235 3477 2307 jejunis

1848 2330 2178 2387 hominibus
2191 2329 2570 2400 celebrentur,
2593 2333 2825 2401 excepto
2847 2344 2961 2384 uno
2987 2327 3076 2385 die
3095 2328 3480 2384 anniversario

1850 2441 1962 2496 quo
1997 2439 2157 2478 caena
2206 2421 2435 2477 Domini
2489 2422 2827 2478 celebratur.
2882 2423 3022 2477 Nam
3065 2422 3112 2477 si
3157 2422 3476 2494 aliquorum

1851 2518 2168 2574 meridiano
2198 2521 2458 2588 tempore
2503 2516 2903 2572 defunctorum
2934 2516 3051 2570 sive
3085 2516 3479 2587 episcoporum

1851 2612 1963 2667 sive
2013 2615 2355 2666 caeterorum
2411 2609 2833 2664 commendatio
2880 2609 3141 2665 facienda
3191 2613 3295 2675 est,
3352 2609 3482 2664 solis

1853 2705 2200 2761 orationibus
2229 2703 2328 2758 ﬁat
2356 2703 2402 2758 si
2432 2703 2511 2758 illi
2545 2703 2645 2775 qui
2673 2703 2905 2770 faciunt,
2937 2702 3060 2774 jam
3091 2701 3282 2774 pransi
3321 2701 3476 2758 inve-

1854 2800 2109 2854 niantur.

1924 2893 2070 2950 XXX.
2133 2893 2202 2946 Ut
2253 2891 2397 2946 nulli
2443 2890 2689 2962 episcopi
2742 2889 2831 2944 vel
2887 2889 3077 2944 clerici
3137 2890 3197 2944 in
3249 2888 3481 2944 ecclesia

1852 2986 2239 3053 conviventur,
2289 2984 2399 3040 nisi
2467 2985 2614 3040 forte
2692 2986 3054 3040 transeuntes
3106 2982 3480 3054 hospitiorum

146 3073 269 3183 tibus
293 3076 350 3130 in
380 3075 563 3131 domo
595 3091 736 3147 quas
763 3074 993 3145 ducant,
1012 3073 1240 3130 aliunde
1271 3073 1477 3128 ducere
1507 3072 1750 3128 necessi-
1771 3108 1826 3183 Ο
1851 3079 2188 3135 necessitate
2238 3078 2351 3132 illic
2399 3077 2746 3133 reﬁciantur.
2789 3076 2988 3148 Populi
3033 3076 3207 3131 etiam
3257 3076 3328 3130 ab
3379 3076 3482 3130 hu-

145 3171 214 3220 tas
235 3168 352 3224 fuit.

202 3262 355 3317 XVIII.
402 3265 471 3317 Ut
519 3262 796 3334 episcopi,
862 3261 1179 3333 presbyteri
1229 3266 1287 3316 et
1337 3261 1582 3328 diaconi,
1636 3276 1750 3315 non

146 3353 472 3425 ordinentur,
505 3355 848 3428 priusquam
893 3371 1095 3410 omnes
1139 3355 1237 3426 qui
1281 3357 1415 3409 sunt
1462 3354 1520 3409 in
1577 3353 1748 3409 domo

148 3463 314 3503 eorum
335 3449 693 3506 Christianos
719 3449 1019 3504 catholicos
1048 3449 1305 3503 fecerint.

195 3543 303 3596 XIX.
335 3544 555 3598 Placuit
583 3547 645 3597 ut
668 3545 906 3598 lectores
947 3559 1078 3597 cum
1111 3542 1183 3596 ad
1223 3557 1402 3596 annos
1440 3540 1750 3612 pubertatis

142 3636 387 3708 venerint,
417 3641 710 3709 cogantur
729 3642 827 3692 aut
848 3652 1048 3691 uxores
1075 3635 1300 3703 ducere,
1329 3637 1428 3689 aut
1457 3634 1748 3690 continen-

141 3729 254 3783 tiam
283 3730 562 3802 proﬁteri.

199 3823 289 3877 XX.
320 3825 544 3879 Placuit
568 3827 687 3878 uta
720 3825 874 3878 nullo
901 3824 1162 3894 episcopo
1188 3825 1536 3893 usurpentur
1555 3821 1748 3892 plebes

137 3915 328 3984 alienze,
356 3934 464 3972 nec
510 3916 718 3988 aliquis
760 3917 1156 3989 episcoporum
1190 3915 1655 3988 supergrediatur
1687 3915 1744 3969 in

139 4007 332 4065 dioecesi
362 4027 538 4066 suum
571 4010 870 4081 collegam.

194 4102 305 4158 XXI.
388 4107 458 4160 Ut
537 4104 807 4158 clericum
881 4104 1153 4172 alienum,
1234 4103 1342 4157 nisi
1399 4102 1746 4158 concedente

136 4195 239 4263 ejus
266 4197 557 4269 episcopo,
587 4213 758 4251 nemo
783 4197 989 4252 audeat
1017 4198 1107 4251 vel
1137 4197 1382 4252 retinere
1401 4197 1486 4251 vel
1512 4213 1745 4268 promo-

134 4302 240 4344 vere
287 4289 343 4344 in
395 4289 648 4345 Ecclesia
697 4289 803 4344 sibi
857 4289 1092 4357 credita,
1157 4289 1490 4345 clericorum
1554 4292 1747 4344 autem

136 4396 317 4437 nomen
342 4384 518 4439 etiam
569 4385 804 4440 lectores
841 4388 899 4438 et
933 4383 1242 4455 psalmistaa
1279 4387 1336 4439 et
1375 4383 1589 4439 ostiarii
1609 4381 1742 4437 reti-

132 4479 268 4529 nent.

192 4569 317 4624 XXII.
375 4573 444 4626 L't
503 4572 697 4626 nullus
772 4571 1071 4626 ordinetur
1126 4569 1359 4626 clericus
1428 4585 1544 4625 non
1608 4587 1739 4641 pro-

134 4658 291 4730 batus,
321 4665 405 4720 vel
436 4663 842 4737 episcoporum
871 4664 1128 4721 examine
1150 4665 1236 4721 vel
1267 4664 1461 4736 populi
1492 4663 1741 4720 testimo-

136 4769 231 4809 Illo.

192 4849 346 4906 XXIII.
405 4854 480 4908 Ut
531 4868 701 4908 nemo
753 4851 1017 4924 precibus
1057 4853 1145 4907 vel
1187 4855 1410 4923 patrem
1456 4867 1558 4923 pro
1600 4851 1739 4920 filio,

131 4942 201 4996 vel
246 4945 419 5001 ﬁlium
474 4963 583 5018 pro
626 4951 786 5018 patre
830 4946 1107 5012 nominet,
1162 4948 1220 5000 et
1263 4961 1393 4999 cum
1439 4945 1512 4999 ad
1567 4946 1742 4999 altare

131 5036 398 5107 assistitur,
449 5057 683 5112 semper
736 5041 807 5095 ad
847 5045 1072 5112 patrem
1119 5039 1403 5110 dirigatur
1445 5037 1646 5106 oratio,
1687 5041 1744 5093 et

128 5143 470 5204 quascunque
521 5133 627 5188 sibi
666 5150 864 5205 preces
908 5133 1116 5205 aliquis
1165 5131 1449 5199 describit,
1489 5148 1606 5186 non
1663 5133 1743 5186 eis

129 5225 318 5295 utatur,
350 5226 462 5282 nisi
489 5227 649 5299 prius
675 5243 768 5283 eas
799 5227 1204 5284 instructiones
1242 5225 1511 5282 fratribus
1552 5229 1743 5280 contu-

130 5313 256 5372 lerit.

186 5410 337 5467 XXIV.
387 5415 460 5469 Ut
503 5414 561 5468 in
613 5415 980 5472 sacramentis
1020 5413 1272 5486 corporis
1341 5417 1398 5469 et
1450 5412 1742 5484 sanguinis

134 5501 331 5560 Domini
357 5506 509 5561 nihil
535 5507 780 5580 amplius
816 5509 1088 5564 offeratur
1117 5524 1292 5580 quam
1326 5506 1446 5578 ipse
1471 5506 1744 5562 Dominus

132 5596 358 5667 tradidit,
389 5601 504 5656 hoc
534 5606 637 5673 est,
666 5602 835 5675 panis
861 5607 918 5658 et
941 5602 1137 5658 vinum
1164 5617 1330 5675 aquae
1356 5599 1612 5669 mistum,
1639 5617 1744 5655 nec

133 5692 351 5760 amplius
377 5694 440 5748 in
471 5697 759 5751 sacriﬁciis
783 5695 1056 5752 offeratur
1083 5712 1256 5769 quam
1287 5695 1356 5750 de
1389 5694 1510 5749 uvis
1544 5699 1601 5748 et
1622 5694 1740 5748 fruo

135 5786 334 5841 mentis.

1846 3173 2102 3246 jusmodi
2131 3171 2381 3228 convivis
2423 3174 2699 3244 quantum
2746 3171 2869 3227 ﬁeri
2913 3173 3095 3242 potest
3139 3169 3481 3242 prohibean-

1850 3274 1962 3323 tur.

1921 3362 2087 3416 XXXI.
2146 3362 2215 3415 Ut
2261 3358 2669 3432 paenitentibus
2740 3358 3050 3414 secundum
3117 3361 3475 3427 peccatorum

1850 3453 2249 3521 differentiam,
2273 3452 2527 3525 episcopi
2568 3451 2801 3507 arbitrio
2839 3449 3190 3524 paenitentiae
3217 3455 3474 3521 tempora

1852 3549 2253 3603 decernantur.

1920 3641 2108 3695 XXXII.
2165 3641 2235 3693 Ut
2298 3638 2594 3710 presbyter
2659 3638 2976 3692 inconsulto
3046 3636 3308 3709 episcopo
3359 3653 3475 3693 non

1851 3732 2179 3789 reconciliet
2215 3731 2591 3803 poenitentcm
2644 3730 2751 3785 nisi
2800 3730 3032 3786 absente
3076 3729 3340 3804 episcopo
3383 3747 3478 3784 ne-

1847 3828 2108 3883 cessitate
2137 3829 2378 3897 cogente
2399 3826 2785 3896 cujuscunque
2804 3823 3157 3895 paanitentis;
3186 3824 3476 3895 publicum

1847 3925 1904 3976 et
1961 3919 2414 3991 vulgatissimum
2483 3917 2700 3972 crimen
2777 3920 2860 3971 est
2930 3916 3084 3987 quod
3154 3916 3474 3971 universam

1847 4013 2152 4070 Ecclesiam
2178 4011 2570 4082 commoverit,
2607 4015 2741 4066 ante
2775 4010 3028 4066 absidem
3053 4027 3257 4066 manus
3285 4010 3339 4065 ei
3367 4010 3475 4065 im-

1844 4111 2109 4179 ponatur.

1917 4202 2134 4258 XXXIII.
2192 4202 2262 4255 Ut
2318 4199 2568 4270 virgines
2628 4214 2799 4254 sacrae
2852 4199 2900 4253 si
2979 4215 3010 4252 a
3069 4197 3396 4268 parentibus
3445 4215 3478 4252 a

1846 4295 2051 4366 quibus
2105 4293 2574 4348 custodiebantur
2625 4291 2862 4364 privatae
2923 4291 3172 4360 fuerint,
3228 4291 3476 4363 episcopi

1845 4387 2204 4459 providentia
2257 4387 2344 4441 vel
2398 4385 2715 4458 presbyteri
2779 4384 2876 4439 ubi
2935 4384 3231 4456 episcopus
3277 4384 3478 4440 absens

1764 4481 1822 4553 Ι)
1845 4486 1948 4550 est,
1975 4482 2035 4535 in
2063 4480 2414 4535 monasterio
2440 4480 2733 4551 virginum
2754 4480 2837 4534 vel
2866 4477 3220 4548 gravioribus
3244 4478 3476 4532 feminis

1845 4574 2344 4640 commendentur,
2405 4579 2465 4628 ut
2523 4572 2691 4627 simul
2734 4571 3079 4639 habitantes,
3124 4569 3365 4625 invicem
3419 4589 3474 4625 sc

1843 4667 2184 4734 custodiant,
2214 4683 2284 4722 ne
2310 4665 2518 4738 passim
2543 4669 2820 4736 vagantes
2838 4663 3094 4719 Ecclesiae
3123 4663 3333 4719 laedant
3359 4664 3477 4735 opi-

1845 4761 2075 4816 nionem

1913 4855 2124 4910 XXXIV.
2159 4856 2227 4909 Ut
2257 4855 2617 4924 aegrotantes,
2660 4853 2704 4906 si
2743 4869 2846 4924 pro
2889 4869 2946 4906 se
2990 4853 3332 4924 respondere
3359 4869 3475 4907 non

1844 4951 2080 5021 possunt
2132 4964 2262 5001 cum
2329 4945 2632 5001 voluntatis
2685 4962 2885 5001 eorum
2947 4945 3333 5001 testimonium
3389 4947 3473 4999 sui

1844 5042 2113 5110 dixerint,
2145 5041 2520 5114 baptizentur,
2565 5038 2826 5096 similiter
2867 5044 2923 5095 et
2964 5040 3034 5095 de
3073 5039 3476 5111 paenitentibus

1841 5136 2127 5206 agendum
2153 5140 2257 5190 est.

1914 5231 2104 5284 XXXV.
2158 5230 2228 5284 Ut
2306 5229 2542 5284 scenicis
2616 5231 2785 5299 atque
2857 5227 3225 5283 histrionibus
3290 5227 3476 5282 certis-

1841 5339 1952 5395 que
1979 5322 2302 5394 hujusmodi
2329 5321 2588 5394 personis
2612 5323 2701 5376 vel
2731 5321 3052 5394 apostaticis
3075 5319 3356 5376 conversis
3387 5320 3470 5373 vel

1843 5417 2082 5472 reversis
2118 5417 2189 5472 ad
2230 5417 2539 5472 Dominum
2581 5415 2764 5488 gratia
2805 5415 2888 5472 vel
2928 5412 3312 5472 reconciliatio
3358 5428 3469 5466 non

1841 5516 2136 5656 Πθξξᾶιῦὶ.
2191 5602 2260 5656 Ut
2322 5599 2614 5672 presbyter
2665 5597 2982 5653 inconsulto
3047 5595 3307 5667 episcopo
3370 5593 3475 5648 vir-

1846 5695 2007 5764 gines
2035 5711 2154 5750 non
2183 5699 2489 5764 consecret,
2521 5693 2768 5749 chrisma
2803 5707 2936 5747 vero
2967 5704 3262 5761 nunquam
3291 5688 3471 5744 conﬁ~

1846 5787 1972 5844 ciat.
