3964 6178
522 205 623 258 333

1408 204 1695 260 APPEND.
1737 204 1827 260 AD
1864 203 2027 260 S/EC.
2059 205 2146 261 IX.
2178 232 2248 244 --
2280 205 2525 260 lSlDORl
2560 204 2985 262 MERCATORIS
3709 221 3786 275 336

594 313 836 369 XXXVII.
868 315 939 368 Ut
969 311 1158 367 clerici
1198 311 1256 366 in
1293 312 1480 367 aliena
1519 311 1742 367 civitate
1783 329 1901 368 non
1933 304 2228 399 immo-'A
2246 311 2440 368 animo
2474 312 2805 381 concordat,
2859 312 3158 370 roboratur
3205 298 3399 371 vestrae
3439 315 3692 389 dignitatis
3720 340 3788 378 re-

526 409 740 472 rentur,
774 405 879 459 nisi
927 421 1124 459 causas
1165 421 1368 460 eorum
1401 405 1584 476 justas
1623 406 1873 478 episcopi
1905 407 2010 462 loci
2058 407 2146 463 vel

522 497 834 569 presbyteri
863 499 1118 552 locorum
1147 499 1519 570 perviderint.

592 592 850 646 XXXVIII.
923 591 1065 647 lllud
1127 595 1318 646 autem
1388 592 1748 662 suggerimus
1811 593 2148 650 mandatum

521 683 706 750 nobis,
741 684 893 755 quod
917 683 1092 738 etiam
1121 683 1179 739 in
1207 684 1488 756 Capuensi
1531 685 1788 756 plenaria
1823 687 2039 756 synodo
2065 688 2148 742 vi-

523 776 686 833 detur
712 781 1008 847 statutum,
1039 778 1191 849 quod
1211 795 1326 833 non
1347 779 1516 833 liceat
1534 778 1656 834 ﬁeri
1677 779 2149 851 rebaptizationes

522 874 579 925 et
637 871 1096 926 reordinationes
1146 873 1233 927 vel
1277 871 1672 927 translationes
1733 873 2147 946 episcoporum.

524 965 666 1018 Nam
691 964 1022 1019 Cresconius
1041 965 1186 1020 villae
1217 966 1510 1037 Regiensis
1541 966 1835 1038 episcopus
1859 968 2023 1039 plebe
2051 985 2151 1023 sua

524 1057 796 1112 derelicta
819 1057 1228 1113 Tiburnensem
1265 1058 1470 1114 invasit
1506 1059 1832 1127 Ecclesiam,
1876 1063 1932 1115 et
1972 1076 2151 1132 usque

522 1150 691 1206 hodie
721 1151 1103 1206 commonitus
1132 1153 1445 1206 secundum
1479 1153 1632 1224 quod
1666 1155 1939 1208 statutum
1967 1155 2153 1209 fuerat

523 1243 844 1315 relinquere
883 1244 1145 1299 eamdem
1201 1261 1375 1316 quam
1415 1245 1698 1301 invaserat
1741 1247 1967 1316 plebem
2015 1264 2148 1302 con-

525 1338 773 1408 tempsit,
803 1338 1066 1393 adversus
1093 1341 1306 1394 statuta
1339 1355 1466 1409 quae
1495 1339 1866 1410 pronuntiata
1901 1339 2148 1408 fuerant,

525 1430 858 1486 conﬁrmata
873 1430 1102 1502 quidem
1118 1431 1456 1500 audivimus,
1473 1432 1568 1487 sed
1583 1432 1830 1503 petimus
1839 1433 2152 1488 secundum

523 1524 675 1595 quod
707 1523 870 1578 nobis
895 1524 1233 1578 mandatum
1260 1529 1364 1591 est,
1397 1529 1460 1579 ut
1495 1524 1811 1595 dignemini
1836 1526 1970 1580 dare
2001 1526 2150 1580 fidu-

523 1617 692 1683 ciam,
724 1634 834 1688 quo
865 1616 1198 1672 necessitate
1219 1617 1344 1688 ipsa
1370 1623 1610 1689 cogente
1630 1619 1875 1674 liberum
1896 1619 1967 1674 sit
1991 1619 2153 1674 nobis

524 1715 803 1766 rectorem
831 1710 1135 1782 provinciae
1157 1711 1468 1766 secundum
1485 1713 1699 1766 statuta
1728 1712 2154 1783 gloriosissimo-
2172 1691 2228 1764 Β

524 1820 653 1858 rum
694 1803 1018 1875 principum
1060 1805 1327 1858 adversus
1365 1804 1532 1859 illum
1572 1805 1749 1873 adire,
1791 1809 1855 1860 ut
1897 1806 1992 1876 qui
2028 1806 2152 1861 miti

520 1897 894 1952 admonitioni
920 1901 1119 1952 vestrae
1146 1897 1506 1968 acquiescere
1535 1899 1720 1953 noluit
1759 1902 1815 1953 et
1845 1899 2152 1954 emendare

522 1989 800 2058 illicitum,
832 1990 1168 2046 auctoritate
1199 1990 1501 2060 judiciaria
1521 1991 1778 2062 protinus
1798 1993 2147 2047 excludatur.

521 2082 782 2138 Aurelius
827 2083 1126 2154 episcopus
1162 2084 1320 2150 dixit,
1357 2087 1577 2138 servata
1616 2085 1807 2140 forma
1842 2085 2151 2156 disciplina

520 2193 631 2232 non
661 2176 1035 2231 aestimabitur
1068 2177 1371 2248 appetitus,
1414 2177 1460 2231 si
1500 2181 1682 2232 vestra
1721 2178 1997 2234 charitate
2025 2195 2151 2235 mo-

522 2268 754 2335 destius,
818 2272 1124 2324 conventus
1191 2269 1460 2324 recedere
1523 2270 1958 2338 detractaverit,
2019 2289 2150 2329 cum

519 2361 688 2417 fuerit
716 2379 816 2416 suo
842 2364 1174 2432 contemptu
1209 2365 1265 2417 et
1303 2362 1663 2418 contumacia
1705 2363 1945 2420 faciente
1975 2365 2149 2420 etiam

518 2457 852 2512 auctoritate
877 2454 1178 2526 judiciaria
1194 2459 1524 2510 conventus.
1551 2457 1869 2511 Honoratus
1889 2462 1946 2514 et
1971 2458 2147 2514 Urba-

515 2566 623 2607 nus
675 2549 923 2622 episcopi
975 2548 1256 2617 dixerunt,
1303 2550 1413 2604 hoc
1481 2549 1636 2604 enim
1691 2550 1955 2606 omnibus
2023 2552 2148 2622 pla-

519 2649 626 2714 cet,
652 2644 723 2699 ab
764 2642 1043 2701 universis
1072 2641 1351 2714 episcopis
1393 2642 1612 2698 dictum
1653 2647 1757 2711 est,
1797 2643 2018 2714 justum
2044 2648 2147 2715 est,

519 2738 721 2809 placet.

589 2831 795 2887 XXXIX.
832 2831 1150 2885 Honoratus
1181 2835 1238 2886 et
1277 2831 1541 2886 Urbanus
1572 2831 1822 2904 episcopi
1859 2832 2147 2900 dixerunt,

519 2928 575 2979 et
603 2923 744 2980 illud
785 2922 951 2977 nobis
979 2923 1312 2978 mandatum
1342 2929 1443 2990 est,
1479 2927 1542 2979 ut
1571 2925 1706 2996 quia
1734 2925 2008 2998 proximae
2037 2926 2147 2980 frao

517 3024 632 3072 tres
654 3016 831 3073 nostri
844 3016 1122 3072 Numidiae
1144 3016 1258 3073 duo
1283 3017 1530 3089 episcOpi
1561 3019 1827 3073 ordinare
1842 3035 2153 3091 praesump-

519 3114 717 3166 serunt
743 3108 1094 3184 pontiﬁcem,
1131 3127 1247 3166 non
1292 3111 1402 3165 nisi
1448 3128 1482 3166 a
1528 3111 1832 3167 duodecim
1879 3113 2152 3168 censeatis

517 3204 912 3276 episcoporum
942 3203 1209 3260 celebrari
1223 3203 1631 3260 ordinationes.
1651 3206 1914 3260 Aurelius
1941 3206 2154 3276 episco-

518 3297 604 3371 pis
635 3297 795 3366 dixit,
839 3297 1024 3352 forma
1066 3297 1303 3368 antiqua
1346 3297 1680 3368 servabitur,
1714 3303 1781 3353 ut
1822 3315 1936 3354 non
1964 3299 2155 3355 minus

518 3408 687 3464 quam
737 3395 854 3447 tres
907 3389 1189 3446 sufﬁciant
1230 3391 1330 3462 qui
1383 3391 1598 3447 fuerint
1635 3409 1668 3445 a
1715 3392 2152 3464 metropolitano

517 3485 712 3541 directi
728 3485 800 3540 ad
813 3484 1146 3556 episcOpum
1175 3483 1584 3554 ordinandum,
1615 3489 1923 3556 propterea
1947 3486 2154 3558 quiain

516 3577 727 3650 Tripoli
751 3578 901 3633 forte
930 3580 988 3633 et
1002 3580 1223 3650 Arguze
1240 3577 1579 3649 interjacere
1606 3578 1870 3634 videntur
1897 3579 2154 3636 barbarae

518 3676 738 3744 gentes.
766 3671 909 3726 Nam
937 3671 995 3727 in
1034 3671 1266 3743 Tripoli,
1315 3674 1383 3726 ut
1420 3672 1710 3740 asseritur,
1749 3672 1998 3744 episcopi
2022 3678 2157 3730 sunt

517 3765 769 3839 quinque
787 3766 1190 3822 tantummodo
1206 3769 1262 3822 et
1273 3770 1510 3838 possunt
1528 3767 1672 3821 forte
1691 3766 1761 3822 de
1775 3766 1900 3838 ipso
1911 3783 2152 3824 numero

516 3859 605 3916 vel
653 3859 768 3916 duo
820 3858 1161 3916 necessitate
1213 3859 1403 3931 aliqua
1451 3858 1735 3930 occupari,
1793 3858 2019 3915 difﬁcile
2071 3865 2156 3916 est

519 3952 672 4010 enim
687 3955 752 4008 ut
763 3951 834 4008 de
847 3952 1102 4023 quolibet
1120 3968 1360 4007 numero
1379 3969 1577 4008 omnes
1597 3953 1818 4023 possint
1837 3969 2150 4008 occurrere.

517 4045 784 4118 Nunquid
813 4045 984 4100 debet
1000 4046 1110 4100 hoc
1127 4045 1316 4115 ipsum
1336 4044 1747 4116 impedimento
1767 4044 2156 4100 ecclesiasticas

519 4155 642 4194 esse
694 4137 970 4193 utilitati?
1023 4138 1162 4190 Nam
1235 4140 1292 4192 et
1346 4136 1406 4191 in
1476 4135 1723 4191 Ecclesia
1784 4136 2015 4208 dignata
2071 4140 2157 4192 est

518 4229 784 4288 sanctitas
803 4232 986 4284 vestra
1008 4229 1340 4284 humaniter
1359 4229 1664 4284 convenire
1692 4229 1888 4285 crebro
1918 4246 1983 4285 ac
2007 4247 2154 4302 pene

522 4339 624 4396 per
649 4323 801 4379 diem
818 4322 1165 4379 Dominicam
1187 4321 1531 4379 ordinandos
1550 4321 1846 4380 habemus.
1863 4323 2156 4396 Nunquid-

2250 406 2582 478 sponsione;
2611 407 2681 462 ab
2709 399 2984 464 universis
3012 407 3282 481 episcopis
3305 408 3505 466 dictum
3531 416 3624 483 est,
3648 414 3792 487 placet

2249 500 2400 556 satis.

2318 594 2450 650 XLI.
2505 595 2824 650 Honoratus
2875 597 2932 650 et
2979 595 3240 650 Urbanus
3277 596 3512 668 episcopi
3546 597 3790 658 dixerunt:

2248 688 2529 752 Quoniam
2575 687 2644 743 de
2687 688 2926 743 concilio
2959 689 3219 759 quaedam
3259 692 3486 745 tractata
3525 699 3794 764 noscuntur,

2249 781 2545 852 adjicimus
2579 780 2748 836 etiam
2789 781 2859 836 de
2894 781 2986 835 die
3025 781 3250 837 Pascha:
3287 782 3440 837 nobis
3476 800 3582 839 esse
3608 787 3796 842 manda-

2248 877 2394 944 tum,
2423 877 2487 929 ut
2512 874 2582 930 de
2601 873 2849 928 Ecclesia
2869 890 3094 946 semper
3108 875 3543 947 Carthaginensi,
3561 877 3682 934 sicut
3691 896 3799 951 prsic

2249 968 2464 1022 dictum
2486 973 2589 1034 est,
2612 967 2985 1036 instruamur,
3006 969 3066 1022 et
3087 983 3202 1022 non
3221 969 3324 1024 sub
3341 973 3566 1040 angusto
3578 973 3800 1044 temporis

2250 1061 2451 1133 spatio.
2485 1061 2742 1116 Aurelius
2768 1060 3066 1133 episcopus
3089 1079 3102 1116 :
3131 1061 3186 1117 Si
3207 1062 3478 1118 sanctitati
3492 1069 3666 1118 vestra
3690 1064 3804 1121 vide-

2249 1159 2363 1223 tur,
2391 1154 2659 1226 quoniam
2686 1171 2788 1209 nos
2807 1155 3178 1226 spopondisse
3208 1156 3332 1226 jam
3365 1156 3601 1227 superius
3635 1159 3801 1213 memi-

2250 1248 2458 1316 nimus,
2493 1251 2555 1303 ut
2583 1247 2818 1319 singulis
2851 1248 3171 1320 quibusque
3201 1249 3365 1303 annis
3403 1249 3470 1304 ad
3504 1251 3803 1307 tractandum

2251 1340 2679 1410 conveniamus,
2711 1345 2767 1396 et
2796 1357 2926 1396 cum
2956 1342 3390 1398 convenerimus
3423 1342 3479 1396 in
3504 1359 3680 1412 unum,
3704 1347 3804 1398 tunc

2251 1433 2634 1504 divulgabitur
2677 1437 2901 1489 sanctus
2935 1435 3162 1489 Paschaa
3204 1435 3324 1489 dies
3364 1451 3462 1506 per
3504 1436 3694 1506 legatos
3732 1437 3804 1506 qui

2253 1527 2486 1582 fuerunt
2521 1526 2580 1581 in
2620 1527 2880 1582 concilio.
2910 1529 3228 1582 Honoratus
3263 1531 3320 1583 et
3347 1527 3586 1583 Urbanus
3609 1527 3806 1599 episcOpi

2254 1619 2556 1675 dixerunt:
2591 1620 2747 1674 Nunc
2777 1619 2847 1674 de
2868 1621 3137 1691 praesenti
3161 1620 3565 1692 coetupetimus,
3583 1623 3640 1674 ut
3651 1620 3807 1675 litteris

2251 1712 2604 1783 provinciam
2620 1717 2875 1767 nostram
2894 1712 2963 1767 de
2975 1713 3083 1768 hac
3102 1713 3195 1768 die
3216 1713 3510 1769 informare
3525 1712 3805 1784 dignemini.

2250 1805 2514 1860 Aurelius
2545 1805 2842 1877 episcopus
2870 1805 3016 1860 dixit
3041 1823 3054 1861 :
3087 1808 3169 1862 Ita
3194 1806 3292 1862 ﬁat
3316 1823 3532 1863 necesse
3557 1811 3648 1862 est.

2323 1899 2468 1952 XLII.
2498 1898 2807 1970 Epigonius
2843 1899 3140 1970 episcopus
3173 1900 3316 1955 dixit
3343 1917 3358 1955 :
3391 1900 3561 1955 Multis
3588 1899 3641 1953 in
3662 1898 3806 1954 conci-

2251 1990 2342 2045 liis
2367 1991 2472 2046 hoc
2496 1993 2774 2046 statutum
2816 1996 2902 2048 est
2943 2009 2977 2048 a
3018 1995 3166 2048 coetu
3206 1992 3544 2059 sacerdotali,
3581 1994 3640 2047 ut
3660 1991 3809 2063 plebes

2250 2100 2376 2156 quae
2403 2084 2462 2139 in
2483 2084 2815 2140 dioecesibus
2829 2086 2898 2140 ab
2911 2086 3200 2158 episcopis
3226 2089 3486 2142 tenentur
3512 2101 3627 2157 quae
3641 2085 3806 2156 episco-

2251 2194 2355 2248 pos
2371 2194 2666 2250 nunquam
2681 2178 3029 2247 habuerunt,
3051 2196 3165 2234 non
3190 2179 3302 2234 nisi
3318 2195 3445 2234 cum
3457 2179 3712 2234 voluntate
3721 2177 3810 2247 ejus

2251 2270 2499 2342 episcopi
2526 2287 2558 2324 a
2591 2287 2703 2341 quo
2729 2275 3018 2342 tenentur,
3042 2273 3304 2344 proprios
3321 2272 3584 2342 accipiant
3595 2273 3808 2337 rectores,

2250 2363 2311 2417 id
2335 2367 2420 2418 est
2445 2363 2776 2436 episcopos;
2809 2369 2869 2420 at
2892 2381 3024 2420 vero
3055 2365 3194 2437 quia
3220 2365 3479 2421 nonnulli
3504 2363 3720 2436 quodam
3737 2361 3811 2418 do-

2249 2456 2473 2511 minatu
2501 2457 2708 2529 adepto
2749 2459 3218 2514 communionem
3256 2459 3490 2514 fratrum
3516 2458 3809 2521 abhorrrent,

2249 2550 2339 2604 vel
2361 2553 2534 2618 certe,
2562 2567 2692 2605 cum
2719 2551 2920 2606 elevati
2948 2551 3184 2619 fuerint,
3217 2551 3377 2624 quasi
3401 2553 3459 2606 in
3485 2551 3703 2623 quadam
3717 2563 3811 2602 arce

2249 2643 2610 2714 tyrannicam
2643 2643 2747 2698 sibi
2774 2644 3226 2700 dominationem
3254 2645 3554 2710 vindicant,
3575 2642 3706 2714 quod
3719 2640 3810 2712 ple-

2250 2736 2412 2808 rique
2462 2737 2652 2792 stolidi
2692 2738 2960 2792 adversus
2992 2737 3286 2810 episcopos
3324 2753 3452 2794 suos
3479 2737 3694 2793 cervices
3736 2732 3814 2817 eri-

2253 2835 2397 2901 gunt
2421 2829 2758 2901 presbyteri,
2790 2831 2878 2886 vel
2918 2831 3188 2887 conviviis
3228 2833 3336 2887 sibi
3370 2830 3700 2886 conciliantes
3721 2827 3812 2898 ple-

2250 2922 2382 2978 hem
2417 2925 2483 2978 ut
2512 2939 2788 2994 persuasu
2831 2925 3090 2996 maligno
3127 2928 3187 2981 et
3225 2925 3419 2981 illicito
3452 2923 3661 2981 eosdem
3681 2919 3815 2976 velint

2252 3015 2362 3070 sibi
2385 3016 2663 3073 collocare
2698 3022 2963 3088 rectores,
2987 3019 3139 3090 quod
3163 3019 3398 3090 quidem
3422 3017 3627 3088 insigne
3651 3010 3814 3070 mentis

2254 3113 2366 3165 tuae
2412 3112 2673 3166 tenemus
2717 3113 2930 3179 votum,
2981 3112 3157 3168 frater
3199 3112 3456 3184 religiose
3500 3109 3688 3174 Aureli,
3717 3103 3816 3178 quia

2253 3203 2374 3258 haec
2400 3219 2550 3274 saepe
2595 3204 2922 3275 oppressisti
2962 3221 3078 3260 non
3115 3206 3366 3262 curando
3391 3206 3527 3261 tales
3553 3201 3813 3275 petitiones,

2255 3296 2352 3352 sed
2373 3300 2610 3367 propter
2629 3313 2830 3353 eorum
2865 3300 3046 3354 malos
3067 3299 3351 3370 cogitatus
3381 3302 3437 3354 et
3455 3314 3609 3371 prave
3630 3293 3814 3351 concin-

2256 3394 2388 3444 nata
2413 3389 2650 3445 concilia
2675 3391 2779 3446 hoc
2804 3392 2929 3448 dico
2952 3408 3067 3447 non
3092 3392 3305 3449 debere
3329 3398 3597 3448 rectorem
3615 3387 3817 3457 accipere

2255 3499 2384 3538 eam
2405 3483 2629 3554 plebem
2662 3501 2789 3555 quae
2825 3485 2884 3540 in
2926 3485 3157 3541 dioecesi
3183 3503 3413 3558 semper
3442 3481 3708 3555 subjacuit,
3742 3493 3818 3532 nec

2253 3592 2508 3647 unquam
2537 3577 2836 3649 proprium
2867 3578 3198 3650 episcopum
3225 3579 3442 3647 habuit,
3471 3578 3772 3649 quapropter
3785 3569 3818 3623 si

2253 3669 2515 3724 universo
2547 3670 2897 3726 sanctissimo
2945 3671 3186 3727 concilio
3231 3673 3541 3744 complacet
3572 3669 3666 3724 hoc
3704 3662 3820 3737 quod

2253 3767 2586 3834 prosecutus
2633 3779 2786 3834 sum,
2835 3763 3226 3820 conﬁrmetur.
3278 3765 3534 3821 Aurelius
3577 3761 3818 3833 episcOpus

2255 3855 2434 3911 dixit:
2471 3855 2677 3911 Fratris
2722 3859 2780 3911 et
2815 3858 3235 3914 consacerdotis
3282 3858 3462 3914 nostri
3496 3846 3819 3929 prosecutioni

2255 3964 2372 4002 non
2400 3948 2632 4017 obsisto,
2672 3950 2768 4005 sed
2797 3950 2904 4006 hoc
2941 3967 3036 4008 me
3063 3951 3286 4020 fecisse,
3318 3955 3376 4008 et
3411 3952 3672 4008 facturum
3705 3956 3817 4009 esse,

2255 4041 2542 4097 conﬁteor.

2325 4135 2504 4190 XLIII.
2558 4135 2713 4192 Circa
2767 4151 2861 4191 eos
2913 4153 3049 4193 sane
3109 4138 3207 4210 qui
3274 4138 3489 4195 fuerint
3533 4131 3821 4195 concordes,

2256 4244 2370 4284 non
2391 4228 2571 4284 solum
2593 4229 2741 4285 circa
2761 4229 3064 4286 Ecclesiam
3075 4231 3598 4304 Carthaginensem,
3619 4228 3700 4284 sed
3711 4225 3824 4280 circa

2257 4338 2431 4379 omne
2471 4323 2818 4379 sacerdotale
2845 4324 3218 4381 consortium.
3261 4329 3407 4382 Sunt
3445 4325 3590 4382 enim
3621 4319 3823 4394 plerique

521 4433 654 4475 nam
696 4418 1028 4490 frequenter
1085 4419 1284 4488 potero
1334 4415 1631 4473 duodecim
1678 4417 1767 4473 vel
1815 4417 2016 4474 decem
2067 4418 2230 4493 velD
2253 4416 2643 4489 conspirantes
2672 4433 2801 4472 cum
2831 4418 3076 4490 propriis
3100 4418 3383 4490 plebibus,
3408 4436 3544 4492 quas
3568 4412 3822 4485 decipiunt.

517 4511 894 4570 multominus
922 4511 1199 4567 advocare
1231 4510 1543 4583 episcopos,
1586 4510 1686 4566 sed
1713 4510 1875 4567 facile
1903 4514 1986 4567 est
2010 4511 2154 4568 mihi

516 4605 659 4663 duos
717 4605 1029 4678 adjungere
1085 4621 1232 4661 meae
1285 4604 1549 4676 parvitati
1599 4604 1890 4676 episcopos
1919 4605 2150 4674 vicinos,

519 4703 868 4772 quapropter
892 4699 1074 4755 cernit
1102 4715 1328 4754 mecum
1357 4697 1603 4754 charitas
1623 4701 1807 4754 vestra
1828 4699 1937 4754 hoc
1965 4699 2153 4771 ipsum

520 4792 810 4850 observari
834 4809 953 4848 non
980 4809 1164 4864 posse.

586 4887 691 4944 XL.
723 4887 790 4942 Et
816 4885 961 4941 illud
984 4889 1070 4942 est
1095 4886 1484 4955 statuendum,
1504 4891 1568 4943 ut
1599 4887 1827 4959 quando
1846 4886 1918 4942 ad
1943 4886 2154 4958 eligen-

521 4980 662 5036 dum
691 4979 1022 5052 episcOpum
1071 4979 1506 5036 convenerimus
1546 4980 1590 5034 si
1641 4997 1756 5051 qua
1779 4979 2152 5034 contradictio

516 5073 692 5130 fuerit
745 5073 968 5144 oborta,
1011 5074 1146 5146 quia
1186 5074 1321 5129 talia
1360 5074 1507 5128 facta
1539 5076 1672 5127 sunt
1705 5073 1855 5144 apud
1884 5089 2009 5140 nos,
2038 5089 2153 5127 non

519 5172 870 5240 praesumant
895 5168 966 5222 ad
1010 5167 1382 5239 purgandum
1423 5183 1557 5222 eum
1599 5166 1697 5238 qui
1743 5164 2038 5222 ordinatus
2071 5170 2155 5221 est

518 5266 631 5318 tres
636 5263 780 5334 jam,
799 5261 897 5318 sed
913 5261 1275 5334 postulentur
1285 5261 1357 5316 ad
1373 5276 1680 5316 numerum
1695 5258 2152 5331 supradictorum

514 5357 629 5412 duo
662 5357 748 5412 vel
780 5359 913 5422 tres,
943 5359 1002 5410 et
1035 5355 1089 5410 in
1125 5354 1326 5411 eadem
1364 5354 1530 5426 plebe
1568 5353 1659 5408 cui
1690 5352 2040 5408 ordinandus
2069 5356 2154 5409 est

512 5450 868 5505 discutiatur.
910 5448 1100 5504 Primo
1150 5464 1410 5521 personae
1465 5446 1999 5517 contradicentium,
2055 5463 2155 5519 po-

513 5546 722 5598 stremo
752 5543 852 5598 illa
883 5541 1057 5597 etiam
1087 5558 1214 5614 qua:
1249 5541 1595 5613 objiciuntur
1621 5544 2061 5613 pertractentur,
2095 5544 2154 5595 et

514 5651 644 5690 cum
665 5635 792 5710 80
817 5639 1095 5709 purgatus
1125 5635 1299 5692 fuerit
1326 5635 1434 5692 sub
1455 5638 1755 5707 conspectu
1792 5633 2038 5707 publico,
2074 5633 2152 5690 ita

509 5726 742 5783 demum
789 5729 1103 5801 ordinetur,
1143 5730 1188 5787 si
1246 5731 1349 5787 hoc
1393 5745 1522 5786 cum
1591 5733 1790 5787 vestra:
1836 5728 2146 5785 sanctitatis

2256 4513 2316 4566 ut
2342 4510 2556 4565 dictum
2595 4515 2697 4579 est,
2726 4527 2924 4567 earum
2952 4513 3268 4584 scalpentes
3305 4530 3468 4569 aures
3493 4512 3559 4568 ad
3596 4508 3821 4565 seducen-

2253 4603 2391 4658 dum
2415 4602 2630 4659 vitiosae
2649 4603 2780 4659 vitae
2806 4605 3088 4672 homines,
3116 4606 3203 4661 vel
3228 4612 3384 4663 certe
3405 4605 3581 4661 inflati
3597 4606 3649 4659 et
3667 4599 3726 4655 ab
3743 4597 3824 4652 hoc

2253 4697 2542 4752 consortio
2578 4698 2842 4769 separati,
2881 4698 2979 4770 qui
3015 4701 3224 4770 putant
3258 4700 3509 4772 propriae
3536 4695 3677 4771 plebi
3696 4693 3821 4747 incu-

2253 4789 2528 4860 bandum,
2547 4795 3031 4863 etnonnunquam
3048 4794 3311 4848 conventi
3321 4793 3392 4848 ad
3406 4791 3685 4848 concilium
3703 4780 3822 4840 veni-

2253 4899 2314 4939 re
2331 4883 2629 4956 refugiunt
2649 4888 2706 4940 et
2734 4884 3072 4954 detractant,
3089 4902 3190 4941 sua
3213 4887 3358 4942 forte
3377 4904 3448 4942 ne
3465 4875 3825 4958 prodanturﬂa-

2255 4977 2391 5048 gitia
2411 4981 2753 5044 metuentes,
2788 4977 2932 5046 dico,
2961 4978 3007 5033 si
3034 4980 3238 5050 placet,
3269 4984 3469 5037 contra
3493 4980 3589 5034 hos
3612 4990 3712 5031 non
3733 4976 3826 5026 tan-

2252 5073 2377 5125 tum
2403 5070 2667 5128 diceceses
2709 5087 2824 5126 non
2856 5088 2975 5127 esse
3005 5073 3328 5142 servandas,
3368 5089 3560 5129 verum
3601 5068 3747 5125 etiam
3782 5061 3827 5114 et

2253 5164 2323 5219 de
2364 5164 2596 5236 prOpria
2635 5165 2896 5233 Ecclesia,
2937 5182 3066 5237 quae
3100 5165 3214 5221 illis
3259 5166 3407 5222 male
3442 5163 3605 5222 fuerit
3635 5156 3825 5216 omnino

2254 5257 2647 5325 adnitendum,
2666 5263 2732 5314 ut
2749 5258 2924 5315 etiam
2939 5259 3270 5316 auctoritate
3284 5260 3507 5332 publica
3525 5252 3824 5328 rejiciantur,

2253 5354 2424 5422 atque
2448 5350 2520 5407 ab
2539 5350 2676 5423 ipsis
2702 5352 3112 5424 principalibus
3141 5353 3424 5409 cathedris
3451 5348 3825 5408 removeantur;

2252 5447 2478 5517 Oportet
2502 5444 2659 5500 enim
2689 5445 2872 5517 utqui
2911 5445 3189 5502 universis
3231 5445 3502 5503 fratribus
3525 5460 3586 5498 ac
3607 5438 3700 5497 toti
3719 5448 3824 5490 con-

2251 5538 2378 5594 cilio
2409 5538 2722 5604 inhaeserit,
2759 5555 2876 5596 non
2905 5539 3088 5595 solum
3116 5557 3220 5596 sua
3247 5541 3379 5612 jure
3418 5539 3648 5608 integro.
3675 5528 3758 5586 Sed
3783 5525 3827 5577 θί

2252 5633 2517 5690 dioeceses
2544 5633 2846 5705 possideat,
2879 5636 2938 5688 at
2965 5649 3100 5690 vero
3137 5635 3234 5707 qui
3271 5633 3500 5688 sibimet
3529 5629 3715 5703 putant
3737 5620 3827 5692 ple-

2251 5728 2350 5784 bes
2378 5744 2509 5784 suas
2530 5728 2787 5785 sufﬁcere
2810 5729 3056 5785 fraterna
3078 5727 3381 5784 dilectione
3399 5724 3721 5794 contempta,
3741 5727 3824 5769 ηθθ
