  <div class='ocr_page' id='page_1' title='image "/cluster/home/n/w/nwhite01/storage/ocr_20150623/130/hvd.32044054759915/198.png"; bbox 0 0 3964 6178; ppageno 0'>
   <div class='ocr_carea' id='block_1_1' title="bbox 169 247 244 337">
    <p class='ocr_par' dir='ltr' id='par_1_1' title="bbox 169 247 244 337">
     <span class='ocr_line' id='line_1_1' title="bbox 169 247 244 337; baseline -0.04 0"><span class='ocrx_word' id='word_1_1' title='bbox 169 247 244 337; x_wconf 75' lang='lat'>337</span> 
     </span>
    </p>
   </div>
   <div class='ocr_carea' id='block_1_2' title="bbox 1327 277 2219 336">
    <p class='ocr_par' dir='ltr' id='par_1_2' title="bbox 1327 277 2219 336">
     <span class='ocr_line' id='line_1_2' title="bbox 1327 277 2219 336; baseline 0.002 -5"><span class='ocrx_word' id='word_1_2' title='bbox 1327 277 1796 335; x_wconf 70' lang='lat' dir='ltr'>DECRETALIUM</span> <span class='ocrx_word' id='word_1_3' title='bbox 1833 280 2219 336; x_wconf 84' lang='lat' dir='ltr'>CULLECTIO.</span> 
     </span>
    </p>
   </div>
   <div class='ocr_carea' id='block_1_3' title="bbox 3361 285 3462 343">
    <p class='ocr_par' dir='ltr' id='par_1_3' title="bbox 3361 285 3462 343">
     <span class='ocr_line' id='line_1_3' title="bbox 3361 285 3462 343; baseline 0 -1"><span class='ocrx_word' id='word_1_4' title='bbox 3361 285 3462 343; x_wconf 87' lang='lat'>338</span> 
     </span>
    </p>
   </div>
   <div class='ocr_carea' id='block_1_4' title="bbox 165 383 3460 472">
    <p class='ocr_par' dir='ltr' id='par_1_4' title="bbox 165 383 3460 472">
     <span class='ocr_line' id='line_1_4' title="bbox 165 383 3460 472; baseline 0.002 -29"><span class='ocrx_word' id='word_1_5' title='bbox 165 389 341 443; x_wconf 87' lang='lat' dir='ltr'>tantum</span> <span class='ocrx_word' id='word_1_6' title='bbox 367 383 624 439; x_wconf 72' lang='lat' dir='ltr'>dioeceses</span> <span class='ocrx_word' id='word_1_7' title='bbox 657 384 943 450; x_wconf 78' lang='lat' dir='ltr'>amittant,</span> <span class='ocrx_word' id='word_1_8' title='bbox 975 386 1092 454; x_wconf 92' lang='lat' dir='ltr'>sed,</span> <span class='ocrx_word' id='word_1_9' title='bbox 1124 391 1190 440; x_wconf 87' lang='lat' dir='ltr'>ut</span> <span class='ocrx_word' id='word_1_10' title='bbox 1229 387 1368 450; x_wconf 88' lang='lat' dir='ltr'>dixi,</span> <span class='ocrx_word' id='word_1_11' title='bbox 1399 387 1571 442; x_wconf 90' lang='lat' dir='ltr'>etiam</span> <span class='ocrx_word' id='word_1_12' title='bbox 1602 404 1731 459; x_wconf 86' lang='lat' dir='ltr'>pro-</span> <span class='ocrx_word' id='word_1_13' title='bbox 1753 399 1809 472; x_wconf 80' lang='grc' dir='ltr'><strong>Α</strong></span> <span class='ocrx_word' id='word_1_14' title='bbox 1824 387 2032 460; x_wconf 89' lang='lat' dir='ltr'>jusque</span> <span class='ocrx_word' id='word_1_15' title='bbox 2063 387 2329 459; x_wconf 83' lang='lat' dir='ltr'>episcOpi,</span> <span class='ocrx_word' id='word_1_16' title='bbox 2351 388 2407 442; x_wconf 93' lang='lat' dir='ltr'>in</span> <span class='ocrx_word' id='word_1_17' title='bbox 2443 389 2626 459; x_wconf 86' lang='lat' dir='ltr'>prima</span> <span class='ocrx_word' id='word_1_18' title='bbox 2646 387 3047 445; x_wconf 84' lang='lat' dir='ltr'>tantummodo</span> <span class='ocrx_word' id='word_1_19' title='bbox 3067 391 3460 449; x_wconf 78' lang='lat' dir='ltr'>conventione.</span> 
     </span>
    </p>
   </div>
   <div class='ocr_carea' id='block_1_5' title="bbox 166 478 1726 553">
    <p class='ocr_par' dir='ltr' id='par_1_5' title="bbox 166 478 1726 553">
     <span class='ocr_line' id='line_1_5' title="bbox 166 478 1726 553; baseline 0.001 -18"><span class='ocrx_word' id='word_1_20' title='bbox 166 481 272 553; x_wconf 87' lang='lat' dir='ltr'>priis</span> <span class='ocrx_word' id='word_1_21' title='bbox 305 478 506 550; x_wconf 88' lang='lat' dir='ltr'>publica</span> <span class='ocrx_word' id='word_1_22' title='bbox 536 482 767 533; x_wconf 83' lang='lat' dir='ltr'>careant</span> <span class='ocrx_word' id='word_1_23' title='bbox 806 479 1164 549; x_wconf 80' lang='lat' dir='ltr'>auctoritate,</span> <span class='ocrx_word' id='word_1_24' title='bbox 1211 486 1276 535; x_wconf 91' lang='lat' dir='ltr'>ut</span> <span class='ocrx_word' id='word_1_25' title='bbox 1319 481 1582 536; x_wconf 87' lang='lat' dir='ltr'>rebelles.</span> <span class='ocrx_word' id='word_1_26' title='bbox 1620 483 1726 536; x_wconf 86' lang='lat' dir='ltr'>Ho-</span> 
     </span>
    </p>
   </div>
   <div class='ocr_carea' id='block_1_6' title="bbox 163 570 1731 646">
    <p class='ocr_par' dir='ltr' id='par_1_6' title="bbox 163 570 1731 646">
     <span class='ocr_line' id='line_1_6' title="bbox 163 570 1731 646; baseline 0.001 -17"><span class='ocrx_word' id='word_1_27' title='bbox 163 578 349 629; x_wconf 86' lang='lat' dir='ltr'>noratus</span> <span class='ocrx_word' id='word_1_28' title='bbox 373 575 423 625; x_wconf 92' lang='lat' dir='ltr'>et</span> <span class='ocrx_word' id='word_1_29' title='bbox 446 570 702 627; x_wconf 84' lang='lat' dir='ltr'>Urbanus</span> <span class='ocrx_word' id='word_1_30' title='bbox 729 571 994 627; x_wconf 88' lang='lat' dir='ltr'>dixerunt</span> <span class='ocrx_word' id='word_1_31' title='bbox 1023 573 1274 645; x_wconf 83' lang='lat' dir='ltr'>episcopi</span> <span class='ocrx_word' id='word_1_32' title='bbox 1303 591 1316 628; x_wconf 89' lang='lat'><strong>:</strong></span> <span class='ocrx_word' id='word_1_33' title='bbox 1347 574 1581 629; x_wconf 91' lang='lat' dir='ltr'>Summa</span> <span class='ocrx_word' id='word_1_34' title='bbox 1607 594 1731 646; x_wconf 89' lang='lat' dir='ltr'>pro-</span> 
     </span>
    </p>
   </div>
   <div class='ocr_carea' id='block_1_7' title="bbox 165 665 1731 738">
    <p class='ocr_par' dir='ltr' id='par_1_7' title="bbox 165 665 1731 738">
     <span class='ocr_line' id='line_1_7' title="bbox 165 665 1731 738; baseline 0.004 -20"><span class='ocrx_word' id='word_1_35' title='bbox 165 665 562 720; x_wconf 85' lang='lat' dir='ltr'>visiosanctitatis</span> <span class='ocrx_word' id='word_1_36' title='bbox 578 669 692 719; x_wconf 57' lang='lat' dir='ltr'>tua;</span> <span class='ocrx_word' id='word_1_37' title='bbox 717 665 954 719; x_wconf 67' lang='lat' dir='ltr'>cohaesit</span> <span class='ocrx_word' id='word_1_38' title='bbox 972 666 1258 721; x_wconf 89' lang='lat' dir='ltr'>mentibus</span> <span class='ocrx_word' id='word_1_39' title='bbox 1274 667 1650 738; x_wconf 87' lang='lat' dir='ltr'>singulorum,</span> <span class='ocrx_word' id='word_1_40' title='bbox 1675 673 1731 724; x_wconf 90' lang='lat' dir='ltr'>et</span> 
     </span>
    </p>
   </div>
   <div class='ocr_carea' id='block_1_8' title="bbox 162 763 1730 839">
    <p class='ocr_par' dir='ltr' id='par_1_8' title="bbox 162 763 1730 839">
     <span class='ocr_line' id='line_1_8' title="bbox 162 763 1730 839; baseline 0.003 -20"><span class='ocrx_word' id='word_1_41' title='bbox 162 769 266 836; x_wconf 84' lang='lat' dir='ltr'>puto</span> <span class='ocrx_word' id='word_1_42' title='bbox 288 763 525 817; x_wconf 91' lang='lat' dir='ltr'>omnium</span> <span class='ocrx_word' id='word_1_43' title='bbox 553 765 923 834; x_wconf 87' lang='lat' dir='ltr'>responsione</span> <span class='ocrx_word' id='word_1_44' title='bbox 950 781 1012 819; x_wconf 91' lang='lat' dir='ltr'>ea</span> <span class='ocrx_word' id='word_1_45' title='bbox 1043 783 1153 836; x_wconf 87' lang='lat' dir='ltr'>qua</span> <span class='ocrx_word' id='word_1_46' title='bbox 1177 768 1442 838; x_wconf 82' lang='lat' dir='ltr'>prosequi</span> <span class='ocrx_word' id='word_1_47' title='bbox 1463 768 1730 839; x_wconf 89' lang='lat' dir='ltr'>dignatus</span> 
     </span>
    </p>
   </div>
   <div class='ocr_carea' id='block_1_9' title="bbox 163 856 1727 930">
    <p class='ocr_par' dir='ltr' id='par_1_9' title="bbox 163 856 1727 930">
     <span class='ocr_line' id='line_1_9' title="bbox 163 856 1727 930; baseline 0.004 -19"><span class='ocrx_word' id='word_1_48' title='bbox 163 875 206 911; x_wconf 88' lang='lat' dir='ltr'>es</span> <span class='ocrx_word' id='word_1_49' title='bbox 238 857 518 928; x_wconf 88' lang='lat' dir='ltr'>probanda.</span> <span class='ocrx_word' id='word_1_50' title='bbox 572 856 824 912; x_wconf 89' lang='lat' dir='ltr'>Universi</span> <span class='ocrx_word' id='word_1_51' title='bbox 867 858 1118 930; x_wconf 87' lang='lat' dir='ltr'>episcopi</span> <span class='ocrx_word' id='word_1_52' title='bbox 1167 859 1435 915; x_wconf 91' lang='lat' dir='ltr'>dixerunt</span> <span class='ocrx_word' id='word_1_53' title='bbox 1468 878 1480 916; x_wconf 93' lang='lat'><strong>:</strong></span> <span class='ocrx_word' id='word_1_54' title='bbox 1518 863 1727 929; x_wconf 86' lang='lat' dir='ltr'>Placet,</span> 
     </span>
    </p>
   </div>
   <div class='ocr_carea' id='block_1_10' title="bbox 159 953 320 1022">
    <p class='ocr_par' dir='ltr' id='par_1_10' title="bbox 159 953 320 1022">
     <span class='ocr_line' id='line_1_10' title="bbox 159 953 320 1022; baseline -0.006 -17"><span class='ocrx_word' id='word_1_55' title='bbox 159 953 320 1022; x_wconf 83' lang='lat' dir='ltr'>placet.</span> 
     </span>
    </p>
   </div>
   <div class='ocr_carea' id='block_1_11' title="bbox 211 1043 1727 1117">
    <p class='ocr_par' dir='ltr' id='par_1_11' title="bbox 211 1043 1727 1117">
     <span class='ocr_line' id='line_1_11' title="bbox 211 1043 1727 1117; baseline 0.004 -19"><span class='ocrx_word' id='word_1_56' title='bbox 211 1045 352 1098; x_wconf 78' lang='lat' dir='ltr'>XLIV.</span> <span class='ocrx_word' id='word_1_57' title='bbox 379 1043 688 1115; x_wconf 89' lang='lat' dir='ltr'>Epigonius</span> <span class='ocrx_word' id='word_1_58' title='bbox 718 1044 1009 1117; x_wconf 89' lang='lat' dir='ltr'>episcopus</span> <span class='ocrx_word' id='word_1_59' title='bbox 1061 1045 1203 1100; x_wconf 81' lang='lat' dir='ltr'>dixit</span> <span class='ocrx_word' id='word_1_60' title='bbox 1236 1063 1248 1100; x_wconf 88' lang='lat'>:</span> <span class='ocrx_word' id='word_1_61' title='bbox 1278 1048 1341 1101; x_wconf 92' lang='lat' dir='ltr'>In</span> <span class='ocrx_word' id='word_1_62' title='bbox 1371 1049 1564 1103; x_wconf 84' lang='lat' dir='ltr'>multis</span> <span class='ocrx_word' id='word_1_63' title='bbox 1591 1066 1727 1104; x_wconf 90' lang='lat' dir='ltr'>con-</span> 
     </span>
    </p>
   </div>
   <div class='ocr_carea' id='block_1_12' title="bbox 156 1137 1734 1206">
    <p class='ocr_par' dir='ltr' id='par_1_12' title="bbox 156 1137 1734 1206">
     <span class='ocr_line' id='line_1_12' title="bbox 156 1137 1734 1206; baseline 0.004 -15"><span class='ocrx_word' id='word_1_64' title='bbox 156 1137 266 1192; x_wconf 86' lang='lat' dir='ltr'>ciliis</span> <span class='ocrx_word' id='word_1_65' title='bbox 287 1137 378 1192; x_wconf 87' lang='lat' dir='ltr'>hoc</span> <span class='ocrx_word' id='word_1_66' title='bbox 406 1141 680 1192; x_wconf 84' lang='lat' dir='ltr'>statutum</span> <span class='ocrx_word' id='word_1_67' title='bbox 707 1142 811 1206; x_wconf 92' lang='lat' dir='ltr'>est,</span> <span class='ocrx_word' id='word_1_68' title='bbox 835 1139 1007 1194; x_wconf 92' lang='lat' dir='ltr'>etiam</span> <span class='ocrx_word' id='word_1_69' title='bbox 1027 1157 1180 1195; x_wconf 90' lang='lat' dir='ltr'>nunc</span> <span class='ocrx_word' id='word_1_70' title='bbox 1200 1140 1309 1194; x_wconf 91' lang='lat' dir='ltr'>hoc</span> <span class='ocrx_word' id='word_1_71' title='bbox 1330 1142 1734 1198; x_wconf 83' lang='lat' dir='ltr'>conﬁrmatum</span> 
     </span>
    </p>
   </div>
   <div class='ocr_carea' id='block_1_13' title="bbox 158 1231 1728 1301">
    <p class='ocr_par' dir='ltr' id='par_1_13' title="bbox 158 1231 1728 1301">
     <span class='ocr_line' id='line_1_13' title="bbox 158 1231 1728 1301; baseline 0.004 -16"><span class='ocrx_word' id='word_1_72' title='bbox 158 1235 220 1285; x_wconf 85' lang='lat' dir='ltr'>est</span> <span class='ocrx_word' id='word_1_73' title='bbox 242 1236 399 1286; x_wconf 86' lang='lat' dir='ltr'>vestra</span> <span class='ocrx_word' id='word_1_74' title='bbox 419 1231 791 1301; x_wconf 81' lang='lat' dir='ltr'>providentia,</span> <span class='ocrx_word' id='word_1_75' title='bbox 809 1233 1011 1287; x_wconf 88' lang='lat' dir='ltr'>fratres</span> <span class='ocrx_word' id='word_1_76' title='bbox 1029 1234 1367 1300; x_wconf 91' lang='lat' dir='ltr'>charissimi,</span> <span class='ocrx_word' id='word_1_77' title='bbox 1385 1239 1442 1289; x_wconf 85' lang='lat' dir='ltr'>ut</span> <span class='ocrx_word' id='word_1_78' title='bbox 1459 1237 1728 1291; x_wconf 87' lang='lat' dir='ltr'>clericum</span> 
     </span>
    </p>
   </div>
   <div class='ocr_carea' id='block_1_14' title="bbox 155 1325 1734 1400">
    <p class='ocr_par' dir='ltr' id='par_1_14' title="bbox 155 1325 1734 1400">
     <span class='ocr_line' id='line_1_14' title="bbox 155 1325 1734 1400; baseline 0.004 -22"><span class='ocrx_word' id='word_1_79' title='bbox 155 1325 358 1378; x_wconf 88' lang='lat' dir='ltr'>alienum</span> <span class='ocrx_word' id='word_1_80' title='bbox 381 1325 570 1378; x_wconf 90' lang='lat' dir='ltr'>nullus</span> <span class='ocrx_word' id='word_1_81' title='bbox 598 1325 700 1379; x_wconf 88' lang='lat' dir='ltr'>sibi</span> <span class='ocrx_word' id='word_1_82' title='bbox 726 1326 1022 1397; x_wconf 74' lang='lat' dir='ltr'>praeripiat</span> <span class='ocrx_word' id='word_1_83' title='bbox 1043 1328 1359 1399; x_wconf 88' lang='lat' dir='ltr'>episcopus,</span> <span class='ocrx_word' id='word_1_84' title='bbox 1387 1333 1596 1399; x_wconf 66' lang='lat' dir='ltr'>praeter</span> <span class='ocrx_word' id='word_1_85' title='bbox 1612 1330 1734 1400; x_wconf 89' lang='lat' dir='ltr'>ejus</span> 
     </span>
    </p>
   </div>
   <div class='ocr_carea' id='block_1_15' title="bbox 156 1417 1733 1489">
    <p class='ocr_par' dir='ltr' id='par_1_15' title="bbox 156 1417 1733 1489">
     <span class='ocr_line' id='line_1_15' title="bbox 156 1417 1733 1489; baseline 0.004 -18"><span class='ocrx_word' id='word_1_86' title='bbox 156 1417 400 1472; x_wconf 83' lang='lat' dir='ltr'>arbitrium</span> <span class='ocrx_word' id='word_1_87' title='bbox 420 1418 585 1488; x_wconf 88' lang='lat' dir='ltr'>cujus</span> <span class='ocrx_word' id='word_1_88' title='bbox 601 1419 776 1474; x_wconf 90' lang='lat' dir='ltr'>fuerit</span> <span class='ocrx_word' id='word_1_89' title='bbox 799 1419 1067 1489; x_wconf 85' lang='lat' dir='ltr'>clericus;</span> <span class='ocrx_word' id='word_1_90' title='bbox 1091 1421 1216 1476; x_wconf 89' lang='lat' dir='ltr'>dico</span> <span class='ocrx_word' id='word_1_91' title='bbox 1237 1426 1429 1476; x_wconf 89' lang='lat' dir='ltr'>autem</span> <span class='ocrx_word' id='word_1_92' title='bbox 1445 1422 1733 1478; x_wconf 90' lang='lat' dir='ltr'>Julianum</span> 
     </span>
    </p>
   </div>
   <div class='ocr_carea' id='block_1_16' title="bbox 154 1511 1733 1585">
    <p class='ocr_par' dir='ltr' id='par_1_16' title="bbox 154 1511 1733 1585">
     <span class='ocr_line' id='line_1_16' title="bbox 154 1511 1733 1585; baseline 0.004 -21"><span class='ocrx_word' id='word_1_93' title='bbox 154 1512 229 1580; x_wconf 85' lang='lat' dir='ltr'>qui</span> <span class='ocrx_word' id='word_1_94' title='bbox 247 1511 488 1581; x_wconf 87' lang='lat' dir='ltr'>ingratus</span> <span class='ocrx_word' id='word_1_95' title='bbox 513 1516 599 1566; x_wconf 89' lang='lat' dir='ltr'>est</span> <span class='ocrx_word' id='word_1_96' title='bbox 624 1511 721 1566; x_wconf 88' lang='lat' dir='ltr'>Dei</span> <span class='ocrx_word' id='word_1_97' title='bbox 740 1512 1028 1567; x_wconf 86' lang='lat' dir='ltr'>beneficiis</span> <span class='ocrx_word' id='word_1_98' title='bbox 1050 1530 1155 1584; x_wconf 90' lang='lat' dir='ltr'>per</span> <span class='ocrx_word' id='word_1_99' title='bbox 1174 1530 1369 1569; x_wconf 87' lang='lat' dir='ltr'>meam</span> <span class='ocrx_word' id='word_1_100' title='bbox 1395 1515 1733 1585; x_wconf 84' lang='lat' dir='ltr'>parvitatem</span> 
     </span>
    </p>
   </div>
   <div class='ocr_carea' id='block_1_17' title="bbox 153 1603 1730 1675">
    <p class='ocr_par' dir='ltr' id='par_1_17' title="bbox 153 1603 1730 1675">
     <span class='ocr_line' id='line_1_17' title="bbox 153 1603 1730 1675; baseline 0.003 -18"><span class='ocrx_word' id='word_1_101' title='bbox 153 1603 196 1657; x_wconf 91' lang='lat' dir='ltr'>in</span> <span class='ocrx_word' id='word_1_102' title='bbox 218 1620 264 1658; x_wconf 87' lang='lat' dir='ltr'>se</span> <span class='ocrx_word' id='word_1_103' title='bbox 287 1603 492 1659; x_wconf 86' lang='lat' dir='ltr'>collatis</span> <span class='ocrx_word' id='word_1_104' title='bbox 521 1605 598 1658; x_wconf 86' lang='lat' dir='ltr'>ita</span> <span class='ocrx_word' id='word_1_105' title='bbox 628 1605 996 1660; x_wconf 90' lang='lat' dir='ltr'>temerarium</span> <span class='ocrx_word' id='word_1_106' title='bbox 1031 1611 1087 1661; x_wconf 92' lang='lat' dir='ltr'>et</span> <span class='ocrx_word' id='word_1_107' title='bbox 1124 1607 1402 1662; x_wconf 86' lang='lat' dir='ltr'>audacem</span> <span class='ocrx_word' id='word_1_108' title='bbox 1430 1608 1730 1675; x_wconf 85' lang='lat' dir='ltr'>exstitisse,</span> 
     </span>
    </p>
   </div>
   <div class='ocr_carea' id='block_1_18' title="bbox 149 1697 1734 1772">
    <p class='ocr_par' dir='ltr' id='par_1_18' title="bbox 149 1697 1734 1772">
     <span class='ocr_line' id='line_1_18' title="bbox 149 1697 1734 1772; baseline 0.004 -23"><span class='ocrx_word' id='word_1_109' title='bbox 149 1699 195 1749; x_wconf 88' lang='lat' dir='ltr'>ut</span> <span class='ocrx_word' id='word_1_110' title='bbox 218 1713 328 1752; x_wconf 88' lang='lat' dir='ltr'>eum</span> <span class='ocrx_word' id='word_1_111' title='bbox 351 1697 442 1768; x_wconf 91' lang='lat' dir='ltr'>qui</span> <span class='ocrx_word' id='word_1_112' title='bbox 472 1714 504 1750; x_wconf 92' lang='lat' dir='ltr'>a</span> <span class='ocrx_word' id='word_1_113' title='bbox 529 1714 621 1752; x_wconf 92' lang='lat' dir='ltr'>me</span> <span class='ocrx_word' id='word_1_114' title='bbox 645 1699 961 1769; x_wconf 86' lang='lat' dir='ltr'>baptizatus</span> <span class='ocrx_word' id='word_1_115' title='bbox 981 1701 1064 1754; x_wconf 90' lang='lat' dir='ltr'>est</span> <span class='ocrx_word' id='word_1_116' title='bbox 1082 1716 1212 1754; x_wconf 91' lang='lat' dir='ltr'>cum</span> <span class='ocrx_word' id='word_1_117' title='bbox 1234 1704 1380 1756; x_wconf 90' lang='lat' dir='ltr'>esset</span> <span class='ocrx_word' id='word_1_118' title='bbox 1403 1719 1550 1772; x_wconf 89' lang='lat' dir='ltr'>puer</span> <span class='ocrx_word' id='word_1_119' title='bbox 1563 1718 1734 1772; x_wconf 89' lang='lat' dir='ltr'>egen-</span> 
     </span>
    </p>
   </div>
   <div class='ocr_carea' id='block_1_19' title="bbox 1829 481 3460 551">
    <p class='ocr_par' dir='ltr' id='par_1_19' title="bbox 1829 481 3460 551">
     <span class='ocr_line' id='line_1_19' title="bbox 1829 481 3460 551; baseline 0.003 -16"><span class='ocrx_word' id='word_1_120' title='bbox 1829 481 1884 536; x_wconf 95' lang='lat' dir='ltr'>Si</span> <span class='ocrx_word' id='word_1_121' title='bbox 1909 486 2101 535; x_wconf 89' lang='lat' dir='ltr'>autem</span> <span class='ocrx_word' id='word_1_122' title='bbox 2130 481 2421 551; x_wconf 88' lang='lat' dir='ltr'>quodlibet</span> <span class='ocrx_word' id='word_1_123' title='bbox 2446 481 2576 535; x_wconf 90' lang='lat' dir='ltr'>huic</span> <span class='ocrx_word' id='word_1_124' title='bbox 2601 482 2722 536; x_wconf 90' lang='lat' dir='ltr'>sedi</span> <span class='ocrx_word' id='word_1_125' title='bbox 2741 484 3142 539; x_wconf 88' lang='lat' dir='ltr'>vindicandum</span> <span class='ocrx_word' id='word_1_126' title='bbox 3164 485 3337 539; x_wconf 89' lang='lat' dir='ltr'>fuerit</span> <span class='ocrx_word' id='word_1_127' title='bbox 3353 487 3460 541; x_wconf 89' lang='lat' dir='ltr'>sibi</span> 
     </span>
    </p>
   </div>
   <div class='ocr_carea' id='block_1_20' title="bbox 1829 573 3461 643">
    <p class='ocr_par' dir='ltr' id='par_1_20' title="bbox 1829 573 3461 643">
     <span class='ocr_line' id='line_1_20' title="bbox 1829 573 3461 643; baseline 0.004 -16"><span class='ocrx_word' id='word_1_128' title='bbox 1829 573 2150 643; x_wconf 88' lang='lat' dir='ltr'>arbitratus,</span> <span class='ocrx_word' id='word_1_129' title='bbox 2184 590 2408 629; x_wconf 85' lang='lat' dir='ltr'>necesse</span> <span class='ocrx_word' id='word_1_130' title='bbox 2434 575 2605 630; x_wconf 86' lang='lat' dir='ltr'>habes</span> <span class='ocrx_word' id='word_1_131' title='bbox 2639 579 2702 630; x_wconf 91' lang='lat' dir='ltr'>tu</span> <span class='ocrx_word' id='word_1_132' title='bbox 2728 593 2926 631; x_wconf 90' lang='lat' dir='ltr'>omnes</span> <span class='ocrx_word' id='word_1_133' title='bbox 2956 577 3227 632; x_wconf 87' lang='lat' dir='ltr'>Eeclesias</span> <span class='ocrx_word' id='word_1_134' title='bbox 3258 579 3461 634; x_wconf 76' lang='lat' dir='ltr'>suﬁ‘ul-</span> 
     </span>
    </p>
   </div>
   <div class='ocr_carea' id='block_1_21' title="bbox 1830 665 3463 738">
    <p class='ocr_par' dir='ltr' id='par_1_21' title="bbox 1830 665 3463 738">
     <span class='ocr_line' id='line_1_21' title="bbox 1830 665 3463 738; baseline 0.004 -18"><span class='ocrx_word' id='word_1_135' title='bbox 1830 665 1965 721; x_wconf 91' lang='lat' dir='ltr'>cire.</span> <span class='ocrx_word' id='word_1_136' title='bbox 1995 667 2150 721; x_wconf 90' lang='lat' dir='ltr'>Unde</span> <span class='ocrx_word' id='word_1_137' title='bbox 2175 667 2279 721; x_wconf 88' lang='lat' dir='ltr'>tibi</span> <span class='ocrx_word' id='word_1_138' title='bbox 2306 683 2419 721; x_wconf 93' lang='lat' dir='ltr'>non</span> <span class='ocrx_word' id='word_1_139' title='bbox 2453 671 2786 738; x_wconf 89' lang='lat' dir='ltr'>potestatem</span> <span class='ocrx_word' id='word_1_140' title='bbox 2813 669 3031 736; x_wconf 86' lang='lat' dir='ltr'>damus,</span> <span class='ocrx_word' id='word_1_141' title='bbox 3054 670 3154 726; x_wconf 88' lang='lat' dir='ltr'>sed</span> <span class='ocrx_word' id='word_1_142' title='bbox 3177 672 3347 726; x_wconf 90' lang='lat' dir='ltr'>etiam</span> <span class='ocrx_word' id='word_1_143' title='bbox 3375 689 3463 726; x_wconf 86' lang='lat' dir='ltr'>as-</span> 
     </span>
    </p>
   </div>
   <div class='ocr_carea' id='block_1_22' title="bbox 1832 759 3464 836">
    <p class='ocr_par' dir='ltr' id='par_1_22' title="bbox 1832 759 3464 836">
     <span class='ocr_line' id='line_1_22' title="bbox 1832 759 3464 836; baseline 0.005 -24"><span class='ocrx_word' id='word_1_144' title='bbox 1832 759 2122 830; x_wconf 85' lang='lat' dir='ltr'>signamus</span> <span class='ocrx_word' id='word_1_145' title='bbox 2166 763 2228 814; x_wconf 88' lang='lat' dir='ltr'>ut</span> <span class='ocrx_word' id='word_1_146' title='bbox 2269 759 2434 815; x_wconf 92' lang='lat' dir='ltr'>liceat</span> <span class='ocrx_word' id='word_1_147' title='bbox 2487 762 2761 816; x_wconf 82' lang='lat' dir='ltr'>voluntati</span> <span class='ocrx_word' id='word_1_148' title='bbox 2815 767 2928 817; x_wconf 88' lang='lat' dir='ltr'>tuae</span> <span class='ocrx_word' id='word_1_149' title='bbox 2987 779 3216 836; x_wconf 87' lang='lat' dir='ltr'>semper</span> <span class='ocrx_word' id='word_1_150' title='bbox 3266 769 3464 820; x_wconf 90' lang='lat' dir='ltr'>tenere</span> 
     </span>
    </p>
   </div>
   <div class='ocr_carea' id='block_1_23' title="bbox 1831 854 3466 926">
    <p class='ocr_par' dir='ltr' id='par_1_23' title="bbox 1831 854 3466 926">
     <span class='ocr_line' id='line_1_23' title="bbox 1831 854 3466 926; baseline 0.005 -20"><span class='ocrx_word' id='word_1_151' title='bbox 1831 869 2003 924; x_wconf 90' lang='lat' dir='ltr'>quem</span> <span class='ocrx_word' id='word_1_152' title='bbox 2055 855 2223 923; x_wconf 91' lang='lat' dir='ltr'>voles,</span> <span class='ocrx_word' id='word_1_153' title='bbox 2277 856 2344 908; x_wconf 93' lang='lat' dir='ltr'>ut</span> <span class='ocrx_word' id='word_1_154' title='bbox 2387 854 2722 925; x_wconf 65' lang='lat' dir='ltr'>praepositos</span> <span class='ocrx_word' id='word_1_155' title='bbox 2769 855 3028 926; x_wconf 85' lang='lat' dir='ltr'>plebibus</span> <span class='ocrx_word' id='word_1_156' title='bbox 3073 858 3161 911; x_wconf 89' lang='lat' dir='ltr'>vel</span> <span class='ocrx_word' id='word_1_157' title='bbox 3218 859 3466 914; x_wconf 90' lang='lat' dir='ltr'>ecclesiis</span> 
     </span>
    </p>
   </div>
   <div class='ocr_carea' id='block_1_24' title="bbox 1831 951 3457 1023">
    <p class='ocr_par' dir='ltr' id='par_1_24' title="bbox 1831 951 3457 1023">
     <span class='ocr_line' id='line_1_24' title="bbox 1831 951 3457 1023; baseline 0.005 -19"><span class='ocrx_word' id='word_1_158' title='bbox 1831 951 2142 1006; x_wconf 88' lang='lat' dir='ltr'>constituas</span> <span class='ocrx_word' id='word_1_159' title='bbox 2171 952 2268 1023; x_wconf 89' lang='lat' dir='ltr'>qui</span> <span class='ocrx_word' id='word_1_160' title='bbox 2294 953 2566 1023; x_wconf 84' lang='lat' dir='ltr'>postulati</span> <span class='ocrx_word' id='word_1_161' title='bbox 2594 953 2828 1019; x_wconf 89' lang='lat' dir='ltr'>fuerint,</span> <span class='ocrx_word' id='word_1_162' title='bbox 2859 959 2915 1008; x_wconf 90' lang='lat' dir='ltr'>et</span> <span class='ocrx_word' id='word_1_163' title='bbox 2953 955 3104 1011; x_wconf 90' lang='lat' dir='ltr'>unde</span> <span class='ocrx_word' id='word_1_164' title='bbox 3148 957 3318 1011; x_wconf 92' lang='lat' dir='ltr'>voles.</span> <span class='ocrx_word' id='word_1_165' title='bbox 3357 960 3457 1012; x_wconf 85' lang='lat' dir='ltr'>Po-</span> 
     </span>
    </p>
   </div>
   <div class='ocr_carea' id='block_1_25' title="bbox 1833 1050 3466 1124">
    <p class='ocr_par' dir='ltr' id='par_1_25' title="bbox 1833 1050 3466 1124">
     <span class='ocr_line' id='line_1_25' title="bbox 1833 1050 3466 1124; baseline 0.004 -21"><span class='ocrx_word' id='word_1_166' title='bbox 1833 1050 2192 1105; x_wconf 88' lang='lat' dir='ltr'>sthumianus</span> <span class='ocrx_word' id='word_1_167' title='bbox 2219 1051 2516 1121; x_wconf 87' lang='lat' dir='ltr'>episc0pus</span> <span class='ocrx_word' id='word_1_168' title='bbox 2547 1051 2689 1105; x_wconf 81' lang='lat' dir='ltr'>dixit</span> <span class='ocrx_word' id='word_1_169' title='bbox 2723 1069 2734 1105; x_wconf 93' lang='lat'>:</span> <span class='ocrx_word' id='word_1_170' title='bbox 2767 1053 2980 1106; x_wconf 89' lang='lat' dir='ltr'>Deinde</span> <span class='ocrx_word' id='word_1_171' title='bbox 3022 1054 3120 1124; x_wconf 90' lang='lat' dir='ltr'>qui</span> <span class='ocrx_word' id='word_1_172' title='bbox 3161 1071 3340 1110; x_wconf 88' lang='lat' dir='ltr'>unum</span> <span class='ocrx_word' id='word_1_173' title='bbox 3369 1056 3466 1109; x_wconf 89' lang='lat' dir='ltr'>ha-</span> 
     </span>
    </p>
   </div>
   <div class='ocr_carea' id='block_1_26' title="bbox 1831 1142 3465 1218">
    <p class='ocr_par' dir='ltr' id='par_1_26' title="bbox 1831 1142 3465 1218">
     <span class='ocr_line' id='line_1_26' title="bbox 1831 1142 3465 1218; baseline 0.003 -22"><span class='ocrx_word' id='word_1_174' title='bbox 1831 1142 2038 1209; x_wconf 91' lang='lat' dir='ltr'>buerit,</span> <span class='ocrx_word' id='word_1_175' title='bbox 2073 1144 2328 1215; x_wconf 90' lang='lat' dir='ltr'>nunquid</span> <span class='ocrx_word' id='word_1_176' title='bbox 2353 1143 2522 1198; x_wconf 85' lang='lat' dir='ltr'>debet</span> <span class='ocrx_word' id='word_1_177' title='bbox 2551 1144 2602 1198; x_wconf 91' lang='lat' dir='ltr'>ei</span> <span class='ocrx_word' id='word_1_178' title='bbox 2629 1161 2778 1198; x_wconf 92' lang='lat' dir='ltr'>unus</span> <span class='ocrx_word' id='word_1_179' title='bbox 2803 1146 3104 1218; x_wconf 80' lang='lat' dir='ltr'>presbyter</span> <span class='ocrx_word' id='word_1_180' title='bbox 3130 1146 3248 1217; x_wconf 82' lang='lat' dir='ltr'>ipse</span> <span class='ocrx_word' id='word_1_181' title='bbox 3282 1149 3465 1201; x_wconf 85' lang='lat' dir='ltr'>aufer-</span> 
     </span>
    </p>
   </div>
   <div class='ocr_carea' id='block_1_27' title="bbox 1834 1234 3468 1310">
    <p class='ocr_par' dir='ltr' id='par_1_27' title="bbox 1834 1234 3468 1310">
     <span class='ocr_line' id='line_1_27' title="bbox 1834 1234 3468 1310; baseline 0.004 -22"><span class='ocrx_word' id='word_1_182' title='bbox 1834 1234 1926 1290; x_wconf 87' lang='lat' dir='ltr'>ri?</span> <span class='ocrx_word' id='word_1_183' title='bbox 1975 1235 2236 1290; x_wconf 80' lang='lat' dir='ltr'>Aurelius</span> <span class='ocrx_word' id='word_1_184' title='bbox 2281 1237 2578 1307; x_wconf 89' lang='lat' dir='ltr'>episcopus</span> <span class='ocrx_word' id='word_1_185' title='bbox 2623 1237 2810 1292; x_wconf 91' lang='lat' dir='ltr'>dixit:</span> <span class='ocrx_word' id='word_1_186' title='bbox 2845 1238 2955 1293; x_wconf 89' lang='lat' dir='ltr'>Sed</span> <span class='ocrx_word' id='word_1_187' title='bbox 2997 1239 3292 1310; x_wconf 88' lang='lat' dir='ltr'>episcopus</span> <span class='ocrx_word' id='word_1_188' title='bbox 3322 1257 3468 1294; x_wconf 89' lang='lat' dir='ltr'>unus</span> 
     </span>
    </p>
   </div>
   <div class='ocr_carea' id='block_1_28' title="bbox 1833 1330 3466 1403">
    <p class='ocr_par' dir='ltr' id='par_1_28' title="bbox 1833 1330 3466 1403">
     <span class='ocr_line' id='line_1_28' title="bbox 1833 1330 3466 1403; baseline 0.002 -21"><span class='ocrx_word' id='word_1_189' title='bbox 1833 1345 1953 1383; x_wconf 91' lang='lat' dir='ltr'>esse</span> <span class='ocrx_word' id='word_1_190' title='bbox 1972 1331 2178 1399; x_wconf 86' lang='lat' dir='ltr'>potest,</span> <span class='ocrx_word' id='word_1_191' title='bbox 2205 1345 2308 1399; x_wconf 89' lang='lat' dir='ltr'>per</span> <span class='ocrx_word' id='word_1_192' title='bbox 2335 1346 2507 1401; x_wconf 92' lang='lat' dir='ltr'>quem</span> <span class='ocrx_word' id='word_1_193' title='bbox 2536 1330 2867 1401; x_wconf 78' lang='lat' dir='ltr'>dignatione</span> <span class='ocrx_word' id='word_1_194' title='bbox 2912 1331 3105 1386; x_wconf 90' lang='lat' dir='ltr'>divina</span> <span class='ocrx_word' id='word_1_195' title='bbox 3153 1333 3466 1403; x_wconf 86' lang='lat' dir='ltr'>presbyteri</span> 
     </span>
    </p>
   </div>
   <div class='ocr_carea' id='block_1_29' title="bbox 1833 1422 3468 1496">
    <p class='ocr_par' dir='ltr' id='par_1_29' title="bbox 1833 1422 3468 1496">
     <span class='ocr_line' id='line_1_29' title="bbox 1833 1422 3468 1496; baseline 0.002 -21"><span class='ocrx_word' id='word_1_196' title='bbox 1833 1422 1996 1476; x_wconf 90' lang='lat' dir='ltr'>multi</span> <span class='ocrx_word' id='word_1_197' title='bbox 2025 1422 2293 1478; x_wconf 91' lang='lat' dir='ltr'>constitui</span> <span class='ocrx_word' id='word_1_198' title='bbox 2318 1428 2573 1494; x_wconf 90' lang='lat' dir='ltr'>possunt,</span> <span class='ocrx_word' id='word_1_199' title='bbox 2603 1441 2751 1478; x_wconf 90' lang='lat' dir='ltr'>unus</span> <span class='ocrx_word' id='word_1_200' title='bbox 2777 1430 2969 1480; x_wconf 91' lang='lat' dir='ltr'>autem</span> <span class='ocrx_word' id='word_1_201' title='bbox 2991 1426 3290 1496; x_wconf 90' lang='lat' dir='ltr'>episcopus</span> <span class='ocrx_word' id='word_1_202' title='bbox 3315 1426 3468 1481; x_wconf 83' lang='lat' dir='ltr'>difti-</span> 
     </span>
    </p>
   </div>
   <div class='ocr_carea' id='block_1_30' title="bbox 1832 1515 3466 1590">
    <p class='ocr_par' dir='ltr' id='par_1_30' title="bbox 1832 1515 3466 1590">
     <span class='ocr_line' id='line_1_30' title="bbox 1832 1515 3466 1590; baseline 0.003 -22"><span class='ocrx_word' id='word_1_203' title='bbox 1832 1515 1936 1569; x_wconf 92' lang='lat' dir='ltr'>cile</span> <span class='ocrx_word' id='word_1_204' title='bbox 1967 1515 2254 1570; x_wconf 88' lang='lat' dir='ltr'>invenitur</span> <span class='ocrx_word' id='word_1_205' title='bbox 2277 1517 2740 1582; x_wconf 87' lang='lat' dir='ltr'>constituendus;</span> <span class='ocrx_word' id='word_1_206' title='bbox 2767 1522 3123 1590; x_wconf 88' lang='lat' dir='ltr'>quapropter</span> <span class='ocrx_word' id='word_1_207' title='bbox 3142 1519 3186 1572; x_wconf 88' lang='lat' dir='ltr'>si</span> <span class='ocrx_word' id='word_1_208' title='bbox 3215 1535 3466 1573; x_wconf 88' lang='lat' dir='ltr'>necessa-</span> 
     </span>
    </p>
   </div>
   <div class='ocr_carea' id='block_1_31' title="bbox 1833 1608 3466 1682">
    <p class='ocr_par' dir='ltr' id='par_1_31' title="bbox 1833 1608 3466 1682">
     <span class='ocr_line' id='line_1_31' title="bbox 1833 1608 3466 1682; baseline 0.003 -21"><span class='ocrx_word' id='word_1_209' title='bbox 1833 1608 1982 1662; x_wconf 91' lang='lat' dir='ltr'>rium</span> <span class='ocrx_word' id='word_1_210' title='bbox 2011 1608 2356 1679; x_wconf 89' lang='lat' dir='ltr'>episcopatui</span> <span class='ocrx_word' id='word_1_211' title='bbox 2378 1610 2504 1681; x_wconf 86' lang='lat' dir='ltr'>quis</span> <span class='ocrx_word' id='word_1_212' title='bbox 2526 1611 2702 1665; x_wconf 90' lang='lat' dir='ltr'>habet</span> <span class='ocrx_word' id='word_1_213' title='bbox 2728 1611 3160 1682; x_wconf 83' lang='lat' dir='ltr'>presbyterium,</span> <span class='ocrx_word' id='word_1_214' title='bbox 3183 1617 3238 1666; x_wconf 91' lang='lat' dir='ltr'>et</span> <span class='ocrx_word' id='word_1_215' title='bbox 3262 1628 3466 1678; x_wconf 91' lang='lat' dir='ltr'>unum,</span> 
     </span>
    </p>
   </div>
   <div class='ocr_carea' id='block_1_32' title="bbox 1831 1701 3470 1774">
    <p class='ocr_par' dir='ltr' id='par_1_32' title="bbox 1831 1701 3470 1774">
     <span class='ocr_line' id='line_1_32' title="bbox 1831 1701 3470 1774; baseline 0.003 -20"><span class='ocrx_word' id='word_1_216' title='bbox 1831 1705 1897 1755; x_wconf 91' lang='lat' dir='ltr'>ut</span> <span class='ocrx_word' id='word_1_217' title='bbox 1925 1701 2335 1770; x_wconf 88' lang='lat' dir='ltr'>dixisti,frater,</span> <span class='ocrx_word' id='word_1_218' title='bbox 2356 1703 2619 1757; x_wconf 90' lang='lat' dir='ltr'>habuerit</span> <span class='ocrx_word' id='word_1_219' title='bbox 2646 1709 2704 1758; x_wconf 89' lang='lat' dir='ltr'>et</span> <span class='ocrx_word' id='word_1_220' title='bbox 2731 1703 2917 1774; x_wconf 90' lang='lat' dir='ltr'>ipsum</span> <span class='ocrx_word' id='word_1_221' title='bbox 2940 1703 3013 1757; x_wconf 91' lang='lat' dir='ltr'>ad</span> <span class='ocrx_word' id='word_1_222' title='bbox 3043 1705 3470 1774; x_wconf 89' lang='lat' dir='ltr'>promotionum</span> 
     </span>
    </p>
   </div>
   <div class='ocr_carea' id='block_1_33' title="bbox 150 1765 3468 1868">
    <p class='ocr_par' dir='ltr' id='par_1_33' title="bbox 150 1765 3468 1868">
     <span class='ocr_line' id='line_1_33' title="bbox 150 1765 3468 1868; baseline 0.002 -24"><span class='ocrx_word' id='word_1_223' title='bbox 150 1765 384 1858; x_wconf 62' lang='lat' dir='ltr'>tissimus,</span> <span class='ocrx_word' id='word_1_224' title='bbox 415 1789 562 1845; x_wconf 90' lang='lat' dir='ltr'>mihi</span> <span class='ocrx_word' id='word_1_225' title='bbox 602 1791 674 1845; x_wconf 88' lang='lat' dir='ltr'>ab</span> <span class='ocrx_word' id='word_1_226' title='bbox 718 1765 922 1847; x_wconf 82' lang='lat' dir='ltr'>eodem</span> <span class='ocrx_word' id='word_1_227' title='bbox 958 1765 1444 1861; x_wconf 79' lang='lat' dir='ltr'>commendatum,</span> <span class='ocrx_word' id='word_1_228' title='bbox 1491 1765 1732 1865; x_wconf 70' lang='lat' dir='ltr'>cumque</span> <span class='ocrx_word' id='word_1_229' title='bbox 1752 1765 1810 1836; x_wconf 80' lang='grc' dir='ltr'><strong>Β</strong></span> <span class='ocrx_word' id='word_1_230' title='bbox 1834 1794 1970 1848; x_wconf 85' lang='lat' dir='ltr'>dare</span> <span class='ocrx_word' id='word_1_231' title='bbox 1992 1765 2236 1850; x_wconf 85' lang='lat' dir='ltr'>debebit.</span> <span class='ocrx_word' id='word_1_232' title='bbox 2270 1765 2709 1850; x_wconf 88' lang='lat' dir='ltr'>Posthumianus</span> <span class='ocrx_word' id='word_1_233' title='bbox 2735 1765 3196 1866; x_wconf 45' lang='lat' dir='ltr'>episcopus-dixit</span> <span class='ocrx_word' id='word_1_234' title='bbox 3219 1815 3230 1851; x_wconf 94' lang='lat'>:</span> <span class='ocrx_word' id='word_1_235' title='bbox 3252 1799 3399 1868; x_wconf 86' lang='lat' dir='ltr'>Ergo</span> <span class='ocrx_word' id='word_1_236' title='bbox 3421 1799 3468 1852; x_wconf 91' lang='lat' dir='ltr'>si</span> 
     </span>
    </p>
   </div>
   <div class='ocr_carea' id='block_1_34' title="bbox 149 1882 1732 1957">
    <p class='ocr_par' dir='ltr' id='par_1_34' title="bbox 149 1882 1732 1957">
     <span class='ocr_line' id='line_1_34' title="bbox 149 1882 1732 1957; baseline 0.004 -21"><span class='ocrx_word' id='word_1_237' title='bbox 149 1882 305 1936; x_wconf 89' lang='lat' dir='ltr'>multis</span> <span class='ocrx_word' id='word_1_238' title='bbox 327 1883 487 1938; x_wconf 89' lang='lat' dir='ltr'>annis</span> <span class='ocrx_word' id='word_1_239' title='bbox 515 1900 548 1937; x_wconf 89' lang='lat' dir='ltr'>a</span> <span class='ocrx_word' id='word_1_240' title='bbox 574 1900 665 1938; x_wconf 89' lang='lat' dir='ltr'>me</span> <span class='ocrx_word' id='word_1_241' title='bbox 692 1885 939 1940; x_wconf 90' lang='lat' dir='ltr'>aleretur</span> <span class='ocrx_word' id='word_1_242' title='bbox 965 1890 1136 1957; x_wconf 89' lang='lat' dir='ltr'>atque</span> <span class='ocrx_word' id='word_1_243' title='bbox 1165 1887 1527 1953; x_wconf 91' lang='lat' dir='ltr'>incresceret,</span> <span class='ocrx_word' id='word_1_244' title='bbox 1555 1889 1732 1956; x_wconf 92' lang='lat' dir='ltr'>hunc,</span> 
     </span>
    </p>
   </div>
   <div class='ocr_carea' id='block_1_35' title="bbox 148 1975 1736 2052">
    <p class='ocr_par' dir='ltr' id='par_1_35' title="bbox 148 1975 1736 2052">
     <span class='ocr_line' id='line_1_35' title="bbox 148 1975 1736 2052; baseline 0.004 -24"><span class='ocrx_word' id='word_1_245' title='bbox 148 1980 195 2028; x_wconf 84' lang='lat' dir='ltr'>ut</span> <span class='ocrx_word' id='word_1_246' title='bbox 213 1975 322 2044; x_wconf 86' lang='lat' dir='ltr'>dici,</span> <span class='ocrx_word' id='word_1_247' title='bbox 347 1976 692 2047; x_wconf 87' lang='lat' dir='ltr'>baptizatum</span> <span class='ocrx_word' id='word_1_248' title='bbox 726 1977 785 2033; x_wconf 89' lang='lat' dir='ltr'>in</span> <span class='ocrx_word' id='word_1_249' title='bbox 820 1979 1052 2033; x_wconf 88' lang='lat' dir='ltr'>ecclesia</span> <span class='ocrx_word' id='word_1_250' title='bbox 1079 1995 1208 2034; x_wconf 90' lang='lat' dir='ltr'>mea</span> <span class='ocrx_word' id='word_1_251' title='bbox 1224 1996 1330 2050; x_wconf 90' lang='lat' dir='ltr'>per</span> <span class='ocrx_word' id='word_1_252' title='bbox 1354 1996 1592 2035; x_wconf 88' lang='lat' dir='ltr'>manum</span> <span class='ocrx_word' id='word_1_253' title='bbox 1611 1997 1736 2052; x_wconf 83' lang='lat' dir='ltr'>par-</span> 
     </span>
    </p>
   </div>
   <div class='ocr_carea' id='block_1_36' title="bbox 144 2067 1736 2143">
    <p class='ocr_par' dir='ltr' id='par_1_36' title="bbox 144 2067 1736 2143">
     <span class='ocr_line' id='line_1_36' title="bbox 144 2067 1736 2143; baseline 0.005 -23"><span class='ocrx_word' id='word_1_254' title='bbox 144 2067 292 2122; x_wconf 82' lang='lat' dir='ltr'>vitatis</span> <span class='ocrx_word' id='word_1_255' title='bbox 306 2085 440 2124; x_wconf 62' lang='lat' dir='ltr'>mew</span> <span class='ocrx_word' id='word_1_256' title='bbox 474 2073 716 2139; x_wconf 90' lang='lat' dir='ltr'>constat,</span> <span class='ocrx_word' id='word_1_257' title='bbox 729 2070 884 2125; x_wconf 89' lang='lat' dir='ltr'>idem</span> <span class='ocrx_word' id='word_1_258' title='bbox 901 2071 959 2126; x_wconf 93' lang='lat' dir='ltr'>in</span> <span class='ocrx_word' id='word_1_259' title='bbox 973 2072 1200 2127; x_wconf 71' lang='lat' dir='ltr'>dimcesi</span> <span class='ocrx_word' id='word_1_260' title='bbox 1216 2073 1542 2143; x_wconf 85' lang='lat' dir='ltr'>Appabensi</span> <span class='ocrx_word' id='word_1_261' title='bbox 1564 2074 1736 2128; x_wconf 90' lang='lat' dir='ltr'>lector</span> 
     </span>
    </p>
   </div>
   <div class='ocr_carea' id='block_1_37' title="bbox 145 2163 1734 2236">
    <p class='ocr_par' dir='ltr' id='par_1_37' title="bbox 145 2163 1734 2236">
     <span class='ocr_line' id='line_1_37' title="bbox 145 2163 1734 2236; baseline 0.004 -22"><span class='ocrx_word' id='word_1_262' title='bbox 145 2176 236 2214; x_wconf 85' lang='lat' dir='ltr'>esse</span> <span class='ocrx_word' id='word_1_263' title='bbox 252 2165 506 2232; x_wconf 65' lang='lat' dir='ltr'>ceperat,</span> <span class='ocrx_word' id='word_1_264' title='bbox 522 2163 645 2218; x_wconf 90' lang='lat' dir='ltr'>imo</span> <span class='ocrx_word' id='word_1_265' title='bbox 663 2163 827 2218; x_wconf 91' lang='lat' dir='ltr'>annis</span> <span class='ocrx_word' id='word_1_266' title='bbox 847 2165 1028 2219; x_wconf 85' lang='lat' dir='ltr'>ferme</span> <span class='ocrx_word' id='word_1_267' title='bbox 1050 2164 1273 2220; x_wconf 91' lang='lat' dir='ltr'>duobus</span> <span class='ocrx_word' id='word_1_268' title='bbox 1290 2166 1528 2236; x_wconf 84' lang='lat' dir='ltr'>legerat,</span> <span class='ocrx_word' id='word_1_269' title='bbox 1541 2166 1734 2222; x_wconf 91' lang='lat' dir='ltr'>nescio</span> 
     </span>
    </p>
   </div>
   <div class='ocr_carea' id='block_1_38' title="bbox 142 2257 1735 2327">
    <p class='ocr_par' dir='ltr' id='par_1_38' title="bbox 142 2257 1735 2327">
     <span class='ocr_line' id='line_1_38' title="bbox 142 2257 1735 2327; baseline 0.004 -19"><span class='ocrx_word' id='word_1_270' title='bbox 142 2270 230 2324; x_wconf 88' lang='lat' dir='ltr'>quo</span> <span class='ocrx_word' id='word_1_271' title='bbox 253 2261 570 2327; x_wconf 87' lang='lat' dir='ltr'>contemptu</span> <span class='ocrx_word' id='word_1_272' title='bbox 598 2257 934 2312; x_wconf 85' lang='lat' dir='ltr'>humilitatis</span> <span class='ocrx_word' id='word_1_273' title='bbox 967 2274 1113 2312; x_wconf 74' lang='lat' dir='ltr'>mea:</span> <span class='ocrx_word' id='word_1_274' title='bbox 1135 2258 1290 2313; x_wconf 90' lang='lat' dir='ltr'>idem</span> <span class='ocrx_word' id='word_1_275' title='bbox 1309 2259 1568 2314; x_wconf 86' lang='lat' dir='ltr'>Julianus</span> <span class='ocrx_word' id='word_1_276' title='bbox 1591 2260 1735 2314; x_wconf 89' lang='lat' dir='ltr'>arri-</span> 
     </span>
    </p>
   </div>
   <div class='ocr_carea' id='block_1_39' title="bbox 144 2348 1740 2422">
    <p class='ocr_par' dir='ltr' id='par_1_39' title="bbox 144 2348 1740 2422">
     <span class='ocr_line' id='line_1_39' title="bbox 144 2348 1740 2422; baseline 0.006 -23"><span class='ocrx_word' id='word_1_277' title='bbox 144 2348 256 2416; x_wconf 85' lang='lat' dir='ltr'>puit,</span> <span class='ocrx_word' id='word_1_278' title='bbox 283 2365 442 2419; x_wconf 89' lang='lat' dir='ltr'>quem</span> <span class='ocrx_word' id='word_1_279' title='bbox 479 2348 615 2404; x_wconf 91' lang='lat' dir='ltr'>dicit</span> <span class='ocrx_word' id='word_1_280' title='bbox 641 2351 800 2420; x_wconf 88' lang='lat' dir='ltr'>quasi</span> <span class='ocrx_word' id='word_1_281' title='bbox 839 2351 1137 2422; x_wconf 88' lang='lat' dir='ltr'>proprium</span> <span class='ocrx_word' id='word_1_282' title='bbox 1177 2352 1357 2407; x_wconf 88' lang='lat' dir='ltr'>civem</span> <span class='ocrx_word' id='word_1_283' title='bbox 1385 2353 1471 2407; x_wconf 91' lang='lat' dir='ltr'>sui</span> <span class='ocrx_word' id='word_1_284' title='bbox 1497 2353 1607 2407; x_wconf 90' lang='lat' dir='ltr'>loci</span> <span class='ocrx_word' id='word_1_285' title='bbox 1634 2354 1740 2407; x_wconf 52' lang='lat' dir='ltr'>Na.</span> 
     </span>
    </p>
   </div>
   <div class='ocr_carea' id='block_1_40' title="bbox 141 2441 1736 2514">
    <p class='ocr_par' dir='ltr' id='par_1_40' title="bbox 141 2441 1736 2514">
     <span class='ocr_line' id='line_1_40' title="bbox 141 2441 1736 2514; baseline 0.004 -20"><span class='ocrx_word' id='word_1_286' title='bbox 141 2441 338 2496; x_wconf 85' lang='lat' dir='ltr'>zaritani</span> <span class='ocrx_word' id='word_1_287' title='bbox 367 2459 466 2498; x_wconf 90' lang='lat' dir='ltr'>me</span> <span class='ocrx_word' id='word_1_288' title='bbox 505 2443 823 2498; x_wconf 86' lang='lat' dir='ltr'>inconsulto</span> <span class='ocrx_word' id='word_1_289' title='bbox 854 2460 1148 2514; x_wconf 88' lang='lat' dir='ltr'>usurpare,</span> <span class='ocrx_word' id='word_1_290' title='bbox 1181 2461 1313 2499; x_wconf 90' lang='lat' dir='ltr'>nam</span> <span class='ocrx_word' id='word_1_291' title='bbox 1341 2449 1400 2500; x_wconf 88' lang='lat' dir='ltr'>et</span> <span class='ocrx_word' id='word_1_292' title='bbox 1429 2445 1736 2501; x_wconf 89' lang='lat' dir='ltr'>diaconum</span> 
     </span>
    </p>
   </div>
   <div class='ocr_carea' id='block_1_41' title="bbox 140 2532 1738 2609">
    <p class='ocr_par' dir='ltr' id='par_1_41' title="bbox 140 2532 1738 2609">
     <span class='ocr_line' id='line_1_41' title="bbox 140 2532 1738 2609; baseline 0.006 -24"><span class='ocrx_word' id='word_1_293' title='bbox 140 2532 268 2588; x_wconf 88' lang='lat' dir='ltr'>illum</span> <span class='ocrx_word' id='word_1_294' title='bbox 291 2535 591 2604; x_wconf 83' lang='lat' dir='ltr'>ordinavit,</span> <span class='ocrx_word' id='word_1_295' title='bbox 619 2536 729 2590; x_wconf 92' lang='lat' dir='ltr'>hoc</span> <span class='ocrx_word' id='word_1_296' title='bbox 757 2537 967 2591; x_wconf 90' lang='lat' dir='ltr'>scilicet</span> <span class='ocrx_word' id='word_1_297' title='bbox 990 2541 1205 2609; x_wconf 90' lang='lat' dir='ltr'>pareat,</span> <span class='ocrx_word' id='word_1_298' title='bbox 1233 2539 1355 2593; x_wconf 70' lang='lat' dir='ltr'>haec</span> <span class='ocrx_word' id='word_1_299' title='bbox 1383 2538 1614 2594; x_wconf 90' lang='lat' dir='ltr'>licentia</span> <span class='ocrx_word' id='word_1_300' title='bbox 1637 2556 1738 2594; x_wconf 91' lang='lat' dir='ltr'>vo-</span> 
     </span>
    </p>
   </div>
   <div class='ocr_carea' id='block_1_42' title="bbox 140 2624 1741 2704">
    <p class='ocr_par' dir='ltr' id='par_1_42' title="bbox 140 2624 1741 2704">
     <span class='ocr_line' id='line_1_42' title="bbox 140 2624 1741 2704; baseline 0.004 -24"><span class='ocrx_word' id='word_1_301' title='bbox 140 2624 222 2694; x_wconf 86' lang='lat' dir='ltr'>bis,</span> <span class='ocrx_word' id='word_1_302' title='bbox 247 2627 554 2684; x_wconf 85' lang='lat' dir='ltr'>beatissimi</span> <span class='ocrx_word' id='word_1_303' title='bbox 584 2630 806 2699; x_wconf 90' lang='lat' dir='ltr'>fratres,</span> <span class='ocrx_word' id='word_1_304' title='bbox 834 2629 923 2684; x_wconf 92' lang='lat' dir='ltr'>sin</span> <span class='ocrx_word' id='word_1_305' title='bbox 949 2630 1138 2685; x_wconf 90' lang='lat' dir='ltr'>minus</span> <span class='ocrx_word' id='word_1_306' title='bbox 1177 2634 1294 2685; x_wconf 87' lang='lat' dir='ltr'>tam</span> <span class='ocrx_word' id='word_1_307' title='bbox 1325 2632 1623 2704; x_wconf 90' lang='lat' dir='ltr'>impudens</span> <span class='ocrx_word' id='word_1_308' title='bbox 1651 2649 1741 2687; x_wconf 85' lang='lat' dir='ltr'>co-</span> 
     </span>
    </p>
   </div>
   <div class='ocr_carea' id='block_1_43' title="bbox 143 2718 1734 2796">
    <p class='ocr_par' dir='ltr' id='par_1_43' title="bbox 143 2718 1734 2796">
     <span class='ocr_line' id='line_1_43' title="bbox 143 2718 1734 2796; baseline 0.006 -25"><span class='ocrx_word' id='word_1_309' title='bbox 143 2718 382 2787; x_wconf 87' lang='lat' dir='ltr'>hibeatur,</span> <span class='ocrx_word' id='word_1_310' title='bbox 415 2738 524 2777; x_wconf 91' lang='lat' dir='ltr'>nec</span> <span class='ocrx_word' id='word_1_311' title='bbox 570 2739 628 2777; x_wconf 91' lang='lat' dir='ltr'>se</span> <span class='ocrx_word' id='word_1_312' title='bbox 674 2723 906 2778; x_wconf 90' lang='lat' dir='ltr'>misceat</span> <span class='ocrx_word' id='word_1_313' title='bbox 948 2724 1339 2779; x_wconf 89' lang='lat' dir='ltr'>communioni</span> <span class='ocrx_word' id='word_1_314' title='bbox 1375 2725 1734 2796; x_wconf 85' lang='lat' dir='ltr'>cujusquam.</span> 
     </span>
    </p>
   </div>
   <div class='ocr_carea' id='block_1_44' title="bbox 141 2812 1739 2890">
    <p class='ocr_par' dir='ltr' id='par_1_44' title="bbox 141 2812 1739 2890">
     <span class='ocr_line' id='line_1_44' title="bbox 141 2812 1739 2890; baseline 0.006 -26"><span class='ocrx_word' id='word_1_315' title='bbox 141 2812 397 2869; x_wconf 75' lang='lat' dir='ltr'>Numidius</span> <span class='ocrx_word' id='word_1_316' title='bbox 440 2815 742 2886; x_wconf 89' lang='lat' dir='ltr'>episcopus</span> <span class='ocrx_word' id='word_1_317' title='bbox 784 2816 921 2870; x_wconf 85' lang='lat' dir='ltr'>dixit</span> <span class='ocrx_word' id='word_1_318' title='bbox 951 2833 964 2870; x_wconf 91' lang='lat'>:</span> <span class='ocrx_word' id='word_1_319' title='bbox 995 2817 1054 2872; x_wconf 90' lang='lat' dir='ltr'>Si</span> <span class='ocrx_word' id='word_1_320' title='bbox 1078 2833 1194 2871; x_wconf 92' lang='lat' dir='ltr'>non</span> <span class='ocrx_word' id='word_1_321' title='bbox 1224 2818 1513 2887; x_wconf 89' lang='lat' dir='ltr'>postulata</span> <span class='ocrx_word' id='word_1_322' title='bbox 1552 2835 1739 2890; x_wconf 87' lang='lat' dir='ltr'>neque</span> 
     </span>
    </p>
   </div>
   <div class='ocr_carea' id='block_1_45' title="bbox 139 2908 1738 2979">
    <p class='ocr_par' dir='ltr' id='par_1_45' title="bbox 139 2908 1738 2979">
     <span class='ocr_line' id='line_1_45' title="bbox 139 2908 1738 2979; baseline 0.004 -20"><span class='ocrx_word' id='word_1_323' title='bbox 139 2909 360 2961; x_wconf 88' lang='lat' dir='ltr'>consulta</span> <span class='ocrx_word' id='word_1_324' title='bbox 389 2911 488 2962; x_wconf 92' lang='lat' dir='ltr'>tua</span> <span class='ocrx_word' id='word_1_325' title='bbox 520 2908 858 2979; x_wconf 84' lang='lat' dir='ltr'>dignatione</span> <span class='ocrx_word' id='word_1_326' title='bbox 877 2909 936 2963; x_wconf 93' lang='lat' dir='ltr'>id</span> <span class='ocrx_word' id='word_1_327' title='bbox 961 2909 1220 2964; x_wconf 88' lang='lat' dir='ltr'>videatur</span> <span class='ocrx_word' id='word_1_328' title='bbox 1243 2910 1441 2965; x_wconf 89' lang='lat' dir='ltr'>fecisse</span> <span class='ocrx_word' id='word_1_329' title='bbox 1466 2911 1738 2977; x_wconf 83' lang='lat' dir='ltr'>Julianus,</span> 
     </span>
    </p>
   </div>
   <div class='ocr_carea' id='block_1_46' title="bbox 134 2997 1742 3076">
    <p class='ocr_par' dir='ltr' id='par_1_46' title="bbox 134 2997 1742 3076">
     <span class='ocr_line' id='line_1_46' title="bbox 134 2997 1742 3076; baseline 0.004 -24"><span class='ocrx_word' id='word_1_330' title='bbox 134 2997 422 3066; x_wconf 89' lang='lat' dir='ltr'>judicamus</span> <span class='ocrx_word' id='word_1_331' title='bbox 447 3018 654 3056; x_wconf 88' lang='lat' dir='ltr'>omnes</span> <span class='ocrx_word' id='word_1_332' title='bbox 679 3002 873 3074; x_wconf 90' lang='lat' dir='ltr'>inique</span> <span class='ocrx_word' id='word_1_333' title='bbox 902 3003 1111 3057; x_wconf 88' lang='lat' dir='ltr'>factum</span> <span class='ocrx_word' id='word_1_334' title='bbox 1134 3007 1306 3074; x_wconf 90' lang='lat' dir='ltr'>atque</span> <span class='ocrx_word' id='word_1_335' title='bbox 1335 3004 1592 3075; x_wconf 90' lang='lat' dir='ltr'>indigne,</span> <span class='ocrx_word' id='word_1_336' title='bbox 1610 3021 1742 3076; x_wconf 88' lang='lat' dir='ltr'>qua-</span> 
     </span>
    </p>
   </div>
   <div class='ocr_carea' id='block_1_47' title="bbox 1834 1887 3467 1960">
    <p class='ocr_par' dir='ltr' id='par_1_47' title="bbox 1834 1887 3467 1960">
     <span class='ocr_line' id='line_1_47' title="bbox 1834 1887 3467 1960; baseline 0.002 -20"><span class='ocrx_word' id='word_1_337' title='bbox 1834 1887 2010 1940; x_wconf 86' lang='lat' dir='ltr'>habet</span> <span class='ocrx_word' id='word_1_338' title='bbox 2026 1887 2168 1941; x_wconf 89' lang='lat' dir='ltr'>alius</span> <span class='ocrx_word' id='word_1_339' title='bbox 2190 1888 2548 1943; x_wconf 86' lang='lat' dir='ltr'>abundantes</span> <span class='ocrx_word' id='word_1_340' title='bbox 2568 1889 2816 1956; x_wconf 91' lang='lat' dir='ltr'>clericos,</span> <span class='ocrx_word' id='word_1_341' title='bbox 2835 1889 3004 1944; x_wconf 89' lang='lat' dir='ltr'>debet</span> <span class='ocrx_word' id='word_1_342' title='bbox 3018 1889 3159 1943; x_wconf 91' lang='lat' dir='ltr'>mihi</span> <span class='ocrx_word' id='word_1_343' title='bbox 3179 1889 3289 1944; x_wconf 90' lang='lat' dir='ltr'>alia</span> <span class='ocrx_word' id='word_1_344' title='bbox 3308 1890 3467 1960; x_wconf 88' lang='lat' dir='ltr'>plebs</span> 
     </span>
    </p>
   </div>
   <div class='ocr_carea' id='block_1_48' title="bbox 1835 1978 3466 2052">
    <p class='ocr_par' dir='ltr' id='par_1_48' title="bbox 1835 1978 3466 2052">
     <span class='ocr_line' id='line_1_48' title="bbox 1835 1978 3466 2052; baseline 0.002 -19"><span class='ocrx_word' id='word_1_345' title='bbox 1835 1978 2154 2034; x_wconf 89' lang='lat' dir='ltr'>subvenire.</span> <span class='ocrx_word' id='word_1_346' title='bbox 2177 1981 2433 2035; x_wconf 84' lang='lat' dir='ltr'>Aurelius</span> <span class='ocrx_word' id='word_1_347' title='bbox 2460 1981 2755 2051; x_wconf 89' lang='lat' dir='ltr'>episcopus</span> <span class='ocrx_word' id='word_1_348' title='bbox 2781 1981 2923 2035; x_wconf 80' lang='lat' dir='ltr'>dixit</span> <span class='ocrx_word' id='word_1_349' title='bbox 2954 1997 2967 2034; x_wconf 90' lang='lat'>:</span> <span class='ocrx_word' id='word_1_350' title='bbox 2997 1981 3144 2036; x_wconf 88' lang='lat' dir='ltr'>Sane</span> <span class='ocrx_word' id='word_1_351' title='bbox 3175 1982 3466 2052; x_wconf 92' lang='lat' dir='ltr'>quomodo</span> 
     </span>
    </p>
   </div>
   <div class='ocr_carea' id='block_1_49' title="bbox 1837 2071 3469 2144">
    <p class='ocr_par' dir='ltr' id='par_1_49' title="bbox 1837 2071 3469 2144">
     <span class='ocr_line' id='line_1_49' title="bbox 1837 2071 3469 2144; baseline 0.002 -18"><span class='ocrx_word' id='word_1_352' title='bbox 1837 2071 2088 2126; x_wconf 81' lang='lat' dir='ltr'>ecclesiae</span> <span class='ocrx_word' id='word_1_353' title='bbox 2134 2072 2369 2128; x_wconf 88' lang='lat' dir='ltr'>alterius</span> <span class='ocrx_word' id='word_1_354' title='bbox 2413 2076 2477 2128; x_wconf 91' lang='lat' dir='ltr'>tu</span> <span class='ocrx_word' id='word_1_355' title='bbox 2519 2073 2868 2140; x_wconf 89' lang='lat' dir='ltr'>subveneris,</span> <span class='ocrx_word' id='word_1_356' title='bbox 2914 2074 3352 2144; x_wconf 89' lang='lat' dir='ltr'>persuadebitur</span> <span class='ocrx_word' id='word_1_357' title='bbox 3389 2075 3469 2129; x_wconf 92' lang='lat' dir='ltr'>illi</span> 
     </span>
    </p>
   </div>
   <div class='ocr_carea' id='block_1_50' title="bbox 1835 2165 3467 2236">
    <p class='ocr_par' dir='ltr' id='par_1_50' title="bbox 1835 2165 3467 2236">
     <span class='ocr_line' id='line_1_50' title="bbox 1835 2165 3467 2236; baseline 0.002 -18"><span class='ocrx_word' id='word_1_358' title='bbox 1835 2165 1932 2236; x_wconf 94' lang='lat' dir='ltr'>qui</span> <span class='ocrx_word' id='word_1_359' title='bbox 1965 2166 2152 2236; x_wconf 89' lang='lat' dir='ltr'>plures</span> <span class='ocrx_word' id='word_1_360' title='bbox 2175 2166 2348 2221; x_wconf 87' lang='lat' dir='ltr'>habet</span> <span class='ocrx_word' id='word_1_361' title='bbox 2373 2166 2624 2235; x_wconf 89' lang='lat' dir='ltr'>clericos,</span> <span class='ocrx_word' id='word_1_362' title='bbox 2652 2171 2718 2222; x_wconf 94' lang='lat' dir='ltr'>ut</span> <span class='ocrx_word' id='word_1_363' title='bbox 2744 2182 2920 2221; x_wconf 88' lang='lat' dir='ltr'>unum</span> <span class='ocrx_word' id='word_1_364' title='bbox 2955 2167 3058 2220; x_wconf 92' lang='lat' dir='ltr'>tibi</span> <span class='ocrx_word' id='word_1_365' title='bbox 3087 2167 3467 2222; x_wconf 89' lang='lat' dir='ltr'>ordinandum</span> 
     </span>
    </p>
   </div>
   <div class='ocr_carea' id='block_1_51' title="bbox 1836 2257 2132 2328">
    <p class='ocr_par' dir='ltr' id='par_1_51' title="bbox 1836 2257 2132 2328">
     <span class='ocr_line' id='line_1_51' title="bbox 1836 2257 2132 2328; baseline 0.01 -18"><span class='ocrx_word' id='word_1_366' title='bbox 1836 2257 2132 2328; x_wconf 81' lang='lat' dir='ltr'>largiatur.</span> 
     </span>
    </p>
   </div>
   <div class='ocr_carea' id='block_1_52' title="bbox 1908 2351 3469 2425">
    <p class='ocr_par' dir='ltr' id='par_1_52' title="bbox 1908 2351 3469 2425">
     <span class='ocr_line' id='line_1_52' title="bbox 1908 2351 3469 2425; baseline 0.003 -21"><span class='ocrx_word' id='word_1_367' title='bbox 1908 2351 2075 2405; x_wconf 88' lang='lat' dir='ltr'>XLVI.</span> <span class='ocrx_word' id='word_1_368' title='bbox 2131 2352 2445 2406; x_wconf 86' lang='lat' dir='ltr'>Honoratus</span> <span class='ocrx_word' id='word_1_369' title='bbox 2489 2357 2547 2406; x_wconf 90' lang='lat' dir='ltr'>et</span> <span class='ocrx_word' id='word_1_370' title='bbox 2577 2352 2835 2407; x_wconf 90' lang='lat' dir='ltr'>Urbanus</span> <span class='ocrx_word' id='word_1_371' title='bbox 2873 2353 3122 2425; x_wconf 89' lang='lat' dir='ltr'>episcopi</span> <span class='ocrx_word' id='word_1_372' title='bbox 3156 2354 3423 2410; x_wconf 85' lang='lat' dir='ltr'>dixerunt</span> <span class='ocrx_word' id='word_1_373' title='bbox 3454 2372 3469 2408; x_wconf 87' lang='lat'><strong><em>:</em></strong></span> 
     </span>
    </p>
   </div>
   <div class='ocr_carea' id='block_1_53' title="bbox 1837 2444 3472 2502">
    <p class='ocr_par' dir='ltr' id='par_1_53' title="bbox 1837 2444 3472 2502">
     <span class='ocr_line' id='line_1_53' title="bbox 1837 2444 3472 2502; baseline 0.002 -4"><span class='ocrx_word' id='word_1_374' title='bbox 1837 2444 2168 2498; x_wconf 84' lang='lat' dir='ltr'>Audivimus</span> <span class='ocrx_word' id='word_1_375' title='bbox 2193 2445 2562 2500; x_wconf 87' lang='lat' dir='ltr'>constitutum</span> <span class='ocrx_word' id='word_1_376' title='bbox 2593 2449 2659 2500; x_wconf 91' lang='lat' dir='ltr'>ut</span> <span class='ocrx_word' id='word_1_377' title='bbox 2697 2447 2964 2502; x_wconf 68' lang='lat' dir='ltr'>dimceses</span> <span class='ocrx_word' id='word_1_378' title='bbox 2992 2464 3110 2502; x_wconf 93' lang='lat' dir='ltr'>non</span> <span class='ocrx_word' id='word_1_379' title='bbox 3137 2451 3472 2502; x_wconf 90' lang='lat' dir='ltr'>mereantur</span> 
     </span>
    </p>
   </div>
   <div class='ocr_carea' id='block_1_54' title="bbox 1839 2538 3472 2611">
    <p class='ocr_par' dir='ltr' id='par_1_54' title="bbox 1839 2538 3472 2611">
     <span class='ocr_line' id='line_1_54' title="bbox 1839 2538 3472 2611; baseline 0.002 -20"><span class='ocrx_word' id='word_1_380' title='bbox 1839 2538 2165 2609; x_wconf 89' lang='lat' dir='ltr'>episcopum</span> <span class='ocrx_word' id='word_1_381' title='bbox 2196 2539 2471 2609; x_wconf 88' lang='lat' dir='ltr'>accipere,</span> <span class='ocrx_word' id='word_1_382' title='bbox 2492 2538 2600 2593; x_wconf 90' lang='lat' dir='ltr'>nisi</span> <span class='ocrx_word' id='word_1_383' title='bbox 2625 2555 2756 2594; x_wconf 92' lang='lat' dir='ltr'>cum</span> <span class='ocrx_word' id='word_1_384' title='bbox 2784 2557 3061 2594; x_wconf 90' lang='lat' dir='ltr'>consensu</span> <span class='ocrx_word' id='word_1_385' title='bbox 3087 2541 3136 2610; x_wconf 91' lang='lat' dir='ltr'>ej</span> <span class='ocrx_word' id='word_1_386' title='bbox 3147 2557 3208 2594; x_wconf 90' lang='lat' dir='ltr'>us</span> <span class='ocrx_word' id='word_1_387' title='bbox 3233 2541 3336 2594; x_wconf 89' lang='lat' dir='ltr'>sub</span> <span class='ocrx_word' id='word_1_388' title='bbox 3358 2557 3472 2611; x_wconf 91' lang='lat' dir='ltr'>quo</span> 
     </span>
    </p>
   </div>
   <div class='ocr_carea' id='block_1_55' title="bbox 1838 2631 3476 2704">
    <p class='ocr_par' dir='ltr' id='par_1_55' title="bbox 1838 2631 3476 2704">
     <span class='ocr_line' id='line_1_55' title="bbox 1838 2631 3476 2704; baseline 0.002 -20"><span class='ocrx_word' id='word_1_389' title='bbox 1838 2631 2050 2685; x_wconf 89' lang='lat' dir='ltr'>fuerint</span> <span class='ocrx_word' id='word_1_390' title='bbox 2069 2632 2412 2697; x_wconf 88' lang='lat' dir='ltr'>constitutae,</span> <span class='ocrx_word' id='word_1_391' title='bbox 2432 2632 2529 2686; x_wconf 92' lang='lat' dir='ltr'>sed</span> <span class='ocrx_word' id='word_1_392' title='bbox 2544 2633 2603 2686; x_wconf 93' lang='lat' dir='ltr'>in</span> <span class='ocrx_word' id='word_1_393' title='bbox 2622 2633 2913 2702; x_wconf 90' lang='lat' dir='ltr'>provincia</span> <span class='ocrx_word' id='word_1_394' title='bbox 2933 2637 3128 2687; x_wconf 91' lang='lat' dir='ltr'>nostra</span> <span class='ocrx_word' id='word_1_395' title='bbox 3148 2649 3281 2687; x_wconf 90' lang='lat' dir='ltr'>cum</span> <span class='ocrx_word' id='word_1_396' title='bbox 3298 2634 3476 2704; x_wconf 89' lang='lat' dir='ltr'>aliqui</span> 
     </span>
    </p>
   </div>
   <div class='ocr_carea' id='block_1_56' title="bbox 1837 2723 3475 2797">
    <p class='ocr_par' dir='ltr' id='par_1_56' title="bbox 1837 2723 3475 2797">
     <span class='ocr_line' id='line_1_56' title="bbox 1837 2723 3475 2797; baseline 0.001 -19"><span class='ocrx_word' id='word_1_397' title='bbox 1837 2723 1981 2778; x_wconf 88' lang='lat' dir='ltr'>forte</span> <span class='ocrx_word' id='word_1_398' title='bbox 1999 2723 2057 2778; x_wconf 92' lang='lat' dir='ltr'>in</span> <span class='ocrx_word' id='word_1_399' title='bbox 2077 2724 2323 2791; x_wconf 75' lang='lat' dir='ltr'>dioecesi,</span> <span class='ocrx_word' id='word_1_400' title='bbox 2345 2725 2692 2780; x_wconf 89' lang='lat' dir='ltr'>concedente</span> <span class='ocrx_word' id='word_1_401' title='bbox 2719 2742 2786 2779; x_wconf 90' lang='lat' dir='ltr'>eo</span> <span class='ocrx_word' id='word_1_402' title='bbox 2815 2726 3078 2797; x_wconf 86' lang='lat' dir='ltr'>episcopo</span> <span class='ocrx_word' id='word_1_403' title='bbox 3107 2726 3166 2780; x_wconf 92' lang='lat' dir='ltr'>in</span> <span class='ocrx_word' id='word_1_404' title='bbox 3195 2726 3354 2796; x_wconf 90' lang='lat' dir='ltr'>cujus</span> <span class='ocrx_word' id='word_1_405' title='bbox 3381 2743 3475 2797; x_wconf 82' lang='lat' dir='ltr'>po-</span> 
     </span>
    </p>
   </div>
   <div class='ocr_carea' id='block_1_57' title="bbox 1839 2818 3471 2890">
    <p class='ocr_par' dir='ltr' id='par_1_57' title="bbox 1839 2818 3471 2890">
     <span class='ocr_line' id='line_1_57' title="bbox 1839 2818 3471 2890; baseline 0.001 -19"><span class='ocrx_word' id='word_1_406' title='bbox 1839 2821 2034 2872; x_wconf 88' lang='lat' dir='ltr'>testate</span> <span class='ocrx_word' id='word_1_407' title='bbox 2081 2818 2308 2872; x_wconf 87' lang='lat' dir='ltr'>fuerant</span> <span class='ocrx_word' id='word_1_408' title='bbox 2354 2819 2718 2884; x_wconf 64' lang='lat' dir='ltr'>constitutae,</span> <span class='ocrx_word' id='word_1_409' title='bbox 2744 2818 2990 2873; x_wconf 90' lang='lat' dir='ltr'>ordinati</span> <span class='ocrx_word' id='word_1_410' title='bbox 3034 2824 3166 2873; x_wconf 90' lang='lat' dir='ltr'>sunt</span> <span class='ocrx_word' id='word_1_411' title='bbox 3201 2819 3471 2890; x_wconf 88' lang='lat' dir='ltr'>episcopi,</span> 
     </span>
    </p>
   </div>
   <div class='ocr_carea' id='block_1_58' title="bbox 1840 2910 3473 2983">
    <p class='ocr_par' dir='ltr' id='par_1_58' title="bbox 1840 2910 3473 2983">
     <span class='ocr_line' id='line_1_58' title="bbox 1840 2910 3473 2983; baseline 0 -17"><span class='ocrx_word' id='word_1_412' title='bbox 1840 2910 2010 2966; x_wconf 88' lang='lat' dir='ltr'>etiam</span> <span class='ocrx_word' id='word_1_413' title='bbox 2039 2911 2306 2967; x_wconf 80' lang='lat' dir='ltr'>diceceses</span> <span class='ocrx_word' id='word_1_414' title='bbox 2331 2912 2440 2966; x_wconf 90' lang='lat' dir='ltr'>sibi</span> <span class='ocrx_word' id='word_1_415' title='bbox 2466 2912 2771 2980; x_wconf 88' lang='lat' dir='ltr'>vindicant,</span> <span class='ocrx_word' id='word_1_416' title='bbox 2804 2913 2910 2966; x_wconf 87' lang='lat' dir='ltr'>hoc</span> <span class='ocrx_word' id='word_1_417' title='bbox 2943 2916 3002 2967; x_wconf 89' lang='lat' dir='ltr'>et</span> <span class='ocrx_word' id='word_1_418' title='bbox 3028 2912 3234 2983; x_wconf 86' lang='lat' dir='ltr'>corrigi</span> <span class='ocrx_word' id='word_1_419' title='bbox 3285 2913 3473 2967; x_wconf 89' lang='lat' dir='ltr'>chari-</span> 
     </span>
    </p>
   </div>
   <div class='ocr_carea' id='block_1_59' title="bbox 1839 3004 3475 3076">
    <p class='ocr_par' dir='ltr' id='par_1_59' title="bbox 1839 3004 3475 3076">
     <span class='ocr_line' id='line_1_59' title="bbox 1839 3004 3475 3076; baseline 0 -17"><span class='ocrx_word' id='word_1_420' title='bbox 1839 3004 1968 3059; x_wconf 79' lang='lat' dir='ltr'>tatis</span> <span class='ocrx_word' id='word_1_421' title='bbox 1991 3009 2189 3059; x_wconf 68' lang='lat' dir='ltr'>vestrae</span> <span class='ocrx_word' id='word_1_422' title='bbox 2209 3005 2424 3075; x_wconf 91' lang='lat' dir='ltr'>judicio</span> <span class='ocrx_word' id='word_1_423' title='bbox 2445 3005 2766 3060; x_wconf 88' lang='lat' dir='ltr'>etinhiberi</span> <span class='ocrx_word' id='word_1_424' title='bbox 2789 3005 2858 3060; x_wconf 91' lang='lat' dir='ltr'>de</span> <span class='ocrx_word' id='word_1_425' title='bbox 2887 3007 3092 3060; x_wconf 72' lang='lat' dir='ltr'>caetero</span> <span class='ocrx_word' id='word_1_426' title='bbox 3123 3005 3312 3060; x_wconf 90' lang='lat' dir='ltr'>debet.</span> <span class='ocrx_word' id='word_1_427' title='bbox 3342 3006 3475 3076; x_wconf 87' lang='lat' dir='ltr'>Epi-</span> 
     </span>
    </p>
   </div>
   <div class='ocr_carea' id='block_1_60' title="bbox 140 3095 3478 3204">
    <p class='ocr_par' dir='ltr' id='par_1_60' title="bbox 140 3095 3478 3204">
     <span class='ocr_line' id='line_1_60' title="bbox 140 3095 3478 3204; baseline 0.002 -58"><span class='ocrx_word' id='word_1_428' title='bbox 140 3098 339 3163; x_wconf 85' lang='lat' dir='ltr'>propter</span> <span class='ocrx_word' id='word_1_429' title='bbox 362 3095 470 3149; x_wconf 91' lang='lat' dir='ltr'>nisi</span> <span class='ocrx_word' id='word_1_430' title='bbox 494 3095 654 3149; x_wconf 91' lang='lat' dir='ltr'>idem</span> <span class='ocrx_word' id='word_1_431' title='bbox 678 3095 931 3150; x_wconf 86' lang='lat' dir='ltr'>Julianus</span> <span class='ocrx_word' id='word_1_432' title='bbox 948 3097 1255 3151; x_wconf 86' lang='lat' dir='ltr'>correxerit</span> <span class='ocrx_word' id='word_1_433' title='bbox 1275 3114 1528 3152; x_wconf 89' lang='lat' dir='ltr'>errorem</span> <span class='ocrx_word' id='word_1_434' title='bbox 1553 3115 1737 3166; x_wconf 90' lang='lat' dir='ltr'>suum,</span> <span class='ocrx_word' id='word_1_435' title='bbox 1762 3130 1816 3204; x_wconf 68' lang='grc' dir='ltr'>Ο</span> <span class='ocrx_word' id='word_1_436' title='bbox 1843 3099 2042 3169; x_wconf 85' lang='lat' dir='ltr'>gonius</span> <span class='ocrx_word' id='word_1_437' title='bbox 2069 3098 2364 3169; x_wconf 90' lang='lat' dir='ltr'>episcopus</span> <span class='ocrx_word' id='word_1_438' title='bbox 2392 3098 2533 3153; x_wconf 87' lang='lat' dir='ltr'>dixit</span> <span class='ocrx_word' id='word_1_439' title='bbox 2561 3116 2573 3152; x_wconf 92' lang='lat'><strong>:</strong></span> <span class='ocrx_word' id='word_1_440' title='bbox 2608 3099 2852 3169; x_wconf 84' lang='lat' dir='ltr'>Singulis</span> <span class='ocrx_word' id='word_1_441' title='bbox 2881 3099 3160 3170; x_wconf 89' lang='lat' dir='ltr'>episcopis</span> <span class='ocrx_word' id='word_1_442' title='bbox 3191 3102 3478 3154; x_wconf 90' lang='lat' dir='ltr'>servatum</span> 
     </span>
    </p>
   </div>
   <div class='ocr_carea' id='block_1_61' title="bbox 137 3189 1744 3262">
    <p class='ocr_par' dir='ltr' id='par_1_61' title="bbox 137 3189 1744 3262">
     <span class='ocr_line' id='line_1_61' title="bbox 137 3189 1744 3262; baseline 0.005 -24"><span class='ocrx_word' id='word_1_443' title='bbox 137 3189 178 3238; x_wconf 85' lang='lat' dir='ltr'>et</span> <span class='ocrx_word' id='word_1_444' title='bbox 203 3203 319 3241; x_wconf 91' lang='lat' dir='ltr'>cum</span> <span class='ocrx_word' id='word_1_445' title='bbox 361 3189 756 3244; x_wconf 83' lang='lat' dir='ltr'>satisfactione</span> <span class='ocrx_word' id='word_1_446' title='bbox 807 3190 1076 3244; x_wconf 90' lang='lat' dir='ltr'>eumdem</span> <span class='ocrx_word' id='word_1_447' title='bbox 1105 3191 1374 3245; x_wconf 90' lang='lat' dir='ltr'>clericum</span> <span class='ocrx_word' id='word_1_448' title='bbox 1421 3208 1595 3262; x_wconf 90' lang='lat' dir='ltr'>quem</span> <span class='ocrx_word' id='word_1_449' title='bbox 1636 3191 1744 3246; x_wconf 89' lang='lat' dir='ltr'>fuit</span> 
     </span>
    </p>
   </div>
   <div class='ocr_carea' id='block_1_62' title="bbox 136 3283 1744 3356">
    <p class='ocr_par' dir='ltr' id='par_1_62' title="bbox 136 3283 1744 3356">
     <span class='ocr_line' id='line_1_62' title="bbox 136 3283 1744 3356; baseline 0.006 -25"><span class='ocrx_word' id='word_1_450' title='bbox 136 3295 275 3336; x_wconf 84' lang='lat' dir='ltr'>ausus</span> <span class='ocrx_word' id='word_1_451' title='bbox 300 3283 959 3353; x_wconf 89' lang='lat' dir='ltr'>ordinare,revocaverit</span> <span class='ocrx_word' id='word_1_452' title='bbox 986 3288 1100 3339; x_wconf 77' lang='lat' dir='ltr'>tuae</span> <span class='ocrx_word' id='word_1_453' title='bbox 1128 3285 1300 3356; x_wconf 89' lang='lat' dir='ltr'>plebi,</span> <span class='ocrx_word' id='word_1_454' title='bbox 1323 3289 1521 3341; x_wconf 91' lang='lat' dir='ltr'>contra</span> <span class='ocrx_word' id='word_1_455' title='bbox 1535 3288 1744 3340; x_wconf 84' lang='lat' dir='ltr'>statuta</span> 
     </span>
    </p>
   </div>
   <div class='ocr_carea' id='block_1_63' title="bbox 135 3376 1745 3449">
    <p class='ocr_par' dir='ltr' id='par_1_63' title="bbox 135 3376 1745 3449">
     <span class='ocr_line' id='line_1_63' title="bbox 135 3376 1745 3449; baseline 0.006 -25"><span class='ocrx_word' id='word_1_456' title='bbox 135 3376 324 3430; x_wconf 80' lang='lat' dir='ltr'>concilii</span> <span class='ocrx_word' id='word_1_457' title='bbox 367 3377 611 3443; x_wconf 86' lang='lat' dir='ltr'>faciens,</span> <span class='ocrx_word' id='word_1_458' title='bbox 657 3378 1014 3433; x_wconf 91' lang='lat' dir='ltr'>contumacia</span> <span class='ocrx_word' id='word_1_459' title='bbox 1063 3395 1159 3432; x_wconf 87' lang='lat' dir='ltr'>sua</span> <span class='ocrx_word' id='word_1_460' title='bbox 1208 3382 1498 3449; x_wconf 88' lang='lat' dir='ltr'>separatus</span> <span class='ocrx_word' id='word_1_461' title='bbox 1524 3395 1556 3432; x_wconf 91' lang='lat' dir='ltr'>a</span> <span class='ocrx_word' id='word_1_462' title='bbox 1584 3379 1745 3434; x_wconf 88' lang='lat' dir='ltr'>nobis</span> 
     </span>
    </p>
   </div>
   <div class='ocr_carea' id='block_1_64' title="bbox 136 3468 1744 3543">
    <p class='ocr_par' dir='ltr' id='par_1_64' title="bbox 136 3468 1744 3543">
     <span class='ocr_line' id='line_1_64' title="bbox 136 3468 1744 3543; baseline 0.004 -24"><span class='ocrx_word' id='word_1_463' title='bbox 136 3468 348 3539; x_wconf 82' lang='lat' dir='ltr'>excipiet</span> <span class='ocrx_word' id='word_1_464' title='bbox 364 3469 677 3540; x_wconf 89' lang='lat' dir='ltr'>judicium.</span> <span class='ocrx_word' id='word_1_465' title='bbox 705 3470 1017 3542; x_wconf 89' lang='lat' dir='ltr'>Epigonius</span> <span class='ocrx_word' id='word_1_466' title='bbox 1054 3471 1348 3543; x_wconf 90' lang='lat' dir='ltr'>episcopus</span> <span class='ocrx_word' id='word_1_467' title='bbox 1379 3471 1542 3539; x_wconf 89' lang='lat' dir='ltr'>dixit,</span> <span class='ocrx_word' id='word_1_468' title='bbox 1576 3474 1744 3526; x_wconf 79' lang='lat' dir='ltr'>aetate</span> 
     </span>
    </p>
   </div>
   <div class='ocr_carea' id='block_1_65' title="bbox 133 3563 1743 3635">
    <p class='ocr_par' dir='ltr' id='par_1_65' title="bbox 133 3563 1743 3635">
     <span class='ocr_line' id='line_1_65' title="bbox 133 3563 1743 3635; baseline 0.004 -22"><span class='ocrx_word' id='word_1_469' title='bbox 133 3563 268 3627; x_wconf 86' lang='lat' dir='ltr'>pater</span> <span class='ocrx_word' id='word_1_470' title='bbox 292 3568 347 3617; x_wconf 90' lang='lat' dir='ltr'>et</span> <span class='ocrx_word' id='word_1_471' title='bbox 388 3564 517 3635; x_wconf 84' lang='lat' dir='ltr'>ipsa</span> <span class='ocrx_word' id='word_1_472' title='bbox 564 3564 920 3635; x_wconf 90' lang='lat' dir='ltr'>promotione</span> <span class='ocrx_word' id='word_1_473' title='bbox 955 3564 1383 3635; x_wconf 90' lang='lat' dir='ltr'>antiquissimus</span> <span class='ocrx_word' id='word_1_474' title='bbox 1410 3565 1513 3631; x_wconf 91' lang='lat' dir='ltr'>vir,</span> <span class='ocrx_word' id='word_1_475' title='bbox 1546 3565 1743 3619; x_wconf 85' lang='lat' dir='ltr'>lauda-</span> 
     </span>
    </p>
   </div>
   <div class='ocr_carea' id='block_1_66' title="bbox 135 3650 1748 3729">
    <p class='ocr_par' dir='ltr' id='par_1_66' title="bbox 135 3650 1748 3729">
     <span class='ocr_line' id='line_1_66' title="bbox 135 3650 1748 3729; baseline 0.006 -26"><span class='ocrx_word' id='word_1_476' title='bbox 135 3650 237 3707; x_wconf 87' lang='lat' dir='ltr'>bilis</span> <span class='ocrx_word' id='word_1_477' title='bbox 261 3655 432 3711; x_wconf 86' lang='lat' dir='ltr'>frater</span> <span class='ocrx_word' id='word_1_478' title='bbox 459 3661 522 3712; x_wconf 90' lang='lat' dir='ltr'>et</span> <span class='ocrx_word' id='word_1_479' title='bbox 553 3657 771 3729; x_wconf 87' lang='lat' dir='ltr'>collega</span> <span class='ocrx_word' id='word_1_480' title='bbox 791 3660 982 3712; x_wconf 90' lang='lat' dir='ltr'>noster</span> <span class='ocrx_word' id='word_1_481' title='bbox 1001 3657 1193 3713; x_wconf 84' lang='lat' dir='ltr'>Victor</span> <span class='ocrx_word' id='word_1_482' title='bbox 1209 3658 1333 3712; x_wconf 91' lang='lat' dir='ltr'>vult</span> <span class='ocrx_word' id='word_1_483' title='bbox 1362 3657 1506 3712; x_wconf 90' lang='lat' dir='ltr'>hanc</span> <span class='ocrx_word' id='word_1_484' title='bbox 1528 3657 1748 3728; x_wconf 84' lang='lat' dir='ltr'>petitio-</span> 
     </span>
    </p>
   </div>
   <div class='ocr_carea' id='block_1_67' title="bbox 132 3751 1094 3820">
    <p class='ocr_par' dir='ltr' id='par_1_67' title="bbox 132 3751 1094 3820">
     <span class='ocr_line' id='line_1_67' title="bbox 132 3751 1094 3820; baseline 0.007 -21"><span class='ocrx_word' id='word_1_485' title='bbox 132 3761 241 3801; x_wconf 89' lang='lat' dir='ltr'>nem</span> <span class='ocrx_word' id='word_1_486' title='bbox 267 3751 604 3820; x_wconf 87' lang='lat' dir='ltr'>generalem</span> <span class='ocrx_word' id='word_1_487' title='bbox 633 3751 898 3806; x_wconf 90' lang='lat' dir='ltr'>omnibus</span> <span class='ocrx_word' id='word_1_488' title='bbox 927 3751 1094 3807; x_wconf 87' lang='lat' dir='ltr'>efﬁci.</span> 
     </span>
    </p>
   </div>
   <div class='ocr_carea' id='block_1_68' title="bbox 188 3840 1748 3916">
    <p class='ocr_par' dir='ltr' id='par_1_68' title="bbox 188 3840 1748 3916">
     <span class='ocr_line' id='line_1_68' title="bbox 188 3840 1748 3916; baseline 0.003 -22"><span class='ocrx_word' id='word_1_489' title='bbox 188 3840 322 3897; x_wconf 80' lang='lat' dir='ltr'>XLV.</span> <span class='ocrx_word' id='word_1_490' title='bbox 349 3844 626 3900; x_wconf 82' lang='lat' dir='ltr'>Aurelius</span> <span class='ocrx_word' id='word_1_491' title='bbox 651 3844 946 3916; x_wconf 88' lang='lat' dir='ltr'>episcopus</span> <span class='ocrx_word' id='word_1_492' title='bbox 975 3844 1115 3900; x_wconf 90' lang='lat' dir='ltr'>dixit</span> <span class='ocrx_word' id='word_1_493' title='bbox 1149 3861 1161 3899; x_wconf 93' lang='lat'>:</span> <span class='ocrx_word' id='word_1_494' title='bbox 1191 3847 1525 3901; x_wconf 86' lang='lat' dir='ltr'>Sermonem</span> <span class='ocrx_word' id='word_1_495' title='bbox 1552 3859 1748 3899; x_wconf 89' lang='lat' dir='ltr'>meum</span> 
     </span>
    </p>
   </div>
   <div class='ocr_carea' id='block_1_69' title="bbox 130 3931 1745 4010">
    <p class='ocr_par' dir='ltr' id='par_1_69' title="bbox 130 3931 1745 4010">
     <span class='ocr_line' id='line_1_69' title="bbox 130 3931 1745 4010; baseline 0.004 -26"><span class='ocrx_word' id='word_1_496' title='bbox 130 3931 400 4005; x_wconf 83' lang='lat' dir='ltr'>admittite,</span> <span class='ocrx_word' id='word_1_497' title='bbox 439 3939 687 4004; x_wconf 87' lang='lat' dir='ltr'>fratres;</span> <span class='ocrx_word' id='word_1_498' title='bbox 717 3938 999 4009; x_wconf 88' lang='lat' dir='ltr'>contingit</span> <span class='ocrx_word' id='word_1_499' title='bbox 1027 3954 1437 4010; x_wconf 89' lang='lat' dir='ltr'>nonnunquam</span> <span class='ocrx_word' id='word_1_500' title='bbox 1461 3942 1526 3992; x_wconf 91' lang='lat' dir='ltr'>ut</span> <span class='ocrx_word' id='word_1_501' title='bbox 1555 3938 1745 4008; x_wconf 91' lang='lat' dir='ltr'>postu-</span> 
     </span>
    </p>
   </div>
   <div class='ocr_carea' id='block_1_70' title="bbox 131 4023 1747 4102">
    <p class='ocr_par' dir='ltr' id='par_1_70' title="bbox 131 4023 1747 4102">
     <span class='ocr_line' id='line_1_70' title="bbox 131 4023 1747 4102; baseline 0.004 -25"><span class='ocrx_word' id='word_1_502' title='bbox 131 4023 293 4082; x_wconf 89' lang='lat' dir='ltr'>lentur</span> <span class='ocrx_word' id='word_1_503' title='bbox 310 4030 381 4085; x_wconf 88' lang='lat' dir='ltr'>ab</span> <span class='ocrx_word' id='word_1_504' title='bbox 409 4030 672 4086; x_wconf 87' lang='lat' dir='ltr'>ecclesiis</span> <span class='ocrx_word' id='word_1_505' title='bbox 697 4047 825 4102; x_wconf 73' lang='lat' dir='ltr'>quae</span> <span class='ocrx_word' id='word_1_506' title='bbox 857 4031 1173 4102; x_wconf 66' lang='lat' dir='ltr'>praepositis</span> <span class='ocrx_word' id='word_1_507' title='bbox 1218 4035 1389 4102; x_wconf 90' lang='lat' dir='ltr'>egent</span> <span class='ocrx_word' id='word_1_508' title='bbox 1418 4030 1502 4084; x_wconf 91' lang='lat' dir='ltr'>vel</span> <span class='ocrx_word' id='word_1_509' title='bbox 1531 4030 1747 4101; x_wconf 83' lang='lat' dir='ltr'>episco-</span> 
     </span>
    </p>
   </div>
   <div class='ocr_carea' id='block_1_71' title="bbox 131 4120 1750 4195">
    <p class='ocr_par' dir='ltr' id='par_1_71' title="bbox 131 4120 1750 4195">
     <span class='ocr_line' id='line_1_71' title="bbox 131 4120 1750 4195; baseline 0.003 -23"><span class='ocrx_word' id='word_1_510' title='bbox 131 4120 199 4187; x_wconf 86' lang='lat' dir='ltr'>pis</span> <span class='ocrx_word' id='word_1_511' title='bbox 219 4123 302 4177; x_wconf 91' lang='lat' dir='ltr'>vel</span> <span class='ocrx_word' id='word_1_512' title='bbox 331 4123 710 4195; x_wconf 86' lang='lat' dir='ltr'>presbyteris,</span> <span class='ocrx_word' id='word_1_513' title='bbox 742 4129 800 4179; x_wconf 91' lang='lat' dir='ltr'>et</span> <span class='ocrx_word' id='word_1_514' title='bbox 825 4129 1020 4179; x_wconf 89' lang='lat' dir='ltr'>tamen</span> <span class='ocrx_word' id='word_1_515' title='bbox 1056 4141 1285 4179; x_wconf 92' lang='lat' dir='ltr'>memor</span> <span class='ocrx_word' id='word_1_516' title='bbox 1318 4127 1662 4178; x_wconf 89' lang='lat' dir='ltr'>statutorum</span> <span class='ocrx_word' id='word_1_517' title='bbox 1691 4122 1750 4177; x_wconf 89' lang='lat' dir='ltr'>id</span> 
     </span>
    </p>
   </div>
   <div class='ocr_carea' id='block_1_72' title="bbox 132 4217 1752 4289">
    <p class='ocr_par' dir='ltr' id='par_1_72' title="bbox 132 4217 1752 4289">
     <span class='ocr_line' id='line_1_72' title="bbox 132 4217 1752 4289; baseline 0.002 -22"><span class='ocrx_word' id='word_1_518' title='bbox 132 4228 311 4285; x_wconf 81' lang='lat' dir='ltr'>sequor</span> <span class='ocrx_word' id='word_1_519' title='bbox 331 4224 396 4272; x_wconf 89' lang='lat' dir='ltr'>ut</span> <span class='ocrx_word' id='word_1_520' title='bbox 414 4217 763 4273; x_wconf 88' lang='lat' dir='ltr'>conveniam</span> <span class='ocrx_word' id='word_1_521' title='bbox 786 4217 1115 4289; x_wconf 90' lang='lat' dir='ltr'>episcopum</span> <span class='ocrx_word' id='word_1_522' title='bbox 1145 4218 1286 4286; x_wconf 88' lang='lat' dir='ltr'>ejus,</span> <span class='ocrx_word' id='word_1_523' title='bbox 1308 4221 1477 4288; x_wconf 88' lang='lat' dir='ltr'>atque</span> <span class='ocrx_word' id='word_1_524' title='bbox 1506 4217 1556 4272; x_wconf 90' lang='lat' dir='ltr'>ei</span> <span class='ocrx_word' id='word_1_525' title='bbox 1577 4217 1752 4271; x_wconf 89' lang='lat' dir='ltr'>incul-</span> 
     </span>
    </p>
   </div>
   <div class='ocr_carea' id='block_1_73' title="bbox 128 4296 1748 4382">
    <p class='ocr_par' dir='ltr' id='par_1_73' title="bbox 128 4296 1748 4382">
     <span class='ocr_line' id='line_1_73' title="bbox 128 4296 1748 4382; baseline 0.003 -23"><span class='ocrx_word' id='word_1_526' title='bbox 128 4321 231 4362; x_wconf 88' lang='lat' dir='ltr'>cem</span> <span class='ocrx_word' id='word_1_527' title='bbox 257 4311 408 4380; x_wconf 89' lang='lat' dir='ltr'>quod</span> <span class='ocrx_word' id='word_1_528' title='bbox 434 4311 569 4382; x_wconf 88' lang='lat' dir='ltr'>ejus</span> <span class='ocrx_word' id='word_1_529' title='bbox 587 4311 822 4365; x_wconf 87' lang='lat' dir='ltr'>clericus</span> <span class='ocrx_word' id='word_1_530' title='bbox 842 4328 875 4365; x_wconf 93' lang='lat' dir='ltr'>a</span> <span class='ocrx_word' id='word_1_531' title='bbox 892 4311 1145 4382; x_wconf 89' lang='lat' dir='ltr'>qualibet</span> <span class='ocrx_word' id='word_1_532' title='bbox 1165 4310 1395 4366; x_wconf 87' lang='lat' dir='ltr'>ecclesia</span> <span class='ocrx_word' id='word_1_533' title='bbox 1412 4296 1748 4380; x_wconf 82' lang='lat' dir='ltr'>postuletur,</span> 
     </span>
    </p>
   </div>
   <div class='ocr_carea' id='block_1_74' title="bbox 131 4400 1751 4474">
    <p class='ocr_par' dir='ltr' id='par_1_74' title="bbox 131 4400 1751 4474">
     <span class='ocr_line' id='line_1_74' title="bbox 131 4400 1751 4474; baseline 0.005 -25"><span class='ocrx_word' id='word_1_534' title='bbox 131 4400 213 4453; x_wconf 82' lang='lat' dir='ltr'>sed</span> <span class='ocrx_word' id='word_1_535' title='bbox 233 4401 370 4458; x_wconf 89' lang='lat' dir='ltr'>forte</span> <span class='ocrx_word' id='word_1_536' title='bbox 384 4405 449 4458; x_wconf 88' lang='lat' dir='ltr'>in</span> <span class='ocrx_word' id='word_1_537' title='bbox 472 4403 759 4458; x_wconf 89' lang='lat' dir='ltr'>hodierno</span> <span class='ocrx_word' id='word_1_538' title='bbox 774 4421 891 4459; x_wconf 92' lang='lat' dir='ltr'>non</span> <span class='ocrx_word' id='word_1_539' title='bbox 912 4404 1166 4459; x_wconf 90' lang='lat' dir='ltr'>reluctati</span> <span class='ocrx_word' id='word_1_540' title='bbox 1187 4407 1336 4472; x_wconf 90' lang='lat' dir='ltr'>sunt,</span> <span class='ocrx_word' id='word_1_541' title='bbox 1351 4407 1407 4458; x_wconf 91' lang='lat' dir='ltr'>et</span> <span class='ocrx_word' id='word_1_542' title='bbox 1424 4419 1498 4457; x_wconf 90' lang='lat' dir='ltr'>ne</span> <span class='ocrx_word' id='word_1_543' title='bbox 1521 4402 1751 4474; x_wconf 89' lang='lat' dir='ltr'>quando</span> 
     </span>
    </p>
   </div>
   <div class='ocr_carea' id='block_1_75' title="bbox 1842 3191 3477 3263">
    <p class='ocr_par' dir='ltr' id='par_1_75' title="bbox 1842 3191 3477 3263">
     <span class='ocr_line' id='line_1_75' title="bbox 1842 3191 3477 3263; baseline 0.001 -18"><span class='ocrx_word' id='word_1_544' title='bbox 1842 3195 1927 3245; x_wconf 86' lang='lat' dir='ltr'>est</span> <span class='ocrx_word' id='word_1_545' title='bbox 1954 3192 2108 3263; x_wconf 90' lang='lat' dir='ltr'>quod</span> <span class='ocrx_word' id='word_1_546' title='bbox 2136 3191 2389 3258; x_wconf 91' lang='lat' dir='ltr'>decebat,</span> <span class='ocrx_word' id='word_1_547' title='bbox 2423 3196 2485 3246; x_wconf 91' lang='lat' dir='ltr'>ut</span> <span class='ocrx_word' id='word_1_548' title='bbox 2510 3209 2572 3246; x_wconf 90' lang='lat' dir='ltr'>ex</span> <span class='ocrx_word' id='word_1_549' title='bbox 2601 3209 2786 3248; x_wconf 83' lang='lat' dir='ltr'>massa</span> <span class='ocrx_word' id='word_1_550' title='bbox 2829 3193 3158 3247; x_wconf 72' lang='lat' dir='ltr'>dimcesium</span> <span class='ocrx_word' id='word_1_551' title='bbox 3197 3193 3353 3246; x_wconf 89' lang='lat' dir='ltr'>nulla</span> <span class='ocrx_word' id='word_1_552' title='bbox 3383 3209 3477 3246; x_wconf 83' lang='lat' dir='ltr'>ca-</span> 
     </span>
    </p>
   </div>
   <div class='ocr_carea' id='block_1_76' title="bbox 1841 3285 3480 3356">
    <p class='ocr_par' dir='ltr' id='par_1_76' title="bbox 1841 3285 3480 3356">
     <span class='ocr_line' id='line_1_76' title="bbox 1841 3285 3480 3356; baseline 0 -18"><span class='ocrx_word' id='word_1_553' title='bbox 1841 3289 2090 3355; x_wconf 88' lang='lat' dir='ltr'>peretur,</span> <span class='ocrx_word' id='word_1_554' title='bbox 2117 3289 2182 3339; x_wconf 91' lang='lat' dir='ltr'>ut</span> <span class='ocrx_word' id='word_1_555' title='bbox 2207 3285 2504 3356; x_wconf 90' lang='lat' dir='ltr'>proprium</span> <span class='ocrx_word' id='word_1_556' title='bbox 2521 3285 2855 3356; x_wconf 88' lang='lat' dir='ltr'>episcopum</span> <span class='ocrx_word' id='word_1_557' title='bbox 2883 3285 3207 3349; x_wconf 89' lang='lat' dir='ltr'>habuisset;</span> <span class='ocrx_word' id='word_1_558' title='bbox 3228 3285 3338 3338; x_wconf 92' lang='lat' dir='ltr'>nisi</span> <span class='ocrx_word' id='word_1_559' title='bbox 3360 3285 3480 3356; x_wconf 91' lang='lat' dir='ltr'>ipse</span> 
     </span>
    </p>
   </div>
   <div class='ocr_carea' id='block_1_77' title="bbox 1843 3377 3480 3443">
    <p class='ocr_par' dir='ltr' id='par_1_77' title="bbox 1843 3377 3480 3443">
     <span class='ocr_line' id='line_1_77' title="bbox 1843 3377 3480 3443; baseline 0 -11"><span class='ocrx_word' id='word_1_560' title='bbox 1843 3394 2182 3432; x_wconf 89' lang='lat' dir='ltr'>consensum</span> <span class='ocrx_word' id='word_1_561' title='bbox 2214 3378 2567 3433; x_wconf 91' lang='lat' dir='ltr'>adhibuisset</span> <span class='ocrx_word' id='word_1_562' title='bbox 2591 3378 2958 3443; x_wconf 90' lang='lat' dir='ltr'>concedendi,</span> <span class='ocrx_word' id='word_1_563' title='bbox 2987 3378 3236 3432; x_wconf 84' lang='lat' dir='ltr'>sufficiat</span> <span class='ocrx_word' id='word_1_564' title='bbox 3255 3377 3409 3431; x_wconf 92' lang='lat' dir='ltr'>enim</span> <span class='ocrx_word' id='word_1_565' title='bbox 3430 3378 3480 3432; x_wconf 93' lang='lat' dir='ltr'>si</span> 
     </span>
    </p>
   </div>
   <div class='ocr_carea' id='block_1_78' title="bbox 1845 3469 3480 3541">
    <p class='ocr_par' dir='ltr' id='par_1_78' title="bbox 1845 3469 3480 3541">
     <span class='ocr_line' id='line_1_78' title="bbox 1845 3469 3480 3541; baseline -0.001 -17"><span class='ocrx_word' id='word_1_566' title='bbox 1845 3471 2188 3526; x_wconf 85' lang='lat' dir='ltr'>consenserit</span> <span class='ocrx_word' id='word_1_567' title='bbox 2214 3476 2281 3526; x_wconf 90' lang='lat' dir='ltr'>ut</span> <span class='ocrx_word' id='word_1_568' title='bbox 2310 3472 2509 3526; x_wconf 90' lang='lat' dir='ltr'>eadem</span> <span class='ocrx_word' id='word_1_569' title='bbox 2551 3471 2804 3526; x_wconf 67' lang='lat' dir='ltr'>dimcesis</span> <span class='ocrx_word' id='word_1_570' title='bbox 2855 3470 3132 3541; x_wconf 91' lang='lat' dir='ltr'>permissa</span> <span class='ocrx_word' id='word_1_571' title='bbox 3178 3469 3480 3540; x_wconf 85' lang='lat' dir='ltr'>prOprium</span> 
     </span>
    </p>
   </div>
   <div class='ocr_carea' id='block_1_79' title="bbox 1845 3562 3482 3634">
    <p class='ocr_par' dir='ltr' id='par_1_79' title="bbox 1845 3562 3482 3634">
     <span class='ocr_line' id='line_1_79' title="bbox 1845 3562 3482 3634; baseline -0.001 -17"><span class='ocrx_word' id='word_1_572' title='bbox 1845 3567 2068 3618; x_wconf 88' lang='lat' dir='ltr'>tantum</span> <span class='ocrx_word' id='word_1_573' title='bbox 2097 3563 2424 3634; x_wconf 86' lang='lat' dir='ltr'>episcopum</span> <span class='ocrx_word' id='word_1_574' title='bbox 2449 3563 2674 3631; x_wconf 90' lang='lat' dir='ltr'>habeat,</span> <span class='ocrx_word' id='word_1_575' title='bbox 2709 3568 2767 3617; x_wconf 92' lang='lat' dir='ltr'>et</span> <span class='ocrx_word' id='word_1_576' title='bbox 2792 3568 3022 3618; x_wconf 86' lang='lat' dir='ltr'>caeteras</span> <span class='ocrx_word' id='word_1_577' title='bbox 3064 3563 3169 3617; x_wconf 92' lang='lat' dir='ltr'>sibi</span> <span class='ocrx_word' id='word_1_578' title='bbox 3216 3579 3336 3617; x_wconf 91' lang='lat' dir='ltr'>non</span> <span class='ocrx_word' id='word_1_579' title='bbox 3361 3562 3482 3617; x_wconf 88' lang='lat' dir='ltr'>vin-</span> 
     </span>
    </p>
   </div>
   <div class='ocr_carea' id='block_1_80' title="bbox 1848 3655 3483 3727">
    <p class='ocr_par' dir='ltr' id='par_1_80' title="bbox 1848 3655 3483 3727">
     <span class='ocr_line' id='line_1_80' title="bbox 1848 3655 3483 3727; baseline -0.001 -17"><span class='ocrx_word' id='word_1_580' title='bbox 1848 3655 1997 3711; x_wconf 90' lang='lat' dir='ltr'>dicet</span> <span class='ocrx_word' id='word_1_581' title='bbox 2025 3656 2307 3724; x_wconf 67' lang='lat' dir='ltr'>diazceses,</span> <span class='ocrx_word' id='word_1_582' title='bbox 2330 3672 2458 3727; x_wconf 62' lang='lat' dir='ltr'>quas</span> <span class='ocrx_word' id='word_1_583' title='bbox 2478 3660 2744 3727; x_wconf 91' lang='lat' dir='ltr'>exempta</span> <span class='ocrx_word' id='word_1_584' title='bbox 2767 3657 2836 3711; x_wconf 92' lang='lat' dir='ltr'>de</span> <span class='ocrx_word' id='word_1_585' title='bbox 2857 3657 3005 3710; x_wconf 86' lang='lat' dir='ltr'>fasce</span> <span class='ocrx_word' id='word_1_586' title='bbox 3027 3657 3343 3709; x_wconf 90' lang='lat' dir='ltr'>multarum</span> <span class='ocrx_word' id='word_1_587' title='bbox 3367 3656 3483 3709; x_wconf 91' lang='lat' dir='ltr'>sola</span> 
     </span>
    </p>
   </div>
   <div class='ocr_carea' id='block_1_81' title="bbox 1845 3747 3478 3819">
    <p class='ocr_par' dir='ltr' id='par_1_81' title="bbox 1845 3747 3478 3819">
     <span class='ocr_line' id='line_1_81' title="bbox 1845 3747 3478 3819; baseline -0.001 -16"><span class='ocrx_word' id='word_1_588' title='bbox 1845 3749 2057 3803; x_wconf 90' lang='lat' dir='ltr'>meruit</span> <span class='ocrx_word' id='word_1_589' title='bbox 2084 3750 2364 3804; x_wconf 90' lang='lat' dir='ltr'>honorem</span> <span class='ocrx_word' id='word_1_590' title='bbox 2391 3749 2729 3819; x_wconf 87' lang='lat' dir='ltr'>apostolatus</span> <span class='ocrx_word' id='word_1_591' title='bbox 2750 3747 3052 3818; x_wconf 91' lang='lat' dir='ltr'>suscipere.</span> <span class='ocrx_word' id='word_1_592' title='bbox 3075 3747 3335 3802; x_wconf 78' lang='lat' dir='ltr'>Aurelius</span> <span class='ocrx_word' id='word_1_593' title='bbox 3357 3747 3478 3818; x_wconf 89' lang='lat' dir='ltr'>epi-</span> 
     </span>
    </p>
   </div>
   <div class='ocr_carea' id='block_1_82' title="bbox 1847 3839 3498 3912">
    <p class='ocr_par' dir='ltr' id='par_1_82' title="bbox 1847 3839 3498 3912">
     <span class='ocr_line' id='line_1_82' title="bbox 1847 3839 3498 3912; baseline -0.001 -16"><span class='ocrx_word' id='word_1_594' title='bbox 1847 3858 2053 3912; x_wconf 90' lang='lat' dir='ltr'>scopus</span> <span class='ocrx_word' id='word_1_595' title='bbox 2078 3841 2257 3897; x_wconf 88' lang='lat' dir='ltr'>dixit:</span> <span class='ocrx_word' id='word_1_596' title='bbox 2294 3843 2416 3897; x_wconf 83' lang='lat' dir='ltr'>Non</span> <span class='ocrx_word' id='word_1_597' title='bbox 2457 3841 2656 3896; x_wconf 89' lang='lat' dir='ltr'>dubito</span> <span class='ocrx_word' id='word_1_598' title='bbox 2700 3840 2964 3896; x_wconf 89' lang='lat' dir='ltr'>charitati</span> <span class='ocrx_word' id='word_1_599' title='bbox 2993 3846 3194 3894; x_wconf 67' lang='lat' dir='ltr'>vestra:</span> <span class='ocrx_word' id='word_1_600' title='bbox 3220 3839 3498 3902; x_wconf 87' lang='lat' dir='ltr'>omnium_</span> 
     </span>
    </p>
   </div>
   <div class='ocr_carea' id='block_1_83' title="bbox 1847 3933 3481 4006">
    <p class='ocr_par' dir='ltr' id='par_1_83' title="bbox 1847 3933 3481 4006">
     <span class='ocr_line' id='line_1_83' title="bbox 1847 3933 3481 4006; baseline -0.002 -16"><span class='ocrx_word' id='word_1_601' title='bbox 1847 3935 2069 4006; x_wconf 89' lang='lat' dir='ltr'>placere</span> <span class='ocrx_word' id='word_1_602' title='bbox 2113 3951 2245 3988; x_wconf 90' lang='lat' dir='ltr'>eum</span> <span class='ocrx_word' id='word_1_603' title='bbox 2291 3935 2390 4006; x_wconf 91' lang='lat' dir='ltr'>qui</span> <span class='ocrx_word' id='word_1_604' title='bbox 2430 3935 2491 3989; x_wconf 92' lang='lat' dir='ltr'>in</span> <span class='ocrx_word' id='word_1_605' title='bbox 2537 3934 2764 3989; x_wconf 74' lang='lat' dir='ltr'>dioecesi</span> <span class='ocrx_word' id='word_1_606' title='bbox 2820 3933 3163 3988; x_wconf 91' lang='lat' dir='ltr'>concedente</span> <span class='ocrx_word' id='word_1_607' title='bbox 3215 3933 3481 4004; x_wconf 83' lang='lat' dir='ltr'>episcOpo</span> 
     </span>
    </p>
   </div>
   <div class='ocr_carea' id='block_1_84' title="bbox 1849 4025 3483 4097">
    <p class='ocr_par' dir='ltr' id='par_1_84' title="bbox 1849 4025 3483 4097">
     <span class='ocr_line' id='line_1_84' title="bbox 1849 4025 3483 4097; baseline -0.001 -15"><span class='ocrx_word' id='word_1_608' title='bbox 1849 4027 2145 4082; x_wconf 89' lang='lat' dir='ltr'>matricem</span> <span class='ocrx_word' id='word_1_609' title='bbox 2176 4028 2377 4094; x_wconf 89' lang='lat' dir='ltr'>tenuit,</span> <span class='ocrx_word' id='word_1_610' title='bbox 2408 4028 2587 4082; x_wconf 91' lang='lat' dir='ltr'>solam</span> <span class='ocrx_word' id='word_1_611' title='bbox 2612 4027 2876 4082; x_wconf 89' lang='lat' dir='ltr'>eamdem</span> <span class='ocrx_word' id='word_1_612' title='bbox 2903 4026 3145 4081; x_wconf 86' lang='lat' dir='ltr'>retinere</span> <span class='ocrx_word' id='word_1_613' title='bbox 3175 4025 3399 4097; x_wconf 89' lang='lat' dir='ltr'>plebem</span> <span class='ocrx_word' id='word_1_614' title='bbox 3420 4026 3483 4080; x_wconf 90' lang='lat' dir='ltr'>in</span> 
     </span>
    </p>
   </div>
   <div class='ocr_carea' id='block_1_85' title="bbox 1848 4121 2438 4192">
    <p class='ocr_par' dir='ltr' id='par_1_85' title="bbox 1848 4121 2438 4192">
     <span class='ocr_line' id='line_1_85' title="bbox 1848 4121 2438 4192; baseline 0 -16"><span class='ocrx_word' id='word_1_615' title='bbox 1848 4138 1964 4192; x_wconf 91' lang='lat' dir='ltr'>qua</span> <span class='ocrx_word' id='word_1_616' title='bbox 1992 4121 2100 4176; x_wconf 88' lang='lat' dir='ltr'>fuit</span> <span class='ocrx_word' id='word_1_617' title='bbox 2127 4121 2438 4176; x_wconf 89' lang='lat' dir='ltr'>ordinatus.</span> 
     </span>
    </p>
   </div>
   <div class='ocr_carea' id='block_1_86' title="bbox 1920 4213 3484 4286">
    <p class='ocr_par' dir='ltr' id='par_1_86' title="bbox 1920 4213 3484 4286">
     <span class='ocr_line' id='line_1_86' title="bbox 1920 4213 3484 4286; baseline 0 -18"><span class='ocrx_word' id='word_1_618' title='bbox 1920 4215 2115 4269; x_wconf 87' lang='lat' dir='ltr'>XLVII.</span> <span class='ocrx_word' id='word_1_619' title='bbox 2151 4216 2290 4270; x_wconf 87' lang='lat' dir='ltr'>Item</span> <span class='ocrx_word' id='word_1_620' title='bbox 2318 4215 2554 4286; x_wconf 89' lang='lat' dir='ltr'>placuit,</span> <span class='ocrx_word' id='word_1_621' title='bbox 2579 4220 2642 4270; x_wconf 89' lang='lat' dir='ltr'>ut</span> <span class='ocrx_word' id='word_1_622' title='bbox 2667 4218 2882 4286; x_wconf 64' lang='lat' dir='ltr'>praeter</span> <span class='ocrx_word' id='word_1_623' title='bbox 2910 4214 3217 4285; x_wconf 88' lang='lat' dir='ltr'>scripturas</span> <span class='ocrx_word' id='word_1_624' title='bbox 3244 4213 3484 4268; x_wconf 85' lang='lat' dir='ltr'>canoni-</span> 
     </span>
    </p>
   </div>
   <div class='ocr_carea' id='block_1_87' title="bbox 1849 4306 3488 4378">
    <p class='ocr_par' dir='ltr' id='par_1_87' title="bbox 1849 4306 3488 4378">
     <span class='ocr_line' id='line_1_87' title="bbox 1849 4306 3488 4378; baseline -0.001 -16"><span class='ocrx_word' id='word_1_625' title='bbox 1849 4325 1938 4362; x_wconf 88' lang='lat' dir='ltr'>cas</span> <span class='ocrx_word' id='word_1_626' title='bbox 1967 4307 2110 4362; x_wconf 91' lang='lat' dir='ltr'>nihil</span> <span class='ocrx_word' id='word_1_627' title='bbox 2137 4308 2196 4362; x_wconf 91' lang='lat' dir='ltr'>in</span> <span class='ocrx_word' id='word_1_628' title='bbox 2225 4309 2462 4364; x_wconf 91' lang='lat' dir='ltr'>ecclesia</span> <span class='ocrx_word' id='word_1_629' title='bbox 2504 4309 2734 4378; x_wconf 90' lang='lat' dir='ltr'>legatur</span> <span class='ocrx_word' id='word_1_630' title='bbox 2767 4308 2870 4362; x_wconf 88' lang='lat' dir='ltr'>sub</span> <span class='ocrx_word' id='word_1_631' title='bbox 2908 4307 3139 4362; x_wconf 90' lang='lat' dir='ltr'>nomine</span> <span class='ocrx_word' id='word_1_632' title='bbox 3167 4306 3488 4361; x_wconf 91' lang='lat' dir='ltr'>divinarum</span> 
     </span>
    </p>
   </div>
   <div class='ocr_carea' id='block_1_88' title="bbox 1851 4400 3486 4472">
    <p class='ocr_par' dir='ltr' id='par_1_88' title="bbox 1851 4400 3486 4472">
     <span class='ocr_line' id='line_1_88' title="bbox 1851 4400 3486 4472; baseline -0.001 -16"><span class='ocrx_word' id='word_1_633' title='bbox 1851 4400 2268 4472; x_wconf 88' lang='lat' dir='ltr'>Scripturarum</span> <span class='ocrx_word' id='word_1_634' title='bbox 2279 4443 2291 4456; x_wconf 95' lang='lat'>.</span> <span class='ocrx_word' id='word_1_635' title='bbox 2307 4402 2452 4456; x_wconf 86' lang='lat' dir='ltr'>Sunt</span> <span class='ocrx_word' id='word_1_636' title='bbox 2467 4407 2656 4456; x_wconf 89' lang='lat' dir='ltr'>autem</span> <span class='ocrx_word' id='word_1_637' title='bbox 2674 4401 2963 4456; x_wconf 88' lang='lat' dir='ltr'>canonicae</span> <span class='ocrx_word' id='word_1_638' title='bbox 2981 4401 3293 4471; x_wconf 83' lang='lat' dir='ltr'>scripturae,</span> <span class='ocrx_word' id='word_1_639' title='bbox 3311 4400 3367 4454; x_wconf 94' lang='lat' dir='ltr'>id</span> <span class='ocrx_word' id='word_1_640' title='bbox 3380 4403 3486 4469; x_wconf 90' lang='lat' dir='ltr'>est,</span> 
     </span>
    </p>
   </div>
   <div class='ocr_carea' id='block_1_89' title="bbox 127 4492 3486 4568">
    <p class='ocr_par' dir='ltr' id='par_1_89' title="bbox 127 4492 3486 4568">
     <span class='ocr_line' id='line_1_89' title="bbox 127 4492 3486 4568; baseline 0.001 -25"><span class='ocrx_word' id='word_1_641' title='bbox 127 4495 398 4568; x_wconf 82' lang='lat' dir='ltr'>contingat</span> <span class='ocrx_word' id='word_1_642' title='bbox 451 4501 520 4550; x_wconf 92' lang='lat' dir='ltr'>ut</span> <span class='ocrx_word' id='word_1_643' title='bbox 567 4497 920 4551; x_wconf 90' lang='lat' dir='ltr'>reluctentur</span> <span class='ocrx_word' id='word_1_644' title='bbox 961 4514 1093 4552; x_wconf 90' lang='lat' dir='ltr'>cum</span> <span class='ocrx_word' id='word_1_645' title='bbox 1122 4497 1336 4552; x_wconf 88' lang='lat' dir='ltr'>fuerint</span> <span class='ocrx_word' id='word_1_646' title='bbox 1363 4513 1397 4550; x_wconf 90' lang='lat' dir='ltr'>a</span> <span class='ocrx_word' id='word_1_647' title='bbox 1425 4512 1518 4551; x_wconf 91' lang='lat' dir='ltr'>me</span> <span class='ocrx_word' id='word_1_648' title='bbox 1548 4496 1606 4550; x_wconf 92' lang='lat' dir='ltr'>in</span> <span class='ocrx_word' id='word_1_649' title='bbox 1647 4497 1750 4551; x_wconf 90' lang='lat' dir='ltr'>hac</span> <span class='ocrx_word' id='word_1_650' title='bbox 1768 4495 1828 4567; x_wconf 82' lang='grc' dir='ltr'>Ι)</span> <span class='ocrx_word' id='word_1_651' title='bbox 1849 4493 2069 4565; x_wconf 89' lang='lat' dir='ltr'>primus</span> <span class='ocrx_word' id='word_1_652' title='bbox 2097 4493 2350 4563; x_wconf 86' lang='lat' dir='ltr'>Genesis,</span> <span class='ocrx_word' id='word_1_653' title='bbox 2384 4495 2661 4549; x_wconf 89' lang='lat' dir='ltr'>secundus</span> <span class='ocrx_word' id='word_1_654' title='bbox 2682 4495 2927 4560; x_wconf 88' lang='lat' dir='ltr'>Exodus,</span> <span class='ocrx_word' id='word_1_655' title='bbox 2961 4493 3164 4548; x_wconf 89' lang='lat' dir='ltr'>tertius</span> <span class='ocrx_word' id='word_1_656' title='bbox 3183 4492 3486 4562; x_wconf 88' lang='lat' dir='ltr'>Leviticus,</span> 
     </span>
    </p>
   </div>
   <div class='ocr_carea' id='block_1_90' title="bbox 129 4590 1754 4661">
    <p class='ocr_par' dir='ltr' id='par_1_90' title="bbox 129 4590 1754 4661">
     <span class='ocr_line' id='line_1_90' title="bbox 129 4590 1754 4661; baseline 0.004 -24"><span class='ocrx_word' id='word_1_657' title='bbox 129 4601 274 4642; x_wconf 83' lang='lat' dir='ltr'>causa</span> <span class='ocrx_word' id='word_1_658' title='bbox 297 4590 580 4660; x_wconf 87' lang='lat' dir='ltr'>postulati</span> <span class='ocrx_word' id='word_1_659' title='bbox 601 4606 774 4661; x_wconf 89' lang='lat' dir='ltr'>quem</span> <span class='ocrx_word' id='word_1_660' title='bbox 800 4590 950 4645; x_wconf 89' lang='lat' dir='ltr'>scitis</span> <span class='ocrx_word' id='word_1_661' title='bbox 974 4591 1286 4645; x_wconf 89' lang='lat' dir='ltr'>multarum</span> <span class='ocrx_word' id='word_1_662' title='bbox 1311 4590 1672 4645; x_wconf 89' lang='lat' dir='ltr'>ecclesiarum</span> <span class='ocrx_word' id='word_1_663' title='bbox 1695 4593 1754 4644; x_wconf 89' lang='lat' dir='ltr'>et</span> 
     </span>
    </p>
   </div>
   <div class='ocr_carea' id='block_1_91' title="bbox 127 4681 1752 4755">
    <p class='ocr_par' dir='ltr' id='par_1_91' title="bbox 127 4681 1752 4755">
     <span class='ocr_line' id='line_1_91' title="bbox 127 4681 1752 4755; baseline 0.003 -23"><span class='ocrx_word' id='word_1_664' title='bbox 127 4681 575 4739; x_wconf 86' lang='lat' dir='ltr'>ordinandorum</span> <span class='ocrx_word' id='word_1_665' title='bbox 603 4700 833 4738; x_wconf 88' lang='lat' dir='ltr'>causam</span> <span class='ocrx_word' id='word_1_666' title='bbox 859 4683 1157 4738; x_wconf 89' lang='lat' dir='ltr'>sustinere.</span> <span class='ocrx_word' id='word_1_667' title='bbox 1178 4684 1398 4738; x_wconf 85' lang='lat' dir='ltr'>Justum</span> <span class='ocrx_word' id='word_1_668' title='bbox 1423 4687 1510 4737; x_wconf 90' lang='lat' dir='ltr'>est</span> <span class='ocrx_word' id='word_1_669' title='bbox 1531 4700 1669 4755; x_wconf 92' lang='lat' dir='ltr'>ergo</span> <span class='ocrx_word' id='word_1_670' title='bbox 1691 4687 1752 4737; x_wconf 90' lang='lat' dir='ltr'>ut</span> 
     </span>
    </p>
   </div>
   <div class='ocr_carea' id='block_1_92' title="bbox 128 4776 1751 4841">
    <p class='ocr_par' dir='ltr' id='par_1_92' title="bbox 128 4776 1751 4841">
     <span class='ocr_line' id='line_1_92' title="bbox 128 4776 1751 4841; baseline 0.002 -14"><span class='ocrx_word' id='word_1_671' title='bbox 128 4776 419 4841; x_wconf 86' lang='lat' dir='ltr'>quemlibet</span> <span class='ocrx_word' id='word_1_672' title='bbox 446 4777 922 4832; x_wconf 87' lang='lat' dir='ltr'>consacerdotum</span> <span class='ocrx_word' id='word_1_673' title='bbox 946 4777 1280 4831; x_wconf 90' lang='lat' dir='ltr'>conveniam</span> <span class='ocrx_word' id='word_1_674' title='bbox 1310 4793 1440 4830; x_wconf 89' lang='lat' dir='ltr'>cum</span> <span class='ocrx_word' id='word_1_675' title='bbox 1474 4777 1690 4832; x_wconf 90' lang='lat' dir='ltr'>duobus</span> <span class='ocrx_word' id='word_1_676' title='bbox 1721 4794 1751 4831; x_wconf 90' lang='lat' dir='ltr'>e</span> 
     </span>
    </p>
   </div>
   <div class='ocr_carea' id='block_1_93' title="bbox 127 4869 1754 4935">
    <p class='ocr_par' dir='ltr' id='par_1_93' title="bbox 127 4869 1754 4935">
     <span class='ocr_line' id='line_1_93' title="bbox 127 4869 1754 4935; baseline 0.004 -18"><span class='ocrx_word' id='word_1_677' title='bbox 127 4871 390 4926; x_wconf 80' lang='lat' dir='ltr'>consortio</span> <span class='ocrx_word' id='word_1_678' title='bbox 410 4873 620 4925; x_wconf 89' lang='lat' dir='ltr'>nostro</span> <span class='ocrx_word' id='word_1_679' title='bbox 639 4869 726 4924; x_wconf 85' lang='lat' dir='ltr'>vel</span> <span class='ocrx_word' id='word_1_680' title='bbox 747 4870 927 4924; x_wconf 90' lang='lat' dir='ltr'>tribus</span> <span class='ocrx_word' id='word_1_681' title='bbox 947 4870 1218 4935; x_wconf 86' lang='lat' dir='ltr'>testibus;</span> <span class='ocrx_word' id='word_1_682' title='bbox 1241 4869 1287 4923; x_wconf 91' lang='lat' dir='ltr'>si</span> <span class='ocrx_word' id='word_1_683' title='bbox 1306 4884 1440 4924; x_wconf 91' lang='lat' dir='ltr'>vero</span> <span class='ocrx_word' id='word_1_684' title='bbox 1457 4869 1754 4925; x_wconf 88' lang='lat' dir='ltr'>indevotus</span> 
     </span>
    </p>
   </div>
   <div class='ocr_carea' id='block_1_94' title="bbox 128 4961 1753 5035">
    <p class='ocr_par' dir='ltr' id='par_1_94' title="bbox 128 4961 1753 5035">
     <span class='ocr_line' id='line_1_94' title="bbox 128 4961 1753 5035; baseline 0.004 -26"><span class='ocrx_word' id='word_1_685' title='bbox 128 4963 401 5029; x_wconf 83' lang='lat' dir='ltr'>exstiterit,</span> <span class='ocrx_word' id='word_1_686' title='bbox 436 4963 586 5035; x_wconf 89' lang='lat' dir='ltr'>quid</span> <span class='ocrx_word' id='word_1_687' title='bbox 631 4966 821 5017; x_wconf 90' lang='lat' dir='ltr'>censet</span> <span class='ocrx_word' id='word_1_688' title='bbox 865 4963 1107 5017; x_wconf 88' lang='lat' dir='ltr'>charitas</span> <span class='ocrx_word' id='word_1_689' title='bbox 1155 4967 1335 5016; x_wconf 87' lang='lat' dir='ltr'>vestra</span> <span class='ocrx_word' id='word_1_690' title='bbox 1384 4961 1753 5016; x_wconf 88' lang='lat' dir='ltr'>faciendum?</span> 
     </span>
    </p>
   </div>
   <div class='ocr_carea' id='block_1_95' title="bbox 127 5055 1755 5126">
    <p class='ocr_par' dir='ltr' id='par_1_95' title="bbox 127 5055 1755 5126">
     <span class='ocr_line' id='line_1_95' title="bbox 127 5055 1755 5126; baseline 0.002 -19"><span class='ocrx_word' id='word_1_691' title='bbox 127 5068 216 5122; x_wconf 80' lang='lat' dir='ltr'>ego</span> <span class='ocrx_word' id='word_1_692' title='bbox 239 5055 392 5111; x_wconf 88' lang='lat' dir='ltr'>enim</span> <span class='ocrx_word' id='word_1_693' title='bbox 428 5058 777 5111; x_wconf 88' lang='lat' dir='ltr'>cunctarum</span> <span class='ocrx_word' id='word_1_694' title='bbox 798 5056 1173 5111; x_wconf 88' lang='lat' dir='ltr'>Ecclesiarum</span> <span class='ocrx_word' id='word_1_695' title='bbox 1193 5055 1524 5126; x_wconf 90' lang='lat' dir='ltr'>dignatione</span> <span class='ocrx_word' id='word_1_696' title='bbox 1544 5055 1662 5122; x_wconf 91' lang='lat' dir='ltr'>Dei,</span> <span class='ocrx_word' id='word_1_697' title='bbox 1693 5058 1755 5110; x_wconf 92' lang='lat' dir='ltr'>ut</span> 
     </span>
    </p>
   </div>
   <div class='ocr_carea' id='block_1_96' title="bbox 129 5147 1756 5219">
    <p class='ocr_par' dir='ltr' id='par_1_96' title="bbox 129 5147 1756 5219">
     <span class='ocr_line' id='line_1_96' title="bbox 129 5147 1756 5219; baseline 0.002 -21"><span class='ocrx_word' id='word_1_698' title='bbox 129 5147 277 5216; x_wconf 85' lang='lat' dir='ltr'>scitis,</span> <span class='ocrx_word' id='word_1_699' title='bbox 299 5149 545 5216; x_wconf 88' lang='lat' dir='ltr'>fratres,</span> <span class='ocrx_word' id='word_1_700' title='bbox 573 5149 1013 5204; x_wconf 89' lang='lat' dir='ltr'>sollicitudinem</span> <span class='ocrx_word' id='word_1_701' title='bbox 1040 5148 1622 5204; x_wconf 87' lang='lat' dir='ltr'>sustineo.Numidius</span> <span class='ocrx_word' id='word_1_702' title='bbox 1643 5149 1756 5219; x_wconf 90' lang='lat' dir='ltr'>epi-</span> 
     </span>
    </p>
   </div>
   <div class='ocr_carea' id='block_1_97' title="bbox 127 5241 1753 5314">
    <p class='ocr_par' dir='ltr' id='par_1_97' title="bbox 127 5241 1753 5314">
     <span class='ocr_line' id='line_1_97' title="bbox 127 5241 1753 5314; baseline 0 -19"><span class='ocrx_word' id='word_1_703' title='bbox 127 5255 306 5313; x_wconf 79' lang='lat' dir='ltr'>scopus</span> <span class='ocrx_word' id='word_1_704' title='bbox 336 5245 494 5300; x_wconf 89' lang='lat' dir='ltr'>dixit</span> <span class='ocrx_word' id='word_1_705' title='bbox 528 5260 542 5298; x_wconf 89' lang='lat'><strong>:</strong></span> <span class='ocrx_word' id='word_1_706' title='bbox 573 5243 699 5297; x_wconf 87' lang='lat' dir='ltr'>Fuit</span> <span class='ocrx_word' id='word_1_707' title='bbox 743 5244 865 5297; x_wconf 78' lang='lat' dir='ltr'>haec</span> <span class='ocrx_word' id='word_1_708' title='bbox 896 5259 1122 5314; x_wconf 89' lang='lat' dir='ltr'>semper</span> <span class='ocrx_word' id='word_1_709' title='bbox 1165 5242 1394 5298; x_wconf 91' lang='lat' dir='ltr'>licentia</span> <span class='ocrx_word' id='word_1_710' title='bbox 1437 5241 1570 5296; x_wconf 91' lang='lat' dir='ltr'>huic</span> <span class='ocrx_word' id='word_1_711' title='bbox 1612 5241 1753 5309; x_wconf 89' lang='lat' dir='ltr'>sedi,</span> 
     </span>
    </p>
   </div>
   <div class='ocr_carea' id='block_1_98' title="bbox 126 5334 1756 5407">
    <p class='ocr_par' dir='ltr' id='par_1_98' title="bbox 126 5334 1756 5407">
     <span class='ocr_line' id='line_1_98' title="bbox 126 5334 1756 5407; baseline 0.002 -22"><span class='ocrx_word' id='word_1_712' title='bbox 126 5334 258 5388; x_wconf 86' lang='lat' dir='ltr'>unde</span> <span class='ocrx_word' id='word_1_713' title='bbox 272 5338 449 5392; x_wconf 85' lang='lat' dir='ltr'>vellet</span> <span class='ocrx_word' id='word_1_714' title='bbox 470 5341 533 5392; x_wconf 89' lang='lat' dir='ltr'>et</span> <span class='ocrx_word' id='word_1_715' title='bbox 543 5336 616 5392; x_wconf 88' lang='lat' dir='ltr'>de</span> <span class='ocrx_word' id='word_1_716' title='bbox 637 5335 798 5407; x_wconf 88' lang='lat' dir='ltr'>cujus</span> <span class='ocrx_word' id='word_1_717' title='bbox 813 5336 1045 5392; x_wconf 90' lang='lat' dir='ltr'>nomine</span> <span class='ocrx_word' id='word_1_718' title='bbox 1061 5335 1278 5390; x_wconf 86' lang='lat' dir='ltr'>finisset</span> <span class='ocrx_word' id='word_1_719' title='bbox 1295 5339 1604 5391; x_wconf 89' lang='lat' dir='ltr'>conventus</span> <span class='ocrx_word' id='word_1_720' title='bbox 1650 5351 1756 5405; x_wconf 86' lang='lat' dir='ltr'>pro</span> 
     </span>
    </p>
   </div>
   <div class='ocr_carea' id='block_1_99' title="bbox 126 5425 1754 5500">
    <p class='ocr_par' dir='ltr' id='par_1_99' title="bbox 126 5425 1754 5500">
     <span class='ocr_line' id='line_1_99' title="bbox 126 5425 1754 5500; baseline 0.002 -22"><span class='ocrx_word' id='word_1_721' title='bbox 126 5425 388 5485; x_wconf 82' lang='lat' dir='ltr'>desiderio</span> <span class='ocrx_word' id='word_1_722' title='bbox 437 5429 720 5500; x_wconf 85' lang='lat' dir='ltr'>cujusque</span> <span class='ocrx_word' id='word_1_723' title='bbox 764 5428 1024 5483; x_wconf 83' lang='lat' dir='ltr'>Ecclesiae</span> <span class='ocrx_word' id='word_1_724' title='bbox 1069 5428 1361 5483; x_wconf 91' lang='lat' dir='ltr'>ordinaret</span> <span class='ocrx_word' id='word_1_725' title='bbox 1401 5429 1754 5500; x_wconf 89' lang='lat' dir='ltr'>episcopum.</span> 
     </span>
    </p>
   </div>
   <div class='ocr_carea' id='block_1_100' title="bbox 128 5518 1756 5594">
    <p class='ocr_par' dir='ltr' id='par_1_100' title="bbox 128 5518 1756 5594">
     <span class='ocr_line' id='line_1_100' title="bbox 128 5518 1756 5594; baseline 0.001 -22"><span class='ocrx_word' id='word_1_726' title='bbox 128 5518 425 5591; x_wconf 85' lang='lat' dir='ltr'>Epigonius</span> <span class='ocrx_word' id='word_1_727' title='bbox 447 5521 756 5594; x_wconf 85' lang='lat' dir='ltr'>episcopus</span> <span class='ocrx_word' id='word_1_728' title='bbox 785 5522 931 5577; x_wconf 88' lang='lat' dir='ltr'>dixit</span> <span class='ocrx_word' id='word_1_729' title='bbox 953 5537 965 5577; x_wconf 92' lang='lat'><strong>:</strong></span> <span class='ocrx_word' id='word_1_730' title='bbox 992 5522 1219 5577; x_wconf 80' lang='lat' dir='ltr'>Bonitas</span> <span class='ocrx_word' id='word_1_731' title='bbox 1235 5523 1551 5593; x_wconf 88' lang='lat' dir='ltr'>sequestrat</span> <span class='ocrx_word' id='word_1_732' title='bbox 1571 5520 1756 5592; x_wconf 89' lang='lat' dir='ltr'>possi-</span> 
     </span>
    </p>
   </div>
   <div class='ocr_carea' id='block_1_101' title="bbox 126 5611 1757 5687">
    <p class='ocr_par' dir='ltr' id='par_1_101' title="bbox 126 5611 1757 5687">
     <span class='ocr_line' id='line_1_101' title="bbox 126 5611 1757 5687; baseline 0.002 -22"><span class='ocrx_word' id='word_1_733' title='bbox 126 5611 410 5672; x_wconf 84' lang='lat' dir='ltr'>bilitatem.</span> <span class='ocrx_word' id='word_1_734' title='bbox 459 5615 648 5670; x_wconf 75' lang='lat' dir='ltr'>Minus</span> <span class='ocrx_word' id='word_1_735' title='bbox 691 5616 846 5672; x_wconf 89' lang='lat' dir='ltr'>enim</span> <span class='ocrx_word' id='word_1_736' title='bbox 874 5614 1192 5687; x_wconf 86' lang='lat' dir='ltr'>praesumis,</span> <span class='ocrx_word' id='word_1_737' title='bbox 1231 5615 1424 5682; x_wconf 87' lang='lat' dir='ltr'>frater,</span> <span class='ocrx_word' id='word_1_738' title='bbox 1457 5618 1515 5668; x_wconf 91' lang='lat' dir='ltr'>et</span> <span class='ocrx_word' id='word_1_739' title='bbox 1541 5629 1671 5669; x_wconf 89' lang='lat' dir='ltr'>cum</span> <span class='ocrx_word' id='word_1_740' title='bbox 1703 5616 1757 5668; x_wconf 92' lang='lat' dir='ltr'>te</span> 
     </span>
    </p>
   </div>
   <div class='ocr_carea' id='block_1_102' title="bbox 128 5704 1758 5779">
    <p class='ocr_par' dir='ltr' id='par_1_102' title="bbox 128 5704 1758 5779">
     <span class='ocr_line' id='line_1_102' title="bbox 128 5704 1758 5779; baseline 0.001 -19"><span class='ocrx_word' id='word_1_741' title='bbox 128 5704 325 5764; x_wconf 87' lang='lat' dir='ltr'>bonum</span> <span class='ocrx_word' id='word_1_742' title='bbox 341 5715 400 5765; x_wconf 86' lang='lat' dir='ltr'>et</span> <span class='ocrx_word' id='word_1_743' title='bbox 412 5709 763 5766; x_wconf 88' lang='lat' dir='ltr'>clementem</span> <span class='ocrx_word' id='word_1_744' title='bbox 777 5708 1044 5765; x_wconf 89' lang='lat' dir='ltr'>omnibus</span> <span class='ocrx_word' id='word_1_745' title='bbox 1057 5708 1270 5779; x_wconf 89' lang='lat' dir='ltr'>reddis,</span> <span class='ocrx_word' id='word_1_746' title='bbox 1284 5707 1459 5762; x_wconf 90' lang='lat' dir='ltr'>habes</span> <span class='ocrx_word' id='word_1_747' title='bbox 1477 5707 1631 5762; x_wconf 91' lang='lat' dir='ltr'>enim</span> <span class='ocrx_word' id='word_1_748' title='bbox 1648 5707 1758 5761; x_wconf 90' lang='lat' dir='ltr'>hoc</span> 
     </span>
    </p>
   </div>
   <div class='ocr_carea' id='block_1_103' title="bbox 128 5800 1754 5875">
    <p class='ocr_par' dir='ltr' id='par_1_103' title="bbox 128 5800 1754 5875">
     <span class='ocr_line' id='line_1_103' title="bbox 128 5800 1754 5875; baseline 0.001 -21"><span class='ocrx_word' id='word_1_749' title='bbox 128 5800 174 5854; x_wconf 86' lang='lat' dir='ltr'>in</span> <span class='ocrx_word' id='word_1_750' title='bbox 206 5803 466 5870; x_wconf 87' lang='lat' dir='ltr'>arbitrio,</span> <span class='ocrx_word' id='word_1_751' title='bbox 526 5803 654 5859; x_wconf 87' lang='lat' dir='ltr'>satis</span> <span class='ocrx_word' id='word_1_752' title='bbox 703 5807 788 5859; x_wconf 91' lang='lat' dir='ltr'>est</span> <span class='ocrx_word' id='word_1_753' title='bbox 835 5807 898 5858; x_wconf 90' lang='lat' dir='ltr'>ut</span> <span class='ocrx_word' id='word_1_754' title='bbox 947 5801 1172 5859; x_wconf 86' lang='lat' dir='ltr'>satisfiat</span> <span class='ocrx_word' id='word_1_755' title='bbox 1203 5817 1456 5875; x_wconf 88' lang='lat' dir='ltr'>personae</span> <span class='ocrx_word' id='word_1_756' title='bbox 1484 5800 1754 5857; x_wconf 85' lang='lat' dir='ltr'>uniuscu-</span> 
     </span>
    </p>
   </div>
   <div class='ocr_carea' id='block_1_104' title="bbox 1850 4585 3487 4658">
    <p class='ocr_par' dir='ltr' id='par_1_104' title="bbox 1850 4585 3487 4658">
     <span class='ocr_line' id='line_1_104' title="bbox 1850 4585 3487 4658; baseline -0.002 -17"><span class='ocrx_word' id='word_1_757' title='bbox 1850 4589 2085 4658; x_wconf 90' lang='lat' dir='ltr'>quartus</span> <span class='ocrx_word' id='word_1_758' title='bbox 2130 4587 2383 4654; x_wconf 89' lang='lat' dir='ltr'>Numeri,</span> <span class='ocrx_word' id='word_1_759' title='bbox 2430 4588 2662 4658; x_wconf 88' lang='lat' dir='ltr'>quintus</span> <span class='ocrx_word' id='word_1_760' title='bbox 2710 4585 3238 4651; x_wconf 89' lang='lat' dir='ltr'>Deuteronomium,</span> <span class='ocrx_word' id='word_1_761' title='bbox 3297 4589 3487 4639; x_wconf 88' lang='lat' dir='ltr'>sextus</span> 
     </span>
    </p>
   </div>
   <div class='ocr_carea' id='block_1_105' title="bbox 1850 4678 3487 4751">
    <p class='ocr_par' dir='ltr' id='par_1_105' title="bbox 1850 4678 3487 4751">
     <span class='ocr_line' id='line_1_105' title="bbox 1850 4678 3487 4751; baseline -0.002 -16"><span class='ocrx_word' id='word_1_762' title='bbox 1850 4681 1978 4736; x_wconf 91' lang='lat' dir='ltr'>Jesu</span> <span class='ocrx_word' id='word_1_763' title='bbox 2004 4681 2175 4748; x_wconf 88' lang='lat' dir='ltr'>Nave,</span> <span class='ocrx_word' id='word_1_764' title='bbox 2205 4680 2480 4751; x_wconf 91' lang='lat' dir='ltr'>septimus</span> <span class='ocrx_word' id='word_1_765' title='bbox 2516 4679 2796 4748; x_wconf 90' lang='lat' dir='ltr'>Judicum,</span> <span class='ocrx_word' id='word_1_766' title='bbox 2827 4683 3050 4734; x_wconf 81' lang='lat' dir='ltr'>octavus</span> <span class='ocrx_word' id='word_1_767' title='bbox 3078 4678 3254 4747; x_wconf 86' lang='lat' dir='ltr'>Ruth,</span> <span class='ocrx_word' id='word_1_768' title='bbox 3298 4695 3487 4733; x_wconf 90' lang='lat' dir='ltr'>nonus</span> 
     </span>
    </p>
   </div>
   <div class='ocr_carea' id='block_1_106' title="bbox 1852 4772 3484 4844">
    <p class='ocr_par' dir='ltr' id='par_1_106' title="bbox 1852 4772 3484 4844">
     <span class='ocr_line' id='line_1_106' title="bbox 1852 4772 3484 4844; baseline -0.002 -15"><span class='ocrx_word' id='word_1_769' title='bbox 1852 4775 2070 4844; x_wconf 80' lang='lat' dir='ltr'>Regum</span> <span class='ocrx_word' id='word_1_770' title='bbox 2113 4773 2244 4828; x_wconf 90' lang='lat' dir='ltr'>libri</span> <span class='ocrx_word' id='word_1_771' title='bbox 2287 4775 2341 4842; x_wconf 81' lang='grc'>4,</span> <span class='ocrx_word' id='word_1_772' title='bbox 2377 4774 2844 4844; x_wconf 89' lang='lat' dir='ltr'>Paralipomenon</span> <span class='ocrx_word' id='word_1_773' title='bbox 2871 4772 3000 4826; x_wconf 90' lang='lat' dir='ltr'>libri</span> <span class='ocrx_word' id='word_1_774' title='bbox 3027 4773 3158 4841; x_wconf 90' lang='lat' dir='ltr'>duo,</span> <span class='ocrx_word' id='word_1_775' title='bbox 3183 4772 3288 4827; x_wconf 90' lang='lat' dir='ltr'>Job</span> <span class='ocrx_word' id='word_1_776' title='bbox 3317 4789 3484 4827; x_wconf 90' lang='lat' dir='ltr'>unus.</span> 
     </span>
    </p>
   </div>
   <div class='ocr_carea' id='block_1_107' title="bbox 1852 4865 3490 4933">
    <p class='ocr_par' dir='ltr' id='par_1_107' title="bbox 1852 4865 3490 4933">
     <span class='ocr_line' id='line_1_107' title="bbox 1852 4865 3490 4933; baseline 0 -13"><span class='ocrx_word' id='word_1_777' title='bbox 1852 4867 2180 4922; x_wconf 85' lang='lat' dir='ltr'>Psalterium</span> <span class='ocrx_word' id='word_1_778' title='bbox 2210 4865 2541 4933; x_wconf 88' lang='lat' dir='ltr'>Daviticum,</span> <span class='ocrx_word' id='word_1_779' title='bbox 2575 4866 2892 4921; x_wconf 90' lang='lat' dir='ltr'>Salomonis</span> <span class='ocrx_word' id='word_1_780' title='bbox 2933 4866 3065 4919; x_wconf 91' lang='lat' dir='ltr'>libri</span> <span class='ocrx_word' id='word_1_781' title='bbox 3099 4869 3150 4933; x_wconf 82' lang='lat'>5,</span> <span class='ocrx_word' id='word_1_782' title='bbox 3181 4865 3312 4921; x_wconf 90' lang='lat' dir='ltr'>libri</span> <span class='ocrx_word' id='word_1_783' title='bbox 3355 4867 3490 4920; x_wconf 85' lang='lat' dir='ltr'>duo-</span> 
     </span>
    </p>
   </div>
   <div class='ocr_carea' id='block_1_108' title="bbox 1854 4959 3481 5031">
    <p class='ocr_par' dir='ltr' id='par_1_108' title="bbox 1854 4959 3481 5031">
     <span class='ocr_line' id='line_1_108' title="bbox 1854 4959 3481 5031; baseline 0 -17"><span class='ocrx_word' id='word_1_784' title='bbox 1854 4959 2036 5015; x_wconf 90' lang='lat' dir='ltr'>decim</span> <span class='ocrx_word' id='word_1_785' title='bbox 2062 4961 2492 5031; x_wconf 81' lang='lat' dir='ltr'>prophetarum,</span> <span class='ocrx_word' id='word_1_786' title='bbox 2522 4959 2710 5026; x_wconf 89' lang='lat' dir='ltr'>Isaias,</span> <span class='ocrx_word' id='word_1_787' title='bbox 2744 4959 3040 5025; x_wconf 88' lang='lat' dir='ltr'>Jeremias,</span> <span class='ocrx_word' id='word_1_788' title='bbox 3067 4960 3342 5028; x_wconf 88' lang='lat' dir='ltr'>Ezechiel,</span> <span class='ocrx_word' id='word_1_789' title='bbox 3375 4961 3481 5014; x_wconf 88' lang='lat' dir='ltr'>Da-</span> 
     </span>
    </p>
   </div>
   <div class='ocr_carea' id='block_1_109' title="bbox 1853 5052 3486 5121">
    <p class='ocr_par' dir='ltr' id='par_1_109' title="bbox 1853 5052 3486 5121">
     <span class='ocr_line' id='line_1_109' title="bbox 1853 5052 3486 5121; baseline -0.001 -13"><span class='ocrx_word' id='word_1_790' title='bbox 1853 5053 1988 5120; x_wconf 90' lang='lat' dir='ltr'>niel,</span> <span class='ocrx_word' id='word_1_791' title='bbox 2016 5053 2234 5121; x_wconf 81' lang='lat' dir='ltr'>Tobias,</span> <span class='ocrx_word' id='word_1_792' title='bbox 2261 5053 2478 5120; x_wconf 90' lang='lat' dir='ltr'>Judith,</span> <span class='ocrx_word' id='word_1_793' title='bbox 2511 5053 2732 5120; x_wconf 88' lang='lat' dir='ltr'>Esther,</span> <span class='ocrx_word' id='word_1_794' title='bbox 2764 5052 2952 5106; x_wconf 85' lang='lat' dir='ltr'>Esdrae</span> <span class='ocrx_word' id='word_1_795' title='bbox 2980 5052 3109 5106; x_wconf 88' lang='lat' dir='ltr'>libri</span> <span class='ocrx_word' id='word_1_796' title='bbox 3135 5055 3190 5120; x_wconf 85' lang='lat'>2,</span> <span class='ocrx_word' id='word_1_797' title='bbox 3237 5052 3486 5107; x_wconf 87' lang='lat' dir='ltr'>Machab.</span> 
     </span>
    </p>
   </div>
   <div class='ocr_carea' id='block_1_110' title="bbox 1852 5145 3486 5216">
    <p class='ocr_par' dir='ltr' id='par_1_110' title="bbox 1852 5145 3486 5216">
     <span class='ocr_line' id='line_1_110' title="bbox 1852 5145 3486 5216; baseline -0.002 -16"><span class='ocrx_word' id='word_1_798' title='bbox 1852 5147 1983 5201; x_wconf 89' lang='lat' dir='ltr'>libri</span> <span class='ocrx_word' id='word_1_799' title='bbox 2010 5150 2063 5213; x_wconf 78' lang='lat'>2,</span> <span class='ocrx_word' id='word_1_800' title='bbox 2096 5145 2234 5200; x_wconf 85' lang='lat' dir='ltr'>Novi</span> <span class='ocrx_word' id='word_1_801' title='bbox 2277 5149 2467 5201; x_wconf 89' lang='lat' dir='ltr'>autem</span> <span class='ocrx_word' id='word_1_802' title='bbox 2512 5145 2853 5200; x_wconf 88' lang='lat' dir='ltr'>Testamenti</span> <span class='ocrx_word' id='word_1_803' title='bbox 2906 5150 2995 5212; x_wconf 75' lang='lat'>‘27,</span> <span class='ocrx_word' id='word_1_804' title='bbox 3049 5145 3486 5216; x_wconf 88' lang='lat' dir='ltr'>Evangeliorum</span> 
     </span>
    </p>
   </div>
   <div class='ocr_carea' id='block_1_111' title="bbox 1854 5237 3487 5310">
    <p class='ocr_par' dir='ltr' id='par_1_111' title="bbox 1854 5237 3487 5310">
     <span class='ocr_line' id='line_1_111' title="bbox 1854 5237 3487 5310; baseline -0.003 -16"><span class='ocrx_word' id='word_1_805' title='bbox 1854 5239 1981 5294; x_wconf 86' lang='lat' dir='ltr'>libri</span> <span class='ocrx_word' id='word_1_806' title='bbox 2007 5241 2060 5308; x_wconf 80' lang='grc'>4,</span> <span class='ocrx_word' id='word_1_807' title='bbox 2089 5242 2332 5294; x_wconf 89' lang='lat' dir='ltr'>Actuum</span> <span class='ocrx_word' id='word_1_808' title='bbox 2363 5240 2752 5310; x_wconf 89' lang='lat' dir='ltr'>apostolorum</span> <span class='ocrx_word' id='word_1_809' title='bbox 2791 5237 2938 5293; x_wconf 88' lang='lat' dir='ltr'>liber</span> <span class='ocrx_word' id='word_1_810' title='bbox 2963 5254 3133 5292; x_wconf 88' lang='lat' dir='ltr'>unus.</span> <span class='ocrx_word' id='word_1_811' title='bbox 3165 5237 3324 5292; x_wconf 90' lang='lat' dir='ltr'>Pauli</span> <span class='ocrx_word' id='word_1_812' title='bbox 3351 5253 3487 5306; x_wconf 87' lang='lat' dir='ltr'>apo-</span> 
     </span>
    </p>
   </div>
   <div class='ocr_carea' id='block_1_112' title="bbox 1857 5328 3494 5402">
    <p class='ocr_par' dir='ltr' id='par_1_112' title="bbox 1857 5328 3494 5402">
     <span class='ocr_line' id='line_1_112' title="bbox 1857 5328 3494 5402; baseline -0.003 -16"><span class='ocrx_word' id='word_1_813' title='bbox 1857 5332 1982 5386; x_wconf 88' lang='lat' dir='ltr'>stoli</span> <span class='ocrx_word' id='word_1_814' title='bbox 2009 5332 2272 5402; x_wconf 65' lang='lat' dir='ltr'>Epistolas</span> <span class='ocrx_word' id='word_1_815' title='bbox 2322 5333 2406 5398; x_wconf 69' lang='grc'>14,</span> <span class='ocrx_word' id='word_1_816' title='bbox 2459 5332 2714 5402; x_wconf 90' lang='lat' dir='ltr'>ejusdem</span> <span class='ocrx_word' id='word_1_817' title='bbox 2756 5332 2828 5386; x_wconf 91' lang='lat' dir='ltr'>ad</span> <span class='ocrx_word' id='word_1_818' title='bbox 2875 5331 3136 5386; x_wconf 70' lang='lat' dir='ltr'>Hebraeos</span> <span class='ocrx_word' id='word_1_819' title='bbox 3175 5345 3304 5395; x_wconf 91' lang='lat' dir='ltr'>una,</span> <span class='ocrx_word' id='word_1_820' title='bbox 3337 5328 3494 5382; x_wconf 83' lang='lat' dir='ltr'>Petri</span> 
     </span>
    </p>
   </div>
   <div class='ocr_carea' id='block_1_113' title="bbox 1857 5419 3488 5496">
    <p class='ocr_par' dir='ltr' id='par_1_113' title="bbox 1857 5419 3488 5496">
     <span class='ocr_line' id='line_1_113' title="bbox 1857 5419 3488 5496; baseline -0.004 -16"><span class='ocrx_word' id='word_1_821' title='bbox 1857 5425 2096 5496; x_wconf 87' lang='lat' dir='ltr'>apostoli</span> <span class='ocrx_word' id='word_1_822' title='bbox 2140 5425 2291 5492; x_wconf 62' lang='lat' dir='ltr'>duae,</span> <span class='ocrx_word' id='word_1_823' title='bbox 2335 5425 2566 5480; x_wconf 90' lang='lat' dir='ltr'>Joannis</span> <span class='ocrx_word' id='word_1_824' title='bbox 2607 5425 2843 5496; x_wconf 89' lang='lat' dir='ltr'>apostoli</span> <span class='ocrx_word' id='word_1_825' title='bbox 2885 5427 3018 5492; x_wconf 89' lang='lat' dir='ltr'>tres,</span> <span class='ocrx_word' id='word_1_826' title='bbox 3047 5421 3208 5477; x_wconf 71' lang='lat' dir='ltr'>Judze</span> <span class='ocrx_word' id='word_1_827' title='bbox 3251 5419 3488 5492; x_wconf 90' lang='lat' dir='ltr'>apostoli</span> 
     </span>
    </p>
   </div>
   <div class='ocr_carea' id='block_1_114' title="bbox 1859 5513 3490 5589">
    <p class='ocr_par' dir='ltr' id='par_1_114' title="bbox 1859 5513 3490 5589">
     <span class='ocr_line' id='line_1_114' title="bbox 1859 5513 3490 5589; baseline -0.002 -17"><span class='ocrx_word' id='word_1_828' title='bbox 1859 5535 1990 5585; x_wconf 88' lang='lat' dir='ltr'>una,</span> <span class='ocrx_word' id='word_1_829' title='bbox 2021 5521 2078 5573; x_wconf 86' lang='lat' dir='ltr'>et</span> <span class='ocrx_word' id='word_1_830' title='bbox 2101 5518 2292 5573; x_wconf 89' lang='lat' dir='ltr'>Jacobi</span> <span class='ocrx_word' id='word_1_831' title='bbox 2322 5535 2458 5584; x_wconf 91' lang='lat' dir='ltr'>una,</span> <span class='ocrx_word' id='word_1_832' title='bbox 2485 5518 2842 5589; x_wconf 87' lang='lat' dir='ltr'>Apocalypsis</span> <span class='ocrx_word' id='word_1_833' title='bbox 2885 5515 3118 5572; x_wconf 89' lang='lat' dir='ltr'>Joannis</span> <span class='ocrx_word' id='word_1_834' title='bbox 3155 5513 3300 5568; x_wconf 90' lang='lat' dir='ltr'>liber</span> <span class='ocrx_word' id='word_1_835' title='bbox 3341 5528 3490 5568; x_wconf 87' lang='lat' dir='ltr'>unus</span> 
     </span>
    </p>
   </div>
   <div class='ocr_carea' id='block_1_115' title="bbox 1859 5604 3492 5682">
    <p class='ocr_par' dir='ltr' id='par_1_115' title="bbox 1859 5604 3492 5682">
     <span class='ocr_line' id='line_1_115' title="bbox 1859 5604 3492 5682; baseline -0.004 -16"><span class='ocrx_word' id='word_1_836' title='bbox 1859 5612 1958 5682; x_wconf 91' lang='lat' dir='ltr'>qui</span> <span class='ocrx_word' id='word_1_837' title='bbox 1981 5616 2112 5666; x_wconf 91' lang='lat' dir='ltr'>sunt</span> <span class='ocrx_word' id='word_1_838' title='bbox 2135 5615 2223 5677; x_wconf 85' lang='lat'>27,</span> <span class='ocrx_word' id='word_1_839' title='bbox 2260 5611 2370 5667; x_wconf 92' lang='lat' dir='ltr'>hoc</span> <span class='ocrx_word' id='word_1_840' title='bbox 2399 5611 2572 5666; x_wconf 90' lang='lat' dir='ltr'>etiam</span> <span class='ocrx_word' id='word_1_841' title='bbox 2604 5611 2767 5666; x_wconf 89' lang='lat' dir='ltr'>fratri</span> <span class='ocrx_word' id='word_1_842' title='bbox 2803 5615 2860 5664; x_wconf 89' lang='lat' dir='ltr'>et</span> <span class='ocrx_word' id='word_1_843' title='bbox 2890 5604 3274 5662; x_wconf 90' lang='lat' dir='ltr'>consacerdoti</span> <span class='ocrx_word' id='word_1_844' title='bbox 3300 5609 3492 5660; x_wconf 89' lang='lat' dir='ltr'>nostro</span> 
     </span>
    </p>
   </div>
   <div class='ocr_carea' id='block_1_116' title="bbox 1860 5698 3488 5772">
    <p class='ocr_par' dir='ltr' id='par_1_116' title="bbox 1860 5698 3488 5772">
     <span class='ocr_line' id='line_1_116' title="bbox 1860 5698 3488 5772; baseline -0.003 -13"><span class='ocrx_word' id='word_1_845' title='bbox 1860 5704 2164 5771; x_wconf 89' lang='lat' dir='ltr'>Bonifacio,</span> <span class='ocrx_word' id='word_1_846' title='bbox 2210 5705 2296 5759; x_wconf 89' lang='lat' dir='ltr'>vel</span> <span class='ocrx_word' id='word_1_847' title='bbox 2345 5704 2468 5758; x_wconf 90' lang='lat' dir='ltr'>aliis</span> <span class='ocrx_word' id='word_1_848' title='bbox 2518 5720 2716 5759; x_wconf 90' lang='lat' dir='ltr'>earum</span> <span class='ocrx_word' id='word_1_849' title='bbox 2760 5701 3008 5772; x_wconf 87' lang='lat' dir='ltr'>partium</span> <span class='ocrx_word' id='word_1_850' title='bbox 3057 5698 3333 5771; x_wconf 87' lang='lat' dir='ltr'>episcopis</span> <span class='ocrx_word' id='word_1_851' title='bbox 3385 5715 3488 5772; x_wconf 91' lang='lat' dir='ltr'>pro</span> 
     </span>
    </p>
   </div>
   <div class='ocr_carea' id='block_1_117' title="bbox 1859 5793 3494 5866">
    <p class='ocr_par' dir='ltr' id='par_1_117' title="bbox 1859 5793 3494 5866">
     <span class='ocr_line' id='line_1_117' title="bbox 1859 5793 3494 5866; baseline -0.006 -13"><span class='ocrx_word' id='word_1_852' title='bbox 1859 5797 2244 5855; x_wconf 79' lang='lat' dir='ltr'>confirmando</span> <span class='ocrx_word' id='word_1_853' title='bbox 2273 5797 2377 5853; x_wconf 87' lang='lat' dir='ltr'>isto</span> <span class='ocrx_word' id='word_1_854' title='bbox 2406 5813 2618 5853; x_wconf 89' lang='lat' dir='ltr'>canone</span> <span class='ocrx_word' id='word_1_855' title='bbox 2647 5797 2982 5861; x_wconf 86' lang='lat' dir='ltr'>innotescat,</span> <span class='ocrx_word' id='word_1_856' title='bbox 3013 5793 3147 5865; x_wconf 87' lang='lat' dir='ltr'>quia</span> <span class='ocrx_word' id='word_1_857' title='bbox 3174 5810 3205 5848; x_wconf 90' lang='lat' dir='ltr'>a</span> <span class='ocrx_word' id='word_1_858' title='bbox 3237 5793 3494 5866; x_wconf 69' lang='lat' dir='ltr'>patribus</span> 
     </span>
    </p>
   </div>
  </div>
