3964 6178
169 328 246 383 311
1325 314 1791 374 DECRETALIUM
1828 312 2217 369 COLLECTIO.

222 435 295 488 45.
333 432 400 484 De
428 427 613 484 habitu
635 427 997 483 clericorum.
1762 434 1820 507 Α

220 529 294 585 46.
330 525 398 581 Ce
432 522 782 579 continentia
819 520 1176 576 clericorum.

220 625 292 678 47.
330 621 403 675 De
427 618 644 673 incessu
674 615 1036 672 clericorum.

217 719 293 772 48.
328 715 402 770 De
432 710 647 768 clericis
687 709 784 783 qui
814 713 971 764 extra
997 709 1393 766 necessitatem
1428 708 1500 764 ad
1531 708 1738 764 nundi-

163 831 246 870 nas
265 813 480 869 vadunt.

215 909 292 963 49.
328 907 399 960 De
426 903 630 976 vigiliis
651 903 1010 960 clericorum.

217 1003 288 1055 50.
327 1000 398 1053 De
429 997 642 1054 clericis
666 997 736 1052 ab
767 996 954 1053 ofﬁcio
992 995 1433 1052 continentibus.

213 1097 285 1149 51.
322 1095 391 1147 De
416 1092 632 1147 clericis
659 1095 723 1146 ut
747 1090 985 1145 artiﬁcio
1013 1089 1222 1145 victum
1252 1093 1527 1161 quaerant.

214 1189 287 1242 52.
323 1187 396 1240 De
424 1183 640 1240 clericis
686 1183 935 1256 qualiter
979 1183 1083 1238 sibi
1121 1183 1332 1238 victum
1379 1187 1434 1238 et
1479 1182 1740 1239 vestitum

156 1282 393 1352 quaram.

211 1376 284 1428 53.
321 1373 388 1427 Ut
411 1373 605 1442 legant
628 1371 818 1426 clerici
847 1371 945 1443 qui
973 1386 1132 1426 orare
1157 1385 1276 1426 non
1308 1373 1561 1442 possunt.

209 1467 282 1522 54.
321 1467 391 1522 De
420 1463 640 1521 clericis
669 1463 893 1519 invidis.

211 1563 282 1614 55.
316 1561 388 1615 De
414 1557 632 1614 clericis
657 1555 1097 1612 accusatoribus.

209 1656 280 1708 56.
320 1653 393 1708 De
417 1651 637 1707 clericis
666 1649 974 1705 maledicis.

207 1750 280 1800 57.
317 1747 391 1800 De
421 1745 641 1799 clericis
670 1743 1063 1798 adulatoribus
1091 1747 1146 1798 et
1176 1743 1581 1814 proditoribus.

207 1843 281 1894 58.
319 1839 393 1893 De
420 1837 642 1893 clericis
668 1838 1002 1908 frequenter
1030 1836 1404 1908 litigantibus.

208 1934 282 1986 59.
316 1932 390 1984 De
428 1930 653 1985 clericis
679 1929 1178 1985 concordantibus.

207 2027 280 2078 60.
317 2025 387 2078 De
412 2022 634 2078 clericis
663 2021 1024 2094 turpiloquis,
1055 2022 1168 2076 sive
1192 2022 1366 2093 vagis.

204 2119 278 2172 61.
316 2118 389 2172 De
416 2116 641 2172 clericis
667 2132 768 2187 per
799 2120 1086 2170 creaturas
1109 2114 1457 2185 jurantibus.

203 2214 278 2266 62.
314 2211 386 2266 De
409 2209 632 2265 clericis
662 2208 813 2263 inter
838 2209 1031 2280 epulas
1057 2207 1436 2263 cantantibus.

203 2307 277 2358 63.
312 2305 385 2359 De
413 2303 634 2358 clericis
662 2301 814 2357 sanis
837 2301 1060 2372 jejunia
1085 2301 1495 2372 polluentibus.

200 2398 274 2451 64.
310 2399 383 2452 De
414 2396 503 2450 his
535 2395 637 2467 qui
665 2395 915 2450 studiose
943 2393 1234 2449 Dominico
1263 2394 1353 2448 die
1375 2395 1659 2466 jejunant.

203 2493 278 2543 65.
314 2491 385 2545 De
414 2489 630 2544 Pascha
655 2505 756 2543 suo
782 2491 1044 2558 tempore
1076 2487 1438 2542 celebrando.

202 2586 277 2638 66.
312 2584 378 2638 Ut
406 2583 650 2639 clericus
685 2582 756 2637 ab
786 2582 1050 2654 episcopo
1078 2581 1286 2652 injuste
1331 2581 1631 2636 damnatus
1660 2598 1742 2636 re-

146 2682 303 2731 currat
339 2676 409 2731 ad
438 2675 749 2748 synodum.

200 2773 273 2824 6'7.
311 2771 387 2825 De
455 2767 862 2837 seditionariis,
914 2773 1011 2822 aut
1082 2768 1383 2834 usurariis,
1435 2785 1504 2822 ne
1561 2768 1747 2824 clerici

144 2861 274 2918 ﬁant.

199 2957 275 3010 68.
311 2956 379 3011 Ut
404 2971 468 3011 ex
501 2955 915 3026 paenitentibus
970 2954 1268 3010 ordinatus
1307 2954 1541 3012 clericus
1572 2943 1746 3027 depo-

144 3052 308 3104 natur.

3373 314 3472 366 342

1911 426 2000 479 78.
2043 422 2122 476 De
2169 420 2594 492 paenitentibus,
2642 421 2688 476 si
2733 425 2861 492 post
2901 420 3165 476 viaticum
3219 421 3470 490 supervi-

1846 519 2000 570 vant.

1915 611 2002 665 79.
2045 608 2125 663 De
2182 605 2624 679 paenitentibus,
2678 607 2722 661 si
2775 621 2908 662 casu
2961 606 3152 680 aliquo
3217 607 3470 662 morian-

1844 707 1957 759 tur.

1913 799 2003 853 80.
2045 798 2125 852 De
2153 811 2359 850 manus
2384 793 2746 865 impositione
2775 810 2948 865 super
2973 793 3326 865 paenitentes.

1915 895 2002 947 81.
2045 892 2115 946 Ut
2189 888 2528 962 pcenitentes
2593 892 2848 943 mortuos
2909 887 3148 943 efferant
3195 892 3250 942 et
3309 902 3467 958 sepe—

1807 1053 1820 1065 .
1845 986 2007 1041 liant.

1914 1080 2002 1133 82.
2042 1079 2114 1133 Ut
2141 1075 2479 1148 pcenitentes
2509 1090 2737 1146 semper
2762 1089 2946 1146 genua
2973 1073 3218 1129 ﬂectant.

1914 1174 2004 1226 83.
2043 1172 2122 1225 De
2149 1169 2379 1225 senibus
2404 1167 2778 1224 honorandis.
3394 1250 3396 1252 ν

1915 1265 2004 1319 84.
2045 1265 2116 1318 Ut
2158 1263 2352 1318 ﬁdeles
2395 1279 2500 1333 pro
2547 1260 2837 1316 audienda
2886 1259 3103 1314 ratione
3145 1259 3202 1314 in
3245 1257 3474 1314 ecclesia

1847 1374 2024 1430 usque
2050 1357 2124 1412 ad
2152 1356 2385 1411 missam
2422 1359 2590 1410 stent.

1915 1454 2004 1507 85.
2046 1453 2117 1506 Ut
2145 1450 2242 1523 qui
2268 1447 2587 1521 baptizandi
2618 1450 2752 1502 sunt
2776 1462 2989 1502 nomen
3022 1447 3180 1516 dent,
3215 1449 3270 1500 et
3299 1461 3330 1499 a
3349 1445 3475 1499 vino

1846 1550 1905 1601 et
1933 1562 1966 1600 a
1993 1561 2160 1600 carne
2187 1543 2527 1599 abstineant.

1917 1643 2004 1694 86.
2046 1639 2118 1693 Ut
2161 1653 2348 1708 nuper
2390 1635 2656 1708 baptizati
2708 1639 2857 1690 caste
2907 1638 2964 1688 et
3005 1632 3368 1688 continenter
3396 1631 3473 1685 vi-

1846 1738 1996 1787 vant.

1765 1803 1822 1874 Β
1917 1830 2003 1881 87.
2048 1827 2123 1881 De
2167 1823 2453 1880 catholicis
2479 1822 2576 1894 qui
2611 1837 2835 1877 causam
2867 1820 3021 1892 apud
3052 1818 3308 1875 inﬁdeles
3337 1836 3470 1891 pro-

1888 1925 2085 1975 onunt.

1888 1938 2085 1975 onum.

1848 1938 1885 1991 Ρ
1919 2018 2006 2069 88.
2047 2014 2125 2068 De
2151 2012 2240 2067 his
2265 2012 2363 2084 qui
2387 2008 2622 2066 ecclesia
2645 2007 3027 2080 praetermissa
3061 2007 3132 2062 ad
3159 2007 3475 2078 spectacula

1848 2110 2116 2179 pergunt.

1919 2203 2007 2255 89.
2049 2201 2128 2255 De
2157 2199 2247 2254 his
2286 2198 2383 2270 qui
2427 2198 2701 2270 auguriis,
2733 2196 2822 2251 vel
2852 2193 3350 2260 incantationibus,
3385 2194 3469 2246 vel

1843 2293 2088 2365 judaicis
2116 2292 2611 2364 superstitionibus
2631 2291 2904 2346 serviunt.

1919 2390 2007 2441 90.
2048 2387 2124 2443 De
2163 2386 2584 2457 energumenis.

1921 2484 2008 2536 91.
2049 2482 2187 2535 Item
2217 2480 2289 2533 de
2317 2479 2738 2550 energumenis.

1918 2577 2007 2630 92.
2047 2577 2124 2629 De
2152 2574 2302 2628 victu
2329 2586 2871 2642 energumenorum.

1921 2670 2008 2723 93.
2050 2669 2120 2722 Ut
2168 2666 2474 2720 oblationes
2531 2663 2975 2719 discordantium
3033 2677 3145 2714 non
3196 2658 3471 2730 recipian-

1846 2765 1959 2817 tur.

1919 2856 2007 2910 94.
2048 2856 2117 2909 Ut
2171 2868 2570 2925 oppressorum
2621 2865 2939 2922 pauperum
3001 2847 3315 2902 oblationes
3363 2861 3477 2900 non

1848 2947 2246 3020 suscipiantur.

1920 3045 2008 3098 95.
2050 3042 2126 3096 De
2157 3041 2248 3096 his
2281 3040 2380 3114 qui
2421 3038 2734 3096 oblationes
2784 3036 3187 3093 defunctorum
3233 3029 3478 3088 ecclesiis

199 3144 274 3196 69.
313 3143 380 3197 Ut
409 3143 713 3214 episcopus
756 3140 940 3196 vidua
980 3141 1070 3196 vel
1113 3141 1427 3213 repudiatae
1476 3142 1746 3197 maritum
1769 3135 2137 3239 Cfraudant.

144 3234 201 3288 ad
221 3237 423 3290 clerum
452 3250 829 3308 promovens,
858 3235 1198 3306 deponatur.

199 3331 274 3383 70.
313 3329 379 3384 Ut
397 3329 643 3385 clericus
660 3327 1068 3383 haereticorum
1089 3327 1346 3383 convivia
1359 3329 1440 3384 vel
1463 3327 1749 3384 consortia

145 3420 311 3489 fugiat.

199 3517 274 3568 71.
312 3513 472 3578 Quod
526 3512 930 3569 haereticorum
973 3517 1166 3581 coetus,
1197 3529 1311 3568 non
1361 3513 1611 3579 ecclesia,
1651 3513 1751 3568 sed

142 3607 556 3662 conciliabulum
582 3606 675 3662 sit.

199 3702 274 3754 72.
313 3700 478 3765 Quod
528 3715 661 3754 cum
711 3699 990 3756 haereticis
1033 3711 1137 3756 nec
1183 3699 1462 3756 orandum
1511 3699 1599 3767 sit,
1647 3715 1750 3755 nec

140 3794 466 3861 psallendum
477 3837 490 3848 .

198 3889 274 3941 73.
311 3889 379 3942 Ut
426 3903 567 3942 cum
614 3887 1122 3943 excommunicatis
1166 3887 1612 3954 communicans,
1666 3887 1751 3942 vel

145 3995 301 4049 orans,
330 3981 886 4037 excommunicetur.

200 4075 276 4128 74.
313 4076 389 4129 De
419 4073 825 4146 paenitentiam
853 4075 999 4144 lege.

200 4171 276 4221 75.
315 4169 389 4222 De
423 4166 945 4239 negligentioribus
970 4165 1392 4238 paenitentibus.

199 4263 276 4314 76.
315 4262 388 4317 De
417 4260 788 4332 poscentibus
818 4260 1209 4332 paenitentiam
1241 4259 1287 4314 si
1320 4265 1515 4331 postea
1545 4261 1750 4315 obmu-

143 4356 346 4409 tescant.

197 4449 272 4501 77.
313 4449 388 4503 De
418 4447 853 4521 paenitentibus,
882 4452 946 4504 ut
973 4447 1031 4502 in
1061 4450 1247 4502 morte
1292 4446 1556 4503 viaticum
1605 4449 1751 4503 acci-

143 4547 290 4606 piant.

1539 4637 1702 4647 —_———

1923 3233 2009 3284 96.
2054 3231 2130 3282 De
2159 3233 2480 3284 accusatore
2511 3232 2568 3282 et
2598 3229 2876 3282 accusato.

1921 3327 2010 3378 97.
2052 3324 2129 3379 De
2156 3339 2222 3379 eo
2243 3322 2336 3394 qui
2372 3320 2651 3392 religiosis
2673 3318 2902 3376 feminis
2932 3314 3242 3389 praeﬁcitur
3271 3319 3328 3368 ut
3356 3329 3479 3384 pro-

1850 3419 2038 3472 betur.

1922 3513 2010 3566 98.
2051 3511 2122 3565 Ut
2146 3509 2322 3564 laicus
2348 3508 2754 3580 poenitentibus
2773 3505 2988 3561 clericis
3013 3519 3130 3559 non
3149 3503 3366 3557 doceat.

1921 3607 2010 3659 99.
2053 3604 2124 3659 Ut
2185 3602 2454 3658 mulieres
2516 3601 2741 3674 publice
2821 3600 3022 3655 docere
3081 3613 3198 3652 non
3259 3611 3473 3668 praesu-

1852 3703 2028 3753 mant.

1927 3795 2046 3846 100.
2088 3792 2157 3846 Ut
2184 3789 2452 3845 mulieres
2476 3788 2758 3860 baptizare
2785 3803 2902 3841 non
2928 3788 3298 3858 praesumant.

1927 3888 2048 3941 101.
2087 3886 2166 3940 De
2192 3883 2392 3950 viduis,
2426 3880 2895 3947 adolescentibus,
2927 3883 2984 3934 et
3012 3877 3272 3932 inﬁrmis.

1928 3981 2048 4034 102.
2088 3978 2167 4032 Ne
2207 3977 2394 4033 clerici
2423 3976 2724 4032 viduarum
2772 3971 3157 4030 familiaritate
3187 3968 3473 4026 associen-

1852 4079 1964 4128 tur.

1927 4169 2042 4221 103.
2085 4167 2161 4221 De
2203 4164 2407 4235 viduis,
2437 4181 2564 4238 quae
2611 4161 2862 4220 ecclesiae
2909 4157 3204 4232 stipendiis
3256 4158 3475 4212 susten-

1852 4263 2064 4314 tantur.

1929 4355 2048 4408 104.
2089 4354 2166 4408 De
2197 4354 2376 4409 viduis
2420 4369 2547 4424 quae
2578 4352 2848 4424 professas
2879 4347 3294 4405 continentiam
3342 4361 3456 4417 prae.

1852 4447 2111 4501 varicata:
2138 4450 2289 4502 sunt.

1703 4637 2050 4650 .—_-—.___

403 4824 830 4918 INCIPIT
906 4824 1516 4918 CONCILIUM
1591 4824 2132 4932 QUARTUM
2207 4825 3184 4918 CARTHAGINENSE.

715 5002 1031 5066 Habitum
1062 5002 1146 5065 ab
1174 5001 1486 5084 episcopis
1521 5001 1812 5066 ducentis
1838 5003 2354 5086 quatuordecim,
2384 5020 2521 5066 aera
2551 5021 2917 5067 ccccxxxvr.

201 5191 441 5260 Augusto
489 5189 741 5244 Honorio
775 5191 860 5256 IV,
895 5195 951 5244 et
995 5189 1282 5244 Euticiano
1324 5189 1667 5258 consulibus,
1699 5207 1752 5245 vr
1772 5206 1832 5278 D
1925 5193 2266 5248 CAP.I.Cum
2281 5193 2580 5264 episcopus
2599 5191 2951 5248 ordinandus
2970 5196 3256 5260 est,antca
3270 5190 3482 5247 exami-

141 5279 246 5334 ldus
271 5283 622 5350 Novembris,
655 5299 786 5337 cum
833 5283 1092 5338 Aurelius
1135 5283 1436 5356 episcopus
1471 5283 1531 5338 in
1562 5285 1752 5339 conci-

141 5368 201 5425 lio
229 5375 522 5432 universali
553 5376 925 5446 Carthagine,
955 5376 1014 5430 in
1065 5377 1367 5432 secretario
1408 5393 1538 5432 cum
1565 5378 1752 5432 omni-

142 5462 229 5518 bus
269 5469 768 5525 consacerdotibus
813 5470 928 5524 suis
975 5469 1340 5537 consedisset,
1368 5471 1579 5542 placuit
1625 5487 1753 5525 cum

142 5572 197 5611 eo
222 5563 435 5617 cunctis
461 5563 561 5634 qui
588 5564 820 5619 fuerunt
841 5563 902 5617 in
927 5562 1127 5617 eadem
1154 5568 1346 5618 sancta
1371 5563 1589 5634 synodo
1613 5579 1752 5619 con-

143 5651 349 5709 stituere
381 5656 509 5711 haec
535 5673 662 5728 quas
696 5657 767 5712 ad
805 5655 1036 5712 ordines
1074 5637 1494 5712 ecclesiasticos
1523 5657 1748 5712 canoni-

143 5742 209 5798 cis
230 5754 357 5803 sunt
383 5750 706 5804 necessaria
739 5749 1070 5821 disciplinis,
1097 5749 1175 5804 ibi
1205 5750 1266 5804 in
1295 5749 1577 5822 principio
1619 5765 1748 5806 con-

145 5837 378 5896 stitutum
414 5845 504 5896 est
532 5843 709 5913 qualis
738 5843 993 5898 ordinari
1027 5842 1228 5898 debeat
1255 5842 1572 5916 episcopus.

1854 5289 2046 5354 netur,
2079 5286 2124 5339 si
2153 5290 2357 5340 natura
2380 5286 2452 5340 sit
2476 5285 2752 5358 prudens,
2781 5286 2828 5341 si
2852 5286 3128 5356 docibilis,
3151 5285 3197 5339 si
3226 5283 3482 5338 moribus

1856 5381 2228 5449 temperatus,
2260 5379 2305 5433 si
2335 5379 2449 5434 vita
2487 5383 2692 5449 castus,
2721 5380 2769 5434 si
2799 5379 3037 5447 sobrius,
3067 5379 3113 5432 si
3143 5392 3368 5447 semper
3391 5375 3476 5428 sui

1854 5473 2075 5542 negotii
2100 5489 2318 5542 cavens,
2348 5473 2394 5527 si
2425 5473 2678 5543 humilis,
2709 5473 2751 5528 si
2779 5472 3036 5538 ati‘abilis,
3066 5471 3112 5524 si
3139 5467 3476 5535 misericors,

1854 5565 1898 5619 si
1924 5565 2230 5634 litteratus,
2262 5566 2306 5620 si
2335 5567 2393 5621 in
2423 5567 2551 5637 lege
2581 5566 2798 5621 Domini
2829 5566 3157 5632 instructus,
3181 5561 3226 5616 si
3245 5561 3305 5615 in
3335 5560 3482 5616 Scri-

1852 5663 2150 5729 pturarum
2182 5659 2440 5715 sensibus
2469 5665 2684 5727 cautus,
2714 5659 2758 5714 si
2796 5659 2855 5712 in
2900 5654 3256 5728 dogmatibus
3302 5653 3478 5711 eccle-

1855 5751 2087 5806 siasticis
2125 5753 2482 5822 exercitatus,
2529 5756 2584 5807 et
2619 5755 2751 5806 ante
2805 5749 3012 5816 omnia,
3039 5749 3084 5803 si
3127 5747 3261 5804 ﬁdei
3304 5749 3476 5803 docu-

1854 5849 2045 5901 menta
2072 5847 2255 5903 verbis
2282 5847 2594 5917 duplicibus
2623 5849 2854 5912 asserat,
2876 5843 2932 5899 id
2961 5847 3044 5900 est
3072 5845 3299 5901 Patrem
3327 5847 3379 5900 et
3399 5844 3478 5897 Fi-
