3964 6178
493 239 592 294 343
1386 241 1666 298 ΛΡΡΕΝΙ).
1711 244 1796 298 AD
1833 245 1993 299 SASC.
2037 246 2054 298 I

2203 274 2214 282 -
2254 244 2494 298 ISlDORI
2532 243 2958 299 MERCATORIS
3691 253 3768 309 Mt

486 345 626 401 lium
660 350 715 401 et
740 345 1011 416 Spiritum
1042 351 1300 403 sanctum
1325 364 1505 404 unum
1549 350 1729 405 Deum
1756 368 1876 407 esse
1911 352 2112 407 confir-
2139 361 2198 436 Α
2286 352 2372 405 VI.
2398 350 2705 422 Acolythus
2728 366 2858 405 cum
2880 349 3196 418 ordinatur,
3218 351 3287 406 ab
3309 350 3558 424 episcOpo
3584 355 3770 426 quidem

486 443 978 511 mans,totamque
997 441 1284 496 Trinitatis
1305 442 1574 498 deitatem
1596 446 2045 514 coessentialem,
2062 450 2121 501 et
2221 443 2495 499 doceatur
2521 442 2765 514 qualiter
2794 459 2854 497 se
2875 442 2934 498 in
2961 442 3146 498 ofﬁcio
3172 459 3273 499 suo
3304 460 3465 516 agere
3491 444 3684 518 debeat,
3702 452 3774 506 sed

489 532 1045 603 consubstantialem,
1075 538 1131 590 et
1155 537 1578 606 coaeternalem,
1609 542 1665 592 et
1689 539 2117 610 coomnipoten-
2221 536 2291 591 ab
2312 536 2712 592 archidiacono
2739 535 2979 607 accipiat
2998 536 3399 591 ceroferarium
3424 555 3544 592 cum
3560 556 3713 607 ceree,
3730 548 3778 598 ut

492 628 607 679 tem
629 625 969 696 praedicans,
997 626 1043 681 si
1070 626 1321 699 singulas
1347 646 1602 701 quasque
1622 630 1681 684 in
1703 631 1971 686 Trinitate
1996 644 2122 703 pe‘r-
2219 630 2359 685 sciat
2386 646 2445 686 se
2471 629 2547 684 ad
2588 629 2952 684 accendenda
2984 630 3243 685 Ecclesiae
3281 629 3572 686 luminaria
3607 635 3776 690 manci-

487 735 653 773 sonas
678 718 918 790 plenum
965 722 1163 789 Deum,
1192 726 1248 776 et
1294 725 1442 776 totas
1479 726 1599 778 tres
1646 740 1912 795 personas
1940 742 2121 781 unum
2220 722 2365 794 pari.
2395 722 2643 793 Accipiat
2667 725 2726 776 et
2742 723 3036 778 urceolum
3062 739 3302 778 vacuum
3328 723 3399 778 ad
3417 727 3779 795 suggerendum

488 812 686 878 Deum,
706 812 754 866 si
781 812 1229 873 incarnationem
1261 815 1513 870 divinam
1544 833 1657 871 non
1677 817 1735 872 in
1756 819 1915 874 Patre
1932 835 2121 890 neque
2220 815 2416 871 vinum
2443 816 2502 869 in
2529 815 2935 870 Eucharistiam
2980 816 3277 887 sanguinis
3300 816 3517 872 Christi.

488 903 545 958 in
572 904 783 976 Spiritu
808 910 1003 960 sancto
1034 906 1263 974 factam,
1288 909 1386 963 sed
1408 909 1469 963 in
1501 909 1638 965 Filio
1661 912 1883 966 tantum
1904 912 2118 979 credat,
2293 910 2400 963 VII.
2431 908 2717 962 EXOI‘Cista
2769 925 2900 963 cum
2944 908 3263 976 ordinatur,
3295 909 3519 980 accipiat
3556 910 3616 964 de
3648 927 3784 966 manu

484 1000 551 1051 ut
566 997 666 1068 qui
686 1003 808 1052 erat
832 999 890 1053 in
920 999 1212 1056 divinitate
1235 1001 1331 1055 Dei
1362 1002 1541 1057 Patris
1566 1002 1715 1057 ﬁlius
1745 1004 1864 1075 ipse
1881 1004 2120 1060 ﬁeretin
2222 1001 2473 1073 episcopi
2516 1001 2776 1056 libellum
2821 1001 2881 1055 in
2906 1018 3019 1073 quo
3051 1000 3245 1072 scripti
3275 1007 3407 1056 sunt
3432 1002 3692 1058 exorcismi
3715 1004 3783 1058 di-

484 1090 714 1144 homine
747 1091 993 1146 hominis
1025 1094 1221 1148 matris
1264 1094 1434 1164 ﬁlius,
1470 1096 1617 1150 Deus
1645 1113 1810 1151 verus
1834 1113 1901 1152 ex
1932 1100 2119 1166 Patre,
2222 1100 2385 1150 cente
2409 1094 2516 1149 sibi
2546 1094 2809 1165 episcopo
2834 1113 2847 1149 :
2870 1094 3072 1165 Accipe
3099 1099 3157 1149 et
3177 1094 3509 1149 commenda
3524 1098 3783 1166 memoria,

486 1185 663 1239 homo
693 1200 859 1239 verus
893 1202 960 1240 ex
1004 1190 1209 1255 matre,
1241 1204 1470 1243 carnem
1496 1206 1564 1244 ex
1590 1190 1793 1244 matris
1816 1191 2123 1245 visceribus
2225 1195 2281 1242 et
2310 1187 2517 1242 habeto
2548 1190 2886 1258 potestatem
2911 1187 3253 1258 imponendi
3280 1204 3477 1241 manus
3497 1204 3648 1259 super
3663 1205 3788 1244 ener-

489 1278 724 1345 habens,
738 1283 793 1333 et
809 1279 1065 1334 animam
1086 1281 1403 1337 humanam
1422 1283 1760 1337 rationalem
1788 1284 1957 1339 simul
1976 1284 2034 1338 in
2057 1301 2124 1339 eo
2226 1296 2560 1352 gumenum,
2588 1280 2704 1335 sive
2722 1280 3090 1351 baptizatum,
3113 1280 3231 1335 sive
3251 1280 3703 1336 catechumenum.

489 1372 785 1444 utriusque
805 1376 1046 1443 natura},
1065 1375 1122 1430 id
1154 1380 1239 1431 est
1264 1378 1412 1431 Deus
1437 1382 1495 1432 et
1513 1378 1706 1444 homo,
1730 1394 1843 1433 una
1862 1395 2122 1450 persona,
2294 1374 2426 1428 VIII.
2457 1373 2659 1428 Lector
2686 1390 2817 1427 cum
2861 1373 3180 1442 ordinatur,
3211 1372 3380 1427 faciat
3402 1372 3469 1428 de
3493 1372 3581 1427 illo
3601 1374 3789 1429 verbum

488 1482 638 1519 unus
668 1466 859 1534 Filius,
889 1484 1037 1522 unus
1080 1468 1359 1536 Christus,
1390 1485 1541 1524 unus
1583 1470 1871 1540 Dominus,
1902 1474 2126 1527 creator
2225 1467 2519 1538 episcopus
2544 1467 2616 1522 ad
2641 1467 2889 1537 plebem,
2918 1466 3176 1520 indicans
3202 1466 3324 1536 ejus
3350 1465 3535 1533 ﬁdem,
3564 1481 3623 1520 ac
3646 1466 3787 1521 vitam

491 1559 746 1614 omnium
800 1577 928 1632 quae
973 1564 1107 1616 sunt
1149 1567 1204 1617 et
1244 1568 1464 1629 auctor,
1518 1564 1789 1619 Dominus
1844 1568 1901 1620 et
1942 1568 2127 1620 rector
2225 1563 2395 1630 atque
2422 1560 2754 1631 ingenium;
2782 1563 2909 1629 post
2932 1559 3054 1613 haec
3078 1561 3368 1629 spectante
3394 1558 3546 1629 plebe
3573 1558 3788 1613 tradatei

491 1669 621 1706 cum
663 1654 824 1708 Patre
854 1658 910 1708 et
939 1654 1154 1725 Spiritu
1184 1661 1379 1711 sancto
1420 1657 1679 1711 omnium
1709 1659 2122 1727 creaturarum,
2153 1725 2181 1727 ξ
2224 1652 2474 1708 codicem
2505 1653 2574 1707 de
2598 1668 2711 1724 quo
2746 1653 2997 1707 lecturus
3014 1655 3100 1706 est
3123 1651 3321 1707 dicens
3338 1651 3411 1706 ad
3431 1667 3558 1706 eum
3579 1667 3592 1705 :
3612 1650 3790 1721 Accipe,

489 1745 586 1815 qui
623 1762 820 1817 passus
867 1747 940 1802 sit
978 1764 1110 1802 vera
1142 1749 1325 1803 carnis
1366 1752 1648 1821 passione,
1702 1753 1959 1806 mortuus
1995 1767 2128 1807 vera
2146 1725 2202 1796 Β
2225 1749 2282 1800 et
2307 1748 2428 1800 esto
2450 1746 2627 1800 lector
2647 1744 2804 1800 verbi
2828 1744 2949 1813 Dei,
2977 1743 3300 1811 habiturus,
3329 1743 3375 1798 si
3400 1743 3627 1798 ﬁdeliter
3645 1747 3694 1797 et
3716 1742 3794 1797 uti-

492 1839 743 1910 corporis
788 1839 875 1895 sui
925 1846 1136 1911 morte,
1166 1844 1477 1899 resurrexit
1502 1861 1638 1898 vera
1681 1844 1864 1899 carnis
1892 1861 2006 1900 sum
2034 1861 2126 1900 re-
2225 1838 2353 1893 liter
2369 1837 2690 1909 impleveris
2710 1837 2985 1907 OfﬁCium,
3004 1842 3226 1909 partem
3252 1853 3382 1892 cum
3400 1837 3478 1891 Bis
3500 1835 3592 1908 qui
3605 1834 3792 1891 verbum

493 1932 774 2003 ceptione,
807 1938 863 1989 et
890 1950 1023 1989 vera
1052 1934 1262 1990 animae
1298 1937 1689 2009 resumptione
1714 1937 1775 1992 in
1805 1954 1918 2008 qua
1942 1938 2129 1993 veniet
2228 1931 2326 1987 Dei
2352 1931 2846 1986 ministraverunt.

487 2024 745 2094 judicare
776 2025 929 2082 vivos
955 2032 1012 2082 et
1035 2031 1309 2084 mortuos.
1342 2030 1730 2094 Quaerendum
1757 2030 1928 2085 etiam
1957 2030 2029 2085 ab
2058 2046 2127 2085 eo
2299 2027 2385 2079 ΙΧ.
2425 2023 2697 2078 Ostiarius
2744 2039 2876 2078 cum
2926 2023 3246 2090 ordinatur,
3294 2024 3584 2093 postquam
3625 2020 3685 2075 ab
3723 2036 3793 2074 ar-

493 2118 539 2171 si
562 2118 700 2173 Novi
731 2123 788 2174 et
821 2121 1037 2175 Veteris
1063 2122 1426 2192 Testamenti,
1456 2122 1495 2177 i1
1526 2126 1610 2178 est
1635 2123 1779 2194 legis
1804 2128 1861 2178 et
1883 2123 2130 2194 prophe-
2228 2116 2554 2171 chidiacono
2598 2116 2906 2171 instructus
2943 2115 3119 2170 fuerit
3146 2114 3390 2187 qualiter
3431 2114 3487 2169 in
3528 2113 3679 2168 domo
3718 2111 3795 2167 Dei

496 2214 706 2277 larum,
749 2216 805 2266 et
852 2215 1240 2283 apostolorum
1287 2232 1466 2270 unum
1515 2216 1895 2286 eumdemque
1940 2216 2130 2271 credat
2228 2209 2433 2265 debeat
2451 2208 2794 2277 conversari,
2809 2208 2883 2262 ad
2904 2208 3340 2279 suggestionem
3354 2205 3701 2262 archidiaconi
3716 2209 3799 2259 tra-

500 2308 788 2358 auctorem
811 2309 868 2359 et
889 2306 1210 2374 Dominum,
1240 2307 1286 2361 si
1308 2307 1563 2363 diabolus
1591 2325 1707 2363 non
1736 2325 1839 2379 per
1862 2307 2129 2363 conditio-
2228 2303 2323 2358 dat
2344 2301 2395 2357 ei
2416 2301 2714 2373 episcopus
2735 2301 2918 2356 claves
2935 2300 3189 2356 ecclesiae
3213 2300 3284 2355 de
3302 2299 3500 2355 altario
3521 2299 3714 2354 dicens:
3729 2296 3796 2353 Sic

496 2412 648 2463 nem,
682 2397 781 2451 sed
810 2415 915 2470 per
942 2399 1243 2454 arbitrium
1287 2401 1467 2456 factus
1510 2401 1583 2456 sit
1609 2402 1824 2469 malus;
1863 2417 2124 2472 quaeren-
2227 2413 2331 2467 age
2351 2396 2511 2468 quasi
2530 2395 2861 2450 redditurus
2886 2395 3127 2448 Domino
3144 2394 3427 2449 rationem
3452 2408 3548 2463 pro
3572 2392 3649 2446 his
3665 2390 3799 2445 rebus

496 2488 634 2544 dum
661 2490 835 2546 etiam
876 2491 945 2546 ab
975 2508 1062 2561 eo,
1095 2493 1141 2548 si
1167 2493 1361 2549 credat
1404 2494 1575 2565 hujus
1600 2510 1772 2565 quam
1812 2497 2125 2566 gestamus,
2229 2506 2358 2561 quae
2389 2489 2477 2544 his
2501 2488 2750 2544 clavibus
2785 2487 3183 2542 recluduntur.

494 2586 551 2636 et
576 2598 691 2637 non
725 2585 955 2640 alterius
985 2586 1174 2641 carnis
1204 2587 1704 2655 resurrectionem,
1735 2587 1779 2642 si
1814 2587 2007 2642 credat
2028 2587 2126 2657 ju-
2298 2584 2360 2636 X.
2389 2581 2706 2649 Psalmista,
2733 2581 2792 2635 id
2823 2585 2908 2636 est
2933 2583 3148 2648 cantor,
3180 2582 3367 2651 potest
3391 2579 3590 2650 absque
3615 2575 3799 2632 scientia

494 2675 705 2730 dicium
726 2676 1005 2745 futurum,
1035 2682 1093 2732 et
1112 2681 1441 2750 recepturos
1471 2680 1726 2752 singulos
1754 2697 1856 2751 pro
1882 2679 1972 2734 his
2000 2696 2129 2750 quas
2228 2675 2477 2747 episcopi
2501 2675 2618 2729 sola
2638 2674 2891 2744 jussione
2929 2673 3251 2744 presbyteri
3281 2673 3525 2727 officium
3558 2670 3795 2740 suscipere

498 2768 554 2821 in
574 2784 745 2823 carne
767 2774 1082 2840 gesserunt,
1112 2773 1198 2826 vel
1227 2788 1421 2843 poenas
1445 2773 1534 2827 vel
1557 2773 1810 2843 praemia,
1833 2772 1878 2827 si
1904 2771 2130 2843 nuptias
2229 2767 2518 2835 cantandi,
2550 2767 2771 2822 dicente
2796 2766 2904 2822 sibi
2926 2766 3285 2837 presbytero,
3315 2765 3440 2821 vide
3469 2768 3528 2819 ut
3563 2762 3697 2835 quod
3722 2776 3797 2815 ore

494 2876 614 2914 non
640 2862 961 2931 prohibeat,
986 2863 1034 2916 si
1061 2865 1315 2920 secunda
1344 2864 1712 2920 matrimonia
1734 2881 1849 2920 non
1874 2864 2128 2932 damnet,
2230 2866 2418 2917 cantas
2453 2861 2625 2916 corde
2668 2860 2884 2927 credas,
2913 2862 2971 2914 et
3015 2859 3170 2930 quod
3217 2859 3390 2915 corde
3435 2857 3606 2913 credis
3651 2853 3796 2926 operi-

497 2953 543 3007 si
569 2953 829 3008 carnium
867 2957 1292 3027 perceptionem
1337 2973 1451 3013 non
1493 2959 1703 3029 culpet,
1730 2958 1775 3012 si
1802 2957 2129 3029 pasnitenti-
2230 2955 2335 3009 bus
2364 2955 2720 3025 comprobes.

496 3045 601 3100 bus
627 3048 1006 3103 reconciliatis
1036 3050 1437 3120 communicet,
1461 3051 1507 3105 si
1538 3051 1597 3106 in
1627 3051 1912 3122 baptismo
1937 3050 2131 3106 omnia
2150 3085 2203 3122 ρ
2302 3049 2387 3104 XI.
2416 3045 2870 3103 Sanctimonialis
2896 3046 3058 3118 virgo
3088 3061 3225 3101 cum
3268 3045 3341 3100 ad
3383 3041 3799 3100 consecrationem

498 3145 748 3209 peccata,
771 3140 829 3194 id
845 3145 930 3195 est
946 3144 1066 3197 tam
1088 3142 1233 3197 illud
1259 3143 1549 3215 originale
1577 3147 1932 3199 contractum
1951 3161 2130 3215 quam
2153 3135 2206 3158 υ
2232 3141 2318 3196 sui
2345 3140 2608 3212 episcopo
2636 3139 2895 3207 offertur,
2920 3138 2981 3193 in
3008 3138 3223 3194 talibus
3249 3138 3494 3194 vestibus
3521 3135 3800 3208 applicetur,

485 3231 595 3305 illa
643 3249 769 3303 quae
812 3234 1132 3290 voluntarie
1178 3236 1428 3291 admissa
1482 3241 1616 3292 sunt
1661 3236 2041 3304 dimittantur,
2084 3236 2130 3290 si
2232 3233 2491 3306 qualibus
2514 3249 2745 3304 semper
2772 3248 2946 3288 usura
2973 3234 3060 3286 est
3087 3231 3451 3303 professioni,
3481 3235 3535 3285 et
3557 3226 3803 3284 sanctimo-

498 3330 660 3380 extra
713 3325 1009 3381 Ecclesiam
1060 3329 1400 3384 catholicam
1439 3330 1628 3384 nullus
1670 3331 1936 3384 salvetur.
1984 3330 2129 3386 Cum
2232 3328 2344 3382 nite
2368 3342 2597 3398 suaeque
2624 3325 2896 3397 religioni
2919 3328 3195 3396 susceptae
3222 3325 3390 3396 aptis.

448 3453 456 3461 -
497 3417 555 3472 in
600 3418 687 3473 his
732 3420 1000 3475 omnibus
1041 3421 1394 3477 examinatus
1434 3423 1609 3477 fuerit
1649 3422 1912 3477 inventus
1961 3422 2129 3494 plene
2301 3422 2407 3476 XII.
2439 3420 2635 3474 Viduae
2678 3419 2771 3474 vel
2813 3417 3273 3473 sanctimoniales
3316 3433 3442 3489 qua:
3485 3415 3549 3470 ad
3593 3410 3800 3469 ministe-

496 3511 823 3582 instructus,
860 3517 996 3568 tunc
1027 3530 1156 3569 cum
1187 3532 1463 3570 consensu
1504 3516 1841 3571 clericorum
1871 3519 1925 3571 et
1952 3516 2129 3571 laico-
2231 3513 2381 3568 rium
2407 3512 2877 3584 baptizandarum
2902 3510 3214 3566 mulierum
3242 3510 3542 3582 eliguntur,
3565 3505 3803 3561 instructa

496 3622 647 3675 rum,
695 3610 752 3660 et
808 3612 1086 3662 conventu
1132 3609 1304 3664 totius
1348 3609 1653 3681 provincias
1707 3609 2129 3681 episcoporum,
2232 3608 2345 3662 sint
2379 3606 2450 3661 ad
2480 3604 2751 3672 ofﬁcium,
2780 3609 2845 3660 ut
2873 3604 3095 3676 possint
3136 3608 3273 3675 apto
3324 3608 3381 3658 et
3421 3619 3549 3658 sano
3587 3608 3803 3654 sermone

498 3698 862 3771 maximeque
904 3701 1356 3773 metropolitani,
1389 3706 1453 3757 ut
1479 3702 1835 3770 auctoritate,
1866 3703 1955 3757 vel
1981 3719 2128 3773 prm-
2231 3701 2434 3756 docere
2466 3698 2762 3770 imperitas
2787 3702 2844 3753 et
2872 3697 3110 3752 rusticas
3150 3696 3425 3752 mulieres
3464 3701 3695 3765 tempore
3714 3701 3803 3759 quo

498 3791 681 3846 sentia
743 3792 1044 3849 ordinetur
1103 3795 1419 3867 episcopus,
1472 3799 1734 3868 suscepto
1787 3795 1845 3850 in
1895 3796 2131 3851 nomine
2228 3792 2584 3865 baptizandis
2630 3796 2783 3862 sunt,
2822 3791 3067 3863 qualiter
3108 3790 3450 3862 baptizatori
3497 3784 3803 3854 interrogate

496 3884 705 3941 Christi
754 3887 1104 3958 episcopatu,
1136 3905 1250 3943 non
1296 3906 1413 3945 suae
1463 3888 1847 3957 delectationi,
1874 3904 1979 3943 nec
2016 3888 2132 3943 suis
2231 3886 2638 3957 respondeant,
2693 3889 2750 3941 et
2801 3883 3046 3956 qualiter
3091 3888 3329 3956 accepto
3384 3881 3697 3954 baptismate
3736 3872 3801 3926 vi-

500 3977 770 4049 motibus,
799 3980 901 4034 sed
930 3980 1018 4035 his
1046 3985 1276 4051 patrum
1321 3981 1755 4038 difiinitionibus
1792 3981 2129 4053 acquiescat.
2230 3983 2383 4034 vant.

499 4070 714 4126 Dehinc
742 4071 1066 4144 disponitur
1094 4074 1339 4145 qualiter
1365 4074 1743 4130 ecclesiastica
1768 4072 1955 4129 ofﬁcia
1983 4073 2131 4128 ordi-
2300 4073 2437 4127 XIII.
2484 4072 2727 4143 Sponsus
2765 4075 2822 4127 et
2860 4085 3070 4143 sponsa
3123 4086 3258 4125 cum
3308 4064 3660 4125 benedicendi
3703 4061 3805 4116 sunt

499 4166 731 4219 nwtur-
2232 4183 2265 4222 a
2293 4164 2606 4234 sacerdote,
2635 4181 2669 4220 a
2699 4163 3033 4236 parentibus
3078 4162 3215 4232 suis,
3244 4163 3331 4217 vel
3377 4180 3409 4217 a
3453 4151 3806 4234 paranymphis

571 4253 698 4329 82
743 4258 809 4312 11.
847 4257 1153 4329 Episcopus
1183 4274 1314 4312 cum
1361 4257 1681 4327 ordinatur,
1720 4259 1833 4314 duo
1880 4258 2131 4331 episcopi
2233 4246 3805 4330 oii‘erantur,quicumbenedictionemacceperint,eadem

504 4352 720 4419 ponant
747 4353 802 4404 et
828 4352 1061 4404 teneant
1088 4350 1527 4421 Evangeliorum
1562 4351 1813 4408 codicem
1842 4369 2014 4424 super
2034 4370 2130 4409 ca-
2230 4356 2395 4408 nocte
2424 4368 2527 4423 pro
2557 4350 2879 4406 reverentia
2930 4348 3106 4421 ipsius
3148 4346 3556 4405 benedictionis
3594 4344 3649 4399 in
3668 4336 3803 4408 virgis

503 4444 606 4513 put
631 4446 688 4498 et
716 4442 992 4499 cervicem
1044 4443 1187 4515 ejus,
1218 4447 1277 4499 et
1314 4462 1428 4500 uno
1469 4462 1641 4517 super
1685 4462 1817 4501 eum
1860 4447 2133 4503 fundente
2152 4451 2212 4523 Ι)
2235 4446 2411 4501 nitate
2439 4448 2834 4517 permaneant.

502 4534 974 4605 benedictionem,
1005 4538 1208 4610 reliqui
1240 4555 1442 4594 omnes
1484 4539 1734 4611 episcopi
1782 4539 1881 4612 qui
1924 4540 2131 4596 adsunt
2153 4521 2193 4523 ὼ
2298 4541 2426 4596 XIV.
2465 4540 2535 4595 Ut
2566 4538 2864 4609 episcopus
2906 4553 3021 4591 non
3067 4537 3239 4607 longe
3278 4536 3349 4591 ab
3395 4530 3613 4591 ecclesia
3651 4521 3805 4595 hospi-

503 4629 766 4685 manibus
794 4630 906 4686 suis
930 4636 1103 4703 caput
1128 4632 1251 4703 ejus
1277 4634 1542 4705 tangant.
2235 4633 2435 4688 tiolum
2462 4631 2689 4686 habeat.

574 4723 659 4777 lil.
694 4723 994 4795 Presbyter
1017 4742 1149 4780 cum
1177 4726 1493 4796 ordinatur,
1512 4726 1777 4798 episcopo
1802 4742 1933 4783 eum
1955 4727 2131 4783 bene-
2304 4727 2409 4782 XV.
2442 4726 2514 4780 Ut
2542 4724 2840 4796 episcopus
2864 4723 3038 4778 vilem
3065 4722 3489 4794 supellectilem,
3519 4722 3576 4775 et
3593 4723 3803 4772 mensam

506 4813 745 4883 dicente,
775 4818 833 4870 et
859 4833 1095 4874 manum
1125 4836 1298 4891 super
1324 4825 1493 4892 caput
1535 4820 1658 4892 ejus
1682 4824 1932 4891 tenente,
1963 4820 2132 4876 etiam
2233 4836 2297 4875 ac
2312 4819 2523 4876 victum
2550 4815 2861 4890 pauperem
2886 4817 3117 4884 habeat,
3140 4821 3197 4872 et
3223 4815 3514 4889 dignitatis
3534 4827 3639 4868 sum
3656 4805 3806 4864 aucto-

504 4924 709 4963 omnes
752 4910 1067 4982 presbyteri
1110 4911 1208 4984 qui
1252 4916 1559 4985 praesentes
1590 4916 1724 4968 sunt
1759 4930 1963 4969 manus
2005 4931 2136 4970 suas
2234 4914 2464 4993 ritatem
2488 4912 2598 4968 fide
2628 4914 2687 4967 et
2708 4910 2838 4966 vitm
2868 4909 3087 4965 meritis
3115 4915 3358 4981 quierat.

494 5001 662 5071 juxta
688 5018 894 5057 manus
921 5004 1170 5075 episcopi
1200 5022 1371 5077 super
1394 5010 1563 5078 caput
1589 5007 1744 5061 illius
1768 5011 2025 5063 teneant.
2306 4991 2436 5063 XVI.
2484 5008 2555 5063 Ut
2601 5004 2898 5076 episcopus
2948 5003 3248 5075 gentilium
3299 5003 3472 5058 libros
3517 5015 3621 5055 non
3664 4991 3806 5065 legal.

576 5096 661 5150 IV.
694 5094 976 5150 Diaconus
1004 5113 1135 5152 cum
1163 5098 1478 5167 ordinatur,
1509 5100 1660 5156 solus
1701 5099 1999 5172 episcopus
2038 5100 2135 5172 qui
2234 5100 2640 5157 haereticorum
2663 5100 2855 5152 autem
2881 5112 2987 5167 pro
3013 5097 3345 5152 necessitate
3373 5099 3430 5151 et
3453 5099 3704 5164 tempore-

504 5204 637 5243 eum
661 5187 946 5244 benedicit
972 5206 1176 5245 manus
1207 5208 1377 5263 super
1400 5196 1571 5264 caput
1598 5192 1748 5247 illius
1776 5195 1967 5264 ponat,
1998 5194 2137 5266 quia
2304 5194 2455 5249 XVII.
2496 5193 2568 5247 Ut
2611 5190 2911 5263 episcopus
2954 5189 3428 5261 gubernationem
3477 5186 3745 5241 viduarum
3767 5175 3812 5227 ει

501 5299 617 5337 non
666 5282 739 5338 ad
792 5281 1197 5351 sacerdotium,
1246 5285 1343 5341 sed
1386 5286 1454 5341 ad
1498 5286 1881 5342 ministerium
1937 5302 2132 5342 conse-
2235 5287 2584 5360 pupillorum
2626 5301 2690 5339 ac
2738 5283 3171 5355 peregrinorum
3221 5299 3337 5338 non
3397 5297 3502 5354 per
3539 5295 3593 5334 se
3638 5274 3809 5346 ipsum:

507 5379 721 5433 cratur-
2235 5381 2335 5436 sed
2382 5396 2486 5452 per
2509 5376 2995 5447 archidiaconum,
3027 5379 3125 5431 aut
3162 5391 3264 5447 per
3306 5369 3809 5446 archipresbyter“!n

575 5472 635 5527 V.
682 5470 1069 5527 Subdiaconus
1114 5488 1245 5527 cum
1296 5471 1591 5528 ordinatur
1638 5473 1788 5529 solus
1834 5474 2133 5545 episcopus
2234 5478 2387 5546 agat.

503 5564 634 5636 quia
659 5581 865 5621 manus
895 5565 1314 5638 impositionem
1358 5582 1472 5621 non
1506 5567 1741 5640 accepit,
1769 5572 2038 5639 patenam
2066 5567 2136 5622 de
2305 5567 2480 5622 XVIII.
2504 5565 2575 5621 Ut
2594 5563 2891 5637 episcopus
2916 5563 3218 5619 tuitionem
3251 5561 3697 5618 testamentorum
3720 5558 3812 5602 non

505 5656 754 5728 episcopi
782 5675 959 5714 manu
981 5660 1222 5731 accipiat
1244 5676 1478 5715 vacuam
1517 5665 1573 5717 et
1601 5660 1838 5717 calicem
1870 5677 2132 5729 vacuum,
2236 5659 2525 5731 suscipiat.

507 5747 576 5800 de
602 5763 775 5804 manu
803 5767 937 5807 vero
964 5753 1347 5809 archidiaconi
1401 5754 1691 5812 urceolum
1741 5771 1870 5811 cum
1902 5771 2049 5828 aqua
2081 5756 2138 5810 et
2306 5754 2427 5808 XIX.
2484 5753 2558 5809 Ut
2607 5750 2902 5823 episcopus
2955 5766 3070 5807 non
3130 5751 3480 5824 provocatus,
3537 5756 3632 5818 pro
3672 5732 3812 5792 reb“S

512 5838 741 5896 mantile
769 5846 824 5897 et
846 5846 1294 5920 manutergium.
2238 5843 2574 5905 transitoriis
2604 5844 2805 5919 litiget.
