3964 6178
161 289 239 346 345

1329 280 1799 340 DECRETALIUM
1837 283 2223 337 CULLECTIO.

3355 283 3459 339 346

211 397 297 451 XX.
318 396 377 449 Ut
403 392 698 464 episcopus
728 393 949 446 nullam
980 392 1061 445 rei
1096 392 1392 446 familiaris
1433 408 1626 445 curam
1660 391 1729 445 ad
1751 415 1809 486 Α
1903 391 2164 444 XXXVIII.
2194 392 2262 445 Ut
2291 391 2561 445 diaconus
2593 398 2871 462 prasente
2900 392 3228 462 presbytero
3253 393 3464 446 Eucha-

158 508 203 545 se
225 493 433 556 revocet,
452 487 547 541 sed
576 490 640 540 ut
663 486 896 540 lectioni
917 485 1232 540 etorationi
1251 491 1306 541 et
1333 485 1503 540 verbo
1522 483 1729 556 pradi-

155 581 344 637 cationis
362 579 752 635 tantummodo
782 583 958 634 vacet.

210 676 314 728 XXI.
343 675 406 728 Ut
432 673 730 744 episcopus
759 673 829 726 ad
857 673 1138 743 synodum
1177 673 1258 727 ire
1294 689 1412 726 non
1448 671 1569 724 sine
1602 669 1732 724 satis

152 768 280 840 gravi
301 765 617 821 necessitate
649 766 996 835 inhibeatur,
1014 767 1092 820 sic
1107 772 1297 820 tamen
1319 771 1380 819 ut
1406 765 1463 819 in
1483 781 1582 818 sua
1597 779 1729 835 per-

155 877 264 916 sona
285 861 523 931 legatum
551 859 742 914 mittat
755 862 1119 930 suscepturus
1142 859 1297 913 salva
1326 857 1461 912 ﬁdei
1493 857 1731 918 veritate

153 953 388 1026 quidquid
418 969 576 1006 sacra
605 951 850 1023 synodus
879 953 1156 1007 statuerit.

359 1047 426 1100 Ut
467 1045 763 1117 episcopus
788 1045 910 1100 sine
950 1046 1186 1100 concilio
1229 1044 1569 1100 clericorum
1611 1060 1734 1098 suo-

149 1157 252 1194 rum
274 1139 488 1193 clericos
518 1155 634 1193 non
659 1139 902 1206 ordinet,
936 1139 1012 1192 ita
1038 1144 1101 1194 ut
1125 1139 1333 1192 civium
1362 1153 1654 1192 assensum
1678 1140 1736 1190 et

150 1232 522 1286 conniventiam
551 1236 608 1286 et
631 1231 1026 1286 testimonium
1057 1237 1292 1302 quarat.

202 1327 345 1379 XXIII.
391 1326 461 1379 Ut
500 1325 796 1396 episcopus
841 1325 1051 1379 nullius
1089 1341 1319 1379 causam
1368 1324 1559 1378 audiat
1607 1323 1733 1377 abs-

151 1434 236 1488 que
273 1419 569 1489 praesentia
611 1419 948 1474 clericorum
993 1435 1248 1486 suorum,
1289 1418 1544 1489 alioquin
1577 1417 1737 1471 irrita

149 1512 232 1564 erit
271 1513 542 1566 sententia
583 1512 850 1583 episcopi,
894 1511 1001 1565 nisi
1045 1512 1380 1567 clericorum
1430 1509 1738 1582 prasentia

149 1603 492 1659 conﬁrmetur.

199 1699 348 1752 XXIV.
376 1698 681 1753 Sacerdote
709 1697 948 1753 verbum
982 1698 1224 1754 faciente
1252 1698 1312 1753 in
1352 1696 1606 1764 ecclesia,
1640 1694 1738 1765 qui

145 1807 365 1860 egressus
394 1791 468 1846 de
495 1791 780 1846 auditorio
804 1792 998 1859 fuerit,
1033 1791 1577 1846 excommunicetur.

198 1884 327 1937 XXV.
370 1881 721 1940 Dissidentes
765 1885 1075 1956 episcOpos,
1126 1885 1174 1939 si
1234 1901 1348 1939 non
1394 1884 1566 1938 timor
1614 1881 1734 1951 Dei,

145 1977 352 2046 synodus
378 1979 727 2034 reconciliet.

197 2071 344 2124 XXVI.
393 2073 759 2127 Studendum
809 2077 893 2127 est
936 2072 1233 2144 episcOpis,
1287 2078 1350 2126 ut
1405 2070 1739 2126 dissidentes

141 2165 326 2234 fratres,
365 2166 485 2220 sive
533 2165 788 2233 clericos,
837 2167 954 2220 sive
994 2166 1168 2221 laicos
1210 2166 1282 2220 ad
1326 2181 1521 2236 pacem
1559 2163 1740 2234 magis

140 2273 280 2327 quam
302 2258 369 2311 ad
387 2257 681 2329 judicium
713 2259 1106 2314 cohortentur.

193 2351 361 2405 XXVII.
392 2352 473 2405 Ut.
496 2352 793 2423 episcopus
830 2353 898 2407 de
936 2352 1062 2406 loco
1092 2351 1334 2423 ignobili
1381 2350 1454 2404 ad
1485 2349 1740 2404 nobilem

136 2459 219 2513 per
241 2445 615 2500 ambitionem
633 2462 748 2499 non
771 2447 1044 2515 transeat,
1069 2462 1174 2500 nec
1195 2445 1493 2516 quisquam
1514 2441 1742 2496 inferio-

135 2537 196 2589 ris
217 2538 414 2592 ordinis
464 2539 722 2607 clericus,
767 2555 899 2594 sane
947 2539 993 2593 si
1046 2556 1149 2610 pro
1193 2538 1431 2592 utilitate
1480 2535 1742 2591 Ecclesia

134 2629 422 2686 faciendum
448 2632 781 2703 poposcerit
811 2632 1036 2687 decreto
1077 2650 1182 2704 pro
1214 2649 1280 2686 eo
1317 2630 1659 2686 clericorum
1689 2635 1744 2682 et

135 2723 379 2779 laicorum
408 2726 699 2797 episc0pis
740 2732 999 2796 porrecto
1044 2726 1103 2780 in
1141 2725 1504 2797 prasentiam
1541 2722 1744 2793 synodi

136 2820 501 2887 transferatur,
534 2819 911 2873 nihilominus
951 2820 1058 2873 alio
1081 2820 1141 2873 in
1170 2820 1290 2872 loco
1328 2819 1452 2888 ejus
1481 2816 1744 2887 episcopo

137 2910 432 2982 subrogato,
467 2912 763 2966 inferioris
788 2930 920 2968 vero
943 2913 1153 2984 gradus
1171 2911 1518 2979 sacerdotes,
1549 2909 1638 2963 vel
1653 2909 1745 2963 alii

134 3002 292 3058 clerici
317 3005 691 3060 concessione
714 3023 950 3060 suorum
981 3006 1379 3077 episcoporum
1410 3009 1644 3075 possunt
1673 3002 1745 3056 ad

134 3095 252 3149 alias
275 3099 540 3154 ecclesias
568 3100 995 3171 transmigrare.

1833 483 2053 537 ristiam
2098 483 2348 554 corporis
2376 485 2582 538 Christi
2619 487 2830 556 populo
2865 485 2907 538 si
2954 487 3254 540 necessitas
3289 486 3458 554 cogit,

1823 577 2038 646 jussus,
2073 582 2286 647 eroget.

1903 671 2122 725 XXXIX.
2155 672 2224 724 Ut
2247 670 2520 725 diaconus
2547 671 2797 742 quolibet
2829 671 2950 724 loco
2969 672 3206 741 jubente
3238 673 3463 743 presby.

1831 768 1955 817 tero
1984 763 2196 818 sedeat.

1903 857 2006 910 XL.
2037 858 2105 911 Ut
2137 857 2408 912 diaconus
2456 857 2514 912 in
2561 865 2841 914 conventu
2879 859 3340 930 presbyterorum
3384 861 3462 916 iu-

1833 953 2155 1019 terrogatus
2184 951 2464 1022 loquatur.

1906 1043 2034 1097 XLI.
2067 1044 2139 1097 Ut
2164 1043 2438 1098 diaconus
2472 1049 2730 1116 tempore
2767 1045 3066 1099 oblationis
3093 1050 3333 1115 tantum,
3378 1050 3461 1101 vel

1833 1135 2092 1190 lectionis
2117 1136 2246 1190 alba
2274 1137 2565 1191 induatur.

1905 1230 2058 1284 XLII.
2089 1229 2369 1284 Clericum
2395 1230 2544 1284 inter
2575 1231 2914 1286 tentationes
2943 1231 3130 1286 ofﬁcio
3162 1250 3261 1287 suo
3307 1234 3466 1289 incu-

1835 1322 2066 1376 bantem
2093 1323 2361 1393 gradibus
2389 1324 2835 1378 sublimandum.

1907 1417 2083 1470 XLIII.
2114 1416 2499 1471 Christianum
2535 1418 2872 1472 catholicum
2913 1419 3010 1489 qui
3051 1436 3153 1490 pro
3196 1421 3470 1477 catholica

1836 1508 1945 1564 ﬁde
1972 1509 2368 1564 tribulationes
2399 1511 2612 1581 patitur
2642 1512 2856 1566 honore
2893 1513 3051 1566 omni
3084 1531 3117 1567 a
3158 1515 3465 1570 sacerdoti-

1835 1603 1942 1656 bus
1967 1602 2390 1672 honorandum,
2433 1605 2605 1658 etiam
2637 1609 2694 1658 et
2730 1623 2831 1676 per
2869 1606 3168 1661 diaconum
3218 1609 3268 1662 ei
3297 1610 3473 1664 victus

1837 1696 2207 1751 ministretur.

1754 1781 1812 1851 B
1905 1790 2080 1844 XLIV.
2124 1789 2370 1846 Clericus
2414 1808 2521 1846 nec
2556 1808 2778 1847 comam
2818 1793 3052 1860 nutriat,
3089 1812 3192 1849 nec
3232 1795 3464 1850 barbam

1840 1883 2023 1936 radat.

1910 1977 2057 2030 XLV.
2104 1977 2352 2031 Clericus
2388 1977 2800 2048 professionem
2833 1995 3013 2045 suam,
3066 1984 3122 2034 et
3157 1981 3214 2036 in
3249 1982 3465 2051 habitu,

1840 2070 1974 2123 etin
2004 2069 2229 2124 incessu
2267 2071 2494 2141 probet,
2527 2075 2583 2125 et
2611 2071 2740 2126 ideo
2785 2089 2890 2125 nec
2917 2072 3179 2141 vestibus,
3216 2092 3317 2130 nec
3355 2077 3466 2129 cal-

1840 2163 2145 2218 ceamentis
2173 2163 2436 2217 decorem
2455 2169 2692 2235 quarat.

1911 2257 2083 2309 XLVI.
2113 2256 2355 2311 Clericus
2382 2273 2512 2310 cum
2548 2257 2822 2312 extraneis
2859 2260 3193 2315 mulieribus
3225 2279 3336 2316 non
3367 2263 3468 2316 lia-

1838 2349 1998 2403 bitet.

1913 2443 2106 2498 XLVII.
2135 2443 2382 2498 Clericus
2406 2461 2512 2514 per
2537 2445 2746 2515 plateas
2774 2451 2829 2500 et
2851 2446 3155 2523 andronas,
3190 2449 3296 2503 nisi
3323 2457 3477 2504 certa

1843 2539 1899 2590 et
1927 2537 2174 2590 maxima
2203 2537 2372 2591 ofﬁcii
2401 2538 2487 2591 sui
2512 2538 2866 2605 necessitate,
2897 2558 3008 2594 non
3038 2542 3309 2596 ambulet.

1914 2631 2136 2685 XLVIII.
2179 2631 2424 2686 Clericus
2454 2631 2550 2702 qui
2586 2648 2700 2685 non
2737 2649 2840 2702 pro
2876 2635 3120 2688 emendo
3157 2635 3393 2707 aliquid,
3418 2638 3474 2690 in

1846 2722 2118 2776 nundinis
2140 2724 2224 2778 vcl
2253 2723 2308 2776 in
2332 2725 2452 2777 foro
2479 2724 2825 2794 deambulat,
2848 2725 2917 2778 ab
2939 2726 3121 2781 ofﬁcio
3141 2745 3240 2783 suo
3270 2729 3474 2799 degra-

1846 2816 2030 2870 detur.

1917 2910 2089 2964 XLIX.
2118 2909 2366 2964 Clericus
2391 2911 2487 2982 qui
2516 2911 2727 2983 absque
2758 2913 3079 2984 corpusculi
3111 2916 3195 2970 sui
3224 2915 3475 2992 inaqua-

1845 3003 2001 3057 litate
2034 3003 2236 3073 vigiliis
2262 3005 2438 3074 deest,
2472 3005 2766 3076 stipendiis
2801 3006 3051 3076 privatus
3087 3016 3475 3068 excommuni-

1849 3099 2027 3152 cetur.

189 3191 391 3248 XXVIII.
421 3194 656 3248 Irritam
698 3146 1128 3264 esseoinjustam
1166 3193 1561 3265 episcoporum
1587 3192 1746 3246 dam-
1771 3146 1824 3220 Ο
1921 3192 1981 3246 L.
2014 3192 2293 3248 Clericum
2327 3192 2478 3247 inter
2505 3195 2840 3250 tentationes
2868 3197 2938 3252 ab
2971 3199 3158 3254 ofﬁcio
3188 3219 3289 3258 suo
3315 3203 3484 3260 decli-

136 3285 397 3340 nationem
427 3287 650 3341 idcirco
675 3303 708 3340 a
733 3287 947 3358 synodo
976 3287 1420 3342 retractandam.

189 3378 346 3435 XXIX.
376 3381 701 3453 Episcopus
729 3381 776 3435 si
803 3382 1004 3436 clerico
1028 3381 1119 3436 vel
1147 3381 1290 3436 laico
1316 3381 1536 3436 crimen
1566 3380 1746 3450 impo-

132 3472 298 3538 suerit,
324 3473 652 3530 deducatur
674 3474 746 3528 ad
772 3475 1174 3546 probationem
1203 3475 1262 3529 in
1292 3475 1590 3546 synodum.

367 3570 631 3624 Caveant
684 3568 912 3640 judices
965 3569 1226 3624 Ecclesia
1271 3586 1344 3624 ne
1410 3569 1640 3622 absente
1684 3583 1750 3622 eo

132 3657 267 3728 cujus
294 3677 469 3716 causa
512 3663 840 3730 ventilatur,
891 3664 1232 3718 sententiam
1274 3663 1586 3733 proferant,
1619 3661 1753 3732 quia

130 3750 267 3808 irrita
290 3756 418 3823 erit,
464 3757 588 3810 imo
644 3760 703 3809 et
749 3772 977 3811 causam
1003 3757 1061 3811 in
1089 3756 1307 3828 synodo
1350 3773 1453 3828 pro
1481 3757 1628 3810 facto
1651 3755 1752 3809 da-

131 3843 270 3900 bunt.

188 3939 348 3997 XXXI.
381 3944 458 3998 Ut
485 3943 792 4015 episcopus
810 3943 880 3999 de
910 3945 1078 3999 rebus
1098 3950 1370 4017 tanquam
1394 3943 1755 3999 commenda-

132 4031 321 4098 tis,non
349 4040 639 4108 tanquam
665 4038 911 4109 propriis
942 4043 1153 4093 utatur.

190 4126 372 4184 XXXII.
405 4131 583 4185 Irrita
615 4132 726 4185 erit
765 4132 994 4187 ddnatio
1033 4132 1462 4204 episcoporum,
1493 4131 1581 4184 vel
1617 4148 1754 4186 ven-

132 4219 270 4291 ditio,
295 4225 381 4278 vel
419 4226 804 4279 commutatio
841 4226 922 4281 rei
954 4226 1345 4280 ecclesiastica
1378 4225 1592 4296 absque
1624 4241 1754 4279 con-

134 4313 357 4371 niventia
387 4325 450 4372 et
477 4316 900 4390 subscriptione
931 4319 1294 4375 clericorum.

193 4409 397 4466 XXXIII.
429 4412 702 4484 EpiscOpi
736 4414 820 4468 vel
858 4413 1169 4484 presbyteri
1199 4413 1244 4467 si
1273 4429 1440 4467 causa
1467 4411 1761 4466 visitanda

1853 3290 2109 3352 nantem,
2165 3286 2250 3340 vel
2301 3287 2685 3357 negligentius
2718 3295 3004 3361 agentem,
3037 3293 3107 3346 ab
3148 3295 3336 3350 ofﬁcio
3384 3316 3484 3353 suo

1850 3379 2282 3434 removendum.

1923 3473 2006 3526 LI.
2039 3472 2287 3529 Clericus
2316 3474 2699 3544 quatumlibet
2729 3477 2898 3531 verbo
2927 3479 3029 3532 Dei
3062 3481 3318 3536 eruditus
3346 3485 3478 3538 arti-

1851 3566 1981 3620 Iicio
2007 3567 2218 3620 victum
2248 3571 2486 3637 quarat.

1927 3660 2031 3714 LII.
2055 3660 2305 3714 Clericus
2317 3660 2527 3715 victum
2543 3668 2601 3716 et
2625 3663 3030 3719 vestimentum
3042 3667 3147 3721 sibi
3161 3670 3480 3740 artiﬁciolo,

1854 3755 1940 3809 vel
1983 3753 2330 3824 agricultura
2375 3754 2590 3826 absque
2637 3756 2806 3810 officii
2849 3759 2937 3811 sui
2989 3759 3266 3816 duntaxat
3307 3763 3480 3819 detri-

1855 3851 2047 3904 mento
2073 3851 2379 3919 praparet.

1927 3943 2056 3998 LIII.
2084 3943 2294 3996 Omnes
2323 3941 2510 3996 clerici
2531 3943 2627 4013 qui
2655 3944 2728 3997 ad
2759 3947 3114 4016 operandum
3143 3949 3309 4004 validi
3331 3960 3483 4023 sunt,

1857 4038 1915 4092 et
1936 4035 2245 4103 artiﬁciola,
2276 4039 2334 4089 et
2361 4035 2577 4090 litteras
2602 4037 2836 4093 discant.
3235 4041 3239 4048 “

1928 4129 2056 4203 83
2087 4131 2214 4184 LIV.
2248 4129 2498 4185 Clericus
2537 4129 2800 4186 invidens
2837 4133 3082 4188 fratrum
3121 4136 3485 4210 profectibus,

1860 4225 2042 4279 donec
2072 4224 2131 4278 in
2155 4223 2292 4278 vitio
2315 4227 2416 4292 est,
2449 4239 2564 4278 non
2594 4232 3012 4295 promoveatur.

1931 4320 2035 4373 LV.
2067 4319 2137 4372 Ut
2169 4317 2468 4391 episcopus
2507 4324 2858 4374 accusatores
2891 4321 3134 4377 fratrum
3166 4342 3494 4383 excommus

1861 4412 2030 4478 nicet,
2077 4416 2133 4465 et
2170 4411 2215 4464 si
2274 4411 2662 4465 emendaverit
2726 4413 2944 4482 vitium,
2997 4417 3230 4488 recipiat
3277 4437 3374 4476 eos
3421 4425 3522 4480 ad'

134 4501 374 4560 Ecclesia
405 4506 656 4560 alterius
693 4507 944 4579 episcopi
973 4507 1042 4561 ad
1074 4508 1371 4562 ecclesiam
1399 4506 1677 4572 venerint,
1706 4508 1763 4559 et
1781 4519 1839 4591 D
1863 4505 2350 4572 communionem,
2380 4521 2497 4559 non
2526 4506 2597 4559 ad
2625 4507 2864 4561 clerum.

136 4594 184 4646 in
208 4599 388 4666 gradu
415 4599 829 4670 suscipiantur,
852 4607 909 4656 et
927 4608 1047 4656 tam
1069 4602 1141 4656 ad
1161 4602 1396 4656 verbum
1416 4601 1759 4665 faciendum,

133 4704 284 4759 quam
309 4695 382 4748 ad
405 4694 765 4749 oblationem
791 4696 1234 4750 consecrandam
1262 4697 1593 4750 invitentur.

197 4785 402 4841 XXXIV.
437 4790 515 4842 Ut
539 4789 837 4860 episcopus
863 4790 922 4844 in
953 4792 1208 4861 quolibet
1231 4792 1355 4846 loco
1381 4791 1586 4846 sedens
1615 4795 1764 4844 stare

135 4880 524 4950 presbyterum
556 4898 672 4936 non
703 4883 970 4953 patiatur.

197 4972 385 5028 XXXV.
421 4977 498 5030 Ut
539 4976 834 5048 episcopus
878 4978 937 5032 in
978 4979 1211 5034 ecclesia
1236 4981 1296 5033 in
1341 4994 1604 5033 consessu
1637 4993 1763 5048 pre-

139 5063 492 5135 sbyterorum
523 5069 923 5126 sublimiorum
949 5073 1163 5140 sedeat,
1196 5075 1346 5128 intra
1370 5073 1606 5127 domum
1635 5087 1766 5124 vero

140 5159 404 5232 collegam
428 5177 506 5217 se“
519 5164 981 5235 presbyterorum
1015 5183 1135 5221 esse
1166 5171 1482 5238 cognoscat.

199 5254 411 5311 XXXVI.
457 5257 781 5328 Presbyteri
817 5259 912 5330 qui
954 5277 1058 5330 per
1085 5261 1351 5316 diaceses
1382 5258 1639 5315 ecclesias
1675 5275 1768 5312 re-

142 5355 271 5414 gunt
293 5366 418 5405 non
443 5367 481 5405 a
505 5351 857 5421 quibuslibet
875 5353 1168 5424 episcopis,
1208 5355 1306 5408 sed
1334 5371 1366 5408 a
1387 5353 1520 5420 suis,
1549 5369 1652 5407 nec
1674 5367 1774 5422 per

135 5439 419 5507 iuniorem
449 5444 753 5515 clericum,
783 5446 878 5500 sed
927 5447 1082 5502 omni
1109 5464 1258 5503 anno
1287 5451 1386 5502 aut
1413 5463 1516 5518 per
1541 5446 1772 5516 seipsos,

140 5538 228 5587 aut
250 5553 353 5607 per
379 5539 560 5592 illum
585 5539 683 5609 qui
712 5539 1024 5594 sacrarium
1049 5546 1206 5596 tenet
1246 5544 1378 5596 ante
1411 5540 1639 5594 Pascha
1679 5555 1772 5592 so-

142 5627 522 5696 lemnitatem,
556 5632 801 5687 chrisma
827 5639 1046 5704 petant.

203 5721 444 5780 XXXVII.
475 5723 860 5795 Utdiaconus,
891 5727 974 5782 ita
1003 5743 1062 5781 se
1090 5726 1403 5800 presbyteri
1433 5730 1498 5783 ut
1529 5723 1778 5799 episc0pi

147 5819 473 5874 ministrum
511 5835 631 5875 esse
659 5825 978 5896 cognoscat.

1934 4601 2062 4654 LVI.
2090 4598 2336 4653 Clericus
2363 4598 2463 4668 qui
2492 4597 2824 4668 adulationi,
2867 4604 2923 4655 et
2961 4602 3372 4673 proditionibus
3397 4627 3492 4665 va-

1865 4711 1994 4750 care
2022 4691 2489 4764 apprehenditur,
2522 4693 2592 4745 ab
2623 4693 2810 4746 ofﬁcio
2838 4693 3194 4764 degradetur.

1937 4789 2089 4842 LVII.
2120 4785 2366 4842 Clericus
2390 4785 2700 4840 maledicus
2730 4787 3088 4860 maximeque
3115 4793 3174 4847 in
3199 4800 3498 4855 sacerdoti-

1865 4883 1972 4936 bus
1996 4885 2230 4951 cogatur
2254 4878 2324 4932 ad
2351 4880 2750 4948 postulandam
2772 4881 3015 4951 veniam,
3039 4885 3082 4938 si
3104 4888 3371 4961 noluerit,
3393 4893 3491 4948 de-

1870 4975 2157 5047 gradetur,
2189 4989 2291 5028 nec
2323 4988 2578 5043 unquam
2617 4973 2689 5026 ad
2737 4974 2989 5030 ofﬁcium
3021 4979 3233 5052 absque
3271 4987 3491 5041 satisfa-

1869 5070 2053 5124 ctione
2079 5072 2395 5122 revocetur.

1940 5163 2114 5218 LVIIl.
2138 5159 2336 5217 Clerici
2363 5159 2457 5232 qui
2492 5162 2824 5231 frequenter
2855 5163 3054 5236 litigat,
3078 5172 3133 5222 et
3160 5170 3232 5224 ad
3265 5189 3496 5230 causan-

1871 5258 2010 5312 dum
2056 5254 2236 5309 facilis
2279 5259 2381 5319 est,
2426 5254 2813 5309 testimonium
2850 5273 3017 5314 nemo
3051 5261 3260 5333 absque
3297 5269 3498 5335 grandi

1873 5350 2134 5405 examine
2161 5348 2417 5419 recipiat.

1945 5445 2069 5498 LIX.
2112 5441 2506 5497 Discordantes
2542 5442 2773 5498 clericos
2808 5444 3121 5516 episc0pus,
3163 5448 3248 5502 vel
3284 5450 3506 5517 ratione

1875 5538 1961 5592 vel
1989 5539 2263 5608 potestate
2290 5535 2363 5589 ad
2384 5535 2745 5590 concordiam
2764 5537 2971 5605 trahat,
3001 5538 3394 5596 inobedientes
3415 5562 3507 5616 sy-.

1877 5631 2058 5685 nodus
2089 5645 2191 5700 per
2215 5629 2562 5683 audientiam
2591 5629 2846 5684 damnet.

1949 5724 2051 5778 LX.
2079 5722 2362 5778 Clericum
2391 5722 2682 5777 scurrilem
2719 5727 2773 5777 et
2800 5721 2985 5776 verbis
3015 5724 3273 5797 turpibus
3290 5728 3507 5801 jocula.

1879 5834 2002 5874 rem
2032 5817 2102 5871 ab
2131 5817 2318 5872 ofﬁcio
2344 5815 2768 5870 retrahendum.
