3964 6178
509 248 607 299 3-ἰῖ
1396 240 1677 295 ΑΡΡΕΝῘ).
1723 241 1808 294 ΑΟ
1850 241 2008 294 Sil].
2053 241 2137 294 IX.

2287 241 2522 294 lSIDURI
2565 237 2989 296 MERCATURIS
3689 259 3708 301 :t
3723 261 3762 309 as

583 355 710 405 LXI.
741 351 1018 406 Clcricum
1064 367 1165 420 per
1205 352 1494 402 creaturas
1519 348 1809 418 jurantem
1836 364 1867 401 a
1899 347 2138 402 crimine
2161 362 2219 432 Α
2241 364 2369 401 rum
2420 353 2474 400 et
2516 347 2866 402 orationibus
2893 350 2951 401 et
2993 345 3359 402 oblationibus
3399 357 3768 414 commendetur.

510 443 950 515 obiurgandum,
980 441 1024 495 si
1055 441 1371 513 perstiterit
1392 441 1449 495 in
1472 441 1628 509 vitio,
1653 441 2142 495 excommunicau-

512 539 669 592 dum.

579 632 726 684 LXII.
759 628 1036 683 Clericum
1059 627 1208 682 inter
1230 627 1425 699 epulas
1452 630 1776 682 cantantem
1801 625 2141 698 supradictas

509 717 802 772 sententiae
828 715 1121 771 severitate
1149 715 1553 770 coercendum.

577 812 750 866 LXIII.
779 809 1058 867 Clericum
1087 809 1185 880 qui
1209 813 1467 880 tempore
1487 809 1680 863 indicti
1697 808 1906 880 jejunii
1928 809 2140 880 absque

507 903 817 959 incvitabili
853 902 1186 959 necessitate
1227 901 1513 973 jejunium
1559 901 1807 972 rumpit,
1857 901 2143 956 minorem

508 998 853 1053 habendum.
963 1004 965 1006 ’

579 1092 749 1144 LXIV.
778 1088 882 1154 Qui
914 1087 1206 1144 Dominico
1236 1088 1324 1143 die
1351 1088 1597 1145 studiose
1614 1089 1860 1160 jejunat,
1889 1104 2002 1142 non
2021 1103 2141 1143 cre-

505 1185 674 1239 datur
699 1182 1023 1238 catholicus.
2046 1256 2050 1259 _

577 1279 728 1332 LXV.
757 1277 985 1332 Paschas
1012 1277 1340 1332 solemnitas
1376 1292 1490 1330 uno
1523 1276 1634 1348 die,
1677 1281 1734 1330 et
1766 1281 2027 1346 tempore
2057 1292 2144 1331 ce-

507 1371 804 1426 lebranda.

579 1466 750 1521 LXVI.
785 1463 1033 1519 Clericus
1059 1465 1158 1535 qui
1185 1463 1438 1534 episcopi
1463 1463 1612 1519 circa
1637 1481 1696 1518 se
1730 1462 2144 1518 districtionem

505 1559 774 1630 injustam
803 1560 985 1628 putat,
1009 1559 1266 1611 recurrat
1289 1556 1364 1611 ad
1395 1557 1696 1628 synodum.

577 1653 769 1705 LXVII.
820 1650 1227 1705 Seditionarios
1264 1666 1561 1722 nunquam
1608 1650 1950 1706 ordinandos
1980 1649 2141 1705 cleri-

2311 442 2495 494 LXXX.
2529 440 2696 494 Omni
2729 443 2989 509 tempore
3017 439 3224 510 jejunii
3257 457 3446 497 manus
3467 447 3770 514 petentibusn

2239 533 2623 588 sacerdotibus
2649 533 3041 603 imponantur.

2313 627 2525 680 LXXXI.
2573 626 2818 679 Mortuos
2855 625 3104 679 ecclesia:
3147 625 3464 696 poenitentes
3508 629 3707 686 efferant
3738 642 3773 687 el

2241 719 2538 790 sepeliant.

2313 813 2545 867 LXXXII.
2574 810 2877 866 Venientes
2897 811 3065 866 etiam
3097 810 3294 866 diebus
3312 812 3619 868 remissionis
3642 832 3784 887 genua

2243 905 2489 960 ﬂectant.

2312 999 2569 1054 LXXXIII.
2605 999 2892 1069 Pauperes
2926 1003 2983 1052 et
3020 1014 3184 1053 senes
3211 998 3457 1054 Ecclesiae
3482 999 3593 1070 plus
3617 1003 3787 1056 ueteris

2243 1093 2625 1148 honorandos.

2315 1187 2568 1241 LXXXIV.
2616 1188 2686 1242 Ut
2715 1187 3012 1259 episcopus
3050 1186 3272 1240 nullum
3313 1185 3588 1256 prohibeat
3619 1187 3792 1257 ingredi

2243 1279 2564 1349 ecclesiam,
2593 1283 2650 1334 et
2675 1280 2872 1335 audire
2894 1278 3131 1333 verbum
3156 1277 3276 1345 Dei,
3307 1278 3417 1332 sive
3437 1278 3792 1348 gentilem,sivc

2242 1372 2594 1443 haereticum,
2626 1374 2740 1428 sive
2768 1373 3028 1428 Judmum
3052 1387 3233 1443 usque
3259 1371 3326 1426 ad
3353 1371 3570 1426 missam
3593 1371 3795 1426 catechu-

2244 1482 2572 1520 menorum.

2316 1560 2550 1614 LXXXV.
2582 1559 2910 1630 Baptizandi
2940 1574 3152 1613 nomen
3177 1573 3341 1612 suum
3369 1557 3516 1623 dent,
3545 1559 3596 1611 et
3620 1555 3700 1610 diu
3720 1556 3797 1609 sub

2245 1653 2591 1708 abstinentia
2619 1654 2731 1708 vini
2760 1656 2819 1708 et
2843 1652 3124 1720 carnium,
3160 1668 3226 1705 ac
3263 1667 3460 1705 manus
3486 1648 3800 1720 impositione,

507 1762 619 1813 cos,
649 1745 792 1799 sicut
816 1761 922 1799 nec
952 1743 1259 1812 usurarios,
1288 1760 1392 1799 nec
1428 1743 1766 1815 injuriarum
1795 1760 2026 1800 suarum
2055 1744 2140 1797 ul-
2164 1726 2220 1800 Β
2244 1745 2441 1800 crebra
2465 1745 2878 1801 examinatione
2903 1745 3257 1817 baptismum
3283 1742 3600 1814 percipiant.

507 1843 680 1894 tores.

574 1933 793 1987 LXVIII.
823 1933 896 1985 Ex
931 1931 1358 2003 paenitentibus,
1401 1929 1659 2002 quamvis
1695 1929 1765 1984 sit
1799 1930 1982 1985 bonus
2039 1931 2146 1984 cle-

504 2025 653 2081 ricus
681 2041 801 2080 non
831 2023 1147 2080 ordinetur.

577 2120 748 2173 LXIX.
778 2118 843 2172 Si.
858 2134 961 2188 per
987 2116 1370 2187 ignorantiam
1409 2116 1656 2188 episcopi
1693 2115 1906 2170 factum
1949 2116 2143 2186 fuerit,

511 2212 832 2282 deponatur
858 2227 891 2264 a
912 2210 1082 2277 clero,
1114 2209 1247 2280 quia
1267 2225 1324 2265 se
1347 2208 1722 2264 ordinationis
1747 2212 2008 2280 tempore
2028 2225 2144 2264 non

511 2304 761 2375 prodidit
786 2303 958 2357 fuisse
984 2301 1380 2372 poenitentem,
1413 2301 1459 2355 si
1485 2305 1676 2356 autem
1717 2301 1898 2356 sciens
1924 2302 2144 2372 episco-

513 2414 617 2467 pus
637 2395 984 2451 ordinaverit
1009 2396 1208 2465 talem,
1237 2394 1408 2450 etiam
1435 2395 1556 2465 ipse
1592 2395 1663 2449 ab
1703 2394 2030 2465 episcopatu
2060 2396 2148 2450 sui

511 2489 815 2545 ordinandi
829 2489 1109 2544 duntaxat
1120 2490 1397 2559 potestate
1413 2487 1685 2559 privetur.
1717 2488 1897 2543 Simili
1917 2491 2143 2545 senten-

511 2584 604 2638 tite
630 2582 946 2654 subjacebit
967 2581 1286 2654 episcopus,
1317 2581 1365 2636 si
1389 2580 1571 2636 sciens
1598 2581 1947 2637 ordinaverit
1976 2583 2143 2637 cleri-

2317 1839 2573 1894 LXXXVI.
2606 1839 2887 1911 Neophyti
2911 1839 3245 1910 aliquandiu
3283 1842 3341 1892 et
3374 1834 3678 1890 lautioribus
3699 1849 3801 1904 epu-

2245 1933 2313 1986 lis
2338 1937 2396 1988 et
2419 1933 2772 2003 spectaculis,
2797 1933 2882 1988 vel
2910 1932 3251 2004 conjugibus
3273 1930 3594 1985 abstineant.

2317 2026 2597 2080 LXXXVII.
2628 2027 2739 2090 Qui
2782 2042 3026 2080 causam'
3059 2041 3226 2080 suam
3275 2023 3570 2078 catholicus
3609 2019 3706 2074 sive
3735 2019 3804 2089 ju-

2245 2123 2409 2189 stam,
2438 2119 2554 2174 sive
2576 2119 2844 2191 injustam
2868 2119 2940 2174 ad
2953 2118 3236 2190 judicium
3266 2115 3489 2172 alterius
3511 2113 3630 2170 ﬁdei
3647 2111 3808 2184 judicis

2247 2217 2528 2282 provocat,
2557 2212 3106 2268 excommunicctur.

2319 2307 2622 2363 LXXXVIII.
2644 2307 2754 2371 Qui
2771 2306 2859 2361 die
2879 2304 3119 2360 solemni
3140 2302 3517 2375 praetermisso
3529 2298 3807 2356 solemniec-

2245 2400 2429 2454 clesiaa
2442 2405 2724 2455 conventu
2733 2399 2805 2454 ad
2819 2399 3136 2470 spectacula
3150 2398 3324 2466 vadit,
3340 2391 3812 2452 excommunicetur.

2319 2494 2570 2547 LXXXIX.
2610 2492 2874 2564 Auguriis
2904 2493 2987 2547 vel
3031 2489 3506 2546 incantationibus
3541 2485 3814 2542 servientem

2245 2602 2277 2639 a
2311 2589 2592 2642 conventu
2637 2586 2896 2643 Ecclesiae
2941 2585 3360 2657 separandum,
3404 2581 3648 2638 similiter
3676 2581 3720 2632 et
3748 2592 3813 2628 su-

513 2695 640 2732 cum
669 2693 801 2732 eum
828 2675 926 2748 qui
960 2676 1213 2746 viduam,
1243 2680 1342 2730 aut
1374 2674 1734 2744 repudiatam
1778 2692 2020 2730 uxorem
2046 2676 2145 2731 ha-

512 2771 654 2840 buit,
683 2773 783 2824 aut
809 2769 1143 2824 secundam.

584 2864 730 2917 LXX.
755 2863 1007 2918 Clericus
1042 2862 1472 2931 haereticorum,
1510 2866 1608 2916 aut
1651 2861 2146 2919 schismaticorum

2245 2679 2670 2751 perstitionibus
2693 2679 2956 2752 judaicis,
2986 2679 3079 2734 vel
3100 2678 3258 2734 feriis
3284 2677 3658 2733 inherentem.

2317 2773 2416 2828 XC.
2462 2773 2629 2828 Omni
2665 2773 2756 2827 die
2794 2771 3071 2828 exorcista
3098 2769 3502 2843 energumenis
3530 2781 3710 2822 manus
3739 2762 3817 2816 im-

516 2960 630 3010 tam
665 2956 919 3011 convivia
947 2971 1125 3028 quam
1153 2953 1481 3010 sodalitates
1511 2953 1680 3010 evitet
1706 2955 2021 3028 aequaliter.

585 3049 758 3105 LXXI.
786 3049 944 3114 Quod
969 3048 1367 3104 haereticorum
1408 3053 1586 3103 coetus
1619 3065 1735 3104 non
1773 3049 2019 3121 ecclesia,
2050 3050 2147 3107 sed

515 3143 952 3199 conciliabulum
973 3143 1066 3198 sit.

585 3237 783 3292 LXXII.
810 3237 952 3291 Cum
981 3234 1260 3291 haereticis
1287 3252 1388 3292 nec
1424 3236 1726 3308 orandum,
1769 3253 1872 3293 nec
1902 3239 2145 3309 psallen-

517 3333 675 3386 dum.
779 3384 786 3390 .

591 3426 802 3479 LXXIII.
861 3423 970 3488 Qui
1021 3422 1522 3478 communicaverit
1576 3425 1663 3478 vel
1710 3424 1958 3479 oraverit
2014 3440 2146 3479 cum

520 3517 1031 3588 excommunicato,
1059 3517 1175 3572 sive
1204 3515 1442 3571 clericus
1467 3516 1581 3573 sive
1607 3516 1801 3588 laicus,
1825 3533 2149 3573 excommu-

518 3613 760 3668 nicetur.

591 3707 802 3762 LXXIV.
832 3707 902 3761 Ut
931 3703 1194 3761 sacerdos
1228 3703 1623 3776 paenitentiam
1661 3705 1994 3777 imploranti
2021 3705 2148 3760 abs-

517 3817 628 3874 que
673 3816 930 3872 personas
974 3799 1300 3871 acceptione
1354 3798 1703 3870 poenitentia:
1750 3799 1905 3872 leges
1953 3799 2146 3871 injun-

517 3899 636 3967 gat.

588 3989 779 4044 LXXV.
821 3989 892 4044 Ut
935 3985 1376 4059 negligentiores
1405 3986 1745 4057 poenitentes
1790 3986 2010 4042 tardius
2055 4002 2147 4040 re-

517 4082 912 4138 concilientur.

588 4176 806 4229 LXXVI.
839 4176 890 4227 Is
917 4172 1013 4243 qui
1041 4172 1432 4243 poenitentiam
1466 4171 1525 4226 in
1552 4171 1888 4228 inﬁrmitate
1915 4172 2076 4244 petit,
2104 4172 2151 4228 si

517 4284 650 4324 casu
671 4268 807 4322 dum
837 4266 910 4321 ad
933 4282 1063 4320 eum
1092 4265 1349 4321 sacerdos
1374 4265 1648 4320 invitatus
1665 4266 1821 4322 venit
1848 4283 2152 4338 oppressus

518 4360 844 4416 inﬁrmitate
874 4358 1245 4427 obmutuerit,
1265 4360 1351 4414 vel
1381 4359 1439 4414 in
1468 4360 1802 4430 ph‘renesim
1819 4377 2011 4415 versus
2026 4361 2147 4416 fue-

2167 3092 2222 3167 C

2247 2869 2444 2938 ponaL

2319 2961 2448 3016 XCI.
2487 2959 2816 3015 Pavimenta
2856 2960 3160 3016 domorum
3205 2959 3311 3014 Dei
3351 2952 3698 3029 energumeni
3728 2965 3820 3004 ver-

2249 3060 2400 3111 rant.

2319 3149 2466 3204 XCII.
2507 3147 2920 3218 Energumenis
2956 3149 3014 3202 in
3053 3147 3222 3203 domo
3266 3145 3368 3201 Dei
3404 3140 3747 3200 assidentibus
3774 3136 3824 3188 vi-

2247 3247 2371 3298 ctus
2398 3241 2764 3312 quotidianus
2789 3257 2890 3313 per
2921 3241 3225 3296 exorcistas
3270 3243 3585 3311 opportuno
3622 3241 3824 3300 tempore

2248 3335 2623 3392 ministretur.

2318 3429 2494 3485 XCIII.
2525 3427 2853 3484 Oblationes
2884 3426 3279 3482 dissidentium
3318 3428 3576 3493 fratrum,
3606 3433 3765 3491 neque
3785 3415 3826 3467 in

2247 3523 2517 3591 sacrario,
2540 3538 2728 3594 neque
2758 3521 2816 3576 in
2843 3521 3246 3592 gazophylacio
3278 3521 3639 3592 recipiantur.

2320 3616 2490 3673 XCIV.
2521 3615 2734 3670 Horum
2767 3614 2864 3686 qui
2892 3631 3172 3685 pauperes
3197 3615 3540 3685 opprimunt
3563 3611 3697 3665 dona
3717 3621 3745 3659 a
3765 3617 3829 3656 sa-

2249 3709 2574 3764 cerdotibus
2595 3708 2920 3763 refutanda.

2322 3804 2468 3858 XCV.
2498 3802 2606 3867 Qui
2637 3801 2957 3856 oblationes
2983 3800 3411 3870 defunctorum,
3442 3803 3538 3854 aut
3563 3797 3754 3868 negant
3772 3805 3835 3844 ec-

2250 3896 2457 3964 clesiis,
2486 3900 2583 3950 aut
2605 3911 2736 3950 cum
2761 3893 3095 3950 difﬁcultate
3127 3895 3384 3951 reddunt
3411 3899 3671 3966 tanquam
3698 3899 3833 3958 egen-

2251 3987 2396 4042 tium
2427 3993 2717 4044 necatores
2743 3987 3332 4044 excommunicentur.

2323 4083 2498 4139 XCVI.
2531 4081 2916 4146 Quaerendum
2943 4081 3001 4136 in
3028 4080 3264 4153 judicio,
3299 4082 3464 4153 cujus
3499 4080 3568 4135 sit
3591 4087 3837 4133 conserva-

2252 4174 2420 4230 tionis
2447 4178 2505 4230 et
2522 4173 2655 4229 ﬁdei
2677 4174 2724 4228 is
2751 4175 2848 4247 qui
2874 4178 3117 4243 accusat,
3152 4179 3206 4229 et
3230 4173 3279 4229 is
3304 4175 3404 4247 qui
3431 4176 3727 4228 accusatur.

2321 4269 2516 4325 XCVII.
2545 4268 2650 4334 Qui
2681 4268 2959 4340 religiosis
2980 4267 3206 4324 feminis
3236 4265 3656 4340 prazponendus
3688 4262 3760 4318 est
3788 4253 3842 4310 ab

2253 4361 2520 4434 episcopo
2547 4361 2655 4418 loci
2685 4362 2975 4433 probetur.

516 4454 608 4524 rit,
633 4455 769 4510 dent
784 4453 1174 4510 testimonium
1193 4453 1289 4525 qui
1320 4470 1451 4508 eum
1479 4453 1806 4522 audierunt,
1839 4454 2222 4532 etaccipiatD
2316 4457 2535 4512 XCVIII.
2575 4454 2778 4512 Laicus
2811 4455 3184 4527 praesentibus
3217 4455 3443 4512 clericis
3483 4452 3587 4511 nisi
3620 4447 3741 4523 ipsis
3769 4459 3839 4499 r0-

516 4548 934 4621 paanitentiam,
968 4553 1026 4603 et
1049 4547 1097 4602 si
1122 4547 1394 4603 continuo
1425 4547 1678 4602 creditur
1695 4547 2027 4618 moriturus,
2054 4565 2143 4603 re-

514 4642 847 4700 concilietur
882 4658 984 4714 per
1016 4658 1219 4697 manus
1251 4641 1697 4713 impositionem,
1731 4647 1786 4697 et
1815 4641 2150 4696 infundatur

517 4738 601 4792 ori
634 4737 756 4808 ejus
795 4733 1167 4806 Eucharistia,
1212 4736 1255 4790 si
1308 4735 1678 4807 supervixerit
1710 4735 2084 4791 admoneatur
2116 4752 2148 4790 a

516 4830 850 4903 supradictis
899 4829 1139 4884 testibus
1185 4829 1447 4900 petitioni
1498 4846 1613 4885 suae
1667 4829 2037 4898 satisfactum,
2092 4834 2147 4886 et

515 4925 789 4980 subdatur
827 4923 1048 4978 statutis
1083 4923 1433 4994 poenitentia:
1464 4923 1703 4995 legibus,
1745 4923 2017 4995 quoniam
2050 4924 2146 4978 diu

515 5017 778 5073 sacerdos
799 5017 897 5089 qui
924 5033 1027 5087 per
1052 5017 1444 5086 penitentiam
1477 5017 1651 5084 dedit,
1684 5016 2030 5086 probaverit.

586 5112 829 5168 LXXVII.
857 5109 1202 5166 Pmnitentes
1232 5110 1329 5182 qui
1368 5109 1425 5164 in
1461 5109 1789 5165 inﬁrmitate
1820 5115 1951 5166 sunt
1987 5109 2145 5166 viati-

515 5222 645 5264 cum
674 5203 970 5276 accipiant.

585 5300 840 5356 LXXVIII.
890 5296 1230 5352 Poenitentes
1271 5295 1370 5368 qui
1409 5297 1468 5352 in
1513 5295 1840 5353 inﬁrmitate
1881 5296 2146 5353 viaticum

514 5393 879 5452 Eucharistim
898 5389 1225 5462 acceperint
1248 5407 1362 5446 non
1383 5407 1442 5446 se
1461 5390 1690 5446 credant
1715 5390 2003 5446 absolutos
2023 5391 2145 5446 sine

514 5506 717 5544 manus
743 5476 1101 5558 impositione
1127 5484 1173 5539 si
1203 5483 1632 5556 supervixerint.

582 5583 792 5637 LXXIX.
834 5580 1178 5636 Poenitentes
1208 5577 1307 5651 qui
1351 5581 1565 5633 attente
1600 5580 1757 5650 leges
1789 5577 2145 5651 poenitentiae

513 5681 920 5747 exsequuntur,
947 5675 996 5729 si
1027 5689 1164 5729 casu
1192 5672 1252 5727 in
1296 5671 1500 5729 itinere
1539 5672 1625 5729 vel
1660 5673 1719 5728 in
1752 5672 1898 5727 mari
1930 5673 2146 5728 mortui

511 5767 741 5838 fuerint,
771 5768 867 5823 ubi
897 5768 976 5823 eis
1007 5766 1298 5824 subveniri
1340 5784 1455 5822 non
1496 5767 1689 5839 possit,
1731 5767 2009 5823 memoria
2049 5784 2142 5824 eo-

2249 4550 2513 4622 gantibus
2545 4549 2751 4605 docere
2776 4566 2893 4605 non
2923 4550 3144 4606 audeat.

2318 4645 2486 4699 XCIX.
2523 4643 2738 4712 Mulier,
2786 4643 3042 4715 quamvis
3085 4643 3254 4698 docta
3288 4647 3347 4699 et
3395 4645 3589 4699 sancta
3635 4637 3764 4692 viros
3798 4629 3842 4683 in

2249 4741 2535 4793 conventu
2553 4737 2757 4793 docere
2782 4754 2898 4792 non
2930 4742 3258 4810 praesumat.

2317 4832 2377 4887 C.
2411 4831 2613 4886 Mulier
2640 4831 2922 4902 baptizare
2949 4848 3064 4886 non
3093 4835 3435 4903 praesumat.

2319 4926 2404 4980 CI.
2455 4925 2522 4979 Ut
2573 4924 2758 4979 viduae
2787 4924 3172 4980 adolescentes
3214 4941 3348 4997 qua:
3409 4937 3644 4995 corpore
3672 4911 3845 4973 debiles

2248 5022 2399 5085 sunt,
2416 5021 2647 5089 sumptu
2662 5017 2910 5072 ecclesia:
2922 5017 3084 5089 cujus
3095 5018 3280 5073 vidua:
3299 5021 3458 5090 sunt,
3475 5014 3846 5072 sustentantur.

2317 5112 2425 5168 CII.
2467 5112 2548 5166 Ad
2590 5116 2808 5166 reatum
2848 5111 3100 5184 episcopi
3129 5111 3410 5183 pertinet,
3449 5111 3537 5167 vel
3574 5096 3848 5181 presbyteri

2246 5204 2342 5278 qui
2370 5204 2657 5277 parochias
2684 5209 2911 5276 praeest,
2946 5205 2990 5261 si
3021 5206 3415 5262 sustentanda:
3436 5205 3568 5260 vita:
3593 5191 3851 5274 prementis

2247 5315 2412 5355 causa
2436 5299 2912 5355 adolescentiores
2949 5299 3155 5368 viduas,
3185 5300 3270 5354 vel
3298 5294 3748 5355 sanctimoniales
3773 5284 3851 5341 ali-

2245 5409 2493 5465 quorum
2518 5391 2995 5448 familiaritatibus
3022 5393 3421 5465 subjiciantur.

2315 5488 2439 5542 CIII.
2483 5486 2676 5542 Viduas
2717 5502 2844 5559 quae
2875 5487 3160 5558 stipendio
3196 5487 3456 5544 ecclesia:
3495 5479 3853 5542 sustentantur

2243 5584 2365 5636 tam
2388 5580 2610 5637 assidue
2645 5581 2704 5635 in
2733 5579 2832 5636 Dei
2862 5595 3032 5652 opere
3062 5597 3182 5638 esse
3216 5581 3453 5650 debent,
3493 5584 3557 5637 ut
3583 5583 3639 5636 et
3665 5567 3854 5632 meritis

2245 5679 2301 5730 et
2325 5674 2670 5731 orationibus
2696 5675 2810 5732 suis
2833 5675 3141 5732 Ecclesiam
3168 5675 3463 5749 adjuvent.

2317 5770 2444 5824 CIV.
2477 5769 2627 5825 Sicut
2651 5769 2868 5826 bonum
2893 5771 3166 5825 castitatis
3200 5769 3532 5843 praemium,
3567 5769 3639 5823 ita
3674 5770 3726 5820 et
3749 5775 3854 5816 ma-
