3964 6178
212 288 295 340 349
1414 277 1882 333 ΗΕΟΒΕΪΑΙΛυΜ
1923 277 2306 331 (ιυωλελςτιο.
3416 285 3518 332 ςιδυ

204 393 296 461 jori
320 387 645 443 observantia
663 390 720 439 et
739 385 1116 456 praeceptione
1138 385 1570 439 custodiendum
1602 383 1782 448 esf,ut
1803 399 1861 470 Α
1885 384 2011 438 terii
2043 385 2405 453 notabuntur,
2446 386 2488 439 si
2535 386 2887 440 devotionem
2931 402 3100 456 quam
3156 387 3267 438 Deo
3319 391 3520 456 sponte

207 487 243 538 si
265 499 371 554 qua
398 479 584 548 vidua,
613 478 1037 549 quantumlibet
1055 478 1239 532 adhuc
1266 478 1329 532 in
1353 479 1668 532 minoribus
1689 496 1783 532 an-
1886 478 2218 532 obtulerunt
2262 477 2558 532 libidinosa
2590 479 2953 550 cori-nperint
2997 479 3302 549 voluptate,
3349 483 3518 550 atque

209 577 275 630 nis
295 575 468 646 posita
493 576 545 626 et
562 577 791 626 matura
820 574 986 625 atate
1014 589 1047 624 a
1074 571 1192 624 viro
1213 571 1442 638 relicta,
1463 589 1520 624 se
1545 571 1783 626 devove-
1887 570 1960 624 ad
2007 571 2280 624 secundas
2309 571 2537 641 nuptias
2584 572 2884 625 transitum
2929 571 3186 639 fecerint,
3219 588 3344 642 qua
3390 578 3445 626 et
3475 573 3521 625 si

205 674 313 722 runt
337 666 578 729 Domino,
597 670 654 718 et
679 669 831 718 veste
865 663 1044 716 laicali
1073 663 1290 733 abjecta
1325 664 1428 717 sub
1463 664 1786 718 testimonio
1885 663 2154 717 violentia
2175 663 2426 718 irruente
2457 665 2526 717 ab
2548 664 2740 734 aliquo
2767 669 3064 735 praerepta
3085 665 3315 731 fuerint,
3338 682 3403 719 ac
3424 683 3519 736 po-

203 759 412 832 episcopi
456 763 511 812 et
549 757 796 812 ecclesia
837 756 1102 827 religioso
1147 757 1356 810 habitu
1389 757 1784 828 apparuerint,
1886 762 2005 810 stea
2033 756 2412 810 delectatione
2452 757 2702 810 libidinis
2735 774 3071 827 permanere
3100 758 3156 811 in
3187 757 3515 830 conjugium

203 859 363 924 postea
385 868 508 906 vero
536 851 606 904 ad
636 849 864 920 nuptias
885 850 1188 904 saculares
1207 849 1787 915 transierunt,secun-
1885 850 2098 920 raptori
2129 851 2211 903 vel
2244 850 2488 904 violento
2530 849 2650 904 viro
2697 851 3112 916 consenserint,
3144 851 3516 906 damnatione

201 947 310 1000 dum
326 944 646 1014 Apostolum
669 943 1093 997 damnationem
1110 942 1707 1013 habebunt,quoniam
1726 943 1785 996 Η·
1885 943 2145 1011 superius
2169 943 2584 1012 comprehensa
2616 946 2916 996 teneantur
2945 943 3235 1008 obnoxia;
3283 945 3352 998 de
3388 945 3512 1000 tali-

201 1039 307 1092 dem
323 1036 580 1091 castitatis
599 1052 772 1106 quam
791 1034 1032 1089 Domino
1051 1039 1333 1089 voverunt
1357 1034 1576 1089 irritam
1594 1035 1782 1089 facere
1884 1034 1988 1088 bus
2014 1035 2092 1088 ait
2120 1036 2436 1104 Apostolus,
2461 1051 2591 1089 cum
2611 1035 2908 1090 luxuriata
2939 1036 3168 1103 fuerint,
3185 1037 3398 1092 nubere
3418 1055 3514 1091 vo-

199 1146 319 1184 ausa
340 1134 487 1194 sunt;
521 1129 660 1182 tales
701 1144 838 1198 ergo
871 1144 1127 1198 persona
1167 1128 1289 1181 sine
1331 1127 1783 1182 Christianorum
1882 1127 2009 1180 lunt
2034 1127 2304 1182 habentes
2327 1128 2786 1195 damnationem,
2810 1128 2941 1199 quia
2966 1129 3209 1199 primam
3238 1130 3411 1185 Iidem
3438 1131 3512 1184 ir-

199 1221 559 1276 communione
600 1224 890 1289 maneant,
922 1237 1050 1291 qua
1078 1221 1248 1274 etiam
1295 1237 1397 1274 nec
1441 1220 1500 1273 in
1530 1220 1784 1274 convivio
1884 1219 2050 1274 ritam
2076 1220 2351 1275 fecerunt.
2374 1221 2630 1275 Aurelius
2657 1222 2953 1292 episcopus
2981 1222 3244 1276 Ecclesia
3275 1224 3513 1278 Cartha-

199 1332 303 1369 cum
319 1314 623 1368 Christianis
643 1315 1098 1382 communicent;
1130 1330 1261 1367 nam
1283 1313 1330 1366 si
1353 1313 1627 1367 adultera
1647 1331 1784 1367 con-
1885 1313 2136 1382 ginensis
2165 1313 2501 1384 subscripsi;
2549 1315 2899 1368 Donatianus
2925 1316 3276 1387 Taleprensis
3317 1317 3516 1387 prima!

193 1409 328 1478 juges
355 1411 507 1462 reatu
536 1412 670 1462 sunt
693 1406 824 1461 viris
867 1407 984 1462 suis
1028 1407 1308 1474 obnoxia,
1348 1410 1560 1478 quanto
1600 1407 1786 1478 magis
1885 1406 2029 1460 sedis
2057 1406 2389 1478 subscripsi;
2421 1409 2768 1478 Augustinus
2796 1409 3054 1480 Hippone
3077 1410 3361 1481 Regiensi,
3384 1411 3518 1464 sub-

199 1501 342 1556 vidua
361 1517 482 1572 qua
501 1501 938 1571 religiositatem
963 1503 1352 1568 mutaverunt,
1370 1499 1608 1554 crimine
1631 1501 1785 1554 adul-
1883 1499 2112 1568 scripsi;
2142 1499 2400 1554 similiter
2431 1517 2628 1554 omnes
2659 1501 2907 1572 episcopi
2938 1502 3409 1574 subscripserunt.

694 1762 1093 1829 INCIPIUNT
1137 1763 1532 1828 CAPITULA
1576 1762 1908 1828 CONCILII
1954 1761 2224 1840 QUINTI
2268 1763 2979 1828 CARTHAGINENSIS.

255 1915 292 1964 1.
319 1911 385 1967 De
408 1911 624 1966 clericis
653 1911 724 1966 ad
751 1909 1138 1965 testimonium
1167 1928 1281 1966 non
1327 1911 1637 1982 pulsandis.
1805 1923 1861 1994 B
1886 1910 2135 1982 episcopi
2166 1910 2262 1964 diu
2293 1911 2596 1978 retineant,
2621 1911 2715 1964 sed
2747 1910 2897 1966 infra
2923 1927 3139 1966 annum
3169 1913 3514 1972 sacerdotem

249 2008 292 2058 2.
317 2006 383 2058 De
403 2005 620 2059 clericis
645 2021 748 2074 pro
778 2005 1019 2059 crimine
1047 2021 1148 2059 suo
1167 2005 1466 2070 damnatis,
1493 2008 1558 2058 ut
1583 2021 1617 2059 a
1638 2020 1780 2074 quo-
1883 2003 2239 2074 provideant.

196 2096 302 2150 libet
328 2114 430 2151 non
454 2098 846 2152 defensentur.
1832 2152 1841 2159 ,
1952 2099 2006 2150 9.
2035 2097 2110 2150 De
2157 2095 2451 2150 defensore
2504 2095 2870 2151 ecclesiarum
2931 2114 2963 2150 a
3010 2096 3268 2170 principe
3319 2105 3512 2171 postu-

249 2192 290 2243 3.
315 2192 382 2244 De
411 2189 795 2245 sacerdotibus
829 2194 885 2244 et
932 2191 1134 2257 levitis,
1186 2196 1245 2245 ut
1292 2191 1362 2245 ab
1411 2190 1683 2245 uxoribus
1726 2206 1786 2244 se
1885 2188 2074 2244 laudo.

193 2283 492 2337 contineant.
1957 2285 2042 2336 10.
2078 2282 2148 2336 Ut
2176 2282 2427 2354 episcopi
2457 2283 2529 2338 ad
2559 2283 2714 2337 diem
2741 2284 2966 2338 concilii
2989 2291 3311 2342 occurrant.

247 2376 290 2430 4.
318 2378 384 2430 De
414 2377 586 2431 rebus
634 2377 883 2431 ecclesia
927 2376 1048 2431 sine
1088 2376 1318 2431 consilio
1364 2377 1785 2448 metropolitani
1960 2379 2044 2430 11.
2075 2376 2143 2430 Ut
2167 2375 2340 2447 lapsis
2375 2375 2780 2442 sacerdotibus,
2816 2393 3019 2432 manus
3048 2379 3189 2433 sicut
3215 2379 3373 2436 laicis
3400 2398 3516 2437 non

193 2468 403 2539 episcopi
437 2486 558 2524 non
597 2468 930 2524 alienandis.
1883 2467 2236 2539 imponatur.

247 2564 289 2614 5.
317 2563 379 2616 Ut
402 2563 590 2616 nullus
616 2562 913 2633 episcopus
944 2562 1136 2618 relicta
1171 2562 1436 2618 cathedra
1472 2563 1531 2616 in
1560 2562 1786 2618 diacesi
1961 2563 2044 2614 i2.
2074 2562 2151 2615 De
2182 2559 2398 2616 clericis
2425 2563 2930 2619 excommunicatis
2959 2566 3208 2634 quandiu
3255 2567 3335 2622 eis
3361 2585 3513 2625 asse-

194 2653 415 2708 resideat.
1885 2669 2009 2708 rere
2040 2654 2204 2708 liceat
2229 2654 2617 2709 innocentiam
2649 2673 2832 2710 suam.

245 2749 287 2799 6.
318 2748 388 2802 De
417 2747 501 2801 his
537 2747 636 2818 qui
664 2749 819 2802 nullo
847 2749 1175 2804 testimonio
1198 2767 1256 2804 se
1275 2748 1590 2820 baptizatos
1611 2765 1783 2803 nove-
1962 2749 2043 2802 l3.
2074 2747 2146 2800 De
2175 2746 2387 2802 clericis
2417 2748 2505 2801 vel
2533 2749 2833 2804 monachis
2864 2752 2932 2806 ab
2964 2752 3072 2806 alio
3116 2753 3381 2826 episcopo
3423 2773 3513 2810 or-

192 2845 298 2893 runt
321 2845 381 2894 ut
405 2841 790 2911 baptizentur,
822 2842 1082 2896 similiter
1128 2843 1199 2896 de
1243 2843 1665 2898 consecratione
1696 2860 1782 2898 ec-
1887 2840 2120 2897 dinatis.

190 2932 445 2988 clesiarum
472 2934 806 2988 faciendum
836 2941 940 2990 est.
1962 2937 2046 2990 14.
2076 2937 2154 2990 De
2185 2933 2430 2990 basilicis
2457 2951 2584 3006 qua
2616 2935 2737 2990 sine
2770 2942 3088 3010 martyrum
3116 2939 3373 3013 reliquiis
3417 2942 3515 2996 de-

243 3029 286 3077 7.
311 3026 378 3080 De
404 3030 662 3098 tempore
693 3027 960 3098 paschali,
989 3044 1087 3083 seu
1114 3029 1356 3084 concilii.
1888 3029 2090 3084 dicata
2125 3033 2274 3082 sunt.

246 3120 290 3172 8.
331 3120 405 3174 De
450 3121 923 3176 intercessoribus
983 3138 1053 3174 ne
1105 3123 1431 3178 cathedram
1491 3122 1788 3179 morientis
1960 3126 2043 3176 15.
2077 3123 2150 3176 De
2176 3121 2508 3176 idololatriis
2534 3122 2909 3178 destruendis.

386 3425 516 3499 84
581 3403 994 3498 INCIPIT
1064 3403 1681 3498 CONCILIUM
1751 3401 2269 3516 QUINTUM
2340 3402 3290 3498 CARTHAGINENSE

800 3570 1120 3636 Habitum
1148 3572 1230 3636 ab
1270 3573 1583 3655 episcopis
1611 3571 2028 3654 septuaginta
2056 3578 2340 3650 quatuor
2368 3588 2503 3632 ara
2533 3588 2880 3632 cnxxxvm.

245 3742 356 3797 Post
395 3744 762 3799 consulatum
809 3745 1022 3816 placuit
1066 3749 1128 3800 ut
1188 3746 1278 3802 die
1320 3751 1473 3801 sexta
1515 3745 1794 3801 Kalendas
1813 3759 1869 3834 Ο
1895 3744 2206 3799 secundum
2233 3744 2466 3816 propria
2493 3746 2704 3798 statuta
2738 3743 2908 3798 etiam
2936 3744 3005 3798 ab
3035 3745 3310 3802 uxoribus
3341 3749 3523 3804 conti-

186 3834 313 3888 Junii
353 3837 721 3908 Carthagine,
777 3839 832 3893 in
874 3840 1177 3895 secretario
1225 3839 1472 3895 basilica
1517 3839 1792 3896 restituta
1892 3854 2051 3904 nere,
2083 3837 2236 3908 quod
2267 3837 2375 3891 nisi
2401 3837 2660 3901 fecerint,
2691 3837 2762 3890 ab
2793 3837 3170 3892 ecclesiastico
3202 3855 3524 3895 removean-

188 3927 355 3983 subtus
379 3932 600 3987 inserta
624 3936 1024 4002 statuerentur,
1058 3950 1190 3988 cum
1215 3934 1472 3990 Aurelius
1499 3932 1795 4005 episcopus
1893 3936 1987 3986 tur
2016 3931 2221 3984 ofﬁcio.
2252 3931 2496 3985 Caeteros
2527 3933 2716 3984 autem
2749 3929 2979 3985 clericos
3008 3932 3076 3985 ad
3108 3931 3213 3986 hoc
3237 3949 3350 3987 non
3377 3935 3527 4005 cogi,

190 4036 283 4076 una
304 4039 427 4078 cum
447 4024 736 4097 episcopis
761 4025 874 4080 suis
899 4027 1244 4082 consedisset
1270 4027 1581 4082 astantibus
1602 4026 1791 4081 diaco-
1894 4024 1995 4078 sed
2023 4024 2338 4078 secundum
2382 4023 2548 4078 unius
2579 4023 2854 4095 cujusque
2883 4024 3130 4079 ecclesia
3161 4027 3524 4082 consuetudi-

190 4114 348 4182 nibus,
377 4119 691 4173 constituta
721 4125 854 4174 sunt
880 4119 1003 4175 hac
1023 4137 1151 4192 qua
1179 4120 1235 4174 in
1263 4125 1532 4193 sequente
1561 4120 1794 4176 concilio
1896 4133 2030 4174 nem
2061 4117 2351 4172 observari
2373 4117 2603 4172 debere.

192 4205 396 4264 deﬁnita
420 4215 578 4266 sunt.
1967 4213 2052 4266 IV.
2085 4210 2301 4266 Placuit
2325 4210 2519 4277 etiam,
2554 4214 2617 4264 ut
2639 4226 2761 4265 rem
2791 4209 3044 4266 ecclesia
3090 4227 3259 4268 nemo
3288 4213 3526 4278 vendat;

246 4301 358 4357 CAP.
385 4305 425 4358 Ι.
455 4307 518 4359 In
542 4303 827 4376 principio
853 4307 1215 4362 statuendum
1233 4309 1333 4377 est,
1364 4310 1426 4361 ut
1449 4308 1547 4379 qui
1574 4307 1715 4362 forte
1739 4306 1796 4362 in
1897 4304 2047 4376 quod
2101 4304 2146 4358 si
2197 4304 2390 4375 aliqua
2420 4303 2724 4358 necessitas
2752 4303 2924 4374 cogit,
2953 4304 3098 4359 hanc
3125 4305 3526 4362 insinuandam

193 4393 1101 4470 ecclesiaquamlibetcausamjure
1117 4401 1424 4472 apostolico
1439 4400 1798 4456 ecclesiisim-
1897 4414 2014 4453 esse
2045 4397 2275 4470 primati
2301 4396 2628 4468 provincia,
2663 4400 2724 4450 ut
2749 4414 2877 4451 cum
2907 4401 3116 4453 statuto
3142 4415 3382 4455 numero
3415 4401 3533 4472 epi-

195 4487 349 4554 posito
373 4507 545 4562 agere
571 4491 817 4546 voluerit
843 4497 900 4547 et
923 4494 1160 4548 fortasse
1188 4494 1437 4549 discissio
1462 4494 1794 4549 clericorum
1898 4507 2219 4561 scoporum,
2252 4493 2446 4544 utrum
2469 4490 2797 4544 faciendum
2825 4490 2897 4544 sit
2920 4491 3255 4560 arbitretur;
3284 4494 3440 4564 quod
3481 4496 3528 4548 si

194 4580 275 4632 uni
303 4585 447 4654 parti
478 4583 850 4656 displicuerit,
889 4603 1006 4640 non
1050 4587 1213 4640 liceat
1256 4588 1521 4642 clericum
1553 4587 1612 4642 in
1636 4586 1794 4658 judi-
1896 4586 2054 4639 tanta
2080 4587 2250 4654 urget
2273 4583 2579 4638 necessitas
2611 4582 2879 4652 ecclesia,
2908 4589 2969 4638 ut
3013 4601 3126 4638 non
3171 4585 3349 4655 possit
3397 4592 3529 4642 ante

193 4670 320 4728 cium
347 4677 415 4730 ad
443 4677 836 4732 testimonium
865 4678 1122 4733 devocari
1144 4681 1409 4752 eum,qui
1430 4681 1694 4752 cognitor
1711 4681 1796 4734 vel
1897 4677 2210 4746 consulere,
2251 4675 2450 4731 saltem
2483 4678 2612 4746 post
2643 4675 2857 4730 factum
2903 4677 3288 4732 curiositatem
3325 4679 3530 4736 habeat

197 4780 417 4831 praesens
444 4771 577 4840 fuit,
603 4776 658 4826 et
683 4771 841 4826 nulla
862 4772 932 4827 ad
959 4773 1349 4828 testimonium
1375 4774 1680 4829 dicendum
1704 4789 1795 4828 ec-
1898 4773 1956 4826 et
1978 4770 2176 4824 vicinis
2203 4769 2480 4840 episcopis
2521 4769 2632 4823 hoc
2668 4772 2801 4823 ante
2843 4769 3111 4838 indicare,
3144 4775 3199 4826 et
3227 4772 3300 4826 ad
3340 4775 3528 4829 conci-

195 4857 462 4918 clesiastici
493 4864 796 4935 cujuslibet
823 4847 1070 4936 persona
1094 4867 1368 4937 pulsetur.
1897 4864 2041 4918 lium
2071 4863 2282 4918 referre
2319 4878 2415 4917 eas
2445 4861 2692 4916 ecclesia
2725 4863 3112 4932 necessitates;
3159 4865 3314 4938 quod
3342 4867 3388 4920 si
3413 4885 3526 4922 non

256 4954 311 5007 ll.
344 4957 408 5010 Et
454 4956 598 5011 illud
627 4959 1010 5028 statuendum,
1038 4965 1102 5015 ut
1131 4959 1174 5014 si
1204 4960 1328 5031 quis
1357 4959 1658 5030 cujuslibet
1693 4960 1796 5014 ho-
1898 4955 2116 5026 fecerit,
2146 4973 2276 5011 reus
2295 4955 2512 5010 concilii
2536 4954 2796 5010 venditor
2819 4960 3098 5012 teneatur.

198 5047 331 5100 noris
366 5049 604 5104 clericus
627 5050 844 5120 judicio
895 5052 1288 5124 episcoporum
1314 5069 1655 5125 quocunque
1687 5053 1797 5106 cri-
1971 5051 2033 5104 V.
2061 5050 2277 5105 Placuit
2302 5055 2364 5105 ut
2391 5048 2605 5104 nemini
2640 5049 2713 5102 sit
2741 5049 2975 5105 facultas
3011 5052 3206 5110 relicta
3235 5057 3530 5136 principali

200 5136 331 5194 mine
354 5140 526 5196 fuerit
553 5142 875 5212 damnatus,
906 5161 1024 5200 non
1052 5145 1218 5200 liceat
1235 5162 1364 5201 eum
1386 5146 1500 5200 sive
1528 5146 1597 5200 ab
1624 5147 1798 5201 eccle-
1819 5142 1880 5214 D
1902 5143 2193 5213 cathedra,
2225 5143 2296 5197 ad
2323 5143 2569 5214 aliquam
2588 5142 2886 5197 ecclesiam
2915 5143 2973 5197 in
3004 5143 3229 5204 diacesi
3254 5156 3526 5211 constitu-

199 5228 279 5284 siis
299 5234 501 5304 quibus
531 5236 779 5307 prafuit,
812 5237 924 5292 sive
955 5255 988 5292 a
1025 5238 1278 5310 quolibet
1326 5239 1556 5294 homine
1604 5239 1798 5294 defen-
1901 5241 2018 5291 tam
2064 5253 2122 5292 se
2164 5237 2442 5306 conferre,
2489 5236 2574 5291 vel
2619 5235 2677 5290 in
2724 5251 2784 5292 re
2830 5238 3060 5310 propria
3113 5241 3322 5300 diutius
3359 5265 3529 5319 quam

203 5324 314 5391 sari,
332 5326 666 5400 interposita
686 5347 850 5402 poena
869 5332 1062 5386 damni
1079 5333 1336 5404 pecunia
1358 5337 1526 5404 atque
1548 5333 1799 5403 honoris,
1901 5333 2123 5402 oportet
2141 5327 2511 5385 constitutum
2526 5346 2723 5385 curam
2742 5331 2828 5385 vel
2853 5331 3368 5403 frequentationem
3392 5359 3526 5412 pro-

201 5431 296 5484 qno
321 5435 418 5475 nec
450 5426 694 5490 atatem,
721 5439 826 5478 nec
864 5442 1064 5480 sexum
1090 5426 1480 5481 excusandum
1506 5443 1628 5482 esse
1659 5443 1800 5498 pra-
1900 5423 2042 5496 pria
2069 5423 2352 5479 cathedra
2380 5423 2689 5495 negligere.

203 5509 442 5579 cipimus.
1977 5519 2060 5573 VI.
2097 5517 2310 5572 Placuit
2329 5517 2399 5573 de
2422 5517 2754 5586 infantibus,
2778 5519 2996 5589 quoties
3023 5536 3136 5574 non
3162 5520 3531 5586 inveniuntur

263 5603 342 5660 Ill.
388 5608 711 5679 Propterea,
763 5627 891 5666 cum
938 5612 1008 5666 de
1052 5613 1428 5684 quorumdam
1471 5613 1804 5668 clericorum
1905 5610 2199 5666 certissimi
2230 5613 2405 5666 testes
2433 5611 2531 5684 qui
2561 5627 2655 5667 eos
2679 5611 2990 5682 baptizatos
3017 5628 3135 5666 esse
3162 5613 3284 5668 sine
3313 5617 3530 5678 dubita-

205 5699 437 5764 quamvis
482 5718 616 5773 erga
641 5721 841 5760 uxores
878 5705 1132 5777 proprias
1179 5707 1592 5762 incontinentia
1629 5705 1803 5761 refer-
1903 5705 2060 5760 tione
2089 5707 2389 5773 testentur,
2423 5722 2610 5776 neque
2638 5704 2745 5775 ipsi
2777 5708 2906 5758 sunt
2934 5720 3038 5774 per
3063 5709 3290 5764 atatem
3339 5713 3531 5774 idonei

206 5794 361 5858 retur,
395 5793 599 5863 placuit
633 5797 925 5870 episcopos
951 5802 1007 5852 et
1041 5800 1396 5871 presbyteros
1448 5805 1505 5856 et
1545 5801 1809 5856 diaconos
1908 5799 1976 5854 de
2006 5799 2225 5854 traditis
2255 5798 2356 5854 sibi
2389 5797 2763 5854 sacramentis
2805 5797 3148 5870 respondere
3174 5801 3386 5877 absque
3415 5810 3532 5869 uno
