3964 6178
458 222 550 277 351
983 205 996 211 ’
1359 223 1642 281 ΑρΡΕΝυ.
1687 228 1773 280 AD
1814 227 1976 282 sec.
2021 225 2108 280 1x.
2135 257 2200 265 —
2240 225 2482 283 lSIDORl
2523 228 2941 284 MERCATORIS
3659 239 3739 293 352

459 331 722 400 scrupulo
753 348 847 383 eos
875 347 992 385 esse
1023 332 1410 402 baptizandos,
1445 350 1517 387 ne
1544 335 1646 387 ista
1672 333 1975 404 trepidatio
1997 350 2092 388 eos
2114 356 2170 428 Α
2192 334 2338 389 libus
2355 336 2510 390 laicis
2536 336 2880 407 imponatur,
2898 351 3084 406 neque
3101 352 3348 408 unquam
3365 339 3746 408 permittendum

459 425 623 477 faciat
651 429 1138 479 sacramentorum
1165 427 1503 497 purgatione
1525 428 1755 498 privari,
1787 427 1914 481 huic
1937 428 2090 480 enim
2115 425 2170 428 "
2195 434 2256 483 ut
2281 429 2608 501 rebaptizati
2639 429 2708 483 ad
2732 429 3027 484 clericatus
3053 430 3290 501 gradum
3313 438 3720 502 promoveantur.

457 517 633 587 legati
670 518 993 572 Maurorum
1026 519 1233 573 fratres
1273 520 1454 574 nostri
1494 521 1926 587 consuluerunt,
1960 522 2093 590 quia
2263 523 2368 576 XII.
2412 524 2623 577 Rursus
2661 523 3035 576 constitutum
3079 526 3182 592 est,
3230 528 3290 576 ut
3334 524 3536 595 quoties
3576 526 3751 582 clericis

460 612 671 664 multos
715 611 860 664 tales
901 629 935 665 a
975 612 1234 667 barbaris
1279 613 1595 683 redimunt;
1646 614 1905 668 similiter
1937 617 1993 667 et
2023 614 2092 668 de
2193 615 2476 682 convictis,
2508 619 2565 669 et
2593 614 2866 670 confessis
2891 615 2952 669 in
2981 615 3167 686 aliquo
3190 616 3443 681 crimine,
3468 617 3544 671 vel
3566 624 3754 690 propter

458 704 704 758 ecclesiis
753 704 992 775 (quoties
1029 722 1202 776 super
1233 722 1428 760 earum
1466 707 1888 761 consecratione
1922 707 2089 760 haesi-
2195 725 2392 763 eorum
2422 725 2668 779 quorum
2690 708 3049 763 verecundiae
3072 708 3336 779 parcitur,
3363 711 3443 764 vel
3469 713 3754 781 propterEc-

455 797 626 867 tatur)
654 797 940 867 agendum
968 803 1071 866 est,
1105 798 1163 852 id
1192 805 1276 854 est
1308 804 1374 854 ut
1418 799 1536 854 sine
1571 801 1687 853 ulla
1712 799 2092 870 trepidatione
2193 802 2380 856 clesiae
2419 802 2817 872 opprobrium,
2866 805 2964 855 aut
3008 801 3343 856 insolentem
3391 803 3756 859 insultationem

458 895 881 946 consecrentur.
2194 894 2587 949 haereticorum
2627 901 2797 966 atque
2845 895 3166 966 gentilium,
3213 894 3258 948 si
3303 895 3441 950 forte
3472 911 3632 951 causa:
3667 914 3758 952 suae

529 985 640 1039 Vll.
680 984 895 1040 Placuit
919 987 986 1040 ut
1029 985 1147 1040 dies
1172 986 1514 1040 venerabilis
1557 987 1780 1041 Paschae
1823 987 2091 1041 formata-
2193 988 2386 1043 adesse
2408 987 2708 1056 voluerint,
2723 991 2780 1042 et
2799 967 3181 1042 innocentiam
3204 1003 3358 1041 suam
3377 1004 3620 1056 asserere,
3639 988 3760 1044 intra

458 1094 588 1133 rum
608 1077 1018 1148 subscriptione
1042 1079 1307 1132 omnibus
1333 1078 1644 1146 intimatur,
1671 1079 1788 1133 dies
1808 1095 1942 1132 vero
1963 1095 2095 1133 con-
2197 1098 2408 1135 annum
2435 1080 3042 1136 excommunicationis
3069 1081 3177 1134 hoc
3196 1080 3418 1147 faciant,
3448 1080 3489 1134 si
3515 1097 3627 1135 vero
3642 1081 3760 1135 intra

460 1171 572 1225 cilii
599 1170 900 1226 undecimo
925 1171 1206 1225 Kalendas
1231 1171 1567 1226 Novembris
1593 1175 1865 1238 servetur,
1890 1176 1945 1226 et
1966 1171 2096 1226 scri-
2192 1191 2407 1229 annum
2433 1191 2664 1228 causam
2693 1190 2856 1229 suam
2887 1189 3136 1246 purgare
3164 1173 3608 1244 contempserint,
3637 1174 3761 1227 nulla

460 1265 714 1320 hendum
730 1264 798 1318 ad
815 1263 1173 1335 singularum
1187 1280 1658 1336 quarumcunque
1675 1264 2094 1335 provinciarum
2195 1284 2391 1323 eorum
2416 1272 2616 1338 postea
2642 1267 2870 1339 penitus
2899 1266 3181 1322 audiatur.

462 1359 752 1429 primates,
787 1361 850 1411 ut
873 1358 1104 1429 quando
1135 1357 1290 1428 apud
1317 1375 1374 1412 se
1401 1358 1703 1413 concilium
1744 1361 2098 1430 congregant
2265 1363 2394 1416 XIII.
2425 1363 2564 1416 Item
2595 1360 2826 1432 placuit,
2858 1364 2923 1415 ut
2949 1361 2996 1415 si
3021 1359 3147 1432 quis
3185 1361 3254 1415 de
3281 1359 3499 1414 alterius
3522 1364 3761 1414 monaste-

465 1452 637 1506 istum
661 1451 814 1506 diem
840 1468 954 1506 non
985 1451 1325 1522 impediant.
2196 1454 2281 1509 rio
2314 1459 2606 1526 repertum
2632 1455 2718 1508 vel
2742 1454 2814 1508 ad
2844 1453 3176 1508 clericatum
3203 1469 3527 1526 promovere
3549 1453 3762 1518 voluerit,

542 1546 670 1600 VIll.
717 1546 856 1599 Item
902 1545 1271 1598 constitutum
1317 1547 1423 1613 est,
1454 1548 1520 1599 ut
1559 1544 1700 1599 nulli
1741 1544 2098 1599 intercessori
2198 1549 2284 1601 vel
2311 1548 2368 1601 in
2397 1565 2498 1602 suo
2544 1547 2893 1602 monasterio
2922 1547 3206 1618 majorem
3251 1545 3564 1602 monasterii
3604 1544 3766 1600 consti-

464 1636 684 1692 licitum
715 1637 786 1692 sit
815 1637 1144 1692 cathedram
1176 1638 1266 1692 cui
1295 1638 1637 1692 intercessor
1663 1639 1829 1692 datus
1861 1642 1944 1692 est
1968 1637 2095 1708 qui-
2196 1645 2380 1708 tuere,
2412 1641 2709 1710 episcopus
2735 1639 2833 1711 qui
2860 1641 2971 1694 hoc
2999 1639 3218 1710 fecerit,
3246 1657 3279 1694 a
3314 1644 3624 1695 caeterorum
3645 1653 3764 1692 com-

466 1732 712 1786 buslibet
739 1731 1086 1802 populorum
1105 1731 1304 1786 studiis
1323 1733 1410 1786 vel
1433 1730 1801 1786 seditionibus
1827 1730 2095 1800 retinere,
2118 1725 2174 1797 B
2200 1734 2473 1789 munione
2501 1733 2808 1804 sejunctas,
2836 1750 2953 1787 suae
2983 1736 3210 1788 tantum
3232 1733 3408 1805 plebis
3426 1729 3768 1786 communione

468 1825 570 1878 sed
599 1825 736 1879 dare
763 1841 995 1895 operam
1022 1827 1089 1879 ut
1116 1825 1268 1879 intra
1299 1841 1516 1878 annum
1533 1823 1749 1879 eisdem
1771 1823 2100 1895 episcOpum
2201 1832 2502 1882 contentus
2521 1827 2610 1895 sit,
2631 1830 2688 1881 et
2703 1826 2796 1882 ille
2813 1842 2999 1899 neque
3016 1827 3276 1894 clericus,
3296 1843 3473 1898 neque
3486 1823 3768 1898 praepositus

468 1917 778 1988 provideat,
809 1917 960 1989 quod
988 1917 1033 1972 si
1061 1917 1381 1988 neglexerit
1409 1935 1558 1972 anno
1597 1919 1880 1988 exempto,
1924 1917 2098 1972 inter-
2203 1925 2544 1993 perseveret.

465 2015 670 2066 ventor
694 2011 837 2066 alius
866 2011 1168 2065 tribuatur.
2273 2014 2403 2068 XIV.
2430 2016 2569 2068 Item
2599 2013 2807 2084 placuit
2835 2018 2899 2068 ut
2924 2013 3124 2068 altaria
3153 2030 3280 2085 quae
3299 2009 3501 2084 passim
3526 2027 3619 2082 per
3639 2025 3770 2080 agros

540 2105 621 2159 lX.
650 2106 732 2159 Ab
762 2105 1204 2174 imperatoribus
1234 2103 1512 2157 universis
1556 2101 1738 2158 visum
1782 2108 1866 2158 est
1903 2105 2100 2174 postu-
2202 2111 2300 2161 aut
2325 2106 2440 2160 vias
2470 2112 2740 2178 tanquam
2762 2107 3053 2161 memoriae
3073 2111 3392 2178 martyrum
3414 2104 3772 2160 constituuntur

469 2198 702 2251 landum
717 2202 951 2266 propter
964 2196 1332 2250 afllictionem
1351 2212 1693 2267 pauperum,
1713 2212 1962 2267 quorum
1983 2213 2102 2250 mo-
2205 2199 2262 2254 in
2293 2200 2497 2272 quibus
2513 2201 2735 2254 nullum
2757 2217 2960 2271 corpus
2982 2205 3080 2255 aut
3091 2200 3349 2271 reliquiae
3365 2204 3655 2269 martyrum
3671 2211 3774 2249 con-

471 2290 642 2343 lestiis
673 2289 792 2344 sine
823 2289 1243 2343 intermissione
1287 2289 1560 2359 fatigatur
1609 2289 1873 2356 Ecclesia,
1908 2294 1967 2344 ut
2006 2290 2100 2344 de-
2205 2295 2338 2348 ditze
2372 2294 2702 2364 probantur,
2734 2295 2804 2348 ab
2837 2293 3113 2366 episcopis
3142 2293 3244 2364 qui
3273 2293 3478 2347 eisdem
3503 2290 3625 2344 locis
3658 2304 3770 2360 pra-

471 2383 719 2437 fensores
745 2383 824 2438 eis
849 2383 1115 2436 adversus
1141 2382 1424 2453 potentias
1461 2381 1702 2437 divitum
1728 2399 1860 2437 cum
1886 2382 2102 2454 episco-
2207 2391 2359 2457 sunt,
2401 2385 2446 2440 si
2472 2385 2598 2440 ﬁeri
2641 2390 2844 2458 potest,
2881 2390 3231 2441 evertantur.
3265 2386 3320 2440 Si
3349 2389 3532 2438 autem
3554 2384 3649 2438 hoc
3671 2397 3771 2452 pro-

475 2492 680 2546 porum
705 2476 1027 2548 provisione
1054 2477 1408 2546 delegantur.
2206 2487 2333 2552 pter
2358 2481 2636 2534 tumultus
2666 2480 2972 2550 populares
2997 2496 3111 2534 non
3155 2479 3381 2547 sinitur,
3418 2476 3597 2549 plebes
3621 2480 3772 2529 tamen

543 2569 604 2624 X.
640 2572 777 2625 Item
801 2569 1033 2642 placuit,
1061 2575 1126 2625 ut
1151 2570 1604 2641 quotiescunque
1633 2569 2100 2641 congregandum
2207 2571 2640 2640 admoneantur,
2671 2590 2745 2626 ne
2771 2573 2866 2626 illa
2890 2574 3011 2627 loca
3039 2573 3422 2644 frequentent,
3469 2575 3527 2624 ut
3551 2568 3635 2640 qui
3657 2570 3774 2621 recte

472 2667 557 2719 est
577 2664 898 2733 concilium,
924 2663 1169 2735 episcopi
1196 2665 1294 2735 qui
1324 2681 1510 2735 neque
1530 2666 1713 2730 aetate,
1738 2680 1922 2735 neque
1945 2661 2107 2732 aegri-
2206 2665 2434 2737 sapiunt
2475 2667 2630 2720 nulla
2668 2666 2750 2719 ibi
2780 2665 3180 2736 superstitione
3227 2654 3468 2719 devincti
3503 2661 3773 2716 teneantur.

474 2758 694 2824 tudine,
722 2773 908 2828 neque
935 2757 1045 2810 alia
1085 2756 1328 2828 graviori
1360 2757 1690 2812 necessitate
1719 2756 2108 2827 impediuntur
2208 2760 2274 2813 Et
2317 2758 2553 2812 omnino
2598 2758 2755 2812 nulla
2797 2757 3074 2812 memoria
3108 2761 3423 2829 martyrum
3465 2751 3776 2826 probabiliter

474 2853 862 2922 competenter
890 2854 1209 2916 occurrant,
1238 2849 1689 2921 primatibusque
1723 2865 1954 2903 suarum
1984 2865 2109 2919 pro-
2207 2857 2550 2923 acceptetur,
2571 2850 2680 2905 nisi
2701 2851 2800 2906 ubi
2819 2867 3046 2922 corpus,
3067 2853 3164 2905 aut
3183 2851 3388 2923 aliquae
3408 2852 3550 2904 certe
3570 2841 3776 2915 reliquias

475 2943 790 2999 vinciarum
820 2941 1137 3009 intimetur,
1187 2946 1249 2996 ut
1302 2943 1370 2997 de
1410 2941 1689 2996 universis
1721 2940 1994 3013 episcopis
2022 2943 2106 2996 vel
2209 2949 2360 3012 sunt,
2387 2950 2486 2999 aut
2503 2945 2662 3015 origo
2683 2945 2922 3015 alicujus
2954 2944 3319 2998 habitationis
3346 2944 3430 2997 vel
3455 2935 3776 3013 possessionis,

476 3039 606 3093 duas
637 3037 722 3092 vel
745 3040 857 3092 tres
883 3036 1024 3091 ﬁant
1050 3040 1276 3106 turmae,
1299 3053 1362 3090 ac
1379 3036 1448 3090 de
1465 3035 1701 3107 singulis
1719 3034 1924 3089 turmis
1949 3034 2108 3088 vicis—
2133 3091 2179 3110 Α
2207 3039 2292 3092 vel
2320 3038 2592 3110 passionis
2619 3036 2950 3092 fidelissima
2990 3037 3215 3108 origine
3253 3037 3505 3091 traditur.
3535 3035 3660 3088 Nam
3679 3043 3777 3099 qua!

686 3091 689 3092 ν
815 3091 819 3092 ,
1265 3091 1276 3106 ,
1555 3091 1590 3107 υ
2257 3091 2265 3092 ,
2320 3091 2388 3110 Γ
2484 3091 2487 3092 ν
2672 3091 2717 3092 κν
3079 3091 3112 3108 υ
3197 3091 3205 3092 ,
3692 3091 3708 3099 ,

478 3133 584 3186 sim
612 3135 892 3203 quotquot
921 3130 1078 3184 electi
1122 3129 1335 3184 fuerint
1359 3129 1430 3184 ad
1457 3125 1611 3184 diem
1637 3127 1856 3182 concilii
1888 3128 2106 3182 instan-
2128 3091 2183 3164 Ο
2207 3148 2313 3202 per
2342 3131 2581 3200 somnia,
2614 3135 2670 3186 et
2694 3147 2799 3201 per
2843 3130 3040 3185 inanes
3089 3131 3252 3201 quasi
3287 3129 3638 3186 revelationes
3663 3138 3776 3194 quo-

477 3225 693 3280 tissime
725 3227 1054 3293 occurrant;
1087 3223 1242 3294 quod
1263 3223 1305 3276 si
1330 3239 1447 3278 non
1474 3221 1761 3294 potuerint
1787 3237 2106 3288 occurrere,
2213 3225 2480 3279 rumlibet
2497 3224 2796 3278 hominum
2813 3223 3022 3295 ubique
3041 3225 3461 3278 constituuntur
3476 3218 3669 3286 altaria,
3683 3229 3776 3270 om-

478 3319 868 3374 excusationes
900 3335 1026 3370 suas
1064 3317 1125 3370 in
1172 3315 1495 3371 tractatoria
1542 3314 1917 3382 subscribant,
1950 3315 2037 3368 vel
2062 3315 2107 3368 si
2211 3317 2439 3373 nimodo
2469 3317 2868 3388 reprobentur.

478 3416 605 3484 post
629 3413 934 3467 adventum
981 3410 1323 3466 tractatoriae
1367 3409 1578 3480 aliquae
1628 3408 1986 3463 necessitates
2021 3423 2106 3462 re-
2282 3413 2388 3466 XV.
2423 3413 2564 3465 Item
2589 3410 2802 3482 placuit
2830 3410 2901 3464 ab
2928 3409 3374 3482 imperatoribus
3422 3399 3782 3479 gloriosissimis

480 3509 648 3577 pente
679 3505 914 3559 forsitan
945 3510 1082 3558 ortae
1126 3503 1362 3572 fuerint,
1409 3502 1516 3556 nisi
1554 3503 1830 3557 rationem
1867 3501 2107 3573 impedi-
2211 3505 2348 3577 peti,
2390 3507 2453 3558 ut
2489 3503 2746 3575 reliquiae
2795 3521 2914 3558 non
2957 3505 3144 3558 solum
3185 3504 3246 3558 in
3293 3500 3605 3566 simulacris,
3633 3494 3715 3550 sed
3739 3492 3781 3546 in

481 3599 660 3653 menti
689 3598 775 3652 sui
806 3598 954 3669 apud
981 3613 1151 3651 suum
1177 3596 1482 3668 primatem
1511 3593 1883 3665 reddiderint,
1918 3594 1989 3648 ab
2011 3597 2107 3650 Ec-
2211 3597 2644 3670 quibuscunque
2672 3597 2810 3652 locis
2853 3597 2942 3652 vel
2987 3597 3147 3665 lucis,
3193 3598 3279 3652 vel
3324 3593 3604 3650 arboribus
3631 3584 3782 3644 omni-

481 3693 667 3747 clesiaa
697 3691 1101 3746 communione
1130 3690 1340 3745 debere
1369 3705 1488 3744 esse
1516 3692 1898 3760 contemptos.
2211 3692 2380 3747 modo
2401 3692 2721 3746 deleantur.
2740 3691 2997 3747 Aurelius
3017 3691 3316 3763 episcopus
3331 3686 3574 3743 Ecclesiae
3589 3680 3783 3739 Cartha-

552 3787 637 3841 Xl.
671 3788 813 3842 Item
841 3785 1238 3840 conﬁrmatum
1256 3788 1360 3853 est,
1377 3787 1446 3838 ut
1470 3783 1514 3836 si
1533 3783 1762 3854 quando
1776 3782 2110 3854 presbyteri,
2215 3785 2363 3856 ginis
2393 3801 2566 3856 supra
2591 3785 3014 3856 comprehensis
3050 3785 3110 3839 in
3136 3787 3333 3839 nostro
3359 3779 3582 3837 concilio
3607 3771 3784 3830 statutis

480 3880 569 3935 vel
593 3879 814 3936 diaconi
858 3879 919 3933 in
963 3879 1075 3933 alia
1120 3877 1368 3950 graviori
1406 3877 1568 3948 culpa
1606 3876 1849 3931 convicti
1880 3875 2111 3942 fuerint,
2214 3877 2548 3948 subscripsi;
2578 3877 2837 3933 similiter
2861 3877 3227 3949 septuaginta
3271 3877 3381 3932 duo
3419 3869 3649 3946 episc0pi
3681 3863 3783 3919 sub-

481 3989 654 4046 quam
682 3989 776 4026 eos
802 3988 836 4024 a
864 3971 1178 4025 ministerio
1203 3987 1431 4025 necesse
1475 3969 1646 4023 fuerit
1669 3969 1971 4035 removeri,
2000 3984 2115 4022 non
2216 3969 2582 4040 scripserunt.

481 4067 564 4122 eis
588 4082 794 4120 manus
819 4069 1088 4135 tanquam
1113 4063 1540 4134 paenitentibus,
1563 4061 1652 4115 vel
1668 4064 1946 4132 tanquam
1974 4061 2111 4115 iide-

1661 4251 3778 4280 Μ

1073 4436 1474 4503 INCIPIUNT
1517 4436 1909 4504 CAPITULA
1953 4438 2284 4505 CONCILII
2332 4440 2556 4507 SEXTI
2601 4441 3288 4508 CARTHAGINENSIS

559 4630 608 4679 1.
642 4624 917 4679 Allocutio
945 4611 1156 4678 Aurelii
1184 4621 1433 4694 episcopi
1463 4623 1639 4676 sancti
1677 4623 1750 4677 ad
1780 4623 2081 4694 synodum.
2140 4640 2200 4712 D
2293 4627 2344 4678 9.
2375 4624 2474 4678 Ubi
2506 4625 2806 4680 Faustinus
2843 4625 3138 4697 episcopus
3181 4641 3286 4696 pro
3318 4593 3790 4679 dubietateil‘ecitt‘ti

555 4721 610 4773 2.
657 4717 972 4788 Responsio
1019 4716 1269 4771 Faustini
1321 4715 1572 4787 episcopi
1629 4717 1802 4787 legati
1847 4718 2122 4772 Romana
2221 4717 2454 4788 capituli
2480 4718 2736 4774 Romano
2766 4735 2932 4790 papa:
2961 4718 3107 4790 petit
3145 4716 3524 4773 scribendum.

487 4810 750 4867 Ecclesiae
767 4811 836 4864 de
856 4811 944 4865 his
971 4827 1098 4882 quae
1125 4810 1186 4864 in
1211 4809 1461 4865 Ecclesia
1488 4811 1698 4882 partim
1725 4827 1965 4878 canone,
1995 4828 2122 4883 par—
2297 4814 2382 4865 10.
2416 4811 2517 4866 Ubi
2545 4812 2797 4883 synodus
2823 4811 3171 4883 exemplaria
3196 4810 3407 4866 Nicwni
3425 4801 3626 4863 concilii
3647 4790 3790 4864 magis

487 4905 590 4959 tim
622 4903 1028 4960 consuetudine
1056 4909 1185 4959 sunt
1209 4903 1450 4960 ﬁrmata.
2222 4903 2292 4958 ab
2319 4904 2685 4959 orientalibus
2712 4905 3088 4976 competenda
3116 4905 3381 4960 decrevit.

558 5002 613 5055 3.
644 4999 724 5052 De
753 4997 1188 5052 commonitorio
1213 4998 1455 5053 Romani
1479 5014 1646 5070 papae
1673 4998 1923 5052 recitato.
2300 5001 2383 5052 11.
2409 4998 2686 5054 Professio
2707 4997 2847 5053 ﬁdei
2871 4998 3083 5053 Nicaani
3110 4998 3356 5054 concilii.

557 5095 612 5148 4.
645 5091 854 5163 Alippii
889 5091 1136 5163 episcopi
1162 5090 1455 5162 responsio
1482 5107 1588 5162 pro
1617 5089 1762 5146 veris
1789 5089 2126 5162 exemplari-
2300 5093 2384 5146 12.
2415 5092 2768 5164 Rescriptum
2793 5092 3039 5164 episcopi
3066 5094 3281 5161 Romae,
3312 5082 3661 5146 Alexandriae,
3683 5075 3792 5172 C02:

488 5186 596 5242 bus
622 5185 831 5241 Nicani
863 5184 1082 5238 concilii
1115 5184 1529 5255 perquirendis.
2227 5185 2730 5257 stantinopolitani,
2772 5200 2901 5241 cum
2929 5187 3348 5258 exemplaribus
3391 5177 3588 5238 Niceni
3618 5165 3792 5228 concilii

561 5285 615 5336 5.
645 5277 746 5335 Ubi
767 5277 1070 5333 Faustinus
1081 5293 1170 5348 ep.
1187 5278 1348 5344 dixit,
1363 5281 1428 5332 ut
1439 5279 1694 5332 Romano
1705 5294 1866 5350 papas
1879 5278 2127 5348 synodus
2225 5279 2506 5334 Africanae
2525 5279 2742 5351 synodo
2764 5279 3103 5336 constitutis.
3728 5348 3769 5361 Η

490 5391 594 5445 pro
624 5371 962 5444 inquirenda
999 5369 1242 5425 Nicaanae
1289 5370 1496 5442 synodi
1524 5371 1762 5426 veritate
1790 5371 2123 5426 innotescat.
2302 5375 2388 5426 13.
2416 5372 2633 5444 Scripta
2663 5373 2915 5428 Africani
2954 5373 3199 5445 episcopi
3225 5372 3298 5428 ad
3324 5365 3649 5426 Bonifacium
3670 5353 3793 5412 urbis

561 5471 614 5520 6.
642 5471 696 5521 7.
729 5466 809 5520 De
840 5463 1122 5518 sententia
1169 5463 1515 5518 Sardicensis
1563 5463 1786 5519 concilii
1827 5463 2064 5519 recitata
2094 5479 2128 5516 ει
2228 5465 2428 5520 Romae
2453 5466 2805 5538 episcopum.
3727 5535 3767 5544 η

491 5559 818 5634 postulante
848 5559 1063 5613 Novato
1096 5557 1384 5630 episcopo.
2305 5559 2390 5612 14.
2419 5537 2928 5631 ScriptaiAfricani
2953 5561 3177 5617 concilii
3209 5561 3278 5616 ad
3303 5554 3644 5618 Celestinum
3671 5537 3792 5598 urbis

565 5654 617 5708 8.
649 5652 753 5706 Ubi
776 5651 1126 5724 Augustinus
1152 5651 1446 5724 episcopus
1460 5667 1591 5706 cum
1607 5651 1823 5722 synodo
1838 5649 2129 5706 Nicenum
2230 5653 2424 5708 Roma
2455 5652 2801 5726 episcopum.

493 5742 797 5801 concilium
823 5761 1044 5800 servare
1072 5745 1376 5817 promittit.
