3964 6178
153 334 235 384 353
1324 321 1797 380 DECRETALIUM
1835 324 2218 378 CULLECTIO.

3358 325 3461 388 325i

370 528 489 601 84
538 503 958 596 INCIPIT
1026 503 1644 600 CONCILIUM
1716 505 2665 602 CARTHAGINENSE
2734 512 3193 606 SEXTUM

735 663 995 727 Gestum
1024 666 1108 729 ab
1137 668 1452 749 episcopis
1485 666 1774 730 ducentis
1803 667 2020 730 decem
2051 674 2111 728 et
2137 675 2401 749 septem,
2434 686 2570 730 ara
2596 687 2818 732 anvn.

200 820 250 873 In
272 818 367 872 hoc
390 816 626 872 concilio
649 821 838 871 actum
879 822 964 874 est
1006 822 1069 872 ut
1097 819 1389 873 Nicanum
1418 820 1721 875 concilium
1744 820 1957 904 Aactis
1997 835 2180 890 nuper
2205 820 2615 891 allegaverunt,
2650 824 2707 875 et
2737 825 2943 876 caetera
2987 837 3113 894 qua
3160 826 3285 878 acta
3326 828 3460 879 sunt

145 913 201 967 ab
238 912 492 983 episcopis
521 910 882 965 orientalibus
911 914 1219 982 peteretur,
1249 913 1339 967 cui
1379 915 1597 985 synodo
1639 916 1727 969 in-

143 1005 301 1061 terfuit
326 1005 528 1075 legatio
554 1004 819 1060 Ecclesia
848 1006 1140 1075 Romana,
1173 1006 1474 1062 Faustinus
1513 1009 1726 1080 episco-

142 1115 242 1170 pus,
269 1098 546 1169 Philippus
583 1101 641 1151 et
664 1100 885 1152 Asellus
927 1098 1266 1170 presbyteri.
1297 1101 1429 1155 Post
1470 1104 1726 1157 consula-

140 1200 239 1247 tum
266 1190 784 1262 gloriosissimorum
812 1192 1222 1263 imperatorum
1250 1194 1483 1248 Honorii
1511 1195 1726 1251 duode-

141 1286 259 1353 cimi,
286 1289 337 1339 et
358 1284 653 1339 Theodosii
682 1289 948 1340 octavum
977 1289 1381 1357 Augustorum,
1411 1305 1506 1343 VIII
1531 1290 1730 1345 Kalen-

140 1380 215 1434 das
237 1378 391 1445 Junii,
419 1379 628 1450 scripta
656 1379 775 1433 hac
802 1384 934 1433 sunt
961 1380 1302 1452 Carthagine
1336 1381 1393 1435 in
1425 1383 1726 1438 secretario

139 1472 339 1527 basilica
370 1473 578 1541 Fausti,
609 1489 738 1527 cum
768 1472 1030 1527 Aurelius
1052 1489 1198 1545 papa
1230 1491 1342 1529 una
1367 1492 1497 1529 cum
1522 1476 1725 1530 Valen-

141 1566 234 1619 tino
271 1566 465 1637 prima
505 1565 653 1621 sedis
699 1566 1000 1633 Numidia,
1052 1569 1109 1620 et
1156 1568 1422 1623 Faustino
1468 1569 1726 1624 Ecclesia

138 1658 403 1713 Potentina
422 1659 629 1730 prima
647 1659 797 1714 sedis
811 1660 1113 1731 provincia
1134 1662 1302 1715 Italia
1323 1662 1518 1717 Piceni
1536 1663 1727 1734 legato

137 1750 350 1806 Ecclesia
392 1750 684 1820 Romana,
717 1754 816 1807 sed
860 1759 917 1808 et
959 1754 1164 1824 legatis
1206 1754 1558 1810 diversarum
1588 1772 1723 1827 pro—

137 1845 402 1901 vinciarum
455 1846 875 1915 Africanarum,
908 1847 965 1901 id
1009 1850 1114 1914 est,
1146 1847 1541 1904 Numidiarum
1584 1851 1723 1905 dua-

135 1954 251 2005 rum,
280 1939 620 2007 Bizancena,
648 1940 999 1996 Mauritania
1037 1941 1333 2010 Sitifensis,
1363 1949 1420 1997 et
1460 1943 1722 1999 Maurita-

136 2030 219 2085 nia
242 2032 614 2101 Casariensis,
644 2034 743 2087 sed
772 2037 829 2087 et
865 2033 1125 2104 Tripolis,
1158 2038 1214 2088 et
1250 2034 1545 2090 Vincentio
1573 2036 1722 2091 Culi-

132 2124 297 2194 sitano,
326 2126 753 2193 Fortunatiano,
782 2132 839 2181 et
865 2127 1084 2181 cateris
1110 2129 1384 2200 episcopis
1421 2130 1723 2201 provincia

128 2221 536 2289 proconsularis,
580 2220 838 2274 ducentis
892 2221 1092 2276 decem
1137 2225 1196 2275 et
1235 2229 1475 2293 septem,
1502 2201 1800 2278 necnonB

128 2311 345 2384 Philippo
387 2320 445 2368 et
493 2314 677 2368 Asello
730 2314 1074 2385 presbyteris
1124 2315 1390 2371 Romana
1439 2317 1720 2384 Ecclesia,

130 2420 231 2459 cum
251 2407 596 2462 consedisset
620 2407 935 2462 astantibus
962 2408 1293 2464 diaconibus
1315 2411 1578 2466 Aurelius
1608 2411 1725 2482 epi-

128 2514 296 2570 scopus
319 2500 484 2556 dixit.

175 2594 281 2649 CAP.
311 2595 348 2648 l.
375 2596 518 2650 Post
552 2594 707 2649 diem
750 2595 1123 2666 prastitutam
1158 2596 1403 2665 concilii,
1436 2603 1501 2652 ut
1530 2614 1720 2653 recor-

126 2685 321 2756 damini,
347 2688 563 2743 fratres
589 2688 922 2759 beatissimi,
952 2691 1134 2745 multa
1161 2690 1415 2761 flagitata
1447 2695 1579 2745 sunt
1621 2708 1726 2763 per

127 2784 469 2851 exspectantes
497 2782 702 2836 fratres
726 2786 947 2837 nostros
972 2783 1070 2855 qui
1101 2800 1254 2838 nunc
1279 2784 1351 2838 ad
1381 2789 1724 2855 prasentem

125 2875 367 2943 synodum
394 2875 578 2946 legati
606 2876 958 2931 advenerunt
1000 2893 1129 2948 qua
1161 2878 1331 2949 gestis
1372 2894 1601 2933 necesse
1641 2883 1727 2932 est

126 2969 501 3024 consocientur.
535 2971 655 3033 Qua
700 2970 770 3024 de
819 2987 880 3025 re
922 2971 1163 3026 Domino
1207 2976 1398 3026 nostro
1438 2973 1507 3026 de
1552 2976 1723 3026 tanta

124 3063 558 3134 congregationis
587 3067 735 3118 coetu
764 3064 979 3134 gratias
1027 3065 1351 3135 referimus,
1379 3071 1636 3137 superest
1665 3071 1726 3121 ut

123 3158 217 3208 tam
244 3158 593 3229 exemplaria
622 3158 831 3212 Nicani
856 3158 1077 3211 concilii
1097 3175 1224 3229 qua
1252 3176 1403 3213 nunc
1428 3159 1722 3229 habemus,

121 3254 165 3301 et
185 3265 213 3302 a
237 3251 495 3305 Patribus
528 3252 831 3305 constituta
856 3257 1007 3318 sunt,
1039 3268 1210 3323 quam
1240 3252 1409 3306 etiam
1437 3253 1528 3306 hic
1560 3269 1593 3306 a
1622 3254 1721 3307 de-

121 3344 400 3398 cessoribus
435 3344 653 3399 nostris
684 3344 951 3399 eamdem
980 3345 1278 3399 firmantes
1309 3347 1610 3416 synodum,
1640 3346 1723 3401 vel

121 3450 221 3504 qua
247 3439 571 3492 secundum
600 3454 725 3491 eam
756 3438 1005 3492 formam
1036 3455 1139 3510 per
1164 3455 1365 3493 omnes
1393 3440 1725 3494 clericorum

120 3529 296 3597 gradus
320 3549 353 3585 a
377 3547 613 3586 summo
645 3547 822 3603 usque
855 3532 913 3586 in
942 3532 1212 3588 ultimum
1241 3533 1546 3588 salubriter
1569 3533 1721 3588 ordi-
1744 3573 1799 3647 Ο
1823 3532 1987 3586 verit.

120 3629 219 3647 ..ιιι-
249 3632 367 3647 ---ᾏΑ
398 3627 451 3647 Σ-
490 3624 742 3647 μ-.12---.Α
779 3626 1142 3647 ...Α-Ι.¹-..Α..ι--..
1200 3627 1255 3647 aL
1290 3628 1547 3647 _l__:__-_.x_
1594 3645 1681 3647 ,ξφ
1894 3626 1959 3647 ‘I‘T

118 3629 225 3676 nata
246 3632 372 3679 sunt
396 3627 459 3680 in
489 3624 748 3679 medium
778 3626 1163 3696 proferantur,
1192 3627 1262 3680 ab
1290 3628 1555 3681 universo
1586 3645 1720 3682 con-

118 3714 223 3771 cilio
248 3719 459 3773 dictum
493 3724 603 3787 est,
626 3720 1003 3790 proferantur,
1029 3720 1221 3776 Daniel
1247 3722 1501 3776 notarius
1530 3722 1726 3776 recita-

1829 914 1916 967 vel
1937 930 2066 984 qua
2096 915 2323 985 agenda
2350 918 2503 981 sunt,
2526 914 2959 986 subsequantur.
2986 916 3176 971 Daniel
3200 918 3461 972 notarius

1829 1007 2091 1061 recitavit
2136 1007 2640 1061 commonitorium
2710 1009 2872 1062 fratri
2928 1009 3189 1064 Faustino
3234 1014 3291 1065 et
3328 1012 3462 1066 filiis

1826 1100 2088 1172 Philippo
2119 1106 2175 1155 et
2198 1101 2382 1156 Asello
2412 1101 2778 1172 presbyteris.
2822 1102 3082 1157 Zosimus
3120 1103 3414 1174 episcopus
3444 1122 3456 1158 :

1827 1194 1999 1248 Vobis
2047 1193 2354 1248 commissa
2401 1195 2641 1265 negotia
2705 1211 2824 1249 non
2874 1196 3068 1262 latent,
3124 1212 3223 1250 vos
3272 1197 3353 1251 ita
3401 1202 3463 1252 ut

1829 1293 2044 1355 nostra,
2076 1287 2192 1341 imo
2222 1288 2359 1358 quia
2389 1293 2578 1342 nostra
2606 1288 2681 1342 ibi
2721 1288 2782 1342 in
2816 1289 2971 1343 vobis
3017 1289 3317 1360 prasentia
3355 1296 3458 1357 est,

1827 1385 2030 1435 cuncta
2059 1382 2334 1452 peragite,
2358 1381 2606 1436 maxime
2628 1399 2759 1437 cum
2789 1388 2846 1437 et
2870 1382 2978 1437 hoc
3006 1389 3267 1438 nostrum
3288 1384 3463 1454 possi-

1825 1474 1899 1528 tis
1944 1474 2154 1528 habere
2201 1475 2560 1541 mandatum,
2591 1479 2647 1529 et
2689 1476 2854 1530 verba
2902 1493 3187 1531 canonum
3229 1493 3359 1548 qua
3400 1477 3462 1532 in

1826 1569 2140 1639 pleniorem
2166 1567 2496 1624 firmitatem
2542 1570 2677 1624 huic
2706 1571 3140 1626 commonitorio
3170 1570 3460 1643 inscripsi-

1825 1678 1973 1728 mus,
2030 1662 2105 1716 ita
2161 1662 2318 1716 enim
2364 1663 2649 1730 dixerunt,
2715 1664 3059 1718 dilectissimi
3129 1665 3352 1732 fratres,
3401 1666 3462 1719 in

1825 1755 2062 1810 concilio
2090 1756 2336 1823 Nicano,
2366 1772 2496 1810 cum
2524 1757 2594 1810 de
2632 1757 3034 1829 episc0porum
3075 1759 3461 1829 appellatione

1825 1848 2219 1903 decernerent.
2252 1850 2470 1903 Placuit
2514 1855 2709 1903 autem
2755 1853 2817 1903 ut
2866 1850 2909 1903 si
2960 1851 3260 1921 episcopus
3301 1867 3461 1906 accu-

1825 1945 1976 1995 satus
2002 1942 2193 2008 fuerit,
2223 1948 2280 1996 et
2303 1941 2679 2010 judicaverint
2704 1944 3035 2014 congregati
3081 1944 3331 2015 episcopi
3362 1961 3455 1999 re-

1826 2034 2009 2105 gionis
2036 2034 2230 2105 ipsius,
2249 2039 2306 2088 et
2325 2035 2393 2089 de
2423 2036 2606 2105 gradu
2637 2051 2740 2090 suo
2762 2036 3071 2106 dejecerint
3098 2052 3250 2105 eum,
3278 2041 3336 2090 et
3354 2054 3456 2109 ap-

1826 2129 2062 2198 pellasse
2088 2127 2385 2198 episcopus
2411 2128 2687 2195 videatur,
2716 2134 2773 2183 et
2800 2129 3123 2200 confugerit
3147 2130 3219 2184 ad
3243 2130 3456 2185 beatis-

1824 2221 2032 2275 simum
2086 2221 2350 2275 Ecclesia
2393 2223 2667 2276 Romana
2719 2222 3069 2293 episcopum,
3113 2227 3170 2277 et
3215 2224 3458 2279 voluerit

1822 2314 2006 2368 audiri
2048 2319 2104 2368 et
2145 2314 2366 2384 justum
2409 2315 2693 2385 putaverit
2740 2318 2805 2369 ut
2842 2319 3150 2370 renovetur
3194 2333 3457 2372 examen.

1824 2408 2068 2462 scribere
2115 2407 2203 2461 his
2246 2407 2527 2479 episcopis
2576 2408 2868 2479 dignetur,
2893 2408 2989 2480 qui
3020 2410 3080 2463 in
3123 2409 3364 2465 ﬁnitima
3402 2416 3460 2466 et

1822 2501 2144 2572 propinqua
2170 2501 2461 2572 provincia
2489 2507 2639 2567 sunt,
2668 2508 2734 2556 ut
2766 2502 2875 2573 ipsi
2908 2503 3214 2573 diligenter
3262 2504 3456 2558 omnia

1822 2595 2140 2665 requirant,
2162 2598 2219 2648 et
2234 2595 2399 2664 juxta
2426 2595 2601 2649 fidem
2626 2595 2877 2649 veritatis
2903 2596 3204 2666 deﬁniant;
3229 2598 3380 2668 quod
3408 2597 3454 2651 si

1800 2687 1871 2763 .is
1890 2687 1988 2759 qui
2006 2691 2169 2759 rogat
2187 2705 2411 2742 causam
2431 2705 2594 2743 suam
2618 2689 2825 2743 iterum
2848 2689 3033 2743 audiri
3055 2690 3453 2761 deprecatione

1825 2798 1929 2835 sua
1972 2781 2213 2843 moverit
2254 2781 2581 2853 episcopum
2624 2784 2949 2837 Romanum
2982 2788 3042 2837 ut
3071 2800 3102 2837 e
3145 2784 3318 2839 latere
3356 2801 3457 2839 suo

1823 2875 2218 2947 presbyterum
2252 2876 2459 2945 mittat,
2489 2877 2596 2930 erit
2621 2876 2679 2929 in
2730 2882 3007 2947 potestate
3057 2877 3304 2948 episc0pi
3346 2879 3455 2932 Ro-

1826 2968 1982 3022 mani
2009 2968 2149 3039 quid
2192 2969 2322 3023 velit
2365 2975 2421 3023 et
2461 2970 2599 3040 quid
2644 2969 2944 3038 existimet,
2978 2974 3035 3024 et
3062 2970 3108 3024 si
3140 2970 3456 3026 decreverit

1824 3062 2133 3117 mittendos
2162 3080 2282 3117 esse
2324 3063 2423 3133 qui
2454 3069 2763 3133 prasentes
2811 3080 2942 3117 cum
2988 3064 3262 3135 episcopis
3296 3064 3453 3135 judi-

1824 3160 1974 3223 cent,
2023 3156 2298 3211 habentes
2343 3156 2734 3211 auctoritatem
2784 3157 2907 3227 ejus
2950 3174 2983 3211 a
3032 3174 3146 3229 quo
3192 3158 3454 3213 destinati

1823 3253 1974 3319 sunt,
2004 3251 2113 3303 erit
2143 3250 2201 3303 in
2230 3266 2331 3304 suo
2378 3250 2634 3304 arbitrio.
2665 3250 2724 3304 Si
2759 3267 2891 3305 vero
2934 3250 3246 3306 crediderit
3292 3252 3451 3307 sufﬁ.

1825 3360 1950 3399 cere
2004 3344 2298 3415 episcopos
2349 3350 2410 3398 ut
2462 3344 2692 3414 negotio
2758 3345 3074 3399 terminum
3132 3346 3452 3417 imponant,

1822 3438 1989 3492 faciat
2046 3439 2197 3510 quod
2282 3438 2695 3509 sapientissimo
2756 3439 2992 3492 consilio
3053 3456 3156 3492 suo
3231 3440 3455 3508 judica.

1894 3626 1978 3678 ιν.
2025 3626 2090 3679 Et
2134 3641 2264 3679 cum
2313 3624 2590 3695 recitaret,
2636 3624 2894 3696 Alippius
2938 3625 3238 3698 episcopus
3284 3626 3458 3699 Taga-

1824 3718 2024 3773 stensis
2065 3718 2285 3790 legatus
2334 3718 2635 3789 provincia
2681 3718 2959 3772 Numidia
3006 3719 3189 3775 dixit:
3232 3721 3305 3775 De
3352 3721 3458 3775 hoc

115 3810 196 3877 vit,
218 3811 423 3868 Nicani
450 3813 681 3869 concilii
715 3813 846 3867 fidei
876 3814 1152 3884 professio
1183 3816 1268 3869 vel
1303 3818 1517 3870 statuta
1556 3815 1631 3870 sic
1665 3832 1722 3869 se
1816 3812 1937 3882 jam
1963 3812 2348 3883 superioribus
2386 3812 2557 3867 etiam
2598 3811 2804 3866 litteris
2857 3812 3078 3866 concilii
3131 3814 3311 3867 nostri
3358 3831 3453 3867 re-

116 3899 317 3959 habent.

171 3997 224 4051 ll.
251 4000 311 4055 Et
340 4015 475 4056 cum
508 4001 747 4072 legisset
773 4002 1069 4057 Faustinus
1094 4004 1394 4075 episcopus
1418 4004 1596 4076 plebis
1626 4006 1724 4059 Po-

115 4091 331 4161 tentina,
382 4094 702 4166 provincia
727 4095 904 4150 Italia
940 4097 1152 4165 Piceni,
1187 4099 1408 4169 legatus
1450 4099 1723 4153 Romana

114 4182 334 4241 Ecclesia
361 4188 512 4242 dixit
535 4204 551 4242 :
576 4189 837 4259 lnjuncta
858 4189 1022 4244 nobis
1048 4195 1179 4244 sunt
1199 4208 1232 4245 a
1253 4191 1399 4245 Sede
1419 4191 1724 4263 apostolica

112 4276 265 4349 aliqua
294 4298 396 4353 per
416 4282 785 4352 scripturam,
807 4282 996 4354 aliqua
1016 4283 1187 4338 etiam
1206 4285 1266 4338 in
1288 4283 1572 4339 mandatis
1594 4302 1722 4339 cum

111 4376 265 4427 vestra
292 4374 657 4430 beatitudine
684 4377 1062 4446 retractanda,
1092 4377 1237 4431 sicut
1268 4383 1323 4432 et
1353 4378 1526 4448 gestis
1551 4395 1720 4449 supe-

111 4461 327 4522 rioribus
353 4469 761 4537 meminimus,
784 4470 893 4524 hoc
921 4475 1024 4540 est,
1048 4470 1115 4525 de
1146 4471 1385 4525 Nicanis
1411 4472 1724 4526 canonibus

110 4562 162 4609 ut
175 4567 600 4632 conserventur,
622 4567 678 4616 et
701 4563 1029 4618 constitutio
1051 4580 1250 4618 eorum
1274 4570 1330 4618 et
1350 4565 1720 4635 consuetudo,

112 4654 222 4721 quia
244 4656 434 4730 aliqua
465 4656 670 4711 ordine
700 4662 756 4712 et
780 4674 999 4713 canone
1045 4661 1333 4728 tenentur,
1364 4659 1555 4730 aliqua
1586 4676 1720 4714 con-

113 4751 379 4805 suetudine
407 4753 646 4806 ﬁrmata
672 4756 825 4820 sunt,
856 4752 925 4806 de
953 4751 1042 4806 his
1070 4768 1206 4823 ergo
1235 4752 1281 4805 si
1326 4753 1511 4824 placet
1540 4752 1723 4808 beati-

112 4841 264 4898 tudini
288 4852 494 4900 vestra
526 4850 854 4912 tractemus,
884 4851 938 4900 et
963 4851 1156 4917 postea
1191 4849 1397 4901 catera
1425 4864 1553 4917 qua
1596 4852 1722 4900 acta

1824 3906 2168 3976 scripsimus,
2200 3910 2257 3960 et
2280 3906 2339 3961 id
2372 3922 2472 3959 nos
2500 3909 2821 3960 servaturos
2848 3906 3185 3976 profitemur
3212 3906 3365 3977 quod
3390 3907 3449 3961 in

1822 4000 2051 4055 Nicano
2081 3999 2321 4054 concilio
2352 3998 2726 4054 constitutum
2753 4002 2857 4068 est,
2882 3998 2955 4053 ad
2982 3999 3087 4052 hoc
3116 4002 3339 4054 tantum
3364 4016 3455 4055 me

1822 4098 2030 4162 movet,
2058 4094 2327 4166 quoniam
2355 4109 2486 4147 cum
2513 4092 2924 4165 inspiceremus
2955 4093 3150 4147 Graca
3175 4095 3458 4165 exempla.

1824 4189 1906 4242 ria
1936 4188 2106 4258 hujus
2146 4187 2343 4259 synodi
2388 4187 2652 4257 Nicana,
2684 4187 2789 4241 ista
2832 4187 2930 4255 ibi,
2963 4186 3152 4241 nescio
3203 4204 3314 4259 qua
3362 4205 3454 4243 ra.

1822 4282 1996 4352 tione,
2028 4282 2266 4336 minime
2309 4281 2650 4348 invenimus,
2681 4281 2833 4335 unde
2859 4279 3109 4352 petimus
3135 4281 3453 4336 veneratio.

1826 4392 1959 4430 nem
1984 4381 2164 4445 tuam,
2196 4380 2385 4430 sancte
2415 4391 2559 4446 papa
2583 4375 2791 4442 Aureli,
2821 4379 2882 4428 ut
2908 4374 3040 4445 quia
3075 4375 3183 4430 hoc
3209 4376 3453 4430 authen‘

1823 4472 2000 4525 ticum
2027 4469 2331 4525 concilium
2360 4469 2651 4539 Nicanum
2679 4468 2738 4521 in
2764 4468 2908 4522 urbe
2935 4468 3138 4522 dicitur
3165 4485 3286 4523 esse
3315 4472 3456 4525 Cons

1826 4563 2332 4634 stantinopolitana
2361 4562 2582 4632 aliquos
2612 4578 2744 4616 cum
2772 4561 2993 4632 scriptis
3012 4565 3125 4615 tua
3144 4562 3457 4616 sanctitatis

1824 4657 2048 4712 mittere
2078 4656 2349 4728 digneris,
2378 4659 2435 4710 et
2464 4672 2579 4709 non
2613 4655 2803 4732 solum
2844 4654 2917 4707 ad
2961 4654 3152 4725 ipsum
3198 4658 3456 4710 sanctum

1826 4751 2061 4806 fratrem
2087 4753 2345 4805 nostrum
2376 4748 3071 4819 Constantinopolitanum
3100 4748 3452 4819 episcopum,

1828 4845 1925 4900 sed
1944 4844 2117 4899 etiam
2139 4844 2213 4898 ad
2238 4843 2678 4898 Alexandrinum
2704 4848 2760 4896 et
2784 4842 3199 4896 Antiochenum
3223 4858 3459 4898 venera-

113 4936 183 4987 vel
200 4937 465 4995 inchoata
494 4945 651 5008 sunt,
672 4940 887 4994 inserta
912 4940 1316 5007 firmabuntur,
1340 4943 1401 4994 ut
1426 4940 1496 4994 ad
1520 4940 1724 4995 Sedem
1745 4949 1805 5022 D
1827 4938 1968 4993 biles
2011 4937 2333 4992 sacerdotes
2378 4936 2475 5008 qui
2516 4936 2622 4989 hoc
2668 4935 2834 4990 nobis
2882 4935 3185 4990 concilium
3222 4937 3326 4991 sub
3354 4937 3454 4991 stid-

114 5033 457 5099 apostolicam
500 5033 792 5104 rescriptis
817 5034 1014 5089 vestris
1060 5034 1323 5089 intimare
1366 5034 1608 5105 possitis,
1639 5040 1725 5089 at-

113 5137 203 5191 que
230 5141 321 5180 vos
354 5145 460 5182 nos
506 5127 875 5182 admonuisse
924 5129 1075 5199 apud
1100 5127 1487 5183 venerabilem
1518 5144 1724 5199 papam

114 5217 374 5277 evidenter
390 5225 610 5294 pateat,
632 5222 765 5276 licet
783 5221 1029 5293 capitula
1057 5222 1343 5277 actionum
1366 5223 1487 5293 jam
1513 5222 1729 5276 inserta

115 5309 209 5366 sint
240 5316 437 5385 gestis,
475 5316 550 5371 de
583 5315 719 5387 ipsis
764 5332 904 5387 ergo
935 5320 1016 5386 (ut
1060 5316 1277 5371 dictum
1321 5319 1407 5372 est
1449 5315 1726 5388 superius)

114 5404 228 5473 quid
256 5413 453 5465 vestra
479 5409 823 5465 beatitudini
851 5410 1086 5482 placeat,
1109 5427 1281 5482 agere
1314 5410 1607 5479 debemus,
1631 5426 1726 5464 ve—

116 5498 216 5552 ωλι
236 5519 372 5573 ergo
399 5503 907 5559 commonitorium
927 5505 986 5558 in
1007 5503 1288 5572 medium,
1307 5507 1374 5559 ut
1392 5504 1533 5559 scire
1558 5502 1731 5575 possit

115 5596 273 5649 vestra
302 5596 607 5652 beatitudo
643 5598 779 5670 quid
822 5597 881 5653 in
908 5615 976 5654 eo
1017 5599 1397 5668 contineatur,
1420 5603 1482 5653 ut
1515 5598 1586 5653 ad
1622 5597 1731 5652 sin~

114 5687 225 5753 gula
248 5691 690 5762 respondeatur.

172 5781 246 5836 Ill.
290 5784 564 5841 Aurelius
618 5785 913 5859 episcopus
961 5785 1101 5842 dixit
1138 5803 1151 5842 :
1199 5786 1525 5843 Proferatur
1576 5803 1728 5842 com-

116 5877 468 5933 monitorium
524 5881 666 5950 quod
710 5881 914 5936 fratres
967 5886 1025 5936 et
1074 5881 1504 5937 consacerdotes
1550 5879 1731 5936 nostri

508 5975 771 6043 PATROL.
822 5979 1050 6042 CXXX.

1827 5031 2119 5104 pulatione
2186 5031 2504 5086 litterarum
2558 5039 2792 5084 suarum
2844 5028 3116 5101 dirigant,
3160 5035 3225 5084 ut
3274 5030 3459 5085 omnis

1825 5125 2191 5198 postmodum
2233 5124 2577 5196 ambiguitas
2623 5123 2937 5193 auferatur,
2972 5123 3107 5194 quia
3133 5139 3238 5179 nos
3268 5124 3348 5179 ita
3381 5125 3460 5193 (ut

1824 5221 2005 5275 frater
2052 5218 2351 5274 Faustinus
2402 5218 2608 5288 attulit)
2658 5216 2902 5271 minime
2953 5217 3277 5272 invenimus
3331 5217 3452 5271 ista.

1826 5315 1948 5370 Non
1976 5316 2173 5368 tamen
2207 5311 2487 5383 tantisper
2516 5315 2840 5366 servaturos
2870 5311 2954 5381 (ut
2978 5316 3144 5365 antea
3187 5310 3320 5380 dixi)
3352 5309 3454 5363 do-

1829 5424 1933 5463 nec
1958 5408 2188 5479 integra
2214 5405 2560 5477 exemplaria
2598 5404 2829 5460 veniant
2857 5404 3217 5475 profitemur,
3248 5407 3451 5473 peten-

1829 5501 1934 5557 dus
1962 5506 2048 5556 est
2072 5503 2267 5555 autem
2293 5498 2497 5555 litteris
2528 5499 2736 5555 nostris
2760 5504 2817 5554 et
2844 5495 3183 5553 venerabilis
3201 5494 3457 5549 Ecclesia

1828 5598 2098 5653 Romana
2134 5594 2429 5666 episcopus
2474 5593 2811 5661 Bonifacius,
2842 5594 2905 5646 ut
2943 5591 3064 5662 ipse
3110 5604 3336 5660 quoque
3367 5588 3456 5643 di-

1830 5695 2039 5761 gnetur
2065 5689 2134 5744 ad
2165 5690 2509 5743 memoratas
2539 5686 2802 5742 ecclesias
2834 5685 3056 5755 aliquos
3083 5682 3328 5749 mittere,
3361 5682 3461 5754 qui

1831 5784 2037 5839 eadem
2053 5781 2399 5854 exemplaria
2412 5777 2894 5853 pradictiNicani
2909 5775 3132 5831 concilii
3148 5791 3203 5831 sc
3211 5775 3464 5832 cundum

1833 5878 1955 5949 ejus
1994 5876 2212 5949 possint
2265 5875 2473 5946 scripta
2517 5873 2793 5945 proferre,
2822 5888 2974 5926 nunc
3015 5875 3209 5927 autem
3251 5886 3469 5927 memo-

3034 5979 3057 6035 l
3070 5977 3106 6036 2
